2352 3880
140 132 149 154 ς
195 142 207 148 ..
248 129 348 155 „aa
416 128 418 130 ·
832 138 838 145 ›
950 131 954 135 ·

139 156 215 230 [ξ’
235 160 309 212 «ἕ
326 163 509 227 cmm.
532 183 590 218 AN
609 174 682 227 m·
675 134 1272 235 vnafiuaurmmmnamnun
1291 181 1373 219 vm.
1393 182 1758 226 commonacum,
1775 184 1867 220 arc.

16 239 28 302 J
80 258 85 290 ·.
121 239 157 308 ’ᾖ
202 249 283 295 dio
293 249 440 294 saltem
471 247 528 293 ad
551 248 813 299 confessionis
839 251 877 289 et
906 258 1076 289 eommu-

80 368 295 418 *sticulam
328 371 557 420 indicatur,
591 371 699 410 hanc
723 369 870 409 debere
890 382 975 409 esse
1002 367 1077 408 mi-

24 472 26 475 ,
82 415 208 475 buum
226 433 514 484 frequentiam,
529 436 571 472 et
589 436 882 482 consequenter
893 441 1075 469 1115111110-

65 487 110 547 ’,μ
141 495 339 546 majorem
355 505 437 532 nou
458 492 667 543 denegari,
697 492 767 531 sed
788 506 833 542 με
839 491 981 531 rmitti.
1001 491 1076 530 Ta·

75 567 239 606 ..t·.n,1n
271 559 417 605 quarta
447 557 562 605 parte
596 553 796 591 Constitut
813 565 957 601 onum,
985 563 1073 603 cap.

28 722 37 728 ,
75 689 93 724 ἰ,-
112 679 224 725 fone,
247 676 309 716 lit.
331 676 389 715 B:
405 675 673 727 Frequentius
691 675 855 725 (dicitur
870 675 940 724 ibi)
962 686 999 725 q
1004 686 1079 714 am

30 760 36 771 ·
61 741 186 790 miano
205 748 351 790 quoque
367 737 428 776 die
445 737 728 776 communicare
757 747 835 774 uon
859 735 942 775 nisi
960 746 1080 786 pecu·

26 803 35 807 ”
49 794 175 859 Qures
193 800 236 838 ob
268 809 427 844 causas,
450 801 495 841 tet
516 798 652 848 potius
677 797 942 844 necessitatis,
962 806 1080 848 quam

28 861 34 887 ’-
60 860 266 913 dovotionis
286 859 422 899 nahita
449 861 620 905 ratione,
636 858 901 909 permittitur.
925 857 1002 896 Sed
1034 856 1080 896 in

28 922 34 955 ἲ
59 916 128 967 hoc
143 921 232 961 loco
250 931 381 960 sermo
396 920 657 971 peculiariter
671 925 732 959 est
749 920 798 959 de
809 919 1077 966 scholaribus,

31 1018 34 1026 ζ
58 983 124 1037 gui
147 987 307 1034 propter
341 982 647 1032 occupationem
675 981 742 1020 vel
775 981 1080 1019 distractionem

26 1071 27 1074 =
57 1044 277 1088 studiorum
293 1056 377 1083 non
391 1044 685 1095 permittuntur
700 1043 954 1093 frequentius
972 1052 1079 1080 com-

57 1107 260 1149 municare
277 1137 286 1154 ‚
307 1106 387 1145 nisi
408 1117 502 1145 cum
524 1105 641 1143 dictis
674 1103 998 1143 lImitationibus.
1034 1102 1081 1141 In

57 1168 175 1224 priori
195 1171 332 1225 autem
353 1167 441 1206 loco
461 1165 689 1217 generalior
708 1176 840 1204 sermo
855 1170 915 1203 est
934 1164 983 1202 de
999 1162 1080 1212 his,

57 1229 121 1284 qui
150 1229 193 1268 in
226 1228 537 1280 probationibus
562 1230 790 1273 versantur,
819 1229 860 1264 et
887 1225 977 1264 ideo
997 1235 1080 1264 non

55 1294 165 1332 tanta
186 1290 376 1329 limitatio
396 1289 688 1329 adhibenti-Et
707 1287 894 1326 similiter
908 1288 951 1326 in
968 1290 1080 1325 sexta

53 1355 165 1406 parte
186 1353 547 1398 Constitutionum‚
570 1362 603 1388 0.
627 1351 666 1398 3,
688 1349 768 1402 §Q
788 1349 858 1388 ubi
873 1351 995 1388 etiam
1010 1361 1081 1399 ge-

54 1413 198 1454 neralis
210 1418 268 1452 est
281 1425 414 1452 sermo
429 1413 478 1453 de
498 1411 688 1450 omnibus
708 1412 792 1462 jam
814 1411 1000 1450 Societati
1018 1410 1082 1448 in-

54 1476 284 1526 corporatis,
322 1474 455 1513 solum
486 1475 676 1524 negative
699 1473 877 1511 dicitur:
902 1472 1083 1524 Differri

53 1539 180 1576 autem
192 1547 267 1575 nou
281 1536 383 1576 debet
402 1534 617 1575 communio
637 1534 746 1574 ultra
759 1537 841 1574 octo
860 1534 957 1580 dies,
973 1541 1013 1571 et
1026 1532 1084 1572 ita

53 1597 278 1637 declaratur
299 1598 341 1636 in
364 1596 516 1647 regulis
541 1596 736 1642 Hectoris,
763 1606 850 1645 reg.
874 1594 1083 1645 trigesima

53 1663 212 1711 quarta,
228 1658 298 1696 ubi
312 1658 520 1697 adduntur
531 1657 625 1695 duo.
645 1657 842 1703 Primum,
858 1667 949 1693 cum
966 1655 1084 1693 scho-

51 1717 201 1758 lasticis
221 1719 444 1770 dispensari
464 1731 594 1770 posse,
612 1722 657 1756 nt
675 1717 818 1755 diebus
836 1716 1082 1755 solemnibus

52 1781 175 1820 etiam
213 1782 515 1821 communicent
529 1811 542 1830 ,
580 1779 808 1830 cujusmodi
845 1782 942 1817 sunt
977 1778 1083 1817 festa

51 1841 352 1893 Apostolorum,
384 1846 425 1882 et
455 1843 614 1894 majora
636 1841 730 1879 alia.
763 1840 1011 1887 Secundum,
1037 1843 1083 1878 ut

52 1903 369 1953 coadjutoribus,
387 1907 427 1942 et
439 1904 517 1952 his,
532 1903 603 1954 qui
620 1902 764 1941 litteris
778 1914 862 1940 non
872 1901 972 1940 dant
987 1913 1083 1952 ope·

52 1975 156 2010 ram,
179 1964 300 2013 longe
331 1965 493 2003 facilius
529 1964 699 2003 concedi
727 1963 868 2015 possit,
897 1966 947 2002 ut
974 1963 1085 2005 intra

52 2023 349 2065 hebdomadam
369 2026 686 2065 communicent.

105 2088 169 2126 12.
204 2086 297 2127 Octo
317 2087 468 2128 dierum
486 2087 710 2139 frequentia
730 2085 973 2138 antiquitati
995 2094 1086 2126 eou-

51 2155 161 2190 evna.
180 2168 235 2176 -
254 2148 351 2185 Haec
374 2158 471 2197 ergo
494 2148 722 2198 trequentia
755 2148 886 2182 octavi
917 2146 1000 2182 diei
1020 2143 1083 2182 in-

50 2208 229 2250 violabili
249 2207 332 2246 fere
350 2207 645 2246 consuetudine
672 2210 836 2257 recepta
866 2209 940 2253 est,
962 2206 1020 2244 ita
1038 2208 1085 2244 ut

50 2269 256 2313 rarissime
277 2269 346 2307 illa
362 2272 562 2320 exceptio,
576 2268 907 2315 Nisiconsessor,
924 2267 983 2307 ‘eet
1004 2266 1084 2306 Su-

48 2332 183 2385 pei-tor
196 2331 311 2372 aliud
321 2331 491 2381 judicet,
516 2331 568 2369 ad
591 2333 725 2373 actum
746 2329 987 2380 applicetur,
1006 2327 1086 2366 nisi

53 2403 172 2435 caiisa
193 2393 450 2443 aegritudinis
465 2407 475 2440 ;
496 2396 618 2442 atque
644 2391 767 2430 etiam
801 2395 915 2437 tunc,
949 2388 1085 2441 quoad

51 2451 143 2496 fieri
158 2458 307 2506 potest,
324 2457 566 2504 procuratur
587 2456 631 2491 ut
650 2452 885 2491 communio
903 2451 1085 2490 intirmo-

50 2525 146 2556 rum
168 2515 275 2553 ultra
292 2521 383 2554 octo
412 2514 501 2554 dies
522 2526 605 2552 non
627 2514 861 2558 differatur,
880 2516 929 2550 ut
959 2511 1004 2551 in
1022 2522 1086 2551 re-

51 2576 151 2629 gula
175 2575 332 2615 decima
352 2574 473 2614 tertia
490 2575 706 2613 infirmarii
726 2573 981 2626 praecipitur-3
1006 2575 1088 2611 est·

51 2647 133 2690 que
151 2637 218 2676 hic
239 2648 325 2675 mos
352 2637 615 2688 antiquorum
650 2635 942 2674 monachorum
963 2633 1086 2673 mori-

52 2697 129 2741 hus
147 2702 459 2747 consentaneus,
483 2710 596 2746 nam,
618 2697 713 2736 licet
733 2696 927 2748 separatis
946 2696 989 2733 in
1007 2694 1084 2734 cel-

53 2758 146 2800 lulis
165 2761 410 2806 habitarent,
442 2759 587 2799 saltem
620 2758 836 2798 dominicis
868 2756 1010 2796 diebus
1033 2755 1085 2796 ad

54 2820 273 2862 Ecclesiam
293 2821 605 2870 conveniebant,
627 2820 698 2858 ubi
723 2820 775 2860 de
803 2832 928 2858 manu
951 2819 1086 2870 praesi-

56 2881 186 2922 dentis
201 2883 496 2922 Eucharistiam
509 2882 776 2934 accipiebant,
789 2885 835 2919 ut
850 2892 900 2919 ex
916 2880 1087 2919 historia

57 2942 226 2987 Palladii
249 2945 467 2996 colligitur,
497 2957 584 2996 cap.
620 2945 830 2995 trigesimo
857 2947 1013 2988 octavo,
1035 2942 1084 2982 de

57 3003 273 3047 Pachomio
292 3011 332 3044 et
355 3007 486 3054 sociis,
508 3010 548 3045 et
567 3017 655 3056 cap.
675 3007 728 3045 59
749 3009 790 3044 et
808 3006 875 3053 61,
898 3004 948 3043 de
967 3004 1085 3051 aliis;

58 3070 100 3108 ot
116 3079 166 3107 ex
190 3069 425 3116 Sozomeno,
447 3067 520 3106 lib.
552 3068 576 3107 3
596 3067 799 3113 Historiae,
820 3078 906 3117 cap.
930 3066 1087 3105 decimo

30 3148 33 3149 ⁷
58 3132 216 3182 quarto.
246 3129 350 3167 Hinc
368 3129 595 3175 Cassianus,
623 3128 756 3167 collat.
779 3127 847 3174 23,
880 3139 967 3178 cap.
990 3126 1084 3176 ult„

57 3189 320 3240 reprehendit
338 3190 572 3238 monachos,
595 3190 666 3241 qui
699 3188 834 3240 specie
867 3187 1026 3226 timoris
1045 3190 1086 3227 et

28 3273 34 3284 .
55 3252 296 3293 reverentiae
310 3250 484 3289 multum
504 3251 699 3290 differunt
724 3250 1083 3289 communionem.

57 3310 337 3355 AE'stz'mautes
363 3312 540 3364 (inquit)
569 3313 728 3353 nonnisi
738 3314 875 3364 justos
894 3316 930 3351 et
949 3312 1088 3352 imma-

28 3392 33 3399 <
62 3373 214 3420 notatos
225 3374 355 3413 debere
361 3385 615 3424 praesumere,
626 3379 662 3415 et
678 3386 754 3414 non
767 3375 900 3426 potius
913 3374 959 3412 ut
974 3385 1090 3414 sane-

25 3450 34 3468 ε
56 3433 140 3482 103,
163 3434 401 3486 mundosque
431 3446 503 3474 uos
529 3446 605 3475 sua
631 3438 944 3488 partiepatioue
965 3436 1090 3486 persp,

30 3493 174 3541 “ant
187 3512 200 3541 ,·
223 3496 292 3547 qui
309 3498 478 3548 profecto
500 3494 604 3547 (ait)
625 3497 816 3545 majorem
848 3497 1092 3548 arrogantiae

28 3589 33 3598 .
62 3557 423 3609 msumptionem,
446 3567 566 3609 quam
583 3555 779 3598 declinare
797 3555 874 3596 sibi
891 3557 1088 3606 videnti-⁵³¹,

1130 246 1359 294 incurrunt,
1374 250 1471 301 quia
1485 253 1578 291 tune
1595 261 1684 292 eum
1698 262 1746 292 ea
1759 248 1999 302 percipiunt,
2017 251 2160 305 dique:

1129 319 1171 349 se
1189 308 1275 360 ejus
1290 313 1535 363 perceptione
1547 313 1799 364 diJudicant,·
1814 313 1939 354 mutto
1958 312 2060 354 enim
2064 314 2092 366 j
2097 326 2162 356 us-

1130 369 1214 410 tius
1233 374 1290 410 est
1307 374 1354 412 ut
1372 383 1459 411 eum
1479 372 1553 412 liae
1572 373 1706 413 cordis
1724 373 1964 424 numilitate,
1986 388 2066 427 qua
2081 374 2162 418 e‘re-

1130 430 1260 471 dimus
1299 434 1336 472 et
1365 433 1544 482 fatemur
1571 433 1646 475 itta
1675 439 1931 477 sacrosancta
1962 438 2163 489 mysteria

1130 503 1331 543 nunquam
1345 504 1422 544 pro
1444 495 1585 533 merito
1601 505 1672 534 uos
1689 507 1800 546 posse
1821 499 2058 551 continqere,
2077 500 2163 539 siu-

1129 552 1239 607 qulis
1270 565 1315 593 ea
1351 554 1565 594 dominicis
1601 553 1645 593 ob
1683 558 1898 597 remedium
1931 563 2163 600 nostrarum

1066 634 1079 641 -
1132 614 1418 665 oeqritudinum
1451 627 1759 667 praesumamus,
1777 621 1853 656 etc.
1888 619 1938 657 Et
1960 620 2016 659 ita
2038 621 2164 661 etiam

1132 678 1341 725 receptum
1353 679 1412 714 est
1431 675 1476 714 in
1495 676 1639 715 ordine
1659 676 1926 727 Cisterciensi,
1945 692 2033 729 cap.
2052 682 2163 731 vige-

1133 736 1236 774 simo
1268 737 1411 787 quinto
1445 749 1611 775 suarum
1632 737 1933 777 definitionum.
1965 741 2022 779 Ac
2049 742 2165 782 deni-

1134 809 1215 847 que
1232 798 1281 836 de
1301 802 1438 836 sancto
1464 799 1673 849 Ouuphrio
1693 798 1883 846 refertur,
1903 801 2011 849 quod
2028 803 2164 853 singu-

1133 857 1184 897 lis
1205 858 1419 897 dominicis
1439 859 1582 898 diebus
1601 859 1651 898 de
1671 860 1957 910 manuAngeli
1977 874 2164 902 eommu-

1131 919 1316 957 nicaret:
1340 919 1610 967 Volaterran„
1642 919 1713 958 lib.
1742 922 1817 970 113
1854 920 2021 970 Sabell.,
2060 922 2165 962 libro

1134 980 1325 1027 secundo,
1347 993 1434 1031 cap.
1457 981 1647 1020 seeundo.
1679 981 1791 1019 Idem
1821 981 2036 1020 consilium
2056 996 2166 1022 com-

1135 1042 1373 1081 municandi
1389 1043 1560 1093 singulis
1579 1043 1900 1082 hebdomadibus
1916 1044 1994 1082 fuit
2014 1044 2066 1083 ab
2085 1046 2164 1084 Au-

1135 1103 1299 1152 gustino
1328 1103 1543 1151 traditum,
1568 1104 1684 1155 epist.
1725 1105 1815 1153 118,
1837 1104 1888 1143 ad
1919 1105 2103 1155 Januar.,
2127 1114 2166 1147 et

1134 1167 1301 1203 nomine
1329 1165 1414 1215 ejus
1450 1165 1625 1204 habetur
1653 1165 1696 1204 in
1714 1165 1786 1204 lib.
1820 1165 1870 1204 de
1899 1167 2047 1207 Eccles.
2070 1167 2168 1220 dog-

1135 1229 1253 1274 mat„
1273 1238 1361 1276 cap.
1387 1227 1728 1278 quinquagesimo
1745 1227 1867 1266 tertio
1888 1227 1914 1267 ¹.

1189 1289 1253 1328 13.
1285 1288 1388 1328 Haec
1399 1289 1625 1339 frequentia
1645 1300 1748 1328 nune
1768 1290 2167 1329 accommodatior.—

1139 1350 1326 1390 Rationes
1343 1350 1428 1399 ejus
1445 1350 1490 1388 iu
1513 1349 1782 1389 Societate.—
1795 1350 1844 1387 Et
1862 1349 1956 1388 licet
1969 1350 2067 1389 olim
2085 1363 2168 1390 ma-

1132 1412 1199 1462 jor
1215 1410 1447 1461 frequentia
1466 1410 1591 1449 fuerit
1609 1410 1652 1448 in
1671 1422 1746 1448 usu
1767 1409 1968 1459 fidelium,
1994 1423 2077 1449 non
2103 1424 2170 1450 so-

1136 1472 1224 1512 lum
1257 1471 1544 1523 Apostolorum
1563 1471 1814 1522 temporibus
1830 1501 1841 1518 ‚
1870 1475 1915 1509 ut
1934 1484 1984 1510 ex
2003 1473 2170 1512 Actibus

1136 1537 1307 1580 constat,
1330 1532 1541 1582 viderique
1564 1537 1693 1583 potest
1714 1531 1765 1571 de
1785 1543 1833 1571 eo
1869 1533 2020 1580 Lorin.,
2057 1545 2092 1571 c.
2128 1535 2168 1581 2,

1138 1607 1256 1634 versu
1276 1596 1343 1641 41,
1365 1607 1389 1632 a
1408 1595 1432 1645 ξ
1453 1595 1601 1634 Deinde
1618 1595 1814 1645 sequitur,
1835 1593 1906 1632 ubi
1932 1594 2033 1632 alios
2048 1594 2170 1633 addu-

1138 1657 1206 1703 cit,
1235 1656 1304 1694 sed
1324 1656 1448 1694 etiam
1475 1661 1614 1706 postea
1641 1668 1714 1706 per
1735 1655 1869 1707 plures
1893 1667 2038 1703 anuos,
2057 1660 2102 1694 ut
2122 1668 2172 1695 ex

1138 1717 1338 1766 Anaelet.,
1374 1729 1461 1768 cap.
1496 1717 1684 1764 Peracta,
1710 1717 1761 1756 de
1795 1717 2004 1764 Consecr.,
2038 1717 2078 1755 d.
2117 1720 2141 1756 2
2160 1730 2169 1766 ;

1136 1779 1375 1829 Hieronym.
1390 1808 1403 1827 ,
1444 1778 1614 1828 Apolog.
1654 1782 1796 1817 contra
1828 1778 2095 1817 Jovinianum
2133 1783 2172 1817 et

1136 1841 1304 1891 epistola
1324 1841 1373 1879 ad
1398 1840 1636 1889 Luciniam3
1657 1840 1954 1891 Chrysostom.‚
1979 1839 2124 1878 homil.
2148 1841 2172 1880 5

1137 1901 1182 1939 in
1201 1901 1317 1951 epist.
1338 1901 1390 1939 ad
1408 1901 1605 1948 Timoth„
1625 1905 1665 1939 et
1687 1902 1739 1940 28
1759 1903 1802 1939 in
1823 1902 1843 1939 1
1876 1901 1927 1938 ad
1958 1901 2140 1939 Corinth.
2159 1915 2172 1949 3

1138 1962 1347 2013 Cyprian„
1367 1962 1410 2000 in
1433 1962 1690 2011 Expositione
1704 1960 1907 1999 Orationis
1928 1961 2174 2009 Dominicae;

1138 2023 1345 2068 Ambros.‚
1373 2022 1444 2061 lib.
1479 2024 1504 2058 5
1526 2022 1574 2057 de
1595 2022 1794 2067 Sacram„
1817 2033 1906 2071 cap.
1939 2027 2100 2071 quarto,
2135 2026 2177 2062 et

1138 2085 1227 2121 aliis
1246 2080 1426 2131 antiquis
1448 2080 1633 2119 Patribus
1652 2081 1942 2131 intelligimus;
1962 2082 2175 2122 nihilomi-

1138 2155 1215 2182 nus
1235 2142 1297 2181 his
1316 2141 1475 2193 frigidis
1492 2142 1744 2192 temporibus
1762 2142 1849 2181 haec
1868 2142 2098 2193 frequentia
2114 2156 2175 2183 sa-

1138 2204 1191 2243 tis
1211 2215 1360 2253 magna
1376 2203 1597 2253 judicatur,
1620 2207 1667 2241 ut
1687 2203 1808 2242 etiam
1828 2203 2039 2253 attigimus
2067 2205 2172 2255 disp.

1141 2267 1205 2314 69,
1224 2266 1274 2304 de
1295 2265 1494 2314 Sacram.,
1522 2265 1698 2304 sectione
1719 2269 1880 2316 quarta,
1917 2265 2176 2306 conclusione

1139 2329 1276 2376 tertia,
1291 2329 1513 2380 praesertim
1527 2341 1601 2379 pro
1612 2332 1695 2367 tota
1711 2328 1849 2380 aliqua
1863 2330 2173 2370 communitate.

1137 2390 1241 2430 Nam
1261 2390 1305 2429 D.
1325 2390 1626 2437 Bonaventura,
1646 2393 1743 2429 tom.
1765 2391 1805 2437 ⁶2,
1828 2389 1878 2429 de
1903 2391 2095 2428 Processu
2115 2402 2176 2429 re-

1138 2451 1229 2502 lig„
1250 2463 1337 2503 cap.
1359 2453 1427 2499 21,
1448 2451 1525 2490 col.
1541 2452 1582 2498 4,
1598 2451 1668 2488 vix
1687 2451 1786 2489 dicit
1802 2451 1981 2490 inveniri
1997 2451 2177 2501 aliquem

1138 2513 1375 2563 religiosum
1409 2524 1492 2551 non
1526 2512 1775 2551 sacerdotem
1791 2541 1800 2558 ,
1832 2512 1934 2550 adeo
1967 2518 2174 2560 sanctum,

1139 2575 1206 2613 cui
1223 2586 1306 2613 non
1323 2573 1496 2613 sufficiat
1510 2573 1634 2612 semel
1655 2572 1698 2611 in
1718 2573 1974 2611 hebdomada
1994 2585 2176 2611 commu-

1139 2636 1294 2683 nicare,
1317 2635 1398 2674 nisi
1420 2647 1471 2674 ex
1491 2634 1654 2685 speciali
1690 2646 1812 2672 causa
1829 2662 1838 2680 ,
1873 2633 1939 2672 vel
1969 2634 2013 2671 in
2038 2633 2176 2684 aliqua

1140 2697 1414 2741 solemnitate,
1434 2695 1499 2734 vel
1516 2695 1838 2734 extraordinaria
1851 2694 2081 2732 devotione.
2104 2694 2176 2731 Er-

1138 2768 1193 2809 go
1212 2758 1288 2797 toti
1315 2757 1605 2796 communitati
1638 2756 1838 2805 religiosae
1861 2755 1964 2793 hanc
1986 2755 2176 2805 frequen-

1138 2820 1241 2858 tiam
1269 2830 1352 2857 non
1374 2818 1506 2857 solum
1527 2817 1777 2868 permittere,
1798 2817 1865 2855 sed
1887 2817 2011 2854 etiam
2042 2827 2093 2854 ex
2114 2826 2176 2853 re-

1138 2881 1237 2932 gula
1254 2880 1470 2932 praecipere
1486 2880 1583 2917 satis
1602 2889 1752 2928 magna
1767 2879 1971 2915 concessio
1993 2880 2051 2914 est
2069 2888 2078 2923 3
2097 2874 2177 2914 fuit

1140 2948 1278 2982 autem
1295 2942 1391 2980 huic
1408 2950 1554 2979 nostrae
1571 2940 1759 2990 religioni
1776 2938 1894 2977 valde
1911 2938 2174 2985 conveniens,

1139 3009 1229 3044 tum
1259 3007 1419 3055 propter
1454 3002 1689 3053 generalem
1723 3001 1942 3047 rationem,
1972 3000 2068 3050 quia
2102 2999 2175 3036 hoc

1140 3069 1440 3104 sacramentum
1458 3068 1519 3103 est
1535 3063 1625 3101 fons
1643 3063 1768 3101 totius
1788 3062 2012 3100 sanctitatis
2030 3064 2070 3098 et
2087 3070 2175 3109 per-

1140 3127 1341 3173 fectionis,
1363 3130 1452 3165 tum
1471 3125 1522 3164 ob
1543 3124 1760 3192 specialem
1796 3125 2078 3162 necessitatem
2102 3120 2176 3157 hu-

1141 3189 1206 3241 ius
1224 3193 1375 3238 status;
1397 3199 1494 3226 nam
1514 3186 1566 3225 ad
1586 3186 1765 3225 securius
1791 3183 2052 3223 tractandum
2081 3190 2174 3218 eum

1140 3250 1365 3304 proximis,
1390 3249 1547 3300 indiget
1576 3247 1724 3298 majori
1750 3245 1981 3297 frequentia
2012 3239 2174 3292 majori-

1140 3324 1219 3364 que
1245 3312 1396 3350 unione
1416 3322 1508 3349 cum
1529 3310 1712 3357 Christo3
1733 3311 1824 3346 tum
1849 3310 2058 3373 praeterea,
2080 3299 2174 3351 quia

1142 3385 1235 3414 cum
1253 3371 1463 3412 Societatis
1480 3371 1716 3410 institutum
1735 3369 1786 3407 sit
1802 3366 2007 3419 proximos
2023 3362 2074 3400 ad
2090 3360 2171 3397 fre

1187 3495 1202 3520 ¹
1230 3489 1333 3532 Vide
1362 3490 1590 3530 Theatrum
1613 3489 1719 3531 vitae
1747 3489 1880 3536 hum.;
1904 3499 1954 3526 ex
1970 3484 2162 3539 Marullo,

1134 3551 1166 3593 l.
1193 3554 1238 3604 4,
1258 3563 1295 3592 0.
1317 3553 1388 3602 12;
1409 3551 1622 3603 Maonum,
1642 3550 1677 3590 1.
1706 3552 1742 3599 1,
1763 3562 1796 3589 0.
1821 3550 1883 3589 10.
