2352 3880
221 326 436 381 adimplere
447 341 466 372 ,·
486 323 705 364 omnimoda
724 323 828 363 enim
847 326 905 364 est
918 323 1032 364 itlius
1047 324 1198 373 officii,
1212 328 1250 366 et

220 390 340 431 istius
357 386 514 427 habitas
537 384 774 425 diversitas:
793 384 881 424 illie
900 385 1002 424 enim
1019 384 1142 436 quies,
1160 396 1248 426 ora-

218 451 289 497 tio,
310 449 421 488 labor
438 458 626 487 mannum
641 461 660 493 ‚·
673 449 717 486 at
735 437 1032 487 hie'eansarnm
1059 446 1244 496 counitio,

217 507 495 556 conventiones,
511 511 638 555 aetus,
653 507 812 558 publiea
827 507 980 559 titiam,
994 511 1031 548 et
1050 519 1245 559 quoeeum-

215 582 288 625 que
308 571 369 611 vel
387 570 652 611 ecclesiastiea
681 569 894 618 instituta,
924 569 986 609 vel
1010 569 1244 620 supplican-

214 633 316 675 tium
326 632 538 673 necessitas
554 631 696 683 poscit,
707 641 798 681 cap.
818 630 875 670 De
889 632 1158 680 praesentium,
1175 630 1241 678 16,

212 686 253 746 ζ.
269 695 307 734 1.
324 694 396 733 His
416 705 515 744 ergo
529 691 699 731 remotis
713 691 950 742 disciplinis,
964 695 1134 738 caeterae,
1151 702 1242 741 quae

208 754 277 796 vel
294 766 421 794 sacrae
443 757 552 799 sunt,
573 753 640 792 vel
667 764 719 792 ex
753 763 799 791 se
829 751 887 790 ita
917 763 1175 798 communes,
1198 754 1245 791 ut

207 802 264 856 ad
284 827 421 855 sacras
433 815 593 866 possint
613 826 703 853 esse
724 812 861 858 utiles,
879 815 919 850 et
938 812 1113 864 negotiis
1127 824 1242 851 secu-

205 864 364 917 ¹laribus
381 889 466 916 non
487 875 773 926 implicentur,
797 873 969 912 minime
999 877 1097 913 sunt
1126 878 1242 913 extra

203 928 449 994 *religiosum
480 937 737 983 institutum,
769 933 928 973 etiamsi
956 935 1147 974 omnibus
1168 935 1241 974 do·

202 996 349 1057 sscendae
367 1000 460 1038 sint.
485 998 586 1046 Quia
610 1009 709 1035 vero
735 996 886 1035 certius
903 995 984 1035 hoc
1004 1000 1065 1036 est
1081 996 1133 1035 de
1153 999 1240 1036 tota

203 1059 453 1114 Theologica
488 1058 695 1106 doctrina,
729 1061 935 1108 quatenus
961 1061 1004 1096 et
1030 1057 1239 1096 scholasti-

202 1122 320 1175 }cam,
344 1125 385 1160 et
408 1120 641 1171 positivam,
664 1122 704 1158 et
737 1119 959 1169 Scripturas
989 1118 1237 1169 interpreta-

204 1183 359 1223 tionem
378 1181 687 1232 complectitur,
705 1179 798 1218 ideo
815 1181 858 1218 in
871 1180 972 1220 lianc
987 1179 1237 1229 potissimum

206 1242 423 1285 Societatis
435 1243 715 1282 universitates
728 1240 973 1287 incumbunt,
993 1241 1088 1291 quia
1102 1241 1156 1280 ad
1171 1251 1239 1280 sa-

204 1304 324 1346 lntem
344 1306 570 1345 animarum
592 1303 761 1342 medinm
780 1302 911 1354 magis
930 1302 1142 1353 proprium
1162 1303 1235 1347 est,

203 1366 308 1406 utin
329 1365 450 1404 citato
472 1365 495 1415 ξ
516 1366 534 1403 1
569 1363 728 1401 dicitur.
752 1363 801 1400 Et
836 1362 889 1399 ob
917 1361 1110 1398 eamdem
1141 1371 1238 1399 cau-

202 1438 291 1465 sam
309 1426 359 1464 de
383 1427 464 1463 hac
496 1423 754 1474 potissimum
788 1422 1097 1461 conclusionem
1127 1421 1238 1473 posi·

200 1491 287 1527 tam
316 1486 683 1531 confi1·n]abimus;
717 1495 814 1522 nam
845 1483 899 1523 de
923 1484 1083 1523 caeteris
1101 1483 1146 1523 in
1171 1495 1237 1524 se-

201 1548 424 1600 quentibus
449 1546 683 1597 specialiter
702 1545 901 1585 dicemus,

251 1610 291 1649 5.
325 1609 531 1650 Probatur
549 1608 640 1658 jam
669 1608 836 1647 assertio
865 1605 1095 1648 traditione.
1118 1629 1172 1638 —
1194 1608 1234 1647 Si

198 1682 299 1722 ergo
328 1671 521 1720 antiquos
551 1669 743 1707 Ecclesiae
776 1679 913 1706 mores
942 1669 1230 1719 consulamus,

196 1733 457 1772 inveniemus
485 1731 714 1770 doctrinam
739 1729 848 1768 hanc
877 1729 1134 1779 frequentius
1160 1744 1236 1783 per

196 1794 306 1833 viros
329 1794 545 1844 religiosos
572 1792 737 1842 publice
757 1791 885 1830 fuisse
913 1791 1120 1831 traditam.
1154 1794 1233 1832 Re-

194 1853 275 1894 fert
307 1855 414 1893 enim
454 1853 671 1900 Eusebius,
709 1853 812 1891 libro
850 1853 993 1902 quinto
1024 1854 1229 1901 Historiae,

195 1927 234 1955 c.
255 1917 296 1962 4,
332 1918 373 1954 et
393 1916 443 1953 10
460 1944 469 1961 ,
502 1918 540 1952 et
562 1926 612 1952 ex
632 1914 700 1951 illo
730 1914 1021 1964 Hieronymus,
1054 1914 1105 1953 de
1125 1915 1230 1954 Scri-

194 1976 381 2028 ptorihus
402 1975 696 2020 ecclesiasticis,
712 1974 1115 2019 Pantaenum‚virum
1134 1976 1228 2014 reli-

194 2037 357 2088 giosum
374 2065 383 2082 ‚
415 2036 578 2086 publice
599 2036 641 2073 in
661 2035 844 2073 Ecclesia
863 2035 1142 2074 Alexandrina
1163 2048 1229 2074 sa-

197 2110 273 2137 crae
295 2097 491 2136 doctrinae
511 2096 787 2147 professorem
809 2095 950 2134 fuisse.
976 2097 1025 2134 Et
1040 2097 1229 2146 quamvis

192 2171 279 2198 non
314 2162 501 2197 asserant
537 2158 652 2195 illum
684 2157 811 2195 fuisse
846 2158 1124 2205 monachum,
1156 2162 1227 2197 aut

192 2221 357 2273 proprie
378 2220 637 2271 religiosum,
664 2219 845 2257 insinuat
863 2223 1003 2257 tamen
1024 2220 1226 2260 Eusebius

191 2282 319 2322 fuisse
348 2295 398 2322 ex
427 2282 697 2321 sectatoribus
726 2283 1031 2333 Apostolorum,
1063 2283 1134 2333 qui
1160 2295 1226 2323 eo-

191 2355 286 2384 rum
316 2344 439 2383 vitam
468 2348 508 2382 et
541 2343 744 2387 officium,
776 2347 899 2393 atque
931 2343 1034 2382 adeo
1072 2346 1223 2383 statum

192 2405 337 2444 imitati
370 2409 464 2444 sunt
486 2417 495 2443 :
520 2406 657 2444 Erant
690 2404 853 2455 (inquit)
884 2405 938 2445 ad
965 2405 1009 2445 ia
1037 2407 1225 2455 temporis

186 2466 326 2520 plures
345 2468 452 2507 verbi
468 2467 749 2516 praedicatores
766 2496 779 2514 ,
809 2467 878 2517 qui
898 2467 1033 2506 divino
1050 2467 1223 2517 Aposto-

187 2528 317 2568 lorum
336 2527 621 2567 imitandorum
639 2528 770 2567 studio
792 2528 1055 2578 inflammati,
1075 2539 1224 2577 mayna

187 2590 418 2642 affumenta
435 2602 520 2629 euin
536 2590 589 2628 ad
605 2590 764 2629 verbum
782 2590 858 2629 Dei
877 2588 920 2629 in
937 2590 1085 2628 animis
1101 2589 1223 2629 nomi-

185 2661 280 2692 num
300 2652 648 2699 eaoedifieandum,
678 2654 758 2691 tum
780 2651 834 2690 ad
850 2651 898 2690 id
913 2651 1135 2700 auyendum
1154 2653 1223 2699 as-

185 2713 382 2764 serebant,
404 2725 569 2764 quorum
586 2724 605 2751 e
622 2723 783 2752 numero
801 2715 885 2751 erat
903 2712 1126 2751 Pantaenus
1138 2712 1218 2760 ille,

187 2777 266 2813 eto.
306 2775 364 2813 De
395 2786 476 2824 quo
513 2773 636 2812 etiam
670 2772 782 2811 addit
818 2773 879 2822 (ut
911 2773 953 2810 in
985 2773 1063 2811 hoc
1097 2773 1223 2814 etiam

187 2835 424 2886 exemplum
448 2835 568 2873 nobis
589 2845 679 2873 esse
699 2834 842 2884 possit)
864 2832 917 2870 ad
937 2832 1133 2871 ludorum
1153 2844 1223 2872 us-

185 2904 267 2946 que
286 2896 480 2946 regiones
502 2907 547 2933 se
568 2894 806 2940 contulisse,
830 2897 875 2932 ut
896 2894 1105 2943 gentibus,
1129 2905 1221 2944 quae

186 2954 395 2996 Orientem
415 2955 675 3003 incolebant,
698 2966 832 3005 praeco
854 2958 962 2992 esset
988 2955 1216 3005 Evangelii.

185 3015 239 3056 Et
260 3017 467 3056 concludit
495 3027 506 3055 :
533 3017 620 3056 Iste
642 3016 876 3062 Pantaenus,
904 3019 1066 3067 propter
1091 3016 1220 3056 multa

184 3081 287 3120 reete
301 3081 424 3126 facta,
454 3082 490 3117 et
509 3076 677 3117 virtutes
703 3078 886 3126 eaimias,
907 3078 1062 3117 tandem
1079 3077 1220 3118 sekotoe

184 3139 252 3182 itti·
269 3139 553 3181 Alexandrinae
574 3140 820 3192 praeficitur,
845 3140 914 3192 qui
937 3143 1023 3180 tum
1047 3149 1220 3180 sermone

185 3211 334 3250 eoram,
365 3205 448 3241 tum
477 3201 657 3252 scriptis,
683 3199 909 3240 divinorum
939 3201 1221 3241 institutorum

184 3265 224 3305 et
238 3262 449 3314 reliqionis
467 3266 655 3313 tanquam
670 3262 873 3302 thesauros
891 3262 1111 3301 nominibus
1124 3273 1218 3312 pro·

183 3324 330 3378 posuit.
349 3324 407 3363 De
424 3323 541 3374 cujus
563 3323 794 3362 eruditione
811 3322 940 3361 multa
961 3322 1121 3373 scripsit
1138 3322 1218 3362 dis·

185 3384 346 3437 cipulus
381 3385 496 3436 ejus,
532 3384 719 3424 Clemens
749 3383 1074 3431 Alexandrinus,
1110 3383 1216 3424 libro

182 3447 318 3500 primo
339 3447 604 3487 Stromatum.
633 3446 818 3486 Advertit
845 3449 984 3485 autem
1012 3445 1217 3497 Hierony·

183 3518 278 3549 mus
312 3508 497 3549 scholam
526 3508 640 3548 illam
673 3507 994 3548 Alexandrinam
1023 3518 1049 3546 a
1079 3507 1217 3547 Marco

184 3568 448 3619 Evangelista
475 3569 694 3622 incepisse,
726 3573 768 3610 et
796 3567 841 3608 in
874 3580 924 3608 ea
955 3567 1220 3608 successione

186 3626 382 3682 continua
403 3643 571 3687 semper
601 3628 899 3673 ecclesiasticos
920 3628 1049 3670 fuisse
1075 3627 1217 3669 docto·

531 256 608 293 Lm.
630 252 749 291 vlmt·
769 250 1054 291 SCHOLASTICIS
1073 257 1127 292 Ac
1147 258 1305 306 sumus
1326 259 1574 301 sociamus,
1596 259 1684 293 TAM
1705 254 1904 303 inmanis.
1924 234 2020 297 ET'C·

1301 336 1369 364 res
1385 355 1396 371 ‚
1422 324 1492 375 qui
1514 324 1573 363 illi
1593 324 1876 393 praefuerunt,
1901 327 2314 401 quosvensirnna

1299 385 1426 425 fuisse
1447 397 1613 438 semper
1630 386 1742 425 viros
1760 386 2018 438 Apostolicos
2036 393 2080 430 et
2100 380 2331 444 ιῈΙιιςο;«ι,’”’-’.

1300 449 1444 499 quales
1477 448 1520 488 in
1554 449 1804 489 Alexandria
1841 449 1921 489 sub
1955 451 2094 495 Marco
2123 454 2334 510 praeei1222

1297 509 1485 549 fuissem
1502 511 1615 550 tomo
1631 510 1840 581 superiori
1858 515 2068 552 ostensum
2090 519 2164 562 est,
2185 527 2212 567 q
2249 535 2254 551 ι
2278 536 2333 561 ι.».-,,

1298 582 1423 621 quam
1455 581 1542 619 eos,
1570 572 1642 623 qui
1676 572 1862 611 scholam
1892 572 2006 612 illam
2033 576 2249 626 regebant,
2286 595 2306 612 ·.·
2333 582 2342 629 3¹1

1298 632 1456 671 clericis
1476 644 1524 671 ac
1541 634 1792 684 presbyteris
1807 634 1935 674 fuisse
1954 636 2110 676 certum
2131 638 2209 687 sit,
2196 650 2207 660 ·
2228 649 2270 679 n
2294 658 2347 674 ·

1297 693 1349 733 de
1371 694 1564 733 Pantaeno
1584 694 1741 734 ibidem
1761 695 1910 735 dicitur
1926 697 2053 737 fuisse
2073 698 2352 752 ordinatum&

1298 759 1339 794 et
1359 755 1397 794 ei
1419 756 1615 794 successit
1642 756 1831 796 Clemens
1849 758 2066 810 presbyter
2084 759 2328 801 Alexandria

1296 827 1390 861 nus,
1411 819 1450 855 et
1464 815 1559 854 huic
1573 817 1787 868 Origenes,
1803 821 1882 857 etc.
1895 819 1987 858 Jam
2004 821 2159 859 veroin
2178 807 2332 863 eodem*

1297 880 1407 917 tomo
1435 877 1695 917 ostendimus
1723 878 1893 918 clericos
1913 891 1965 919 eo
1989 884 2176 932 tempore
2197 882 2300 922 fuiss

1294 939 1511 987 relioiosos
1530 952 1555 977 a
1574 940 1790 979 monachis
1808 939 2043 988 distinctos;
2067 954 2164 981 nain
2182 935 2352 988 mona-‚-

1295 1000 1361 1038 chi
1381 1004 1480 1039 tunc
1499 1001 1687 1039 nondum
1705 1000 1929 1052 doctrInae,
1950 1006 2022 1042 aut
2035 1003 2229 1044 Ecclesiae
2249 998 2352 1065 gni-f

1292 1060 1472 1099 nisteriis
1491 1061 1706 1100 vacabant.
2338 1070 2352 1076 ‘

1345 1122 1384 1160 6.
1418 1122 1541 1173 Suffr
1544 1127 1691 1173 ayatur
1705 1122 2159 1166 inductio—Praeterea
2178 1126 2339 1173 eadem,

1291 1182 1396 1222 ratio
1417 1187 1478 1221 est
1499 1183 1550 1223 de
1570 1183 2112 1237 doctrina‚velscriptis,vel
2127 1199 2228 1227 voce
2243 1191 2326 1229 tra·
2347 1211 2349 1213 ·

1291 1242 1457 1290 denda3
1488 1247 1649 1283 constat
1681 1247 1820 1284 autem
1854 1246 2065 1297 praecipua
2096 1248 2326 1301 Theologu-

1289 1315 1383 1342 rum
1403 1305 1567 1356 scripta,
1589 1307 1674 1343 tam
1695 1317 1719 1343 a
1739 1306 1891 1346 sanctis
1909 1307 2110 1355 Patribus,
2131 1320 2257 1360 quam
2272 1308 2325 1350 ab
2343 1313 2352 1315 ”

1292 1365 1548 1404 scholasticis
1577 1367 1823 1406 Doctoribus
1851 1368 1977 1411 edita,
1997 1374 2125 1408 status
2142 1368 2323 1423 religiosi

1289 1425 1447 1464 fructus
1469 1432 1508 1464 et
1527 1425 1692 1465 labores
1713 1428 1908 1467 extitisse.
1932 1430 2034 1468 Nam
2058 1433 2323 1481 Athanasms,

1288 1486 1585 1535 Nazianzenus,
1608 1487 1798 1534 Basilius,
1821 1490 1994 1528 etmulti
2013 1490 2081 1529 alii
2098 1492 2240 1541 Graeci,
2261 1503 2325 1532 re-

1289 1547 1422 1598 ligiosi
1440 1552 1479 1586 et
1494 1549 1686 1586 monachi
1703 1549 1895 1596 fuerunt;
1921 1555 1961 1589 et
1980 1563 2031 1590 ex
2048 1552 2217 1600 Latinis,
2239 1553 2326 1592 Au·

1291 1609 1492 1660 gustinUS‚
1517 1610 1808 1659 Hieronymus,
1825 1614 1867 1648 et
1886 1611 1979 1658 alii;
1998 1624 2048 1651 ex
2068 1613 2325 1653 scholasticis

1290 1682 1387 1709 vero
1412 1670 1595 1709 Thomas
1611 1699 1624 1717 ,
1653 1671 1970 1719 Bonaventura,
2003 1676 2045 1710 et
2073 1673 2211 1712 caeteri
2234 1672 2324 1713 fere

1290 1743 1434 1771 omnes
1450 1762 1460 1778 ‚
1496 1743 1602 1782 quos.
1626 1732 1753 1771 etiam
1775 1737 1936 1771 constat
1956 1733 2147 1783 publicos
2165 1733 2324 1786 profes·

1288 1803 1399 1832 sores
1436 1792 1563 1832 luisse
1579 1804 1592 1842 ,ς
1623 1797 1665 1832 et
1702 1793 1982 1844 Hieronymus
2003 1824 2014 1842 ,
2053 1795 2172 1845 epist.
2210 1794 2239 1837 4
2268 1793 2324 1836 ad

1285 1855 1419 1900 Rust.,
1433 1858 1472 1892 et
1493 1854 1612 1904 016,q.
1628 1856 1667 1902 1,
1687 1855 1875 1905 agnoscit
1892 1854 2196 1895 Nazianzenum
2214 1866 2323 1908 prae-

1285 1918 1496 1965 ceptorum
1529 1927 1648 1953 suum
1671 1928 1681 1962 ς
1707 1915 1883 1954 similem
1914 1917 2198 1956 inductionem
2225 1916 2325 1958 fecit

1282 1977 1327 2014 D.
1353 1975 1545 2021 Thomas,
1565 1976 1663 2014 dict.
1686 1988 1829 2027 opusc.
1861 1978 1926 2020 19,
1943 1990 1978 2015 c.
1996 1981 2035 2022 2,
2066 1978 2136 2017 uhi
2153 1978 2321 2020 adducit

1282 2037 1407 2075 etiam
1443 2038 1744 2075 Damascenum
1766 2067 1778 2085 ‚
1815 2037 2155 2088 Chrysostoinum
2175 2070 2186 2090 ,
2225 2050 2320 2080 cum

1281 2097 1386 2142 aliis,
1409 2109 1514 2148 quos
1530 2098 1626 2136 dicit
1642 2097 1767 2137 fuisse
1785 2099 2016 2149 religiosos,
2033 2105 2072 2138 et
2090 2101 2320 2154 praecipuos

1281 2159 1472 2197 Ecclesiae
1507 2160 1718 2198 Doctores.
1758 2160 1887 2198 Affert
1919 2160 2043 2199 etiam
2075 2163 2203 2201 verba
2231 2163 2316 2211 illa,

1281 2231 1373 2270 quae
1394 2221 1498 2258 libro
1519 2221 1665 2269 primo,
1688 2220 1821 2271 capite
1861 2222 2003 2271 quinto
2021 2251 2031 2270 ,
2065 2234 2240 2262 numero
2253 2235 2320 2264 oc-

1278 2284 1372 2320 tavo
1390 2311 1402 2329 ,
1426 2293 1476 2319 ex
1497 2282 1749 2332 Hieronymo
1780 2282 2026 2321 adduximus
2047 2296 2058 2324 ε
2083 2284 2157 2325 Sia
2175 2285 2262 2326 vive
2274 2284 2319 2327 in

1279 2343 1529 2390 monasterio,
1552 2347 1596 2384 ut
1614 2345 1781 2384 clericus
1798 2357 1879 2385 esse
1895 2347 2096 2386 merearis.
2120 2347 2169 2385 Et
2183 2345 2313 2386 infra:

1277 2405 1408 2444 Multo
1427 2409 1594 2455 tempore
1614 2406 1716 2445 disce
1736 2406 1837 2456 quod
1858 2407 2009 2446 doceas.
2030 2406 2171 2446 Plures
2191 2408 2319 2448 etiam·
2343 2438 2347 2440 ἡ

1277 2467 1565 2506 universitates
1589 2467 1724 2505 studio
1746 2471 1786 2506 et
1805 2466 2035 2507 eruditione
2051 2469 2236 2508 vii-orum
2251 2479 2317 2509 re·

1276 2528 1519 2579 ligiosorum
1549 2528 1733 2568 fundatae
1768 2533 1893 2577 sunt-3
1924 2530 2160 2580 sufficitque
2193 2530 2319 2570 nobis.

1279 2590 1514 2641 exemplum
1550 2591 1793 2629 Parisiensis
1827 2591 2083 2638 Academiae,
2117 2604 2210 2642 quae
2237 2602 2313 2644 per

1276 2653 1503 2690 monachos
1531 2651 1703 2690 fundata
1730 2655 1806 2690 est.
1834 2651 1898 2690 Sic
1926 2662 2035 2689 emm
2065 2652 2120 2691 ait
2140 2655 2311 2701 Anton.,
2335 2694 2338 2695 ⁷

1276 2713 1458 2751 secunda
1479 2716 1597 2762 parte
1620 2711 1819 2750 historiali
1836 2741 1846 2758 ,
1876 2712 1936 2750 tit.
1960 2713 2034 2759 14,
2061 2723 2096 2750 c.
2119 2713 2159 2760 4,
2182 2711 2205 2763 ξ
2227 2714 2277 2752 42
2296 2712 2321 2752 :⁸¹
2336 2709 2352 2729 ’ν

1280 2774 1461 2813 Fuerunt
1480 2773 1662 2811 Parisiis
1683 2774 1916 2823 fundatores
1934 2770 2056 2824 liujus
2075 2773 2199 2813 studii
2215 2783 2312 2825 quast
2332 2785 2341 2810 ῑ

1274 2836 1364 2874 tuor
1380 2846 1404 2870 u
1406 2834 1576 2880 ionaclii,
1599 2832 1719 2872 Bedoe
1733 2834 1939 2884 discipuli,
1955 2835 2103 2874 seilicet
2117 2833 2311 2885 Rabanus,
2331 2840 2339 2886 ἴ

1273 2896 1311 2934 et
1329 2893 1539 2941 Alcuinus,
1566 2893 1759 2933 Claudius
1788 2898 1824 2934 et
1845 2895 1879 2934 J
1883 2907 2024 2934 oannes
2047 2895 2195 2936 Seotns
2215 2897 2311 2946 (Bes-
2328 2898 2352 2950 ξ,

1273 2955 1507 2994 nedictinus
1529 2954 1696 3001 scilicet,
1707 2967 1790 2994 non
1805 2955 2009 3002 Mhmrita,
2021 2961 2063 2995 ut
2077 2956 2317 3012 Genehrar-
2326 2953 2352 3012 {³

1273 3015 1365 3062 dus,
1386 3016 1430 3054 in
1447 3029 1521 3054 sua
1539 3017 1827 3067 Chionologia,
1848 3017 1918 3056 lib.
1940 3019 1979 3066 3,
2001 3018 2124 3068 paulo
2145 3021 2240 3058 ante
2256 2998 2333 3079 fl}

1272 3087 1386 3126 nem,
1410 3078 1579 3126 notavit,
1603 3082 1643 3117 et
1660 3082 1747 3117 erat
1763 3091 1838 3129 per
1856 3090 1899 3117 se
1915 3080 2205 3131 notissimum).
2240 3086 2247 3114 ἓ
2271 3096 2275 3101 ’
2304 3118 2312 3135 3

1273 3139 1355 3179 fert
1374 3142 1573 3190 praeterea
1591 3139 1745 3178 ibidem
1764 3141 2012 3190 Antoninus,
2027 3154 2076 3180 ex
2095 3141 2246 3181 Chroni
2302 3151 2330 3190 3·ss

1274 3201 1512 3252 metropolis
1542 3201 1809 3251 Arelatensis,
1846 3203 2062 3242 historiam
2087 3206 2226 3243 nostro
2244 3215 2286 3243 ιι-
2311 3198 2342 3233 53

1272 3262 1411 3302 stituto
1431 3263 1550 3302 valde
1568 3263 1938 3313 accommodatam,
1960 3276 2083 3314 quam
2099 3264 2195 3304 ideo
2212 3264 2240 3303 b

1270 3324 1376 3363 viter
1402 3324 1761 3375 perstringendam
1787 3325 1885 3365 duxi
1908 3338 1917 3364 ε
1943 3326 2042 3366 Cum
2063 3325 2107 3365 in
2127 3323 2239 3367 occid
2307 3331 2309 3336 '
2338 3355 2340 3358 -

1268 3383 1429 3438 (inquit)
1460 3387 1646 3437 partibus
1676 3387 1785 3428 sotus
1819 3386 1991 3438 (scilicet
2022 3385 2192 3426 Carolus
2230 3401 2247 3419 ιι
2266 3424 2273 3428 ,
2307 3404 2311 3406 >
2331 3407 2336 3411 ν

1268 3447 1393 3497 gnus)
1425 3458 1591 3500 regnare
1620 3449 1812 3500 caepisset,
1842 3451 1880 3488 et
1909 3447 2046 3488 studia
2073 3447 2212 3488 littera
2246 3464 2261 3473 r·

1267 3507 1355 3556 jam
1373 3512 1499 3548 essent
1517 3508 1657 3560 ubique
1670 3509 1714 3549 in
1729 3509 1940 3555 oblivione,
1966 3507 2123 3558 ideoque
2140 3505 2256 3561 (caus
2298 3559 2303 3564 ι
2334 3548 2337 3550 ,

1268 3568 1351 3607 lem
1371 3568 1482 3620 nota)
1498 3581 1599 3609 verce
1615 3569 1845 3610 divinitatis
1863 3568 2022 3608 cultura
2036 3570 2196 3620 teperet,
2225 3582 2250 3608 η’
2296 3597 2307 3602 .
2330 3567 2337 3602 i,

1270 3630 1370 3682 tiqit
1387 3630 1485 3672 dnos
1503 3629 1662 3680 Scotos,
1686 3629 1896 3676 monachos
1910 3627 1959 3669 de
1974 3627 2207 3681 Hibernia,¹
2222 3653 2225 3658 ,
2243 3637 2249 3672 ,·
