2352 3880
360 0 635 42 ι»

251 50 301 76 .'
331 68 334 69 ν
362 55 405 97 ι’

381 174 474 211 ω.
495 177 523 210 1.
544 173 602 211 Aa
615 168 918 212 somusrm
933 173 1080 211 nomn
1094 171 1349 212 mmmmm
1368 176 1643 213 memma
1661 176 1988 213 (mmmmmx-
2128 170 2242 217 '105⁹

43 269 57 276 -
263 272 274 284 .
290 241 548 283 —-·Seeundo
562 242 838 295 participatur
858 241 937 283 hoc
966 241 1155 294 regimen
1209 244 1448 295 gregatione
1477 244 1673 296 generali,
1699 243 1735 284 si
1770 243 1842 284 illa
1870 241 2054 296 cogenda
2087 241 2155 291 sit,
2172 242 2241 287 de-

78 300 84 310 '
126 307 174 349 in
189 304 270 361 alio
302 315 452 356 genere
467 304 856 356 congregationum,
873 315 964 356 quae
980 302 1077 344 licet
1098 312 1154 343 ex
1205 309 1428 346 cernantur
1434 315 1448 356 3
1462 305 1530 346 vel
1565 307 1600 346 si
1619 317 1704 346 non
1721 304 1918 357 cogenda,
1939 302 2159 356 Praeposito
2170 315 2238 356 ge·

112 364 317 411 finiversa
327 366 529 407 societate
545 363 759 418 cogantur,
781 376 867 405 non
893 368 990 405 sunt
1015 368 1154 405 tmen
1204 366 1339 406 nerali
1363 371 1660 418 proponantur.
1682 366 1780 414 Quae
1810 366 1953 407 omnia
1979 367 2170 422 coustant
2189 375 2241 406 ex

121 427 348 482 generales,
364 427 461 481 quia
477 427 531 468 ad
549 427 656 476 illas,
677 438 752 467 nec
767 426 1054 477 Provinciales,
1075 437 1152 467 nec
1206 430 1349 467 octava
1374 430 1492 478 parte
1522 427 1885 476 Constitutionum,
1907 439 1944 466 c.
1964 427 2006 476 Ξ,
2026 428 2050 466 3
2062 429 2106 465 et
2136 426 2178 475 5,
2195 429 2240 466 et

46 496 50 498 ’
101 488 262 542 'plures
283 489 527 540 suffragium
559 487 770 536 habentes,
798 499 850 528 ex
866 487 1037 540 singulis
1061 497 1152 540 pm·
1204 491 1320 540 parte
1347 498 1474 535 nona,
1492 498 1530 527 c.
1556 489 1597 536 5,
1618 487 1644 539 ξ
1662 489 1703 536 4,
1725 491 1766 527 et
1796 487 1976 528 secunda
2011 487 2240 538 congrega·

103 550 266 590 'vinciis
281 549 545 598 conveniunt,
564 547 636 589 sed
659 548 792 588 solum
811 548 963 600 singuli
980 560 1033 589 ex
1065 547 1152 588 sin-
1202 548 1317 588 tione
1335 547 1530 598 generali,
1548 559 1586 587 c.
1605 548 1675 596 29,
1707 551 1748 587 et
1774 558 1826 588 ex
1862 547 2028 600 speciali
2060 547 2240 588 formula

120 611 228 662 gulis
245 610 466 663 provinciis
495 608 664 650 nomine
697 619 859 658 earum,
888 613 930 650 et
952 613 1151 661 tanquam
1199 609 1539 662 congregationis
1571 607 1850 660 provincialis,
1884 611 1928 649 in
1965 608 2111 662 quibus
2141 609 2240 651 loeis

119 683 265 713 earum
287 671 571 711 Procuratores
597 669 727 717 missi,
757 673 799 710 et
818 670 912 710 ideo
933 669 1150 724 Oowqrcqa-
1202 670 1293 710 fuse
1309 670 1434 710 etiam
1453 668 1682 710 declaratur
1707 669 1779 720 qui
1801 670 1884 709 sint
1913 669 1963 709 ad
1999 670 2108 709 hanc
2135 671 2238 711 Con-

121 731 180 774 tio
202 730 521 773 Procurator-m
547 729 638 771 haec
668 730 927 784 appellatur-3
947 730 1151 782 habetque
1204 731 1488 784 gregationem
1512 730 1702 778 vocandi,
1724 733 1765 769 et
1783 741 1808 769 a
1833 742 1914 781 quo
1932 731 2149 771 indicenda
2167 731 2236 781 sit,

65 798 68 801 ’
116 791 435 837 fundamentum
467 791 513 832 in
545 798 691 832 octava
732 796 846 845 parte
892 791 1150 832 Constitutio-
1204 796 1247 833 et
1275 792 1367 844 quis
1383 790 1633 847 procedendi
1650 789 1798 833 modus
1832 789 1878 829 in
1898 789 1972 830 illa
1993 790 2046 830 sit
2072 802 2237 832 servan-

116 866 235 904 num,
251 870 285 894 c.
311 856 357 903 ’2,
371 856 417 896 in
429 854 717 906 declaratione,
734 855 797 895 lit.
815 855 863 903 B,
887 857 1056 907 eJ‘usque
1070 854 1151 895 for·
1202 853 1296 893 dus.

116 927 187 958 ma
208 917 338 968 magis
352 916 556 957 declarata
574 917 699 957 estin
719 916 897 958 secunda
920 917 1151 967 Congrega·
1255 917 1295 956 6.
1329 915 1530 966 Quartus,
1566 924 1640 970 per
1679 912 1944 957 Consultone.
1976 932 2031 945 -—
2066 912 2236 964 Quarto,

117 977 232 1018 tione
262 978 469 1029 generali,
499 989 588 1030 cap.
622 979 675 1019 29
695 1010 706 1027 ,
738 982 780 1019 et
806 978 852 1018 in
882 976 1047 1029 speciali
1069 976 1150 1017 for·
1199 978 1418 1030 participat
1438 978 1615 1018 Societas
1641 979 1827 1028 regimen
1846 974 2168 1015 aristocraticum
2189 974 2238 1014 in

115 1039 231 1081 mula
244 1040 295 1080 de
308 1040 384 1080 hoc
403 1039 512 1093 edita
521 1041 565 1080 in
574 1040 723 1094 quinta
735 1039 1061 1092 Congregatione
1077 1049 1150 1088 ge-
1201 1038 1467 1079 multitudine
1481 1039 1764 1088 Praelatorum,
1779 1050 1852 1090 per
1867 1048 1970 1089 quos
1984 1035 2239 1088 gubernatur

114 1101 272 1149 nerali;
293 1102 470 1154 pertinet
485 1106 625 1142 autem
659 1102 712 1143 ad
729 1101 836 1142 hanc
861 1099 1148 1151 congregatio·
1202 1099 1278 1140 sub
1314 1113 1399 1141 uno
1424 1113 1617 1153 supremo
1636 1099 1841 1148 Generali,
1867 1102 1914 1138 ut
1947 1101 2043 1137 sunt
2068 1097 2237 1137 Provin-

113 1172 214 1203 nem
230 1163 365 1214 primo
397 1175 445 1203 ac
477 1163 696 1217 praecipue,
722 1162 953 1209 decernere,
969 1171 1024 1199 an
1042 1161 1147 1200 Con-
1199 1161 1321 1203 ciales
1354 1166 1396 1203 et
1414 1163 1562 1202 locales
1581 1161 1808 1214 Praepositi,
1828 1160 1900 1212 qui
1930 1163 2063 1199 totum
2088 1159 2237 1210 guber-

115 1224 301 1276 gregatio
333 1223 535 1275 generalis
560 1221 743 1274 cogenda
774 1222 844 1269 sit,
863 1232 1009 1270 necne,
1029 1224 1071 1260 et
1099 1220 1146 1261 in
1199 1222 1379 1263 nationis
1405 1223 1566 1275 pondus
1597 1222 1705 1262 inter
1719 1234 1761 1261 se
1780 1221 1934 1260 habent
1948 1219 2212 1259 distributum
2218 1230 2234 1271 3

113 1284 194 1325 hoc
211 1284 366 1325 habent
382 1286 619 1337 congregati
639 1284 880 1336 suffragium
902 1282 1142 1324 decisivum0
1199 1293 1298 1323 nam
1331 1282 1410 1323 hoc
1428 1284 1551 1324 etiam
1575 1282 1781 1334 pertinere
1800 1282 1853 1322 ad
1883 1281 2236 1334 participationem

112 1345 163 1388 In
177 1347 345 1399 reliquis
364 1352 503 1388 autem
521 1346 711 1398 negotiis,
726 1356 818 1397 quae
837 1346 881 1384 in
914 1356 965 1385 ea
982 1343 1147 1385 tractari
1201 1344 1478 1393 aristocratiae,
1496 1344 1618 1392 infra,
1635 1356 1679 1382 n.
1697 1346 1715 1382 1
1726 1345 1764 1392 1,
1779 1342 2008 1382 declarabo.
2023 1342 2237 1381 Perficitur

113 1413 300 1463 possunt,
321 1419 372 1448 ex
383 1409 427 1448 vi
442 1408 621 1448 instituti
640 1412 684 1447 et
702 1407 1065 1456 constitutionum,
1082 1417 1148 1446 so-
1200 1410 1340 1447 autem
1372 1405 1459 1446 haec
1478 1406 1735 1458 participatio
1766 1405 1810 1444 in
1845 1403 2038 1453 consiliis,
2072 1415 2163 1455 quae
2182 1402 2236 1442 ad

111 1468 203 1510 lum
235 1468 390 1509 habent
409 1468 698 1516 consultivum,
720 1471 769 1506 ut
798 1478 849 1509 ex
880 1466 1026 1507 eodem
1055 1478 1144 1519 cap.
1201 1479 1266 1508 res
1296 1468 1533 1508 statuendas
1563 1471 1686 1519 atque
1712 1465 1959 1505 ordinandas
1989 1464 2112 1504 simul
2141 1475 2235 1505 cum

114 1529 293 1573 secundo
310 1534 464 1571 octavae
490 1530 618 1583 partis
633 1528 978 1571 constitutionum
995 1526 1148 1581 colligi-
1202 1529 1383 1570 Praelatis
1416 1529 1676 1569 adhibentur.
1713 1529 1816 1567 Nam
1858 1527 1903 1566 in
1937 1525 2237 1578 gubernatione

114 1597 195 1634 tur.
1203 1591 1414 1642 Praepositi
1429 1590 1632 1642 generalis
1650 1601 1675 1629 a
1693 1593 1878 1640 tempore
1897 1588 2042 1639 primae
2060 1587 2237 1637 Congre-

167 1656 207 1695 5.
240 1652 417 1703 Tertius,
452 1663 526 1708 per
552 1651 887 1707 Conqreyatioms
918 1650 1147 1708 provincia·
1202 1652 1393 1704 gationis,
1406 1652 1566 1691 decreto
1584 1651 1653 1700 85,
1668 1649 1885 1689 adhibetur
1900 1648 2116 1687 consilium
2136 1659 2235 1698 qua-

115 1713 186 1757 Zes.
202 1739 254 1747 --
281 1716 434 1764 Tertio,
454 1714 673 1767 participat
710 1714 888 1756 Societas
923 1714 1005 1755 hoc
1039 1714 1149 1766 regi·
1202 1716 1297 1752 tuor
1316 1712 1614 1761 assistentium3
1636 1712 1682 1751 in
1699 1715 1814 1750 sexta
1831 1722 1929 1749 vero
1945 1709 2233 1760 Congregatio·

113 1787 211 1817 men
248 1789 323 1829 per
356 1774 699 1827 congregationes
736 1776 1021 1828 provinciales,
1058 1786 1150 1826 quae
1202 1786 1256 1814 ne
1271 1773 1433 1814 additus
1453 1777 1513 1813 est
1534 1773 1705 1824 quintus
1722 1783 1795 1823 pro
1810 1771 1956 1820 Gallia,
1976 1774 2024 1809 ut
2043 1769 2233 1818 habetur,

112 1838 158 1878 in
178 1838 351 1888 singulis
387 1837 606 1889 provinciis
634 1836 820 1890 quolibet
843 1838 1023 1878 triennio
1056 1836 1149 1876 fieri
1201 1839 1292 1875 tum
1326 1836 1372 1875 in
1402 1835 1568 1874 decreto
1609 1836 1627 1872 1
1668 1833 1852 1883 eJusdem
1885 1829 2236 1882 Congregationis,

111 1898 288 1947 debent,
334 1909 558 1950 earumque
596 1897 692 1938 finis
740 1902 801 1939 est
830 1898 882 1939 ad
913 1898 1147 1949 eligendam
1203 1901 1293 1937 tum
1322 1896 1367 1936 in
1397 1895 1574 1935 formula
1594 1892 1929 1944 Congregationis
1953 1891 2169 1943 generalis,
2190 1902 2233 1931 n.

110 1971 330 2013 personam
345 1990 358 2009 ,
397 1971 489 2011 quae
538 1959 706 1999 nomine
756 1958 882 1999 totius
929 1959 1149 2013 provinciae
1206 1959 1255 1997 35
1271 1961 1313 1997 et
1326 1959 1391 2004 78,
1414 1957 1485 2007 qui
1505 1956 1745 1995 Assistentes
1766 1966 1793 1993 a
1811 1953 2133 2004 Congregatione
2163 1963 2234 2004 ge-

108 2022 381 2073 Praepositum
400 2020 634 2071 generalem
658 2020 792 2068 adeat,
814 2025 856 2060 et
893 2019 938 2060 in
972 2020 1149 2070 congre·
1203 2017 1335 2058 nerali
1357 2030 1409 2058 ex
1422 2017 1591 2056 diversis
1609 2015 1846 2056 nationibus
1866 2015 1988 2053 simul
2026 2025 2120 2053 cum
2146 2014 2235 2065 ipso

111 2082 278 2135 gatione
293 2084 606 2122 Procuratorum
624 2082 866 2135 suffragium
882 2081 1045 2122 habeat.
1064 2082 1147 2121 Hu-
1203 2080 1425 2131 Praeposito
1441 2079 1667 2129 eliguntur,
1684 2082 1730 2116 ut
1755 2089 1828 2128 per
1855 2088 1923 2116 eos
1950 2075 2077 2128 possit
2102 2074 2236 2126 majo-

107 2144 175 2198 jus
196 2156 294 2197 ergo
312 2144 586 2184 Procuratoris
606 2143 750 2184 electio
778 2143 824 2183 fit
839 2145 884 2184 in
911 2143 1147 2193 Congrega-
1200 2151 1289 2181 rem
1307 2141 1443 2179 lucem
1462 2140 1514 2179 de
1531 2139 1653 2179 rebus
1680 2138 1870 2177 omnibus
1894 2137 2092 2187 accipere,
2112 2139 2152 2174 et
2169 2146 2236 2174 eo-

109 2206 223 2246 tione
242 2204 498 2258 provinciali,
517 2209 557 2243 et
571 2205 707 2244 solum
723 2206 768 2244 in
788 2216 839 2245 ea
857 2204 1058 2245 electione
1076 2203 1148 2243 ba·
1202 2213 1298 2242 rum
1328 2201 1498 2239 consilio
1518 2204 1558 2240 et
1585 2199 1804 2252 prudentia
1834 2198 1879 2239 in
1899 2197 2020 2238 rebus
2038 2195 2236 2236 definien-

88 2279 91 2281 ’
110 2264 211 2308 bent
228 2270 371 2305 votum
386 2265 626 2313 decisivum,
640 2264 711 2315 qui
730 2264 775 2303 in
791 2261 1028 2313 hujusmodi
1043 2263 1148 2301 Con·
1202 2260 1265 2299 dis
1279 2260 1354 2309 uti,
1371 2263 1420 2298 ut
1438 2259 1576 2300 videre
1595 2260 1691 2301 licet
1702 2264 1819 2312 parte
1849 2271 1961 2300 nona
1973 2258 2236 2298 Constitutio-

89 2339 98 2352 ‘
114 2328 352 2381 gregatione
368 2325 613 2377 suffragium
640 2323 807 2365 habent.
827 2322 894 2363 Fit
914 2323 1038 2363 etiam
1056 2322 1146 2362 haec
1203 2332 1320 2369 num,
1339 2334 1372 2360 c.
1396 2322 1435 2368 4,
1451 2332 1494 2360 n.
1513 2322 1537 2360 ὃ
1555 2326 1599 2360 et
1613 2324 1656 2368 6,
1677 2322 1782 2360 etin
1797 2320 1973 2373 propriis
1989 2319 2142 2369 regulis
2160 2320 2235 2359 As·

111 2388 388 2440 congregatio
417 2388 464 2426 in
494 2384 667 2437 singulis
694 2383 935 2438 provinciis,
972 2383 1149 2436 quoties-
1204 2382 1448 2431 sistentium,
1464 2385 1506 2421 et
1529 2384 1574 2420 in
1603 2381 1781 2420 formula
1813 2379 1992 2431 eligendi
2019 2379 2123 2419 illos.
2140 2379 2236 2419 Pro-

114 2460 292 2500 cumque
303 2448 429 2488 totius
441 2447 654 2487 Societatis
666 2445 868 2499 generalis
879 2444 1149 2496 Congregau'o
1203 2443 1442 2483 vincialibus
1458 2442 1582 2482 etiam
1601 2442 1757 2494 proprii
1768 2441 2023 2480 Consultores
2036 2438 2235 2491 assignari

114 2509 298 2561 cogenda
325 2513 409 2556 est3
432 2520 531 2549 nam
551 2509 597 2547 in
616 2507 690 2547 illa
716 2505 955 2559 provinciali
967 2505 1148 2556 eligendi
1203 2505 1366 2544 debent.
1401 2503 1594 2555 Idemque
1615 2503 1666 2542 de
1693 2501 1954 2542 inferioribus
1974 2501 2154 2541 Praelatis
2176 2501 2234 2540 lo-

88 2587 92 2590 ·
114 2574 227 2616 sunt,
238 2568 422 2620 quicum
440 2567 685 2607 Provinciali
705 2566 946 2618 suffragium
966 2566 1146 2606 habituri
1200 2567 1356 2606 calibus
1372 2577 1466 2606 cum
1484 2565 1745 2617 proportione
1765 2564 1958 2603 statuitur
1987 2575 2098 2603 nona
2115 2567 2232 2615 pa1te

113 2633 212 2671 sunt
245 2641 291 2670 in
314 2628 638 2680 Congregatione
654 2627 851 2679 generali,
868 2631 910 2667 et
926 2628 970 2666 in
1004 2639 1146 2667 eornm
1200 2627 1561 2675 Constitutionum,
1581 2638 1616 2665 c.
1635 2626 1676 2674 6,
1694 2625 1718 2677 ξ
1733 2626 1773 2672 4,
1795 2628 1836 2664 et
1855 2624 1906 2664 de
1934 2623 2173 2663 Rectoribus
2188 2623 2234 2663 in

90 2690 310 2731 'electione
355 2689 508 2729 habent
543 2689 750 2742 propriam
784 2700 925 2729 vocem
953 2689 1143 2738 activam,
1199 2688 1451 2740 particulari,
1466 2700 1506 2740 p.
1527 2689 1569 2735 4,
1594 2698 1682 2738 cap.
1707 2688 1772 2732 10,
1794 2685 1819 2738 ἓ
1838 2688 1878 2735 7,
1898 2691 1938 2725 et
1954 2697 2043 2737 cap.
2067 2684 2172 2738 17‚§
2193 2686 2230 2724 1.

113 2763 255 2793 omnes
277 2752 349 2804 qui
379 2751 563 2802 legitime
595 2751 646 2790 ad
663 2751 1029 2802 Congregationem
1055 2763 1144 2803 pro·
1198 2750 1259 2790 De
1295 2761 1470 2789 numero
1507 2752 1645 2788 autem
1671 2759 1814 2787 eorum
1849 2747 1980 2786 solum
2003 2746 2166 2795 dicitur,
2187 2749 2235 2786 ut

110 2813 331 2853 vincialem
350 2812 613 2852 conveniunt.
642 2810 780 2860 Porr0,
802 2812 973 2863 quinam
989 2815 1030 2850 et
1047 2815 1146 2863 quot
1201 2811 1456 2850 Consultores
1487 2810 1706 2849 Rectorum
1732 2809 1776 2847 in
1805 2807 1985 2859 collegiis
2014 2807 2066 2846 ad
2096 2806 2234 2847 minus

87 2876 97 2894 ²¹·
113 2874 333 2914 convenire
349 2873 525 2913 debeant
542 2872 596 2912 ad
611 2872 717 2912 hauc
736 2873 956 2924 provinciae
968 2873 1145 2924 Congre-
1200 2871 1281 2911 duo
1302 2872 1398 2919 sint,
1420 2870 1738 2910 universitatum
1774 2880 1871 2908 vero
1892 2868 2151 2908 Consultores
2167 2879 2227 2907 or-

114 2935 343 2987 gationem,
365 2934 437 2985 qui
462 2933 586 2973 etiam
622 2944 763 2972 vocem
784 2933 988 2985 passivam
1017 2934 1061 2973 in
1097 2946 1146 2974 ea
1199 2932 1357 2972 dinarie
1372 2931 1549 2971 debeant
1567 2942 1652 2970 esse
1671 2932 1872 2982 quatuor3
1888 2930 1998 2968 uude
2020 2933 2183 2969 constat
2208 2938 2231 2968 a

86 2993 310 3043 ''habeant,
327 2996 373 3034 in
400 2993 577 3034 termula
590 2994 774 3045 ejusdem
789 2995 1142 3046 Congregationis,
1197 2994 1357 3034 fortiori
1397 2994 1658 3033 Consultores
1707 2991 2027 3031 provincialium
2060 2995 2232 3042 quatuor

113 3067 152 3098 c.
176 3059 213 3106 3,
231 3056 423 3095 traditur.
441 3055 493 3094 Et
510 3055 554 3094 in
571 3056 715 3106 quinta
725 3055 1063 3107 Congregatione,
1078 3057 1145 3096 de·
1200 3067 1285 3094 esse
1323 3054 1484 3103 debere,
1501 3058 1542 3093 et
1556 3055 1616 3093 ita
1633 3065 1712 3092 usu
1733 3056 1944 3103 receptum
1962 3056 2037 3091 est.
2069 3052 2169 3095 Im0,
2187 3048 2231 3088 in

72 3125 77 3169 j
111 3121 216 3159 eret.
238 3118 292 3157 60
309 3121 349 3156 et
379 3117 446 3164 81,
465 3119 694 3155 contractus
728 3115 807 3155 fuit
837 3128 1051 3165 numerus,
1071 3117 1146 3168 qui
1200 3116 1455 3167 gravioribus
1474 3114 1663 3154 domibus
1678 3114 1867 3166 professis
1898 3116 1937 3152 et
1974 3108 2231 3160 gravioribus

114 3176 163 3220 in
177 3176 557 3226 constitutionibus,
574 3181 691 3228 parte
702 3180 862 3225 octava,
881 3189 917 3215 c.
938 3178 977 3225 3,
999 3176 1145 3216 indefi-
1200 3177 1379 3228 collegiis
1398 3177 1508 3216 idem
1537 3179 1737 3215 servatur.
1756 3174 1833 3213 Est‘
1846 3174 1985 3212 autem
2017 3169 2081 3208 his
2097 3169 2230 3227 omni-¹

67 3235 228 3293 :initus
249 3242 349 3277 erat.
373 3238 521 3277 Praeter
553 3237 627 3277 has
656 3249 753 3278 vero
785 3236 1002 3276 electiones
1031 3236 1146 3277 nulla
1198 3238 1275 3278 bus
1297 3236 1587 3277 Assistentibus
1611 3241 1652 3276 et
1666 3230 1976 3276 consultoribus
1993 3240 2225 3279 commune,

38 3337 41 3339 Α
62 3292 185 3344 {filex
200 3299 267 3339 vel
282 3302 480 3339 statutum
498 3298 588 3338 fieri
608 3302 740 3350 potest
760 3297 806 3337 in
823 3298 1145 3348 congregatione
1199 3303 1246 3338 ut
1264 3299 1309 3338 in
1326 3299 1411 3338 suis
1427 3298 1610 3338 consiliis
1627 3297 1760 3338 solum
1778 3292 1960 3332 habeant
1986 3291 2226 3341 suffragium

32 3390 36 3393 -
72 3346 374 3416 ’(ῌτονὶῃοὶειὶἰ,
399 3370 532 3411 neque
556 3360 602 3399 in
631 3359 768 3411 aliqua
799 3358 1058 3399 ordinatione
1084 3357 1145 3398 ta-
1200 3359 1475 3400 consultivum
1499 3359 1595 3410 (nisi
1615 3355 1725 3408 quod
1742 3353 1795 3393 de
1812 3351 2102 3393 Assistemihus
2120 3349 2226 3390 exei-

76 3406 264 3476 *cienda
283 3424 426 3461 volum
439 3418 661 3460 decisivum
681 3418 850 3468 habent,
867 3418 940 3471 qui
970 3417 1023 3457 ad
1052 3428 1144 3459 eam
1198 3420 1311 3472 pitur
1328 3420 1372 3460 in
1399 3417 1721 3470 congregatione
1751 3417 1913 3466 quarta,
1930 3412 2079 3451 decret.
2100 3411 2168 3460 23,
2183 3413 2226 3450 et

35 3538 54 3589 s
75 3538 241 3586 emus
256 3542 494 3586 necessariis
518 3540 586 3582 vel
614 3540 868 3595 opportunis,
885 3544 936 3581 ut
963 3540 1012 3582 in
1043 3540 1147 3582 con-
1193 3541 1260 3582 sio
1277 3544 1364 3582 tota
1381 3550 1431 3580 nc
1446 3538 1651 3594 indicium
1679 3535 1741 3577 rei
1759 3545 1883 3587 penes
1899 3530 2122 3585 Esaelatum
2144 3541 2224 3587 res·

78 3479 383 3543 fffionveniunt,
403 3481 473 3521 sed
502 3479 634 3520 solum
668 3479 897 3519 consultare
914 3482 1079 3531 possunt
1093 3479 1144 3520 de
1199 3476 1755 3531 incongregationequinta,
1774 3474 1924 3514 decret.
1949 3472 2030 3521 16),
2062 3474 2104 3511 et
2117 3469 2224 3512 deei-
2293 3478 2301 3481 ’
