<?xml version="1.0" encoding="UTF-8"?>
<!DOCTYPE html PUBLIC "-//W3C//DTD XHTML 1.0 Transitional//EN"
    "http://www.w3.org/TR/xhtml1/DTD/xhtml1-transitional.dtd">
<html xmlns="http://www.w3.org/1999/xhtml" xml:lang="en" lang="en">
 <head>
  <title>
</title>
<meta http-equiv="Content-Type" content="text/html;charset=utf-8" />
  <meta name='ocr-system' content='tesseract 3.04.00' />
  <meta name='ocr-capabilities' content='ocr_page ocr_carea ocr_par ocr_line ocrx_word'/>
</head>
<body>
  <div class='ocr_page' id='page_1' title='image "./operaomnia16suaauoft_0317.png"; bbox 0 0 2352 3880; ppageno 0'>
   <div class='ocr_carea' id='block_1_1' title="bbox 0 0 788 751">
    <p class='ocr_par' dir='ltr' id='par_1_1' title="bbox 0 0 788 751">
     <span class='ocr_line' id='line_1_1' title="bbox 0 0 788 221; baseline 0 -57"><span class='ocrx_word' id='word_1_1' title='bbox 0 0 788 221; x_wconf 95' lang='lat' dir='ltr'>  </span> 
     </span>
     <span class='ocr_line' id='line_1_2' title="bbox 0 221 348 252; baseline 0 3628"><span class='ocrx_word' id='word_1_2' title='bbox 0 221 348 252; x_wconf 95' lang='lat' dir='ltr'> </span> 
     </span>
     <span class='ocr_line' id='line_1_3' title="bbox 0 252 380 351; baseline 0 -14"><span class='ocrx_word' id='word_1_3' title='bbox 0 252 380 351; x_wconf 95' lang='lat' dir='ltr'>   </span> 
     </span>
     <span class='ocr_line' id='line_1_4' title="bbox 0 351 206 472; baseline 0 -83"><span class='ocrx_word' id='word_1_4' title='bbox 0 351 206 472; x_wconf 95' lang='lat' dir='ltr'>   </span> 
     </span>
     <span class='ocr_line' id='line_1_5' title="bbox 0 472 177 595; baseline 0 -23"><span class='ocrx_word' id='word_1_5' title='bbox 0 472 177 595; x_wconf 95' lang='lat' dir='ltr'>   </span> 
     </span>
     <span class='ocr_line' id='line_1_6' title="bbox 0 595 158 658; baseline 0 0"><span class='ocrx_word' id='word_1_6' title='bbox 0 595 158 658; x_wconf 95' lang='lat' dir='ltr'>  </span> 
     </span>
     <span class='ocr_line' id='line_1_7' title="bbox 0 658 158 699; baseline 0 0"><span class='ocrx_word' id='word_1_7' title='bbox 0 658 150 699; x_wconf 95' lang='lat' dir='ltr'>  </span> <span class='ocrx_word' id='word_1_8' title='bbox 60 683 158 699; x_wconf 95' lang='lat' dir='ltr'> </span> 
     </span>
     <span class='ocr_line' id='line_1_8' title="bbox 60 716 64 751; baseline 0 3129"><span class='ocrx_word' id='word_1_9' title='bbox 60 716 64 751; x_wconf 95' lang='lat' dir='ltr'> </span> 
     </span>
    </p>
   </div>
   <div class='ocr_carea' id='block_1_2' title="bbox 0 226 1119 3564">
    <p class='ocr_par' dir='ltr' id='par_1_2' title="bbox 41 226 1118 797">
     <span class='ocr_line' id='line_1_9' title="bbox 205 226 1118 307; baseline -0.001 -12.034"><span class='ocrx_word' id='word_1_10' title='bbox 188 241 368 299; x_wconf 30' lang='lat' dir='ltr'>:wsm-</span> <span class='ocrx_word' id='word_1_11' title='bbox 362 263 421 301; x_wconf 83' lang='lat' dir='ltr'>·o,</span> <span class='ocrx_word' id='word_1_12' title='bbox 442 264 479 293; x_wconf 86' lang='lat' dir='ltr'>c.</span> <span class='ocrx_word' id='word_1_13' title='bbox 502 264 632 305; x_wconf 75' lang='lat' dir='ltr'>pen-z</span> <span class='ocrx_word' id='word_1_14' title='bbox 654 253 708 295; x_wconf 78' lang='lat' dir='ltr'>Si</span> <span class='ocrx_word' id='word_1_15' title='bbox 726 254 817 306; x_wconf 72' lang='lat' dir='ltr'>quis</span> <span class='ocrx_word' id='word_1_16' title='bbox 835 250 936 306; x_wconf 85' lang='lat' dir='ltr'>(ait)</span> <span class='ocrx_word' id='word_1_17' title='bbox 957 253 1118 307; x_wconf 68' lang='lat' dir='ltr'>⁶·oele</span> 
     </span>
     <span class='ocr_line' id='line_1_10' title="bbox 155 314 1113 364; baseline -0.001 -9"><span class='ocrx_word' id='word_1_18' title='bbox 155 321 233 349; x_wconf 63' lang='lat'>”111</span> <span class='ocrx_word' id='word_1_19' title='bbox 266 327 308 364; x_wconf 71' lang='grc' dir='ltr'>ο,</span> <span class='ocrx_word' id='word_1_20' title='bbox 330 315 611 364; x_wconf 59' lang='lat' dir='ltr'>transferatur</span> <span class='ocrx_word' id='word_1_21' title='bbox 639 314 692 355; x_wconf 81' lang='lat' dir='ltr'>ad</span> <span class='ocrx_word' id='word_1_22' title='bbox 712 314 895 355; x_wconf 68' lang='lat' dir='ltr'>catedram</span> <span class='ocrx_word' id='word_1_23' title='bbox 919 314 1113 363; x_wconf 77' lang='lat' dir='ltr'>latiorem,</span> 
     </span>
     <span class='ocr_line' id='line_1_11' title="bbox 134 373 1117 424; baseline -0.003 -3.95"><span class='ocrx_word' id='word_1_24' title='bbox 134 374 260 421; x_wconf 70' lang='lat' dir='ltr'>meo</span> <span class='ocrx_word' id='word_1_25' title='bbox 278 386 416 416; x_wconf 72' lang='lat' dir='ltr'>senum</span> <span class='ocrx_word' id='word_1_26' title='bbox 443 373 665 417; x_wconf 75' lang='lat' dir='ltr'>ministerio</span> <span class='ocrx_word' id='word_1_27' title='bbox 692 377 955 424; x_wconf 77' lang='lat' dir='ltr'>confoveatur,</span> <span class='ocrx_word' id='word_1_28' title='bbox 973 379 1019 416; x_wconf 75' lang='lat' dir='ltr'>ut</span> <span class='ocrx_word' id='word_1_29' title='bbox 1047 385 1117 417; x_wconf 73' lang='lat' dir='ltr'>mc</span> 
     </span>
     <span class='ocr_line' id='line_1_12' title="bbox 42 435 1112 490; baseline 0.006 -18"><span class='ocrx_word' id='word_1_30' title='bbox 42 447 56 487; x_wconf 70' lang='grc' dir='ltr'>ζ,-</span> <span class='ocrx_word' id='word_1_31' title='bbox 93 455 97 458; x_wconf 92' lang='grc'>-</span> <span class='ocrx_word' id='word_1_32' title='bbox 206 447 254 477; x_wconf 72' lang='lat' dir='ltr'>as</span> <span class='ocrx_word' id='word_1_33' title='bbox 269 435 453 487; x_wconf 73' lang='lat' dir='ltr'>urbium,</span> <span class='ocrx_word' id='word_1_34' title='bbox 471 447 540 477; x_wconf 81' lang='lat' dir='ltr'>nec</span> <span class='ocrx_word' id='word_1_35' title='bbox 565 436 713 477; x_wconf 72' lang='lat' dir='ltr'>matris</span> <span class='ocrx_word' id='word_1_36' title='bbox 739 441 894 489; x_wconf 66' lang='lat' dir='ltr'>quaerat</span> <span class='ocrx_word' id='word_1_37' title='bbox 910 439 1112 490; x_wconf 78' lang='lat' dir='ltr'>affectum.</span> 
     </span>
     <span class='ocr_line' id='line_1_13' title="bbox 136 496 1115 548; baseline -0.001 -8.983"><span class='ocrx_word' id='word_1_38' title='bbox 136 496 197 539; x_wconf 91' lang='grc' dir='ltr'><strong>-ιιι</strong></span> <span class='ocrx_word' id='word_1_39' title='bbox 215 497 374 548; x_wconf 83' lang='lat' dir='ltr'>Regula</span> <span class='ocrx_word' id='word_1_40' title='bbox 394 498 715 545; x_wconf 86' lang='lat' dir='ltr'>monacharum,</span> <span class='ocrx_word' id='word_1_41' title='bbox 742 509 776 536; x_wconf 88' lang='lat' dir='ltr'>c.</span> <span class='ocrx_word' id='word_1_42' title='bbox 801 509 915 547; x_wconf 70' lang='lat' dir='ltr'>pen„</span> <span class='ocrx_word' id='word_1_43' title='bbox 944 498 1021 538; x_wconf 90' lang='lat' dir='ltr'>sub</span> <span class='ocrx_word' id='word_1_44' title='bbox 1044 510 1115 538; x_wconf 90' lang='lat' dir='ltr'>no-</span> 
     </span>
     <span class='ocr_line' id='line_1_14' title="bbox 78 557 1116 614; baseline 0.003 -15"><span class='ocrx_word' id='word_1_45' title='bbox 78 600 118 614; x_wconf 80' lang='grc'>,</span> <span class='ocrx_word' id='word_1_46' title='bbox 146 570 200 599; x_wconf 84' lang='lat' dir='ltr'>e</span> <span class='ocrx_word' id='word_1_47' title='bbox 229 557 415 611; x_wconf 87' lang='lat' dir='ltr'>ejusdem</span> <span class='ocrx_word' id='word_1_48' title='bbox 450 559 687 610; x_wconf 84' lang='lat' dir='ltr'><strong>Hieronymi</strong></span> <span class='ocrx_word' id='word_1_49' title='bbox 727 558 912 599; x_wconf 70' lang='lat' dir='ltr'>diciturz</span> <span class='ocrx_word' id='word_1_50' title='bbox 929 560 1116 602; x_wconf 81' lang='lat' dir='ltr'>Summo-</span> 
     </span>
     <span class='ocr_line' id='line_1_15' title="bbox 41 613 1113 679; baseline 0.002 -16"><span class='ocrx_word' id='word_1_51' title='bbox 41 613 117 679; x_wconf 92' lang='lat'>{¹</span> <span class='ocrx_word' id='word_1_52' title='bbox 135 633 180 663; x_wconf 75' lang='lat' dir='ltr'>e</span> <span class='ocrx_word' id='word_1_53' title='bbox 194 625 372 663; x_wconf 72' lang='lat' dir='ltr'>servetur</span> <span class='ocrx_word' id='word_1_54' title='bbox 390 621 436 662; x_wconf 81' lang='lat' dir='ltr'>in</span> <span class='ocrx_word' id='word_1_55' title='bbox 451 621 576 667; x_wconf 76' lang='lat' dir='ltr'>vobis,</span> <span class='ocrx_word' id='word_1_56' title='bbox 601 624 645 661; x_wconf 78' lang='lat' dir='ltr'>ut</span> <span class='ocrx_word' id='word_1_57' title='bbox 663 632 761 672; x_wconf 73' lang='lat' dir='ltr'>crya</span> <span class='ocrx_word' id='word_1_58' title='bbox 778 621 1027 673; x_wconf 77' lang='lat' dir='ltr'>infirmantes</span> <span class='ocrx_word' id='word_1_59' title='bbox 1050 635 1113 664; x_wconf 70' lang='lat' dir='ltr'>so-</span> 
     </span>
     <span class='ocr_line' id='line_1_16' title="bbox 47 682 1115 734; baseline 0 -10"><span class='ocrx_word' id='word_1_60' title='bbox 47 694 60 734; x_wconf 62' lang='lat'>5</span> <span class='ocrx_word' id='word_1_61' title='bbox 158 695 197 726; x_wconf 74' lang='lat' dir='ltr'>es</span> <span class='ocrx_word' id='word_1_62' title='bbox 216 694 304 724; x_wconf 81' lang='lat' dir='ltr'>oum</span> <span class='ocrx_word' id='word_1_63' title='bbox 321 682 429 722; x_wconf 81' lang='lat' dir='ltr'>omni</span> <span class='ocrx_word' id='word_1_64' title='bbox 442 682 726 730; x_wconf 74' lang='lat' dir='ltr'>sollicitudine,</span> <span class='ocrx_word' id='word_1_65' title='bbox 746 684 873 723; x_wconf 76' lang='lat' dir='ltr'>omnis</span> <span class='ocrx_word' id='word_1_66' title='bbox 886 684 1115 726; x_wconf 72' lang='lat' dir='ltr'><em>exhibeatur</em></span> 
     </span>
     <span class='ocr_line' id='line_1_17' title="bbox 47 742 900 797; baseline -0.002 -11"><span class='ocrx_word' id='word_1_67' title='bbox 47 742 200 797; x_wconf 52' lang='lat' dir='ltr'>jzwa,</span> <span class='ocrx_word' id='word_1_68' title='bbox 223 747 318 790; x_wconf 61' lang='lat' dir='ltr'>etc„</span> <span class='ocrx_word' id='word_1_69' title='bbox 340 754 432 795; x_wconf 83' lang='lat' dir='ltr'>quae</span> <span class='ocrx_word' id='word_1_70' title='bbox 449 743 604 794; x_wconf 87' lang='lat' dir='ltr'>optime</span> <span class='ocrx_word' id='word_1_71' title='bbox 624 745 900 795; x_wconf 76' lang='lat' dir='ltr'>prosequitur.</span> 
     </span>
    </p>

    <p class='ocr_par' dir='ltr' id='par_1_3' title="bbox 40 803 1116 1095">
     <span class='ocr_line' id='line_1_18' title="bbox 46 803 1113 858; baseline -0.001 -10"><span class='ocrx_word' id='word_1_72' title='bbox 46 828 55 848; x_wconf 74' lang='grc'>;</span> <span class='ocrx_word' id='word_1_73' title='bbox 84 805 114 858; x_wconf 53' lang='lat' dir='ltr'><em>V</em></span> <span class='ocrx_word' id='word_1_74' title='bbox 135 805 179 849; x_wconf 78' lang='grc' dir='ltr'><strong><em>Ἰ</em></strong></span> <span class='ocrx_word' id='word_1_75' title='bbox 211 803 377 847; x_wconf 74' lang='lat' dir='ltr'>Dictum</span> <span class='ocrx_word' id='word_1_76' title='bbox 401 805 573 846; x_wconf 75' lang='lat' dir='ltr'>medium</span> <span class='ocrx_word' id='word_1_77' title='bbox 590 806 765 846; x_wconf 75' lang='lat' dir='ltr'>studiose</span> <span class='ocrx_word' id='word_1_78' title='bbox 784 807 963 847; x_wconf 76' lang='lat' dir='ltr'>observat</span> <span class='ocrx_word' id='word_1_79' title='bbox 981 805 1113 849; x_wconf 74' lang='lat' dir='ltr'>Socie-</span> 
     </span>
     <span class='ocr_line' id='line_1_19' title="bbox 49 860 1115 918; baseline 0.004 -13"><span class='ocrx_word' id='word_1_80' title='bbox 49 860 245 912; x_wconf 45' lang='lat'>⁴380—-</span> <span class='ocrx_word' id='word_1_81' title='bbox 267 867 314 906; x_wconf 90' lang='lat' dir='ltr'>In</span> <span class='ocrx_word' id='word_1_82' title='bbox 339 866 420 907; x_wconf 86' lang='lat' dir='ltr'>hoc</span> <span class='ocrx_word' id='word_1_83' title='bbox 451 865 578 918; x_wconf 82' lang='lat' dir='ltr'>igitur</span> <span class='ocrx_word' id='word_1_84' title='bbox 609 867 787 906; x_wconf 80' lang='lat' dir='ltr'>maxime</span> <span class='ocrx_word' id='word_1_85' title='bbox 813 868 949 909; x_wconf 85' lang='lat' dir='ltr'><strong>studet</strong></span> <span class='ocrx_word' id='word_1_86' title='bbox 979 869 1115 909; x_wconf 88' lang='lat' dir='ltr'>Socie-</span> 
     </span>
     <span class='ocr_line' id='line_1_20' title="bbox 49 921 1116 980; baseline -0.001 -9"><span class='ocrx_word' id='word_1_87' title='bbox 49 921 54 927; x_wconf 59' lang='grc'><strong>”</strong></span> <span class='ocrx_word' id='word_1_88' title='bbox 82 924 150 975; x_wconf 59' lang='lat'>{88</span> <span class='ocrx_word' id='word_1_89' title='bbox 169 929 358 979; x_wconf 80' lang='lat' dir='ltr'>antiquos</span> <span class='ocrx_word' id='word_1_90' title='bbox 374 930 514 969; x_wconf 82' lang='lat' dir='ltr'>Patres</span> <span class='ocrx_word' id='word_1_91' title='bbox 526 928 774 980; x_wconf 83' lang='lat' dir='ltr'>religionum</span> <span class='ocrx_word' id='word_1_92' title='bbox 794 930 960 977; x_wconf 84' lang='lat' dir='ltr'>imitari,</span> <span class='ocrx_word' id='word_1_93' title='bbox 979 931 1116 972; x_wconf 80' lang='lat' dir='ltr'>etheo</span> 
     </span>
     <span class='ocr_line' id='line_1_21' title="bbox 47 989 1110 1044; baseline 0 -13"><span class='ocrx_word' id='word_1_94' title='bbox 47 999 51 1006; x_wconf 71' lang='lat'>²</span> <span class='ocrx_word' id='word_1_95' title='bbox 80 989 222 1036; x_wconf 71' lang='lat' dir='ltr'>medio</span> <span class='ocrx_word' id='word_1_96' title='bbox 242 990 523 1030; x_wconf 78' lang='lat' dir='ltr'>beneficentiae</span> <span class='ocrx_word' id='word_1_97' title='bbox 553 994 592 1030; x_wconf 89' lang='lat' dir='ltr'>et</span> <span class='ocrx_word' id='word_1_98' title='bbox 610 990 903 1032; x_wconf 71' lang='lat' dir='ltr'>misericordiae</span> <span class='ocrx_word' id='word_1_99' title='bbox 927 1004 1027 1044; x_wconf 84' lang='lat' dir='ltr'>erga</span> <span class='ocrx_word' id='word_1_100' title='bbox 1047 993 1110 1032; x_wconf 85' lang='lat' dir='ltr'>in</span> 
     </span>
     <span class='ocr_line' id='line_1_22' title="bbox 40 1050 1112 1095; baseline -0.001 -1"><span class='ocrx_word' id='word_1_101' title='bbox 40 1053 48 1063; x_wconf 70' lang='lat'><em>²</em></span> <span class='ocrx_word' id='word_1_102' title='bbox 75 1050 226 1095; x_wconf 62' lang='lat' dir='ltr'>&#39;firmos</span> <span class='ocrx_word' id='word_1_103' title='bbox 244 1052 485 1092; x_wconf 79' lang='lat' dir='ltr'>charitatem</span> <span class='ocrx_word' id='word_1_104' title='bbox 512 1052 737 1092; x_wconf 78' lang='lat' dir='ltr'>fraternam</span> <span class='ocrx_word' id='word_1_105' title='bbox 758 1053 991 1093; x_wconf 83' lang='lat' dir='ltr'>conciliare.</span> <span class='ocrx_word' id='word_1_106' title='bbox 1016 1053 1112 1093; x_wconf 77' lang='lat' dir='ltr'>Ideo</span> 
     </span>
    </p>

    <p class='ocr_par' dir='ltr' id='par_1_4' title="bbox 45 1113 1114 1229">
     <span class='ocr_line' id='line_1_23' title="bbox 46 1113 1111 1168; baseline -0.002 -11"><span class='ocrx_word' id='word_1_107' title='bbox 46 1133 50 1136; x_wconf 97' lang='lat'>·</span> <span class='ocrx_word' id='word_1_108' title='bbox 75 1113 126 1157; x_wconf 66' lang='grc' dir='ltr'>ἳιι</span> <span class='ocrx_word' id='word_1_109' title='bbox 143 1114 263 1154; x_wconf 86' lang='lat' dir='ltr'>tertia</span> <span class='ocrx_word' id='word_1_110' title='bbox 283 1118 398 1166; x_wconf 83' lang='lat' dir='ltr'>parte</span> <span class='ocrx_word' id='word_1_111' title='bbox 419 1115 776 1162; x_wconf 87' lang='lat' dir='ltr'>Constitutionum,</span> <span class='ocrx_word' id='word_1_112' title='bbox 795 1127 833 1155; x_wconf 90' lang='lat' dir='ltr'>c.</span> <span class='ocrx_word' id='word_1_113' title='bbox 852 1117 892 1163; x_wconf 74' lang='lat'>2,</span> <span class='ocrx_word' id='word_1_114' title='bbox 913 1115 941 1168; x_wconf 68' lang='grc' dir='ltr'>ἓ</span> <span class='ocrx_word' id='word_1_115' title='bbox 957 1117 999 1163; x_wconf 88' lang='grc'>6,</span> <span class='ocrx_word' id='word_1_116' title='bbox 1018 1127 1111 1155; x_wconf 89' lang='lat' dir='ltr'>cum</span> 
     </span>
     <span class='ocr_line' id='line_1_24' title="bbox 45 1172 1114 1229; baseline 0.002 -15"><span class='ocrx_word' id='word_1_117' title='bbox 45 1211 48 1213; x_wconf 90' lang='lat'>.</span> <span class='ocrx_word' id='word_1_118' title='bbox 75 1172 377 1226; x_wconf 51' lang='lat' dir='ltr'>declaratione,</span> <span class='ocrx_word' id='word_1_119' title='bbox 410 1176 642 1224; x_wconf 84' lang='lat' dir='ltr'>dicitur,ut</span> <span class='ocrx_word' id='word_1_120' title='bbox 674 1180 921 1228; x_wconf 67' lang='lat' dir='ltr'>aegrotorum</span> <span class='ocrx_word' id='word_1_121' title='bbox 959 1188 1114 1229; x_wconf 87' lang='lat' dir='ltr'>magna</span> 
     </span>
    </p>

    <p class='ocr_par' dir='ltr' id='par_1_5' title="bbox 79 1235 1115 1288">
     <span class='ocr_line' id='line_1_25' title="bbox 79 1235 1115 1288; baseline 0.003 -13"><span class='ocrx_word' id='word_1_122' title='bbox 79 1235 184 1278; x_wconf 64' lang='lat' dir='ltr'>:bura</span> <span class='ocrx_word' id='word_1_123' title='bbox 211 1237 439 1286; x_wconf 86' lang='lat' dir='ltr'>habeatur;</span> <span class='ocrx_word' id='word_1_124' title='bbox 469 1237 595 1288; x_wconf 88' lang='lat' dir='ltr'>idque</span> <span class='ocrx_word' id='word_1_125' title='bbox 615 1235 834 1288; x_wconf 71' lang='lat' dir='ltr'>Praeposito</span> <span class='ocrx_word' id='word_1_126' title='bbox 866 1235 910 1277; x_wconf 89' lang='lat' dir='ltr'>in</span> <span class='ocrx_word' id='word_1_127' title='bbox 937 1238 1022 1277; x_wconf 87' lang='lat' dir='ltr'>suis</span> <span class='ocrx_word' id='word_1_128' title='bbox 1050 1251 1115 1278; x_wconf 90' lang='lat' dir='ltr'>re-</span> 
     </span>
    </p>

    <p class='ocr_par' dir='ltr' id='par_1_6' title="bbox 76 1298 1114 2212">
     <span class='ocr_line' id='line_1_26' title="bbox 83 1298 1113 1352; baseline 0 -12"><span class='ocrx_word' id='word_1_129' title='bbox 83 1298 202 1352; x_wconf 76' lang='lat' dir='ltr'>gulis,</span> <span class='ocrx_word' id='word_1_130' title='bbox 229 1299 256 1350; x_wconf 75' lang='lat'><strong>§</strong></span> <span class='ocrx_word' id='word_1_131' title='bbox 280 1299 334 1339; x_wconf 74' lang='lat'>65</span> <span class='ocrx_word' id='word_1_132' title='bbox 349 1329 359 1346; x_wconf 93' lang='lat'>‚</span> <span class='ocrx_word' id='word_1_133' title='bbox 382 1303 422 1339; x_wconf 89' lang='lat' dir='ltr'>et</span> <span class='ocrx_word' id='word_1_134' title='bbox 454 1298 673 1350; x_wconf 77' lang='lat' dir='ltr'>Rectori,§</span> <span class='ocrx_word' id='word_1_135' title='bbox 698 1300 771 1347; x_wconf 79' lang='lat'>56,</span> <span class='ocrx_word' id='word_1_136' title='bbox 801 1299 981 1339; x_wconf 81' lang='lat' dir='ltr'>maxime</span> <span class='ocrx_word' id='word_1_137' title='bbox 1002 1310 1113 1341; x_wconf 86' lang='lat' dir='ltr'>com-</span> 
     </span>
     <span class='ocr_line' id='line_1_27' title="bbox 81 1359 1113 1412; baseline 0.002 -12"><span class='ocrx_word' id='word_1_138' title='bbox 81 1359 314 1407; x_wconf 83' lang='lat' dir='ltr'>mendatur,</span> <span class='ocrx_word' id='word_1_139' title='bbox 336 1364 480 1412; x_wconf 89' lang='lat' dir='ltr'>estque</span> <span class='ocrx_word' id='word_1_140' title='bbox 500 1360 709 1412; x_wconf 82' lang='lat' dir='ltr'>peculiare</span> <span class='ocrx_word' id='word_1_141' title='bbox 732 1361 914 1400; x_wconf 83' lang='lat' dir='ltr'>officium</span> <span class='ocrx_word' id='word_1_142' title='bbox 931 1362 1113 1402; x_wconf 81' lang='lat' dir='ltr'>Praefecti</span> 
     </span>
     <span class='ocr_line' id='line_1_28' title="bbox 81 1421 1113 1472; baseline 0.001 -9"><span class='ocrx_word' id='word_1_143' title='bbox 81 1421 281 1469; x_wconf 80' lang='lat' dir='ltr'>sanitatis,</span> <span class='ocrx_word' id='word_1_144' title='bbox 303 1422 371 1472; x_wconf 87' lang='lat' dir='ltr'>qni</span> <span class='ocrx_word' id='word_1_145' title='bbox 392 1421 434 1461; x_wconf 91' lang='lat' dir='ltr'>in</span> <span class='ocrx_word' id='word_1_146' title='bbox 465 1421 550 1461; x_wconf 83' lang='lat' dir='ltr'>su’s</span> <span class='ocrx_word' id='word_1_147' title='bbox 579 1421 737 1472; x_wconf 84' lang='lat' dir='ltr'>regulis</span> <span class='ocrx_word' id='word_1_148' title='bbox 753 1452 765 1470; x_wconf 95' lang='lat'>,</span> <span class='ocrx_word' id='word_1_149' title='bbox 787 1426 829 1462; x_wconf 90' lang='lat' dir='ltr'>et</span> <span class='ocrx_word' id='word_1_150' title='bbox 862 1422 1113 1464; x_wconf 85' lang='lat' dir='ltr'>infirmarius</span> 
     </span>
     <span class='ocr_line' id='line_1_29' title="bbox 80 1483 1114 1531; baseline 0 -6"><span class='ocrx_word' id='word_1_151' title='bbox 80 1483 205 1525; x_wconf 81' lang='lat' dir='ltr'>etiam</span> <span class='ocrx_word' id='word_1_152' title='bbox 225 1484 266 1521; x_wconf 89' lang='lat' dir='ltr'>in</span> <span class='ocrx_word' id='word_1_153' title='bbox 287 1483 385 1531; x_wconf 87' lang='lat' dir='ltr'>suis,</span> <span class='ocrx_word' id='word_1_154' title='bbox 414 1487 603 1522; x_wconf 86' lang='lat' dir='ltr'>accurate</span> <span class='ocrx_word' id='word_1_155' title='bbox 621 1483 675 1523; x_wconf 90' lang='lat' dir='ltr'>de</span> <span class='ocrx_word' id='word_1_156' title='bbox 696 1483 773 1522; x_wconf 91' lang='lat' dir='ltr'>hoc</span> <span class='ocrx_word' id='word_1_157' title='bbox 795 1484 1054 1524; x_wconf 87' lang='lat' dir='ltr'>instruuntur</span> <span class='ocrx_word' id='word_1_158' title='bbox 1072 1488 1114 1525; x_wconf 87' lang='lat' dir='ltr'>et</span> 
     </span>
     <span class='ocr_line' id='line_1_30' title="bbox 78 1544 1111 1596; baseline 0.001 -11"><span class='ocrx_word' id='word_1_159' title='bbox 78 1550 322 1591; x_wconf 58' lang='lat' dir='ltr'>manentum</span> <span class='ocrx_word' id='word_1_160' title='bbox 345 1544 671 1591; x_wconf 83' lang='lat' dir='ltr'>etProvincialis,</span> <span class='ocrx_word' id='word_1_161' title='bbox 695 1545 737 1583; x_wconf 91' lang='lat' dir='ltr'>in</span> <span class='ocrx_word' id='word_1_162' title='bbox 757 1556 848 1596; x_wconf 87' lang='lat' dir='ltr'>cap.</span> <span class='ocrx_word' id='word_1_163' title='bbox 872 1547 924 1584; x_wconf 74' lang='lat'>15</span> <span class='ocrx_word' id='word_1_164' title='bbox 943 1558 1111 1586; x_wconf 87' lang='lat' dir='ltr'>suarum</span> 
     </span>
     <span class='ocr_line' id='line_1_31' title="bbox 78 1605 1111 1660; baseline 0 -12"><span class='ocrx_word' id='word_1_165' title='bbox 78 1607 332 1660; x_wconf 82' lang='lat' dir='ltr'>regularum,</span> <span class='ocrx_word' id='word_1_166' title='bbox 357 1610 550 1646; x_wconf 85' lang='lat' dir='ltr'>monetur</span> <span class='ocrx_word' id='word_1_167' title='bbox 568 1610 627 1650; x_wconf 81' lang='lat' dir='ltr'>ut,</span> <span class='ocrx_word' id='word_1_168' title='bbox 649 1605 747 1646; x_wconf 79' lang='lat' dir='ltr'>dum</span> <span class='ocrx_word' id='word_1_169' title='bbox 771 1606 921 1653; x_wconf 87' lang='lat' dir='ltr'>visitat,</span> <span class='ocrx_word' id='word_1_170' title='bbox 941 1607 1111 1648; x_wconf 88' lang='lat' dir='ltr'>interro·</span> 
     </span>
     <span class='ocr_line' id='line_1_32' title="bbox 78 1667 1110 1721; baseline 0.002 -13"><span class='ocrx_word' id='word_1_171' title='bbox 78 1671 149 1721; x_wconf 86' lang='lat' dir='ltr'>get</span> <span class='ocrx_word' id='word_1_172' title='bbox 182 1679 236 1707; x_wconf 87' lang='lat' dir='ltr'>an</span> <span class='ocrx_word' id='word_1_173' title='bbox 270 1679 364 1706; x_wconf 86' lang='lat' dir='ltr'>cum</span> <span class='ocrx_word' id='word_1_174' title='bbox 387 1667 564 1706; x_wconf 87' lang='lat' dir='ltr'>infirmis</span> <span class='ocrx_word' id='word_1_175' title='bbox 597 1671 636 1706; x_wconf 88' lang='lat' dir='ltr'>et</span> <span class='ocrx_word' id='word_1_176' title='bbox 666 1667 942 1719; x_wconf 76' lang='lat' dir='ltr'>hospitalibus</span> <span class='ocrx_word' id='word_1_177' title='bbox 973 1669 1110 1710; x_wconf 84' lang='lat' dir='ltr'>debita</span> 
     </span>
     <span class='ocr_line' id='line_1_33' title="bbox 79 1728 1112 1779; baseline 0.001 -10"><span class='ocrx_word' id='word_1_178' title='bbox 79 1728 259 1770; x_wconf 86' lang='lat' dir='ltr'>charitas</span> <span class='ocrx_word' id='word_1_179' title='bbox 277 1733 533 1777; x_wconf 76' lang='lat' dir='ltr'>exerceatur,</span> <span class='ocrx_word' id='word_1_180' title='bbox 554 1728 666 1779; x_wconf 88' lang='lat' dir='ltr'>quod</span> <span class='ocrx_word' id='word_1_181' title='bbox 687 1730 810 1769; x_wconf 85' lang='lat' dir='ltr'>etiam</span> <span class='ocrx_word' id='word_1_182' title='bbox 844 1730 1051 1769; x_wconf 87' lang='lat' dir='ltr'>invenitur</span> <span class='ocrx_word' id='word_1_183' title='bbox 1069 1731 1112 1770; x_wconf 91' lang='lat' dir='ltr'>in</span> 
     </span>
     <span class='ocr_line' id='line_1_34' title="bbox 77 1790 1112 1838; baseline 0 -7"><span class='ocrx_word' id='word_1_184' title='bbox 77 1790 444 1831; x_wconf 88' lang='lat' dir='ltr'>Constitutionibus</span> <span class='ocrx_word' id='word_1_185' title='bbox 463 1790 684 1838; x_wconf 89' lang='lat' dir='ltr'>Minorum‚</span> <span class='ocrx_word' id='word_1_186' title='bbox 711 1791 915 1830; x_wconf 85' lang='lat' dir='ltr'>Guillelm1</span> <span class='ocrx_word' id='word_1_187' title='bbox 945 1792 1112 1832; x_wconf 78' lang='lat' dir='ltr'>Farina-</span> 
     </span>
     <span class='ocr_line' id='line_1_35' title="bbox 77 1851 1112 1903; baseline 0 -10"><span class='ocrx_word' id='word_1_188' title='bbox 77 1851 142 1900; x_wconf 78' lang='lat' dir='ltr'>rii,</span> <span class='ocrx_word' id='word_1_189' title='bbox 162 1863 252 1903; x_wconf 87' lang='lat' dir='ltr'>cap.</span> <span class='ocrx_word' id='word_1_190' title='bbox 275 1856 436 1903; x_wconf 86' lang='lat' dir='ltr'>quarto.</span> <span class='ocrx_word' id='word_1_191' title='bbox 461 1853 680 1901; x_wconf 82' lang='lat' dir='ltr'>Praeterea,</span> <span class='ocrx_word' id='word_1_192' title='bbox 706 1853 749 1892; x_wconf 90' lang='lat' dir='ltr'>in</span> <span class='ocrx_word' id='word_1_193' title='bbox 776 1854 936 1893; x_wconf 88' lang='lat' dir='ltr'>Summ.</span> <span class='ocrx_word' id='word_1_194' title='bbox 956 1854 1112 1893; x_wconf 87' lang='lat' dir='ltr'>Consti-</span> 
     </span>
     <span class='ocr_line' id='line_1_36' title="bbox 76 1913 1111 1965; baseline 0 -9"><span class='ocrx_word' id='word_1_195' title='bbox 76 1913 307 1963; x_wconf 80' lang='lat' dir='ltr'>tutionum,</span> <span class='ocrx_word' id='word_1_196' title='bbox 338 1913 363 1964; x_wconf 65' lang='grc' dir='ltr'><strong>ἓ</strong></span> <span class='ocrx_word' id='word_1_197' title='bbox 396 1914 461 1960; x_wconf 81' lang='grc'>46,</span> <span class='ocrx_word' id='word_1_198' title='bbox 493 1914 687 1953; x_wconf 89' lang='lat' dir='ltr'>omnibus</span> <span class='ocrx_word' id='word_1_199' title='bbox 720 1914 971 1965; x_wconf 82' lang='lat' dir='ltr'>injungitur,</span> <span class='ocrx_word' id='word_1_200' title='bbox 995 1918 1040 1955; x_wconf 85' lang='lat' dir='ltr'>ut</span> <span class='ocrx_word' id='word_1_201' title='bbox 1058 1916 1111 1956; x_wconf 85' lang='lat' dir='ltr'>de</span> 
     </span>
     <span class='ocr_line' id='line_1_37' title="bbox 76 1975 1110 2028; baseline -0.003 -9"><span class='ocrx_word' id='word_1_202' title='bbox 76 1975 202 2018; x_wconf 77' lang='lat' dir='ltr'>rebus</span> <span class='ocrx_word' id='word_1_203' title='bbox 221 1975 274 2015; x_wconf 89' lang='lat' dir='ltr'>ad</span> <span class='ocrx_word' id='word_1_204' title='bbox 296 1975 473 2014; x_wconf 86' lang='lat' dir='ltr'>salutem</span> <span class='ocrx_word' id='word_1_205' title='bbox 492 1975 570 2014; x_wconf 89' lang='lat' dir='ltr'>sibi</span> <span class='ocrx_word' id='word_1_206' title='bbox 602 1976 847 2014; x_wconf 84' lang='lat' dir='ltr'>necessariis</span> <span class='ocrx_word' id='word_1_207' title='bbox 869 1976 1110 2028; x_wconf 81' lang='lat' dir='ltr'>Superiores</span> 
     </span>
     <span class='ocr_line' id='line_1_38' title="bbox 79 2036 1109 2088; baseline -0.001 -11"><span class='ocrx_word' id='word_1_208' title='bbox 79 2038 272 2078; x_wconf 82' lang='lat' dir='ltr'>certiores</span> <span class='ocrx_word' id='word_1_209' title='bbox 289 2036 456 2085; x_wconf 84' lang='lat' dir='ltr'>faciant,</span> <span class='ocrx_word' id='word_1_210' title='bbox 471 2048 525 2075; x_wconf 89' lang='lat' dir='ltr'>ne</span> <span class='ocrx_word' id='word_1_211' title='bbox 543 2037 719 2076; x_wconf 85' lang='lat' dir='ltr'>fortasse</span> <span class='ocrx_word' id='word_1_212' title='bbox 739 2037 791 2076; x_wconf 91' lang='lat' dir='ltr'>ob</span> <span class='ocrx_word' id='word_1_213' title='bbox 807 2038 1109 2088; x_wconf 76' lang='lat' dir='ltr'>ignorationem</span> 
     </span>
     <span class='ocr_line' id='line_1_39' title="bbox 76 2097 1109 2150; baseline -0.002 -10"><span class='ocrx_word' id='word_1_214' title='bbox 76 2105 222 2140; x_wconf 72' lang='lat' dir='ltr'>eorum</span> <span class='ocrx_word' id='word_1_215' title='bbox 242 2097 397 2150; x_wconf 87' lang='lat' dir='ltr'>aliquid</span> <span class='ocrx_word' id='word_1_216' title='bbox 427 2098 651 2149; x_wconf 87' lang='lat' dir='ltr'>patiantur.</span> <span class='ocrx_word' id='word_1_217' title='bbox 683 2099 732 2137; x_wconf 88' lang='lat' dir='ltr'>Et</span> <span class='ocrx_word' id='word_1_218' title='bbox 763 2099 802 2137; x_wconf 92' lang='lat' dir='ltr'>in</span> <span class='ocrx_word' id='word_1_219' title='bbox 840 2100 1109 2149; x_wconf 86' lang='lat' dir='ltr'>sequentihus</span> 
     </span>
     <span class='ocr_line' id='line_1_40' title="bbox 76 2160 1109 2212; baseline 0 -11"><span class='ocrx_word' id='word_1_220' title='bbox 76 2160 244 2212; x_wconf 55' lang='lat' dir='ltr'>regum,</span> <span class='ocrx_word' id='word_1_221' title='bbox 265 2160 387 2199; x_wconf 84' lang='lat' dir='ltr'>variis</span> <span class='ocrx_word' id='word_1_222' title='bbox 405 2160 542 2199; x_wconf 86' lang='lat' dir='ltr'>modis</span> <span class='ocrx_word' id='word_1_223' title='bbox 561 2172 660 2199; x_wconf 89' lang='lat' dir='ltr'>cura</span> <span class='ocrx_word' id='word_1_224' title='bbox 681 2160 940 2199; x_wconf 86' lang='lat' dir='ltr'>subditorum</span> <span class='ocrx_word' id='word_1_225' title='bbox 963 2162 1006 2200; x_wconf 89' lang='lat' dir='ltr'>in</span> <span class='ocrx_word' id='word_1_226' title='bbox 1032 2162 1109 2202; x_wconf 80' lang='lat' dir='ltr'>hac</span> 
     </span>
    </p>

    <p class='ocr_par' dir='ltr' id='par_1_7' title="bbox 55 2221 1109 2276">
     <span class='ocr_line' id='line_1_41' title="bbox 55 2221 1109 2276; baseline 0.001 -15"><span class='ocrx_word' id='word_1_227' title='bbox 55 2225 194 2276; x_wconf 59' lang='lat' dir='ltr'>‘parte</span> <span class='ocrx_word' id='word_1_228' title='bbox 231 2221 519 2273; x_wconf 77' lang='lat' dir='ltr'>Superioribus</span> <span class='ocrx_word' id='word_1_229' title='bbox 560 2223 890 2260; x_wconf 85' lang='lat' dir='ltr'>commendatur.</span> <span class='ocrx_word' id='word_1_230' title='bbox 930 2222 1030 2261; x_wconf 85' lang='lat' dir='ltr'>Item</span> <span class='ocrx_word' id='word_1_231' title='bbox 1064 2223 1109 2262; x_wconf 88' lang='lat' dir='ltr'>in</span> 
     </span>
    </p>

    <p class='ocr_par' dir='ltr' id='par_1_8' title="bbox 75 2283 1110 2337">
     <span class='ocr_line' id='line_1_42' title="bbox 75 2283 1110 2337; baseline -0.002 -12"><span class='ocrx_word' id='word_1_232' title='bbox 75 2283 231 2337; x_wconf 79' lang='lat' dir='ltr'>regulis</span> <span class='ocrx_word' id='word_1_233' title='bbox 251 2284 542 2323; x_wconf 90' lang='lat' dir='ltr'>communibus</span> <span class='ocrx_word' id='word_1_234' title='bbox 564 2284 614 2322; x_wconf 76' lang='lat'>16</span> <span class='ocrx_word' id='word_1_235' title='bbox 634 2288 673 2323; x_wconf 85' lang='lat' dir='ltr'>et</span> <span class='ocrx_word' id='word_1_236' title='bbox 704 2286 769 2329; x_wconf 74' lang='lat'>17,</span> <span class='ocrx_word' id='word_1_237' title='bbox 790 2284 889 2323; x_wconf 87' lang='lat' dir='ltr'>etin</span> <span class='ocrx_word' id='word_1_238' title='bbox 908 2284 1110 2333; x_wconf 80' lang='lat' dir='ltr'>vigesima</span> 
     </span>
    </p>

    <p class='ocr_par' dir='ltr' id='par_1_9' title="bbox 75 2344 1112 2455">
     <span class='ocr_line' id='line_1_43' title="bbox 75 2344 1112 2396; baseline 0 -10"><span class='ocrx_word' id='word_1_239' title='bbox 75 2354 212 2393; x_wconf 84' lang='lat' dir='ltr'>nona,</span> <span class='ocrx_word' id='word_1_240' title='bbox 247 2356 391 2386; x_wconf 88' lang='lat' dir='ltr'>omnes</span> <span class='ocrx_word' id='word_1_241' title='bbox 423 2346 683 2383; x_wconf 84' lang='lat' dir='ltr'>instruuntur</span> <span class='ocrx_word' id='word_1_242' title='bbox 707 2344 915 2394; x_wconf 88' lang='lat' dir='ltr'>quomodo</span> <span class='ocrx_word' id='word_1_243' title='bbox 933 2350 1112 2396; x_wconf 79' lang='lat' dir='ltr'>aegrotos</span> 
     </span>
     <span class='ocr_line' id='line_1_44' title="bbox 76 2404 1106 2455; baseline -0.002 -8"><span class='ocrx_word' id='word_1_244' title='bbox 76 2404 255 2447; x_wconf 83' lang='lat' dir='ltr'>invisere</span> <span class='ocrx_word' id='word_1_245' title='bbox 282 2435 297 2455; x_wconf 92' lang='lat'>,</span> <span class='ocrx_word' id='word_1_246' title='bbox 339 2405 569 2447; x_wconf 82' lang='lat' dir='ltr'>exhilarare</span> <span class='ocrx_word' id='word_1_247' title='bbox 615 2409 655 2444; x_wconf 88' lang='lat' dir='ltr'>et</span> <span class='ocrx_word' id='word_1_248' title='bbox 698 2406 903 2444; x_wconf 88' lang='lat' dir='ltr'>consolari</span> <span class='ocrx_word' id='word_1_249' title='bbox 939 2406 1106 2446; x_wconf 88' lang='lat' dir='ltr'>debent.</span> 
     </span>
    </p>

    <p class='ocr_par' dir='ltr' id='par_1_10' title="bbox 77 2466 1110 2516">
     <span class='ocr_line' id='line_1_45' title="bbox 77 2466 1110 2516; baseline 0 -8"><span class='ocrx_word' id='word_1_250' title='bbox 77 2466 196 2516; x_wconf 85' lang='lat' dir='ltr'>Quod</span> <span class='ocrx_word' id='word_1_251' title='bbox 217 2467 341 2507; x_wconf 87' lang='lat' dir='ltr'>etiam</span> <span class='ocrx_word' id='word_1_252' title='bbox 362 2466 626 2506; x_wconf 87' lang='lat' dir='ltr'>commendat</span> <span class='ocrx_word' id='word_1_253' title='bbox 644 2467 948 2515; x_wconf 84' lang='lat' dir='ltr'>Bonaventura‚</span> <span class='ocrx_word' id='word_1_254' title='bbox 972 2468 1016 2507; x_wconf 91' lang='lat' dir='ltr'>in</span> <span class='ocrx_word' id='word_1_255' title='bbox 1033 2470 1110 2508; x_wconf 84' lang='lat' dir='ltr'>Re-</span> 
     </span>
    </p>

    <p class='ocr_par' dir='ltr' id='par_1_11' title="bbox 78 2528 1111 2582">
     <span class='ocr_line' id='line_1_46' title="bbox 78 2528 1111 2582; baseline 0 -14"><span class='ocrx_word' id='word_1_256' title='bbox 78 2528 176 2582; x_wconf 84' lang='lat' dir='ltr'>gula</span> <span class='ocrx_word' id='word_1_257' title='bbox 195 2529 459 2576; x_wconf 89' lang='lat' dir='ltr'>novitiorum,</span> <span class='ocrx_word' id='word_1_258' title='bbox 485 2540 520 2567; x_wconf 88' lang='lat' dir='ltr'>c.</span> <span class='ocrx_word' id='word_1_259' title='bbox 545 2530 585 2576; x_wconf 84' lang='lat'>7,</span> <span class='ocrx_word' id='word_1_260' title='bbox 609 2532 650 2567; x_wconf 86' lang='lat' dir='ltr'>et</span> <span class='ocrx_word' id='word_1_261' title='bbox 666 2529 720 2567; x_wconf 86' lang='lat' dir='ltr'>ab</span> <span class='ocrx_word' id='word_1_262' title='bbox 738 2529 919 2579; x_wconf 81' lang='lat' dir='ltr'>antiquis</span> <span class='ocrx_word' id='word_1_263' title='bbox 947 2528 1111 2579; x_wconf 85' lang='lat' dir='ltr'>religio-</span> 
     </span>
    </p>

    <p class='ocr_par' dir='ltr' id='par_1_12' title="bbox 77 2589 1112 2641">
     <span class='ocr_line' id='line_1_47' title="bbox 77 2589 1112 2641; baseline -0.001 -10"><span class='ocrx_word' id='word_1_264' title='bbox 77 2590 136 2631; x_wconf 83' lang='lat' dir='ltr'>sis</span> <span class='ocrx_word' id='word_1_265' title='bbox 159 2589 286 2630; x_wconf 87' lang='lat' dir='ltr'>fuisse</span> <span class='ocrx_word' id='word_1_266' title='bbox 311 2589 430 2629; x_wconf 90' lang='lat' dir='ltr'>valde</span> <span class='ocrx_word' id='word_1_267' title='bbox 453 2589 715 2628; x_wconf 88' lang='lat' dir='ltr'>observatum</span> <span class='ocrx_word' id='word_1_268' title='bbox 739 2590 946 2641; x_wconf 82' lang='lat' dir='ltr'>colligitur</span> <span class='ocrx_word' id='word_1_269' title='bbox 964 2602 1016 2629; x_wconf 82' lang='lat' dir='ltr'>ex</span> <span class='ocrx_word' id='word_1_270' title='bbox 1035 2592 1112 2630; x_wconf 88' lang='lat' dir='ltr'>Do-</span> 
     </span>
    </p>

    <p class='ocr_par' dir='ltr' id='par_1_13' title="bbox 76 2651 1113 2703">
     <span class='ocr_line' id='line_1_48' title="bbox 76 2651 1113 2703; baseline 0 -10"><span class='ocrx_word' id='word_1_271' title='bbox 76 2652 223 2694; x_wconf 79' lang='lat' dir='ltr'>rotheo</span> <span class='ocrx_word' id='word_1_272' title='bbox 244 2664 384 2703; x_wconf 90' lang='lat' dir='ltr'>supra,</span> <span class='ocrx_word' id='word_1_273' title='bbox 407 2651 536 2691; x_wconf 90' lang='lat' dir='ltr'>doctr.</span> <span class='ocrx_word' id='word_1_274' title='bbox 562 2653 632 2701; x_wconf 73' lang='lat'>⁴53</span> <span class='ocrx_word' id='word_1_275' title='bbox 656 2656 696 2691; x_wconf 90' lang='lat' dir='ltr'>et</span> <span class='ocrx_word' id='word_1_276' title='bbox 715 2652 944 2692; x_wconf 91' lang='lat' dir='ltr'>Sozomeno</span> <span class='ocrx_word' id='word_1_277' title='bbox 960 2682 972 2701; x_wconf 91' lang='lat'>,</span> <span class='ocrx_word' id='word_1_278' title='bbox 994 2652 1064 2692; x_wconf 91' lang='lat' dir='ltr'>lib.</span> <span class='ocrx_word' id='word_1_279' title='bbox 1086 2651 1113 2693; x_wconf 89' lang='lat'><strong>6</strong></span> 
     </span>
    </p>

    <p class='ocr_par' dir='ltr' id='par_1_14' title="bbox 78 2713 1110 2767">
     <span class='ocr_line' id='line_1_49' title="bbox 78 2713 1110 2767; baseline 0.001 -13"><span class='ocrx_word' id='word_1_280' title='bbox 78 2713 249 2763; x_wconf 66' lang='lat' dir='ltr'>Biston,</span> <span class='ocrx_word' id='word_1_281' title='bbox 284 2725 373 2765; x_wconf 86' lang='lat' dir='ltr'>cap.</span> <span class='ocrx_word' id='word_1_282' title='bbox 413 2713 622 2764; x_wconf 88' lang='lat' dir='ltr'>trigesimo</span> <span class='ocrx_word' id='word_1_283' title='bbox 645 2714 790 2765; x_wconf 87' lang='lat' dir='ltr'>primo.</span> <span class='ocrx_word' id='word_1_284' title='bbox 830 2715 887 2753; x_wconf 90' lang='lat' dir='ltr'>Ac</span> <span class='ocrx_word' id='word_1_285' title='bbox 915 2714 1110 2767; x_wconf 83' lang='lat' dir='ltr'>denique,</span> 
     </span>
    </p>

    <p class='ocr_par' dir='ltr' id='par_1_15' title="bbox 79 2775 1114 2828">
     <span class='ocr_line' id='line_1_50' title="bbox 79 2775 1114 2828; baseline 0.001 -13"><span class='ocrx_word' id='word_1_286' title='bbox 79 2775 192 2828; x_wconf 82' lang='lat' dir='ltr'>quod</span> <span class='ocrx_word' id='word_1_287' title='bbox 227 2778 352 2827; x_wconf 86' lang='lat' dir='ltr'>caput</span> <span class='ocrx_word' id='word_1_288' title='bbox 383 2778 457 2822; x_wconf 88' lang='lat' dir='ltr'>est,</span> <span class='ocrx_word' id='word_1_289' title='bbox 490 2787 567 2814; x_wconf 92' lang='lat' dir='ltr'>usu</span> <span class='ocrx_word' id='word_1_290' title='bbox 588 2779 628 2814; x_wconf 90' lang='lat' dir='ltr'>et</span> <span class='ocrx_word' id='word_1_291' title='bbox 649 2776 946 2815; x_wconf 89' lang='lat' dir='ltr'>consuetudine</span> <span class='ocrx_word' id='word_1_292' title='bbox 966 2777 1023 2815; x_wconf 83' lang='lat' dir='ltr'>ita</span> <span class='ocrx_word' id='word_1_293' title='bbox 1052 2779 1114 2816; x_wconf 86' lang='lat' dir='ltr'>est</span> 
     </span>
    </p>

    <p class='ocr_par' dir='ltr' id='par_1_16' title="bbox 60 2836 1112 3012">
     <span class='ocr_line' id='line_1_51' title="bbox 78 2836 1109 2889; baseline -0.003 -10"><span class='ocrx_word' id='word_1_294' title='bbox 78 2836 159 2879; x_wconf 81' lang='lat' dir='ltr'>hoc</span> <span class='ocrx_word' id='word_1_295' title='bbox 167 2837 376 2877; x_wconf 86' lang='lat' dir='ltr'>charitatis</span> <span class='ocrx_word' id='word_1_296' title='bbox 390 2837 569 2876; x_wconf 87' lang='lat' dir='ltr'>officium</span> <span class='ocrx_word' id='word_1_297' title='bbox 585 2837 625 2875; x_wconf 91' lang='lat' dir='ltr'>in</span> <span class='ocrx_word' id='word_1_298' title='bbox 638 2837 839 2877; x_wconf 88' lang='lat' dir='ltr'>Societate</span> <span class='ocrx_word' id='word_1_299' title='bbox 856 2842 1109 2889; x_wconf 88' lang='lat' dir='ltr'>susceptum,</span> 
     </span>
     <span class='ocr_line' id='line_1_52' title="bbox 62 2899 1112 2951; baseline -0.001 -11"><span class='ocrx_word' id='word_1_300' title='bbox 62 2903 127 2941; x_wconf 68' lang='lat' dir='ltr'>&gt;ut</span> <span class='ocrx_word' id='word_1_301' title='bbox 151 2905 236 2940; x_wconf 87' lang='lat' dir='ltr'>tam</span> <span class='ocrx_word' id='word_1_302' title='bbox 266 2900 556 2951; x_wconf 88' lang='lat' dir='ltr'>Superioribus</span> <span class='ocrx_word' id='word_1_303' title='bbox 594 2911 692 2950; x_wconf 86' lang='lat' dir='ltr'>erga</span> <span class='ocrx_word' id='word_1_304' title='bbox 731 2899 946 2948; x_wconf 91' lang='lat' dir='ltr'>subditos,</span> <span class='ocrx_word' id='word_1_305' title='bbox 986 2911 1112 2950; x_wconf 86' lang='lat' dir='ltr'>quam</span> 
     </span>
     <span class='ocr_line' id='line_1_53' title="bbox 60 2959 1112 3012; baseline -0.002 -10"><span class='ocrx_word' id='word_1_306' title='bbox 60 2961 254 3003; x_wconf 49' lang='lat' dir='ltr'>atsubditis</span> <span class='ocrx_word' id='word_1_307' title='bbox 274 2962 382 3000; x_wconf 88' lang='lat' dir='ltr'>inter</span> <span class='ocrx_word' id='word_1_308' title='bbox 401 2973 460 3010; x_wconf 91' lang='lat' dir='ltr'>se,</span> <span class='ocrx_word' id='word_1_309' title='bbox 482 2959 642 2999; x_wconf 87' lang='lat' dir='ltr'>nullum</span> <span class='ocrx_word' id='word_1_310' title='bbox 659 2961 806 3012; x_wconf 85' lang='lat' dir='ltr'>majori</span> <span class='ocrx_word' id='word_1_311' title='bbox 827 2961 976 3000; x_wconf 85' lang='lat' dir='ltr'>affectu</span> <span class='ocrx_word' id='word_1_312' title='bbox 999 2973 1112 3000; x_wconf 85' lang='lat' dir='ltr'>exer-</span> 
     </span>
    </p>

    <p class='ocr_par' dir='ltr' id='par_1_17' title="bbox 48 3022 1113 3073">
     <span class='ocr_line' id='line_1_54' title="bbox 48 3022 1113 3073; baseline -0.001 -12"><span class='ocrx_word' id='word_1_313' title='bbox 48 3023 166 3064; x_wconf 59' lang='lat' dir='ltr'>,Weri</span> <span class='ocrx_word' id='word_1_314' title='bbox 180 3023 390 3072; x_wconf 57' lang='lat' dir='ltr'>videntum</span> <span class='ocrx_word' id='word_1_315' title='bbox 406 3022 519 3073; x_wconf 89' lang='lat' dir='ltr'>quod</span> <span class='ocrx_word' id='word_1_316' title='bbox 533 3034 556 3060; x_wconf 89' lang='lat' dir='ltr'>a</span> <span class='ocrx_word' id='word_1_317' title='bbox 569 3027 740 3073; x_wconf 85' lang='lat' dir='ltr'>parente</span> <span class='ocrx_word' id='word_1_318' title='bbox 754 3034 827 3060; x_wconf 92' lang='lat' dir='ltr'>suo</span> <span class='ocrx_word' id='word_1_319' title='bbox 840 3022 1014 3073; x_wconf 86' lang='lat' dir='ltr'>Ignatio,</span> <span class='ocrx_word' id='word_1_320' title='bbox 1028 3033 1113 3060; x_wconf 87' lang='lat' dir='ltr'>non</span> 
     </span>
    </p>

    <p class='ocr_par' dir='ltr' id='par_1_18' title="bbox 60 3083 1108 3134">
     <span class='ocr_line' id='line_1_55' title="bbox 60 3083 1108 3134; baseline -0.001 -10"><span class='ocrx_word' id='word_1_321' title='bbox 60 3083 216 3129; x_wconf 46' lang='lat' dir='ltr'>reolum</span> <span class='ocrx_word' id='word_1_322' title='bbox 233 3084 359 3123; x_wconf 87' lang='lat' dir='ltr'>verbo</span> <span class='ocrx_word' id='word_1_323' title='bbox 373 3114 383 3131; x_wconf 95' lang='lat'>,</span> <span class='ocrx_word' id='word_1_324' title='bbox 405 3083 479 3123; x_wconf 88' lang='lat' dir='ltr'>sed</span> <span class='ocrx_word' id='word_1_325' title='bbox 500 3083 625 3123; x_wconf 88' lang='lat' dir='ltr'>etiam</span> <span class='ocrx_word' id='word_1_326' title='bbox 649 3083 838 3134; x_wconf 86' lang='lat' dir='ltr'>exemplo</span> <span class='ocrx_word' id='word_1_327' title='bbox 859 3083 1108 3132; x_wconf 86' lang='lat' dir='ltr'>didicerunt,</span> 
     </span>
    </p>

    <p class='ocr_par' dir='ltr' id='par_1_19' title="bbox 56 3144 1017 3196">
     <span class='ocr_line' id='line_1_56' title="bbox 56 3144 1017 3196; baseline -0.002 -11"><span class='ocrx_word' id='word_1_328' title='bbox 56 3144 188 3186; x_wconf 54' lang='lat' dir='ltr'>«utin</span> <span class='ocrx_word' id='word_1_329' title='bbox 207 3145 289 3184; x_wconf 83' lang='lat' dir='ltr'>vita</span> <span class='ocrx_word' id='word_1_330' title='bbox 316 3145 405 3196; x_wconf 84' lang='lat' dir='ltr'>ejus</span> <span class='ocrx_word' id='word_1_331' title='bbox 421 3145 612 3193; x_wconf 87' lang='lat' dir='ltr'>refertur,</span> <span class='ocrx_word' id='word_1_332' title='bbox 636 3144 663 3183; x_wconf 97' lang='lat' dir='ltr'>l.</span> <span class='ocrx_word' id='word_1_333' title='bbox 687 3146 726 3193; x_wconf 81' lang='lat'>5,</span> <span class='ocrx_word' id='word_1_334' title='bbox 750 3157 784 3183; x_wconf 90' lang='lat' dir='ltr'>c.</span> <span class='ocrx_word' id='word_1_335' title='bbox 806 3147 845 3183; x_wconf 88' lang='lat'>8.</span> <span class='ocrx_word' id='word_1_336' title='bbox 1008 3148 1017 3158; x_wconf 82' lang='grc'><strong>”</strong></span> 
     </span>
    </p>

    <p class='ocr_par' dir='ltr' id='par_1_20' title="bbox 0 3198 1119 3564">
     <span class='ocr_line' id='line_1_57' title="bbox 116 3205 1116 3259; baseline 0.002 -12.89"><span class='ocrx_word' id='word_1_337' title='bbox 116 3205 175 3246; x_wconf 91' lang='grc'>8.</span> <span class='ocrx_word' id='word_1_338' title='bbox 199 3207 376 3247; x_wconf 72' lang='lat' dir='ltr'>Tertium</span> <span class='ocrx_word' id='word_1_339' title='bbox 408 3206 866 3257; x_wconf 72' lang='lat' dir='ltr'>medium,kospital2tas</span> <span class='ocrx_word' id='word_1_340' title='bbox 900 3217 995 3259; x_wconf 74' lang='lat' dir='ltr'>crya</span> <span class='ocrx_word' id='word_1_341' title='bbox 1025 3208 1116 3257; x_wconf 74' lang='lat' dir='ltr'>fra-</span> 
     </span>
     <span class='ocr_line' id='line_1_58' title="bbox 55 3266 1112 3320; baseline 0 -12"><span class='ocrx_word' id='word_1_342' title='bbox 55 3266 183 3309; x_wconf 56' lang='lat' dir='ltr'>&#39;‘We-5.</span> <span class='ocrx_word' id='word_1_343' title='bbox 197 3267 385 3306; x_wconf 83' lang='lat' dir='ltr'>—Aliud</span> <span class='ocrx_word' id='word_1_344' title='bbox 419 3268 602 3307; x_wconf 90' lang='lat' dir='ltr'>medium</span> <span class='ocrx_word' id='word_1_345' title='bbox 627 3268 828 3320; x_wconf 87' lang='lat' dir='ltr'>superiori</span> <span class='ocrx_word' id='word_1_346' title='bbox 857 3268 988 3307; x_wconf 88' lang='lat' dir='ltr'>simile</span> <span class='ocrx_word' id='word_1_347' title='bbox 1025 3272 1112 3317; x_wconf 87' lang='lat' dir='ltr'>est,</span> 
     </span>
     <span class='ocr_line' id='line_1_59' title="bbox 47 3319 1117 3381; baseline 0 -12"><span class='ocrx_word' id='word_1_348' title='bbox 47 3319 256 3381; x_wconf 52' lang='lat' dir='ltr'>sbtrum</span> <span class='ocrx_word' id='word_1_349' title='bbox 282 3328 569 3380; x_wconf 87' lang='lat' dir='ltr'>sociorumque</span> <span class='ocrx_word' id='word_1_350' title='bbox 586 3329 640 3368; x_wconf 89' lang='lat' dir='ltr'>ad</span> <span class='ocrx_word' id='word_1_351' title='bbox 657 3334 797 3368; x_wconf 86' lang='lat' dir='ltr'>nostra</span> <span class='ocrx_word' id='word_1_352' title='bbox 818 3328 1023 3368; x_wconf 87' lang='lat' dir='ltr'>domicilia</span> <span class='ocrx_word' id='word_1_353' title='bbox 1041 3342 1117 3369; x_wconf 90' lang='lat' dir='ltr'>un-</span> 
     </span>
     <span class='ocr_line' id='line_1_60' title="bbox 14 3386 1118 3441; baseline -0.002 -11"><span class='ocrx_word' id='word_1_354' title='bbox 14 3429 18 3435; x_wconf 71' lang='lat'>,</span> <span class='ocrx_word' id='word_1_355' title='bbox 54 3390 57 3395; x_wconf 85' lang='lat'>&#39;</span> <span class='ocrx_word' id='word_1_356' title='bbox 118 3386 212 3440; x_wconf 81' lang='lat' dir='ltr'>&#39;que</span> <span class='ocrx_word' id='word_1_357' title='bbox 238 3389 529 3429; x_wconf 84' lang='lat' dir='ltr'>divertentium</span> <span class='ocrx_word' id='word_1_358' title='bbox 562 3390 882 3441; x_wconf 86' lang='lat' dir='ltr'>hospitalitatem</span> <span class='ocrx_word' id='word_1_359' title='bbox 915 3401 1010 3429; x_wconf 88' lang='lat' dir='ltr'>cum</span> <span class='ocrx_word' id='word_1_360' title='bbox 1030 3401 1118 3429; x_wconf 87' lang='lat' dir='ltr'>om-</span> 
     </span>
     <span class='ocr_line' id='line_1_61' title="bbox 11 3438 1118 3502; baseline 0.001 -12"><span class='ocrx_word' id='word_1_361' title='bbox 11 3438 19 3451; x_wconf 49' lang='lat'><em>*</em></span> <span class='ocrx_word' id='word_1_362' title='bbox 37 3447 45 3455; x_wconf 62' lang='lat'>⁷</span> <span class='ocrx_word' id='word_1_363' title='bbox 103 3496 105 3498; x_wconf 46' lang='grc'>,</span> <span class='ocrx_word' id='word_1_364' title='bbox 162 3461 212 3490; x_wconf 85' lang='lat' dir='ltr'>us</span> <span class='ocrx_word' id='word_1_365' title='bbox 229 3451 356 3502; x_wconf 84' lang='lat' dir='ltr'>signis</span> <span class='ocrx_word' id='word_1_366' title='bbox 376 3455 416 3490; x_wconf 90' lang='lat' dir='ltr'>et</span> <span class='ocrx_word' id='word_1_367' title='bbox 432 3450 626 3501; x_wconf 90' lang='lat' dir='ltr'>operibus</span> <span class='ocrx_word' id='word_1_368' title='bbox 647 3451 944 3490; x_wconf 86' lang='lat' dir='ltr'>benevolentiae</span> <span class='ocrx_word' id='word_1_369' title='bbox 965 3455 1005 3490; x_wconf 89' lang='lat' dir='ltr'>et</span> <span class='ocrx_word' id='word_1_370' title='bbox 1023 3451 1118 3491; x_wconf 78' lang='lat' dir='ltr'>cha-</span> 
     </span>
     <span class='ocr_line' id='line_1_62' title="bbox 0 3500 1119 3564; baseline 0.003 -14"><span class='ocrx_word' id='word_1_371' title='bbox 0 3500 2 3511; x_wconf 55' lang='lat'><em>*</em></span> <span class='ocrx_word' id='word_1_372' title='bbox 105 3503 109 3506; x_wconf 65' lang='grc'><strong>’</strong></span> <span class='ocrx_word' id='word_1_373' title='bbox 167 3510 233 3551; x_wconf 85' lang='lat' dir='ltr'>tis.</span> <span class='ocrx_word' id='word_1_374' title='bbox 257 3511 374 3558; x_wconf 86' lang='lat' dir='ltr'>Quod</span> <span class='ocrx_word' id='word_1_375' title='bbox 394 3512 564 3564; x_wconf 90' lang='lat' dir='ltr'>quidem</span> <span class='ocrx_word' id='word_1_376' title='bbox 582 3512 718 3552; x_wconf 85' lang='lat' dir='ltr'>verbis</span> <span class='ocrx_word' id='word_1_377' title='bbox 738 3512 836 3551; x_wconf 85' lang='lat' dir='ltr'>satis</span> <span class='ocrx_word' id='word_1_378' title='bbox 853 3512 1119 3553; x_wconf 80' lang='lat' dir='ltr'>commenda-</span> 
     </span>
    </p>
   </div>
   <div class='ocr_carea' id='block_1_3' title="bbox 146 3573 1119 3627">
    <p class='ocr_par' dir='ltr' id='par_1_21' title="bbox 126 3563 1119 3643">
     <span class='ocr_line' id='line_1_63' title="bbox 146 3573 1119 3627; baseline -0.003 -9.06"><span class='ocrx_word' id='word_1_379' title='bbox 127 3576 153 3643; x_wconf 50' lang='grc' dir='ltr'>Ἰ.</span> <span class='ocrx_word' id='word_1_380' title='bbox 195 3576 260 3615; x_wconf 76' lang='lat' dir='ltr'>est.</span> <span class='ocrx_word' id='word_1_381' title='bbox 278 3573 324 3613; x_wconf 85' lang='lat' dir='ltr'>in</span> <span class='ocrx_word' id='word_1_382' title='bbox 341 3573 556 3615; x_wconf 84' lang='lat' dir='ltr'>Societatis</span> <span class='ocrx_word' id='word_1_383' title='bbox 574 3573 746 3627; x_wconf 88' lang='lat' dir='ltr'>regulis,</span> <span class='ocrx_word' id='word_1_384' title='bbox 766 3573 898 3615; x_wconf 81' lang='lat' dir='ltr'>multo</span> <span class='ocrx_word' id='word_1_385' title='bbox 913 3585 1012 3616; x_wconf 84' lang='lat' dir='ltr'>vero</span> <span class='ocrx_word' id='word_1_386' title='bbox 1029 3585 1119 3615; x_wconf 87' lang='lat' dir='ltr'>ma-</span> 
     </span>
    </p>
   </div>
   <div class='ocr_carea' id='block_1_4' title="bbox 98 3652 214 3860">
    <p class='ocr_par' dir='ltr' id='par_1_22' title="bbox 98 3652 122 3732">
     <span class='ocr_line' id='line_1_64' title="bbox 118 3652 122 3662; baseline 0 0"><span class='ocrx_word' id='word_1_387' title='bbox 118 3652 122 3662; x_wconf 72' lang='grc'>,</span> 
     </span>
     <span class='ocr_line' id='line_1_65' title="bbox 98 3706 111 3732; baseline 0 0"><span class='ocrx_word' id='word_1_388' title='bbox 98 3706 111 3732; x_wconf 67' lang='lat'>‚⁹</span> 
     </span>
    </p>

    <p class='ocr_par' dir='ltr' id='par_1_23' title="bbox 0 3736 147 3783">
     <span class='ocr_line' id='line_1_66' title="bbox 110 3736 147 3783; baseline 0 -22"><span class='ocrx_word' id='word_1_389' title='bbox 110 3736 147 3783; x_wconf 47' lang='lat' dir='ltr'>‘Ji‘-</span> 
     </span>
    </p>

    <p class='ocr_par' dir='ltr' id='par_1_24' title="bbox 0 3811 214 3860">
     <span class='ocr_line' id='line_1_67' title="bbox 122 3815 214 3860; baseline 0.014 -1.29"><span class='ocrx_word' id='word_1_390' title='bbox 122 3815 134 3847; x_wconf 60' lang='grc' dir='ltr'><strong>ί</strong></span> <span class='ocrx_word' id='word_1_391' title='bbox 186 3817 214 3860; x_wconf 52' lang='grc' dir='ltr'><strong>ἰ</strong></span> 
     </span>
    </p>
   </div>
   <div class='ocr_carea' id='block_1_5' title="bbox 0 699 158 916">
    <p class='ocr_par' dir='ltr' id='par_1_25' title="bbox 0 699 158 916">
     <span class='ocr_line' id='line_1_68' title="bbox 0 699 158 916; baseline 0 0"><span class='ocrx_word' id='word_1_392' title='bbox 0 699 64 916; x_wconf 95' lang='lat' dir='ltr'>  </span> <span class='ocrx_word' id='word_1_393' title='bbox 82 699 158 716; x_wconf 95' lang='lat' dir='ltr'> </span> 
     </span>
    </p>
   </div>
   <div class='ocr_carea' id='block_1_6' title="bbox 49 3410 167 3564">
    <p class='ocr_par' dir='ltr' id='par_1_26' title="bbox 49 3410 167 3564">
     <span class='ocr_line' id='line_1_69' title="bbox 49 3410 167 3564; baseline 0 -97"><span class='ocrx_word' id='word_1_394' title='bbox 49 3410 167 3564; x_wconf 95' lang='lat' dir='ltr'>   </span> 
     </span>
    </p>
   </div>
   <div class='ocr_carea' id='block_1_7' title="bbox 316 154 1870 231">
    <p class='ocr_par' dir='ltr' id='par_1_27' title="bbox 176 154 1870 231">
     <span class='ocr_line' id='line_1_70' title="bbox 316 154 1870 231; baseline 0.003 -7.584"><span class='ocrx_word' id='word_1_395' title='bbox 316 154 370 213; x_wconf 54' lang='lat' dir='ltr'>‘f&#39;</span> <span class='ocrx_word' id='word_1_396' title='bbox 391 211 395 213; x_wconf 74' lang='grc'><strong>-</strong></span> <span class='ocrx_word' id='word_1_397' title='bbox 445 174 537 223; x_wconf 70' lang='lat' dir='ltr'>mr.</span> <span class='ocrx_word' id='word_1_398' title='bbox 558 187 644 224; x_wconf 82' lang='lat' dir='ltr'>vm</span> <span class='ocrx_word' id='word_1_399' title='bbox 651 163 721 223; x_wconf 58' lang='lat' dir='ltr'>‘n&#39;e</span> <span class='ocrx_word' id='word_1_400' title='bbox 741 187 879 223; x_wconf 73' lang='lat' dir='ltr'>uenus</span> <span class='ocrx_word' id='word_1_401' title='bbox 898 188 1108 231; x_wconf 74' lang='lat' dir='ltr'>rosmvts.</span> <span class='ocrx_word' id='word_1_402' title='bbox 1132 174 1210 223; x_wconf 68' lang='lat' dir='ltr'>scu</span> <span class='ocrx_word' id='word_1_403' title='bbox 1231 189 1327 230; x_wconf 68' lang='lat' dir='ltr'>Qun</span> <span class='ocrx_word' id='word_1_404' title='bbox 1345 190 1389 224; x_wconf 78' lang='lat' dir='ltr'>m</span> <span class='ocrx_word' id='word_1_405' title='bbox 1410 192 1588 228; x_wconf 66' lang='lat' dir='ltr'>Aenona·</span> <span class='ocrx_word' id='word_1_406' title='bbox 1608 167 1870 229; x_wconf 62' lang='lat' dir='ltr'>constsrnnr.</span> 
     </span>
    </p>
   </div>
   <div class='ocr_carea' id='block_1_8' title="bbox 1163 251 2210 3628">
    <p class='ocr_par' dir='ltr' id='par_1_28' title="bbox 1170 251 2207 498">
     <span class='ocr_line' id='line_1_71' title="bbox 1173 251 2206 324; baseline 0.014 -34"><span class='ocrx_word' id='word_1_407' title='bbox 1173 251 1234 303; x_wconf 86' lang='lat' dir='ltr'>gis</span> <span class='ocrx_word' id='word_1_408' title='bbox 1253 265 1331 292; x_wconf 87' lang='lat' dir='ltr'>usu</span> <span class='ocrx_word' id='word_1_409' title='bbox 1358 261 1574 307; x_wconf 88' lang='lat' dir='ltr'>receptum</span> <span class='ocrx_word' id='word_1_410' title='bbox 1594 261 1635 296; x_wconf 89' lang='lat' dir='ltr'>et</span> <span class='ocrx_word' id='word_1_411' title='bbox 1653 256 1966 308; x_wconf 83' lang='lat' dir='ltr'>amplificatum.</span> <span class='ocrx_word' id='word_1_412' title='bbox 1986 261 2034 302; x_wconf 87' lang='lat' dir='ltr'>In</span> <span class='ocrx_word' id='word_1_413' title='bbox 2035 263 2206 324; x_wconf 81' lang='lat' dir='ltr'>Consti-</span> 
     </span>
     <span class='ocr_line' id='line_1_72' title="bbox 1170 314 2207 375; baseline 0.013 -22"><span class='ocrx_word' id='word_1_414' title='bbox 1170 314 1396 355; x_wconf 87' lang='lat' dir='ltr'>tutionibus</span> <span class='ocrx_word' id='word_1_415' title='bbox 1421 317 1531 356; x_wconf 89' lang='lat' dir='ltr'>enim</span> <span class='ocrx_word' id='word_1_416' title='bbox 1553 319 1654 357; x_wconf 90' lang='lat' dir='ltr'>nihil</span> <span class='ocrx_word' id='word_1_417' title='bbox 1674 319 1726 359; x_wconf 90' lang='lat' dir='ltr'>de</span> <span class='ocrx_word' id='word_1_418' title='bbox 1747 319 1825 359; x_wconf 87' lang='lat' dir='ltr'>bac</span> <span class='ocrx_word' id='word_1_419' title='bbox 1842 332 1888 360; x_wconf 90' lang='lat' dir='ltr'>re</span> <span class='ocrx_word' id='word_1_420' title='bbox 1917 333 2112 375; x_wconf 84' lang='lat' dir='ltr'>expresse</span> <span class='ocrx_word' id='word_1_421' title='bbox 2129 325 2207 365; x_wconf 82' lang='lat' dir='ltr'>ha·</span> 
     </span>
     <span class='ocr_line' id='line_1_73' title="bbox 1170 373 2206 436; baseline 0.014 -23"><span class='ocrx_word' id='word_1_422' title='bbox 1170 373 1332 424; x_wconf 88' lang='lat' dir='ltr'>bemus,</span> <span class='ocrx_word' id='word_1_423' title='bbox 1349 376 1424 416; x_wconf 90' lang='lat' dir='ltr'>sed</span> <span class='ocrx_word' id='word_1_424' title='bbox 1443 381 1691 429; x_wconf 86' lang='lat' dir='ltr'>supponitur</span> <span class='ocrx_word' id='word_1_425' title='bbox 1707 383 1754 419; x_wconf 89' lang='lat' dir='ltr'>ut</span> <span class='ocrx_word' id='word_1_426' title='bbox 1772 381 1899 430; x_wconf 86' lang='lat' dir='ltr'>clara,</span> <span class='ocrx_word' id='word_1_427' title='bbox 1920 387 1961 423; x_wconf 88' lang='lat' dir='ltr'>et</span> <span class='ocrx_word' id='word_1_428' title='bbox 1976 386 2206 436; x_wconf 82' lang='lat' dir='ltr'>praesertim</span> 
     </span>
     <span class='ocr_line' id='line_1_74' title="bbox 1170 435 2202 498; baseline 0.015 -23"><span class='ocrx_word' id='word_1_429' title='bbox 1170 435 1212 475; x_wconf 91' lang='lat' dir='ltr'>in</span> <span class='ocrx_word' id='word_1_430' title='bbox 1227 441 1374 488; x_wconf 85' lang='lat' dir='ltr'>quarta</span> <span class='ocrx_word' id='word_1_431' title='bbox 1389 442 1521 488; x_wconf 88' lang='lat' dir='ltr'>parte,</span> <span class='ocrx_word' id='word_1_432' title='bbox 1539 451 1575 479; x_wconf 90' lang='lat' dir='ltr'>c.</span> <span class='ocrx_word' id='word_1_433' title='bbox 1591 443 1630 488; x_wconf 82' lang='lat'>2,</span> <span class='ocrx_word' id='word_1_434' title='bbox 1642 440 1702 480; x_wconf 86' lang='lat' dir='ltr'>lit.</span> <span class='ocrx_word' id='word_1_435' title='bbox 1716 440 1762 491; x_wconf 89' lang='lat' dir='ltr'>F,</span> <span class='ocrx_word' id='word_1_436' title='bbox 1781 446 1821 482; x_wconf 94' lang='lat' dir='ltr'>et</span> <span class='ocrx_word' id='word_1_437' title='bbox 1831 448 1946 484; x_wconf 83' lang='lat' dir='ltr'>sexta</span> <span class='ocrx_word' id='word_1_438' title='bbox 1962 450 2094 498; x_wconf 76' lang='lat' dir='ltr'>pmte,</span> <span class='ocrx_word' id='word_1_439' title='bbox 2110 459 2146 489; x_wconf 96' lang='grc'>6.</span> <span class='ocrx_word' id='word_1_440' title='bbox 2150 450 2202 497; x_wconf 67' lang='lat'>2,</span> 
     </span>
    </p>

    <p class='ocr_par' dir='ltr' id='par_1_29' title="bbox 1168 495 2206 560">
     <span class='ocr_line' id='line_1_75' title="bbox 1168 495 2206 560; baseline 0.016 -25"><span class='ocrx_word' id='word_1_441' title='bbox 1168 495 1227 536; x_wconf 90' lang='lat' dir='ltr'>lit.</span> <span class='ocrx_word' id='word_1_442' title='bbox 1247 499 1295 547; x_wconf 93' lang='lat' dir='ltr'>D,</span> <span class='ocrx_word' id='word_1_443' title='bbox 1318 498 1587 548; x_wconf 84' lang='lat' dir='ltr'>significatur,</span> <span class='ocrx_word' id='word_1_444' title='bbox 1619 513 1706 540; x_wconf 89' lang='lat' dir='ltr'>non</span> <span class='ocrx_word' id='word_1_445' title='bbox 1732 503 1866 543; x_wconf 90' lang='lat' dir='ltr'>solum</span> <span class='ocrx_word' id='word_1_446' title='bbox 1901 511 2064 548; x_wconf 89' lang='lat' dir='ltr'>nostros</span> <span class='ocrx_word' id='word_1_447' title='bbox 2086 521 2206 560; x_wconf 78' lang='lat' dir='ltr'>pere-</span> 
     </span>
    </p>

    <p class='ocr_par' dir='ltr' id='par_1_30' title="bbox 1165 558 2210 2026">
     <span class='ocr_line' id='line_1_76' title="bbox 1168 558 2207 618; baseline 0.015 -22"><span class='ocrx_word' id='word_1_448' title='bbox 1168 558 1309 610; x_wconf 87' lang='lat' dir='ltr'>grinos</span> <span class='ocrx_word' id='word_1_449' title='bbox 1335 560 1635 600; x_wconf 85' lang='lat' dir='ltr'>humanissime</span> <span class='ocrx_word' id='word_1_450' title='bbox 1660 565 1898 605; x_wconf 84' lang='lat' dir='ltr'>tractandos</span> <span class='ocrx_word' id='word_1_451' title='bbox 1917 580 2023 618; x_wconf 91' lang='lat' dir='ltr'>esse,</span> <span class='ocrx_word' id='word_1_452' title='bbox 2044 570 2172 610; x_wconf 89' lang='lat' dir='ltr'>dum</span> <span class='ocrx_word' id='word_1_453' title='bbox 2159 581 2207 610; x_wconf 85' lang='lat' dir='ltr'>m</span> 
     </span>
     <span class='ocr_line' id='line_1_77' title="bbox 1167 619 2207 674; baseline 0.015 -15"><span class='ocrx_word' id='word_1_454' title='bbox 1167 619 1258 660; x_wconf 88' lang='lat' dir='ltr'>loco</span> <span class='ocrx_word' id='word_1_455' title='bbox 1275 620 1415 672; x_wconf 86' lang='lat' dir='ltr'>aliquo</span> <span class='ocrx_word' id='word_1_456' title='bbox 1430 626 1663 670; x_wconf 85' lang='lat' dir='ltr'>versantur,</span> <span class='ocrx_word' id='word_1_457' title='bbox 1683 623 1758 662; x_wconf 92' lang='lat' dir='ltr'>sed</span> <span class='ocrx_word' id='word_1_458' title='bbox 1771 625 1895 666; x_wconf 89' lang='lat' dir='ltr'>etiam</span> <span class='ocrx_word' id='word_1_459' title='bbox 1909 635 2046 671; x_wconf 88' lang='lat' dir='ltr'>vestes</span> <span class='ocrx_word' id='word_1_460' title='bbox 2061 637 2103 672; x_wconf 92' lang='lat' dir='ltr'>et</span> <span class='ocrx_word' id='word_1_461' title='bbox 2119 632 2207 674; x_wconf 82' lang='lat' dir='ltr'>via·</span> 
     </span>
     <span class='ocr_line' id='line_1_78' title="bbox 1168 682 2204 746; baseline 0.013 -25"><span class='ocrx_word' id='word_1_462' title='bbox 1168 682 1308 729; x_wconf 88' lang='lat' dir='ltr'>ticum,</span> <span class='ocrx_word' id='word_1_463' title='bbox 1331 683 1365 721; x_wconf 91' lang='lat' dir='ltr'>si</span> <span class='ocrx_word' id='word_1_464' title='bbox 1393 682 1665 733; x_wconf 69' lang='lat' dir='ltr'>indiguerint,</span> <span class='ocrx_word' id='word_1_465' title='bbox 1688 684 1749 724; x_wconf 85' lang='lat' dir='ltr'>eis</span> <span class='ocrx_word' id='word_1_466' title='bbox 1772 696 1863 726; x_wconf 88' lang='lat' dir='ltr'>esse</span> <span class='ocrx_word' id='word_1_467' title='bbox 1885 694 2202 739; x_wconf 70' lang='lat' dir='ltr'>praestandum·</span> <span class='ocrx_word' id='word_1_468' title='bbox 2188 723 2204 746; x_wconf 92' lang='lat'>‚</span> 
     </span>
     <span class='ocr_line' id='line_1_79' title="bbox 1167 743 2203 804; baseline 0.014 -22"><span class='ocrx_word' id='word_1_469' title='bbox 1167 755 1304 794; x_wconf 88' lang='lat' dir='ltr'>neque</span> <span class='ocrx_word' id='word_1_470' title='bbox 1321 743 1401 784; x_wconf 89' lang='lat' dir='ltr'>hoc</span> <span class='ocrx_word' id='word_1_471' title='bbox 1419 757 1541 795; x_wconf 87' lang='lat' dir='ltr'>posse</span> <span class='ocrx_word' id='word_1_472' title='bbox 1553 757 1651 786; x_wconf 86' lang='lat' dir='ltr'>esse</span> <span class='ocrx_word' id='word_1_473' title='bbox 1678 749 1914 797; x_wconf 87' lang='lat' dir='ltr'>paupertati</span> <span class='ocrx_word' id='word_1_474' title='bbox 1936 756 2203 804; x_wconf 85' lang='lat' dir='ltr'>contrarium,</span> 
     </span>
     <span class='ocr_line' id='line_1_80' title="bbox 1168 805 2206 860; baseline 0.013 -17"><span class='ocrx_word' id='word_1_475' title='bbox 1168 805 1201 844; x_wconf 91' lang='lat' dir='ltr'>si</span> <span class='ocrx_word' id='word_1_476' title='bbox 1220 806 1408 844; x_wconf 84' lang='lat' dir='ltr'>charitati</span> <span class='ocrx_word' id='word_1_477' title='bbox 1432 806 1622 846; x_wconf 89' lang='lat' dir='ltr'>videatur</span> <span class='ocrx_word' id='word_1_478' title='bbox 1657 809 1970 849; x_wconf 86' lang='lat' dir='ltr'>necessarium·</span> <span class='ocrx_word' id='word_1_479' title='bbox 1959 817 2131 860; x_wconf 82' lang='lat' dir='ltr'>‚tamen</span> <span class='ocrx_word' id='word_1_480' title='bbox 2161 817 2206 856; x_wconf 90' lang='lat' dir='ltr'>in</span> 
     </span>
     <span class='ocr_line' id='line_1_81' title="bbox 1166 867 2201 922; baseline 0.008 -15"><span class='ocrx_word' id='word_1_481' title='bbox 1166 867 1311 918; x_wconf 85' lang='lat' dir='ltr'>regula</span> <span class='ocrx_word' id='word_1_482' title='bbox 1332 869 1385 908; x_wconf 70' lang='lat'>82</span> <span class='ocrx_word' id='word_1_483' title='bbox 1408 868 1638 919; x_wconf 82' lang='lat' dir='ltr'>Praepositi,</span> <span class='ocrx_word' id='word_1_484' title='bbox 1661 872 1702 909; x_wconf 84' lang='lat' dir='ltr'>et</span> <span class='ocrx_word' id='word_1_485' title='bbox 1727 872 1982 921; x_wconf 85' lang='lat' dir='ltr'>octogesima</span> <span class='ocrx_word' id='word_1_486' title='bbox 2002 875 2201 922; x_wconf 87' lang='lat' dir='ltr'>Rectoris‚</span> 
     </span>
     <span class='ocr_line' id='line_1_82' title="bbox 1168 927 2208 982; baseline 0.008 -13"><span class='ocrx_word' id='word_1_487' title='bbox 1168 927 1399 969; x_wconf 88' lang='lat' dir='ltr'>distinctius</span> <span class='ocrx_word' id='word_1_488' title='bbox 1420 930 1475 970; x_wconf 88' lang='lat' dir='ltr'>ita</span> <span class='ocrx_word' id='word_1_489' title='bbox 1510 929 1820 982; x_wconf 82' lang='lat' dir='ltr'>praescribitur:</span> <span class='ocrx_word' id='word_1_490' title='bbox 1845 931 2094 975; x_wconf 75' lang='lat' dir='ltr'>Charicatem</span> <span class='ocrx_word' id='word_1_491' title='bbox 2125 947 2208 978; x_wconf 79' lang='lat' dir='ltr'>ma-</span> 
     </span>
     <span class='ocr_line' id='line_1_83' title="bbox 1167 991 2208 1047; baseline 0.01 -19"><span class='ocrx_word' id='word_1_492' title='bbox 1167 1000 1287 1042; x_wconf 72' lang='lat' dir='ltr'>qnam</span> <span class='ocrx_word' id='word_1_493' title='bbox 1303 991 1485 1031; x_wconf 72' lang='lat' dir='ltr'>exhibeat</span> <span class='ocrx_word' id='word_1_494' title='bbox 1497 1003 1595 1042; x_wconf 71' lang='lat' dir='ltr'>crya</span> <span class='ocrx_word' id='word_1_495' title='bbox 1610 991 1714 1033; x_wconf 66' lang='lat' dir='ltr'>alios</span> <span class='ocrx_word' id='word_1_496' title='bbox 1734 992 1778 1033; x_wconf 80' lang='lat' dir='ltr'>de</span> <span class='ocrx_word' id='word_1_497' title='bbox 1794 991 1995 1035; x_wconf 67' lang='lat' dir='ltr'>societate</span> <span class='ocrx_word' id='word_1_498' title='bbox 2010 1008 2083 1047; x_wconf 77' lang='lat' dir='ltr'>per</span> <span class='ocrx_word' id='word_1_499' title='bbox 2096 997 2208 1038; x_wconf 82' lang='lat' dir='ltr'>colle-</span> 
     </span>
     <span class='ocr_line' id='line_1_84' title="bbox 1167 1051 2208 1109; baseline 0.009 -19"><span class='ocrx_word' id='word_1_500' title='bbox 1167 1051 1277 1104; x_wconf 70' lang='lat' dir='ltr'>qz&#39;nm</span> <span class='ocrx_word' id='word_1_501' title='bbox 1297 1056 1563 1103; x_wconf 61' lang='lat' dir='ltr'>transeunter,</span> <span class='ocrx_word' id='word_1_502' title='bbox 1582 1065 1716 1106; x_wconf 72' lang='lat' dir='ltr'>eosque</span> <span class='ocrx_word' id='word_1_503' title='bbox 1741 1058 1924 1095; x_wconf 80' lang='lat' dir='ltr'>amanter</span> <span class='ocrx_word' id='word_1_504' title='bbox 1951 1057 2124 1109; x_wconf 75' lang='lat' dir='ltr'>hospitio</span> <span class='ocrx_word' id='word_1_505' title='bbox 2143 1070 2208 1099; x_wconf 75' lang='lat' dir='ltr'>ex-</span> 
     </span>
     <span class='ocr_line' id='line_1_85' title="bbox 1171 1112 2209 1167; baseline 0.009 -14"><span class='ocrx_word' id='word_1_506' title='bbox 1171 1112 1295 1165; x_wconf 76' lang='lat' dir='ltr'>cipiat</span> <span class='ocrx_word' id='word_1_507' title='bbox 1311 1129 1326 1159; x_wconf 92' lang='lat'><em>;</em></span> <span class='ocrx_word' id='word_1_508' title='bbox 1347 1126 1392 1155; x_wconf 79' lang='lat' dir='ltr'>ac</span> <span class='ocrx_word' id='word_1_509' title='bbox 1407 1115 1633 1155; x_wconf 68' lang='lat' dir='ltr'>memineo-it</span> <span class='ocrx_word' id='word_1_510' title='bbox 1652 1127 1692 1155; x_wconf 75' lang='lat' dir='ltr'>se</span> <span class='ocrx_word' id='word_1_511' title='bbox 1712 1115 1847 1167; x_wconf 71' lang='lat' dir='ltr'>aliquo</span> <span class='ocrx_word' id='word_1_512' title='bbox 1864 1117 2010 1159; x_wconf 77' lang='lat' dir='ltr'>viatico</span> <span class='ocrx_word' id='word_1_513' title='bbox 2026 1123 2098 1160; x_wconf 77' lang='lat' dir='ltr'>aut</span> <span class='ocrx_word' id='word_1_514' title='bbox 2117 1119 2209 1162; x_wconf 80' lang='lat' dir='ltr'>elee-</span> 
     </span>
     <span class='ocr_line' id='line_1_86' title="bbox 1168 1176 2210 1232; baseline 0.01 -19"><span class='ocrx_word' id='word_1_515' title='bbox 1168 1186 1336 1227; x_wconf 74' lang='lat' dir='ltr'>mosyna</span> <span class='ocrx_word' id='word_1_516' title='bbox 1353 1186 1429 1222; x_wconf 76' lang='lat' dir='ltr'>eos,</span> <span class='ocrx_word' id='word_1_517' title='bbox 1450 1176 1486 1215; x_wconf 81' lang='lat' dir='ltr'>si</span> <span class='ocrx_word' id='word_1_518' title='bbox 1504 1176 1742 1229; x_wconf 61' lang='lat' dir='ltr'>indifferent,</span> <span class='ocrx_word' id='word_1_519' title='bbox 1758 1178 1908 1228; x_wconf 77' lang='lat' dir='ltr'>juvare</span> <span class='ocrx_word' id='word_1_520' title='bbox 1937 1191 2067 1232; x_wconf 74' lang='lat' dir='ltr'>posse.</span> <span class='ocrx_word' id='word_1_521' title='bbox 2088 1181 2210 1223; x_wconf 72' lang='lat' dir='ltr'>Curet</span> 
     </span>
     <span class='ocr_line' id='line_1_87' title="bbox 1169 1234 2210 1294; baseline 0.011 -19"><span class='ocrx_word' id='word_1_522' title='bbox 1169 1234 1260 1276; x_wconf 76' lang='lat' dir='ltr'>item</span> <span class='ocrx_word' id='word_1_523' title='bbox 1276 1237 1487 1290; x_wconf 68' lang='lat' dir='ltr'>diliyencer</span> <span class='ocrx_word' id='word_1_524' title='bbox 1505 1238 1695 1289; x_wconf 62' lang='lat' dir='ltr'>diripere,</span> <span class='ocrx_word' id='word_1_525' title='bbox 1707 1248 1754 1279; x_wconf 83' lang='lat' dir='ltr'>ac</span> <span class='ocrx_word' id='word_1_526' title='bbox 1768 1239 1918 1290; x_wconf 65' lang='lat' dir='ltr'>juvare</span> <span class='ocrx_word' id='word_1_527' title='bbox 1945 1243 2210 1294; x_wconf 69' lang='lat' dir='ltr'>expediciones</span> 
     </span>
     <span class='ocr_line' id='line_1_88' title="bbox 1168 1298 2210 1350; baseline 0.007 -12"><span class='ocrx_word' id='word_1_528' title='bbox 1168 1298 1383 1350; x_wconf 66' lang='lat' dir='ltr'>hospitum,</span> <span class='ocrx_word' id='word_1_529' title='bbox 1402 1299 1470 1350; x_wconf 70' lang='lat' dir='ltr'>qui</span> <span class='ocrx_word' id='word_1_530' title='bbox 1489 1302 1737 1350; x_wconf 59' lang='lat' dir='ltr'>negotiorum</span> <span class='ocrx_word' id='word_1_531' title='bbox 1757 1312 1879 1343; x_wconf 70' lang='lat' dir='ltr'>cama</span> <span class='ocrx_word' id='word_1_532' title='bbox 1909 1303 2014 1344; x_wconf 76' lang='lat' dir='ltr'>domi</span> <span class='ocrx_word' id='word_1_533' title='bbox 2043 1316 2210 1345; x_wconf 74' lang='lat' dir='ltr'>versan-</span> 
     </span>
     <span class='ocr_line' id='line_1_89' title="bbox 1168 1360 2208 1416; baseline 0.006 -16"><span class='ocrx_word' id='word_1_534' title='bbox 1168 1362 1248 1400; x_wconf 73' lang='lat' dir='ltr'>tur.</span> <span class='ocrx_word' id='word_1_535' title='bbox 1273 1361 1321 1399; x_wconf 89' lang='lat' dir='ltr'>Et</span> <span class='ocrx_word' id='word_1_536' title='bbox 1336 1360 1383 1399; x_wconf 87' lang='lat' dir='ltr'>in</span> <span class='ocrx_word' id='word_1_537' title='bbox 1400 1360 1557 1411; x_wconf 89' lang='lat' dir='ltr'>regulis</span> <span class='ocrx_word' id='word_1_538' title='bbox 1572 1362 1850 1408; x_wconf 58' lang='lat' dir='ltr'>Prot-metatis,</span> <span class='ocrx_word' id='word_1_539' title='bbox 1874 1375 1965 1415; x_wconf 82' lang='lat' dir='ltr'>cap.</span> <span class='ocrx_word' id='word_1_540' title='bbox 1992 1365 2208 1416; x_wconf 84' lang='lat' dir='ltr'>trigesimo</span> 
     </span>
     <span class='ocr_line' id='line_1_90' title="bbox 1167 1421 2204 1476; baseline 0.008 -18"><span class='ocrx_word' id='word_1_541' title='bbox 1167 1421 1326 1473; x_wconf 88' lang='lat' dir='ltr'>quinto,</span> <span class='ocrx_word' id='word_1_542' title='bbox 1345 1422 1389 1460; x_wconf 90' lang='lat' dir='ltr'>in</span> <span class='ocrx_word' id='word_1_543' title='bbox 1415 1422 1648 1462; x_wconf 71' lang='lat' dir='ltr'>visitatione</span> <span class='ocrx_word' id='word_1_544' title='bbox 1677 1424 1911 1474; x_wconf 86' lang='lat' dir='ltr'>specialiter</span> <span class='ocrx_word' id='word_1_545' title='bbox 1930 1427 2204 1476; x_wconf 86' lang='lat' dir='ltr'>proponitur,</span> 
     </span>
     <span class='ocr_line' id='line_1_91' title="bbox 1168 1483 2206 1537; baseline 0.007 -16"><span class='ocrx_word' id='word_1_546' title='bbox 1168 1487 1212 1522; x_wconf 86' lang='lat' dir='ltr'>ut</span> <span class='ocrx_word' id='word_1_547' title='bbox 1226 1483 1406 1534; x_wconf 87' lang='lat' dir='ltr'>inquirat</span> <span class='ocrx_word' id='word_1_548' title='bbox 1420 1496 1471 1522; x_wconf 90' lang='lat' dir='ltr'>an</span> <span class='ocrx_word' id='word_1_549' title='bbox 1488 1496 1587 1535; x_wconf 87' lang='lat' dir='ltr'>erga</span> <span class='ocrx_word' id='word_1_550' title='bbox 1601 1488 1765 1524; x_wconf 90' lang='lat' dir='ltr'>nostros</span> <span class='ocrx_word' id='word_1_551' title='bbox 1780 1485 1965 1537; x_wconf 88' lang='lat' dir='ltr'>hospites</span> <span class='ocrx_word' id='word_1_552' title='bbox 1979 1487 2118 1526; x_wconf 85' lang='lat' dir='ltr'>debita</span> <span class='ocrx_word' id='word_1_553' title='bbox 2134 1489 2206 1529; x_wconf 88' lang='lat' dir='ltr'>So·</span> 
     </span>
     <span class='ocr_line' id='line_1_92' title="bbox 1167 1545 2206 1588; baseline 0.004 -4"><span class='ocrx_word' id='word_1_554' title='bbox 1167 1545 1325 1584; x_wconf 85' lang='lat' dir='ltr'>cietatis</span> <span class='ocrx_word' id='word_1_555' title='bbox 1349 1546 1526 1584; x_wconf 85' lang='lat' dir='ltr'>charitas</span> <span class='ocrx_word' id='word_1_556' title='bbox 1540 1549 1580 1585; x_wconf 91' lang='lat' dir='ltr'>et</span> <span class='ocrx_word' id='word_1_557' title='bbox 1598 1559 1693 1586; x_wconf 86' lang='lat' dir='ltr'>cura</span> <span class='ocrx_word' id='word_1_558' title='bbox 1713 1551 1970 1586; x_wconf 76' lang='lat' dir='ltr'>exerceatur.</span> <span class='ocrx_word' id='word_1_559' title='bbox 1987 1549 2103 1588; x_wconf 87' lang='lat' dir='ltr'>Unde</span> <span class='ocrx_word' id='word_1_560' title='bbox 2125 1550 2206 1588; x_wconf 92' lang='lat' dir='ltr'>col-</span> 
     </span>
     <span class='ocr_line' id='line_1_93' title="bbox 1166 1605 2206 1660; baseline 0.006 -16"><span class='ocrx_word' id='word_1_561' title='bbox 1166 1605 1307 1657; x_wconf 85' lang='lat' dir='ltr'>ligitur</span> <span class='ocrx_word' id='word_1_562' title='bbox 1327 1607 1506 1646; x_wconf 79' lang='lat' dir='ltr'>officium</span> <span class='ocrx_word' id='word_1_563' title='bbox 1539 1608 1615 1646; x_wconf 91' lang='lat' dir='ltr'>hoc</span> <span class='ocrx_word' id='word_1_564' title='bbox 1639 1609 1682 1647; x_wconf 90' lang='lat' dir='ltr'>in</span> <span class='ocrx_word' id='word_1_565' title='bbox 1714 1621 1969 1660; x_wconf 86' lang='lat' dir='ltr'>unoquoque</span> <span class='ocrx_word' id='word_1_566' title='bbox 1991 1610 2206 1650; x_wconf 87' lang='lat' dir='ltr'>Societatis</span> 
     </span>
     <span class='ocr_line' id='line_1_94' title="bbox 1168 1668 2206 1714; baseline 0.005 -8"><span class='ocrx_word' id='word_1_567' title='bbox 1168 1668 1373 1707; x_wconf 89' lang='lat' dir='ltr'>domicilio</span> <span class='ocrx_word' id='word_1_568' title='bbox 1386 1698 1395 1714; x_wconf 78' lang='lat'>,</span> <span class='ocrx_word' id='word_1_569' title='bbox 1413 1668 1467 1707; x_wconf 87' lang='lat' dir='ltr'>ad</span> <span class='ocrx_word' id='word_1_570' title='bbox 1489 1673 1617 1707; x_wconf 80' lang='lat' dir='ltr'>totam</span> <span class='ocrx_word' id='word_1_571' title='bbox 1640 1669 1684 1707; x_wconf 92' lang='lat' dir='ltr'>in</span> <span class='ocrx_word' id='word_1_572' title='bbox 1701 1670 1939 1709; x_wconf 87' lang='lat' dir='ltr'>universum</span> <span class='ocrx_word' id='word_1_573' title='bbox 1958 1671 2206 1711; x_wconf 86' lang='lat' dir='ltr'>Societatem</span> 
     </span>
     <span class='ocr_line' id='line_1_95' title="bbox 1169 1730 2206 1782; baseline 0.005 -15"><span class='ocrx_word' id='word_1_574' title='bbox 1169 1730 1349 1775; x_wconf 80' lang='lat' dir='ltr'>extendi,</span> <span class='ocrx_word' id='word_1_575' title='bbox 1371 1730 1459 1769; x_wconf 91' lang='lat' dir='ltr'>sine</span> <span class='ocrx_word' id='word_1_576' title='bbox 1477 1730 1560 1768; x_wconf 89' lang='lat' dir='ltr'>ulla</span> <span class='ocrx_word' id='word_1_577' title='bbox 1581 1731 1796 1770; x_wconf 86' lang='lat' dir='ltr'>nationum</span> <span class='ocrx_word' id='word_1_578' title='bbox 1815 1732 1880 1770; x_wconf 85' lang='lat' dir='ltr'>vel</span> <span class='ocrx_word' id='word_1_579' title='bbox 1900 1733 2206 1782; x_wconf 84' lang='lat' dir='ltr'>provinciarum</span> 
     </span>
     <span class='ocr_line' id='line_1_96' title="bbox 1167 1791 2207 1846; baseline 0.005 -17"><span class='ocrx_word' id='word_1_580' title='bbox 1167 1791 1429 1830; x_wconf 86' lang='lat' dir='ltr'>distinctione</span> <span class='ocrx_word' id='word_1_581' title='bbox 1445 1822 1455 1838; x_wconf 91' lang='lat'>‚</span> <span class='ocrx_word' id='word_1_582' title='bbox 1482 1792 1640 1842; x_wconf 80' lang='lat' dir='ltr'>absque</span> <span class='ocrx_word' id='word_1_583' title='bbox 1663 1805 1938 1842; x_wconf 87' lang='lat' dir='ltr'>personarum</span> <span class='ocrx_word' id='word_1_584' title='bbox 1967 1795 2207 1846; x_wconf 82' lang='lat' dir='ltr'>acceptione</span> 
     </span>
     <span class='ocr_line' id='line_1_97' title="bbox 1165 1853 2202 1904; baseline 0.002 -12"><span class='ocrx_word' id='word_1_585' title='bbox 1165 1853 1231 1892; x_wconf 85' lang='lat' dir='ltr'>vel</span> <span class='ocrx_word' id='word_1_586' title='bbox 1250 1853 1510 1900; x_wconf 87' lang='lat' dir='ltr'>limitatione,</span> <span class='ocrx_word' id='word_1_587' title='bbox 1530 1853 1615 1892; x_wconf 91' lang='lat' dir='ltr'>sive</span> <span class='ocrx_word' id='word_1_588' title='bbox 1636 1854 1809 1904; x_wconf 87' lang='lat' dir='ltr'>professi</span> <span class='ocrx_word' id='word_1_589' title='bbox 1830 1855 1926 1902; x_wconf 88' lang='lat' dir='ltr'>sint,</span> <span class='ocrx_word' id='word_1_590' title='bbox 1940 1855 2024 1894; x_wconf 89' lang='lat' dir='ltr'>sive</span> <span class='ocrx_word' id='word_1_591' title='bbox 2046 1856 2202 1904; x_wconf 91' lang='lat' dir='ltr'>novitii;</span> 
     </span>
     <span class='ocr_line' id='line_1_98' title="bbox 1168 1914 2204 1968; baseline 0.004 -15"><span class='ocrx_word' id='word_1_592' title='bbox 1168 1914 1252 1953; x_wconf 88' lang='lat' dir='ltr'>sive</span> <span class='ocrx_word' id='word_1_593' title='bbox 1275 1915 1378 1962; x_wconf 84' lang='lat' dir='ltr'>sani,</span> <span class='ocrx_word' id='word_1_594' title='bbox 1401 1915 1484 1953; x_wconf 88' lang='lat' dir='ltr'>sive</span> <span class='ocrx_word' id='word_1_595' title='bbox 1507 1914 1689 1963; x_wconf 82' lang='lat' dir='ltr'>infirmi3</span> <span class='ocrx_word' id='word_1_596' title='bbox 1714 1915 1796 1954; x_wconf 88' lang='lat' dir='ltr'>sive</span> <span class='ocrx_word' id='word_1_597' title='bbox 1812 1916 1913 1961; x_wconf 87' lang='lat' dir='ltr'>noti,</span> <span class='ocrx_word' id='word_1_598' title='bbox 1940 1916 2024 1955; x_wconf 85' lang='lat' dir='ltr'>sive</span> <span class='ocrx_word' id='word_1_599' title='bbox 2046 1916 2204 1968; x_wconf 83' lang='lat' dir='ltr'>ignoti;</span> 
     </span>
     <span class='ocr_line' id='line_1_99' title="bbox 1165 1975 2106 2026; baseline 0.003 -12"><span class='ocrx_word' id='word_1_600' title='bbox 1165 1975 1221 2014; x_wconf 85' lang='lat' dir='ltr'>ad</span> <span class='ocrx_word' id='word_1_601' title='bbox 1240 1988 1385 2014; x_wconf 90' lang='lat' dir='ltr'>omnes</span> <span class='ocrx_word' id='word_1_602' title='bbox 1408 1987 1561 2026; x_wconf 83' lang='lat' dir='ltr'>magna</span> <span class='ocrx_word' id='word_1_603' title='bbox 1581 1975 1759 2014; x_wconf 83' lang='lat' dir='ltr'>charitas</span> <span class='ocrx_word' id='word_1_604' title='bbox 1781 1977 2012 2015; x_wconf 76' lang='lat' dir='ltr'>exhibenda</span> <span class='ocrx_word' id='word_1_605' title='bbox 2030 1981 2106 2017; x_wconf 88' lang='lat' dir='ltr'>est.</span> 
     </span>
    </p>

    <p class='ocr_par' dir='ltr' id='par_1_31' title="bbox 1163 2036 2208 3628">
     <span class='ocr_line' id='line_1_100' title="bbox 1218 2036 2207 2088; baseline 0.003 -11"><span class='ocrx_word' id='word_1_606' title='bbox 1218 2038 1259 2077; x_wconf 85' lang='lat'>9.</span> <span class='ocrx_word' id='word_1_607' title='bbox 1286 2038 1408 2079; x_wconf 72' lang='lat' dir='ltr'>Dicta</span> <span class='ocrx_word' id='word_1_608' title='bbox 1425 2037 1684 2087; x_wconf 68' lang='lat' dir='ltr'>hospitalitas</span> <span class='ocrx_word' id='word_1_609' title='bbox 1704 2036 1833 2088; x_wconf 70' lang='lat' dir='ltr'>siqnz&#39;s</span> <span class='ocrx_word' id='word_1_610' title='bbox 1852 2038 2122 2079; x_wconf 66' lang='lat' dir='ltr'>benevolentiae</span> <span class='ocrx_word' id='word_1_611' title='bbox 2147 2051 2207 2080; x_wconf 77' lang='lat' dir='ltr'>os-</span> 
     </span>
     <span class='ocr_line' id='line_1_101' title="bbox 1165 2099 2206 2151; baseline 0 -11"><span class='ocrx_word' id='word_1_612' title='bbox 1165 2099 1523 2145; x_wconf 81' lang='lat' dir='ltr'>tendenda.—Quae</span> <span class='ocrx_word' id='word_1_613' title='bbox 1534 2099 1734 2150; x_wconf 89' lang='lat' dir='ltr'>imprimis</span> <span class='ocrx_word' id='word_1_614' title='bbox 1745 2100 1787 2138; x_wconf 90' lang='lat' dir='ltr'>in</span> <span class='ocrx_word' id='word_1_615' title='bbox 1800 2100 1888 2151; x_wconf 88' lang='lat' dir='ltr'>ipsa</span> <span class='ocrx_word' id='word_1_616' title='bbox 1899 2102 2133 2151; x_wconf 77' lang='lat' dir='ltr'>receptione</span> <span class='ocrx_word' id='word_1_617' title='bbox 2143 2113 2206 2141; x_wconf 88' lang='lat' dir='ltr'>os-</span> 
     </span>
     <span class='ocr_line' id='line_1_102' title="bbox 1163 2161 2207 2211; baseline -0.001 -9"><span class='ocrx_word' id='word_1_618' title='bbox 1163 2161 1373 2202; x_wconf 84' lang='lat' dir='ltr'>tendenda</span> <span class='ocrx_word' id='word_1_619' title='bbox 1392 2164 1454 2200; x_wconf 87' lang='lat' dir='ltr'>est</span> <span class='ocrx_word' id='word_1_620' title='bbox 1466 2172 1574 2211; x_wconf 79' lang='lat' dir='ltr'>,quae</span> <span class='ocrx_word' id='word_1_621' title='bbox 1595 2171 1685 2200; x_wconf 89' lang='lat' dir='ltr'>esse</span> <span class='ocrx_word' id='word_1_622' title='bbox 1706 2161 1936 2200; x_wconf 88' lang='lat' dir='ltr'>debetcum</span> <span class='ocrx_word' id='word_1_623' title='bbox 1952 2162 2134 2201; x_wconf 69' lang='lat' dir='ltr'>externis</span> <span class='ocrx_word' id='word_1_624' title='bbox 2151 2163 2207 2202; x_wconf 91' lang='lat' dir='ltr'>si-</span> 
     </span>
     <span class='ocr_line' id='line_1_103' title="bbox 1165 2221 2206 2275; baseline 0.001 -13"><span class='ocrx_word' id='word_1_625' title='bbox 1165 2224 1256 2275; x_wconf 85' lang='lat' dir='ltr'>gnis</span> <span class='ocrx_word' id='word_1_626' title='bbox 1277 2233 1468 2261; x_wconf 71' lang='lat' dir='ltr'>maxlmae</span> <span class='ocrx_word' id='word_1_627' title='bbox 1486 2221 1692 2268; x_wconf 66' lang='lat' dir='ltr'>amicitiae,</span> <span class='ocrx_word' id='word_1_628' title='bbox 1712 2222 1851 2272; x_wconf 84' lang='lat' dir='ltr'>qualia</span> <span class='ocrx_word' id='word_1_629' title='bbox 1867 2223 2052 2262; x_wconf 82' lang='lat' dir='ltr'>exhiberi</span> <span class='ocrx_word' id='word_1_630' title='bbox 2073 2225 2206 2264; x_wconf 86' lang='lat' dir='ltr'>solent:</span> 
     </span>
     <span class='ocr_line' id='line_1_104' title="bbox 1165 2283 2202 2335; baseline 0.002 -13"><span class='ocrx_word' id='word_1_631' title='bbox 1165 2283 1216 2322; x_wconf 88' lang='lat' dir='ltr'>de</span> <span class='ocrx_word' id='word_1_632' title='bbox 1236 2295 1350 2322; x_wconf 90' lang='lat' dir='ltr'>more</span> <span class='ocrx_word' id='word_1_633' title='bbox 1365 2283 1563 2334; x_wconf 83' lang='lat' dir='ltr'>regionis,</span> <span class='ocrx_word' id='word_1_634' title='bbox 1587 2295 1611 2323; x_wconf 79' lang='lat' dir='ltr'>a</span> <span class='ocrx_word' id='word_1_635' title='bbox 1632 2284 1829 2335; x_wconf 84' lang='lat' dir='ltr'>gravibus</span> <span class='ocrx_word' id='word_1_636' title='bbox 1850 2284 1958 2323; x_wconf 83' lang='lat' dir='ltr'>inter</span> <span class='ocrx_word' id='word_1_637' title='bbox 1979 2298 2022 2324; x_wconf 89' lang='lat' dir='ltr'>se</span> <span class='ocrx_word' id='word_1_638' title='bbox 2044 2286 2202 2334; x_wconf 86' lang='lat' dir='ltr'>amicis,</span> 
     </span>
     <span class='ocr_line' id='line_1_105' title="bbox 1166 2344 2205 2394; baseline 0.003 -11"><span class='ocrx_word' id='word_1_639' title='bbox 1166 2347 1236 2383; x_wconf 85' lang='lat' dir='ltr'>aut</span> <span class='ocrx_word' id='word_1_640' title='bbox 1256 2344 1380 2383; x_wconf 86' lang='lat' dir='ltr'>etiam</span> <span class='ocrx_word' id='word_1_641' title='bbox 1411 2345 1747 2394; x_wconf 83' lang='lat' dir='ltr'>consanguineis.</span> <span class='ocrx_word' id='word_1_642' title='bbox 1775 2347 1823 2385; x_wconf 88' lang='lat' dir='ltr'>Et</span> <span class='ocrx_word' id='word_1_643' title='bbox 1847 2346 1940 2385; x_wconf 91' lang='lat' dir='ltr'>ideo</span> <span class='ocrx_word' id='word_1_644' title='bbox 1962 2360 2053 2385; x_wconf 87' lang='lat' dir='ltr'>cum</span> <span class='ocrx_word' id='word_1_645' title='bbox 2076 2348 2119 2385; x_wconf 85' lang='lat' dir='ltr'>in</span> <span class='ocrx_word' id='word_1_646' title='bbox 2138 2359 2205 2387; x_wconf 88' lang='lat' dir='ltr'>re-</span> 
     </span>
     <span class='ocr_line' id='line_1_106' title="bbox 1166 2405 2205 2457; baseline 0.005 -13"><span class='ocrx_word' id='word_1_647' title='bbox 1166 2405 1260 2457; x_wconf 87' lang='lat' dir='ltr'>gula</span> <span class='ocrx_word' id='word_1_648' title='bbox 1273 2405 1483 2455; x_wconf 83' lang='lat' dir='ltr'>trigesima</span> <span class='ocrx_word' id='word_1_649' title='bbox 1496 2411 1643 2456; x_wconf 76' lang='lat' dir='ltr'>quai-ta</span> <span class='ocrx_word' id='word_1_650' title='bbox 1658 2418 1706 2445; x_wconf 83' lang='lat' dir='ltr'>ex</span> <span class='ocrx_word' id='word_1_651' title='bbox 1718 2408 2023 2457; x_wconf 88' lang='lat' dir='ltr'>communibus,</span> <span class='ocrx_word' id='word_1_652' title='bbox 2038 2414 2205 2448; x_wconf 86' lang='lat' dir='ltr'>cautum</span> 
     </span>
     <span class='ocr_line' id='line_1_107' title="bbox 1166 2467 2206 2523; baseline 0.005 -17"><span class='ocrx_word' id='word_1_653' title='bbox 1166 2467 1217 2506; x_wconf 89' lang='lat' dir='ltr'>sit</span> <span class='ocrx_word' id='word_1_654' title='bbox 1235 2471 1282 2507; x_wconf 79' lang='lat' dir='ltr'>nt</span> <span class='ocrx_word' id='word_1_655' title='bbox 1297 2478 1406 2506; x_wconf 82' lang='lat' dir='ltr'>nemo</span> <span class='ocrx_word' id='word_1_656' title='bbox 1423 2467 1550 2506; x_wconf 80' lang='lat' dir='ltr'>alium</span> <span class='ocrx_word' id='word_1_657' title='bbox 1565 2469 1687 2508; x_wconf 68' lang='lat' dir='ltr'>etfam</span> <span class='ocrx_word' id='word_1_658' title='bbox 1698 2469 1789 2519; x_wconf 79' lang='lat' dir='ltr'>joco</span> <span class='ocrx_word' id='word_1_659' title='bbox 1809 2472 1966 2522; x_wconf 64' lang='lat' dir='ltr'>tartqad,</span> <span class='ocrx_word' id='word_1_660' title='bbox 1983 2474 2030 2510; x_wconf 80' lang='lat' dir='ltr'>nt</span> <span class='ocrx_word' id='word_1_661' title='bbox 2045 2481 2104 2516; x_wconf 80' lang='lat' dir='ltr'>ea,</span> <span class='ocrx_word' id='word_1_662' title='bbox 2121 2482 2206 2523; x_wconf 79' lang='lat' dir='ltr'>qnoe</span> 
     </span>
     <span class='ocr_line' id='line_1_108' title="bbox 1165 2529 2205 2581; baseline 0.004 -13"><span class='ocrx_word' id='word_1_663' title='bbox 1165 2529 1372 2581; x_wconf 71' lang='lat' dir='ltr'>reliyiosos</span> <span class='ocrx_word' id='word_1_664' title='bbox 1392 2529 1511 2575; x_wconf 78' lang='lat' dir='ltr'>decet,</span> <span class='ocrx_word' id='word_1_665' title='bbox 1533 2530 1720 2581; x_wconf 69' lang='lat' dir='ltr'>⁴qravitar</span> <span class='ocrx_word' id='word_1_666' title='bbox 1745 2534 1781 2569; x_wconf 83' lang='lat' dir='ltr'>et</span> <span class='ocrx_word' id='word_1_667' title='bbox 1796 2531 1987 2571; x_wconf 60' lang='lat' dir='ltr'>modestia</span> <span class='ocrx_word' id='word_1_668' title='bbox 2009 2532 2205 2572; x_wconf 70' lang='lat' dir='ltr'>retinean-</span> 
     </span>
     <span class='ocr_line' id='line_1_109' title="bbox 1167 2589 2205 2645; baseline 0.002 -14"><span class='ocrx_word' id='word_1_669' title='bbox 1167 2593 1249 2637; x_wconf 74' lang='lat' dir='ltr'>tur,</span> <span class='ocrx_word' id='word_1_670' title='bbox 1272 2589 1487 2630; x_wconf 85' lang='lat' dir='ltr'>subditur:</span> <span class='ocrx_word' id='word_1_671' title='bbox 1510 2591 1789 2642; x_wconf 62' lang='lat' dir='ltr'>Praeterquam</span> <span class='ocrx_word' id='word_1_672' title='bbox 1821 2592 1864 2631; x_wconf 84' lang='lat' dir='ltr'>in</span> <span class='ocrx_word' id='word_1_673' title='bbox 1886 2594 2046 2645; x_wconf 71' lang='lat' dir='ltr'>siqnum</span> <span class='ocrx_word' id='word_1_674' title='bbox 2068 2594 2205 2633; x_wconf 74' lang='lat' dir='ltr'>chari·</span> 
     </span>
     <span class='ocr_line' id='line_1_110' title="bbox 1168 2652 2207 2704; baseline 0.003 -13"><span class='ocrx_word' id='word_1_675' title='bbox 1168 2652 1268 2691; x_wconf 76' lang='lat' dir='ltr'>tatis</span> <span class='ocrx_word' id='word_1_676' title='bbox 1287 2652 1550 2702; x_wconf 75' lang='lat' dir='ltr'>amplexando</span> <span class='ocrx_word' id='word_1_677' title='bbox 1572 2663 1672 2700; x_wconf 67' lang='lat' dir='ltr'>euin,</span> <span class='ocrx_word' id='word_1_678' title='bbox 1693 2653 1764 2704; x_wconf 80' lang='lat' dir='ltr'>qni</span> <span class='ocrx_word' id='word_1_679' title='bbox 1785 2656 1856 2692; x_wconf 81' lang='lat' dir='ltr'>aut</span> <span class='ocrx_word' id='word_1_680' title='bbox 1888 2654 1987 2702; x_wconf 76' lang='lat' dir='ltr'>abit,</span> <span class='ocrx_word' id='word_1_681' title='bbox 2014 2660 2082 2693; x_wconf 75' lang='lat' dir='ltr'>auc</span> <span class='ocrx_word' id='word_1_682' title='bbox 2103 2655 2207 2695; x_wconf 76' lang='lat' dir='ltr'>redit</span> 
     </span>
     <span class='ocr_line' id='line_1_111' title="bbox 1164 2711 2205 2765; baseline 0.002 -13"><span class='ocrx_word' id='word_1_683' title='bbox 1164 2722 1339 2764; x_wconf 67' lang='lat' dir='ltr'>pereyre.</span> <span class='ocrx_word' id='word_1_684' title='bbox 1363 2711 1522 2750; x_wconf 90' lang='lat' dir='ltr'>Deinde</span> <span class='ocrx_word' id='word_1_685' title='bbox 1552 2724 1635 2750; x_wconf 88' lang='lat' dir='ltr'>non</span> <span class='ocrx_word' id='word_1_686' title='bbox 1669 2713 1766 2751; x_wconf 90' lang='lat' dir='ltr'>solis</span> <span class='ocrx_word' id='word_1_687' title='bbox 1808 2713 1951 2765; x_wconf 84' lang='lat' dir='ltr'>signis,</span> <span class='ocrx_word' id='word_1_688' title='bbox 1973 2715 2046 2754; x_wconf 91' lang='lat' dir='ltr'>sed</span> <span class='ocrx_word' id='word_1_689' title='bbox 2082 2715 2205 2754; x_wconf 87' lang='lat' dir='ltr'>etiam</span> 
     </span>
     <span class='ocr_line' id='line_1_112' title="bbox 1168 2773 2208 2824; baseline 0.003 -12"><span class='ocrx_word' id='word_1_690' title='bbox 1168 2774 1298 2813; x_wconf 89' lang='lat' dir='ltr'>multo</span> <span class='ocrx_word' id='word_1_691' title='bbox 1319 2774 1453 2824; x_wconf 85' lang='lat' dir='ltr'>magis</span> <span class='ocrx_word' id='word_1_692' title='bbox 1481 2773 1673 2813; x_wconf 90' lang='lat' dir='ltr'>omnibus</span> <span class='ocrx_word' id='word_1_693' title='bbox 1694 2775 1987 2814; x_wconf 73' lang='lat' dir='ltr'>misericordiae</span> <span class='ocrx_word' id='word_1_694' title='bbox 2010 2779 2050 2815; x_wconf 84' lang='lat' dir='ltr'>et</span> <span class='ocrx_word' id='word_1_695' title='bbox 2070 2775 2208 2815; x_wconf 89' lang='lat' dir='ltr'>humi-</span> 
     </span>
     <span class='ocr_line' id='line_1_113' title="bbox 1166 2834 2206 2888; baseline 0.002 -14"><span class='ocrx_word' id='word_1_696' title='bbox 1166 2834 1290 2874; x_wconf 87' lang='lat' dir='ltr'>litatis</span> <span class='ocrx_word' id='word_1_697' title='bbox 1316 2834 1510 2886; x_wconf 88' lang='lat' dir='ltr'>operibus</span> <span class='ocrx_word' id='word_1_698' title='bbox 1544 2835 1745 2874; x_wconf 88' lang='lat' dir='ltr'>utendum</span> <span class='ocrx_word' id='word_1_699' title='bbox 1770 2841 1846 2883; x_wconf 81' lang='lat' dir='ltr'>est,</span> <span class='ocrx_word' id='word_1_700' title='bbox 1870 2849 1946 2875; x_wconf 90' lang='lat' dir='ltr'>nec</span> <span class='ocrx_word' id='word_1_701' title='bbox 1974 2838 2206 2888; x_wconf 85' lang='lat' dir='ltr'>sumptibus</span> 
     </span>
     <span class='ocr_line' id='line_1_114' title="bbox 1166 2897 2207 2951; baseline 0.002 -15"><span class='ocrx_word' id='word_1_702' title='bbox 1166 2897 1391 2949; x_wconf 88' lang='lat' dir='ltr'>parcendo,</span> <span class='ocrx_word' id='word_1_703' title='bbox 1409 2900 1610 2947; x_wconf 81' lang='lat' dir='ltr'>quantum</span> <span class='ocrx_word' id='word_1_704' title='bbox 1622 2901 1662 2936; x_wconf 91' lang='lat' dir='ltr'>et</span> <span class='ocrx_word' id='word_1_705' title='bbox 1673 2898 1867 2949; x_wconf 88' lang='lat' dir='ltr'>religiosa</span> <span class='ocrx_word' id='word_1_706' title='bbox 1882 2904 2105 2949; x_wconf 86' lang='lat' dir='ltr'>paupertas</span> <span class='ocrx_word' id='word_1_707' title='bbox 2117 2911 2207 2951; x_wconf 87' lang='lat' dir='ltr'>per-</span> 
     </span>
     <span class='ocr_line' id='line_1_115' title="bbox 1167 2958 2205 3011; baseline 0.002 -14"><span class='ocrx_word' id='word_1_708' title='bbox 1167 2959 1303 3005; x_wconf 91' lang='lat' dir='ltr'>mittit,</span> <span class='ocrx_word' id='word_1_709' title='bbox 1327 2963 1366 2997; x_wconf 90' lang='lat' dir='ltr'>et</span> <span class='ocrx_word' id='word_1_710' title='bbox 1394 2958 1532 2997; x_wconf 83' lang='lat' dir='ltr'>fratris</span> <span class='ocrx_word' id='word_1_711' title='bbox 1563 2959 1792 2998; x_wconf 86' lang='lat' dir='ltr'>necessitas</span> <span class='ocrx_word' id='word_1_712' title='bbox 1815 2960 2012 3011; x_wconf 85' lang='lat' dir='ltr'>postulat.</span> <span class='ocrx_word' id='word_1_713' title='bbox 2042 2962 2087 3000; x_wconf 90' lang='lat' dir='ltr'>In</span> <span class='ocrx_word' id='word_1_714' title='bbox 2124 2972 2205 3011; x_wconf 93' lang='lat' dir='ltr'>quo</span> 
     </span>
     <span class='ocr_line' id='line_1_116' title="bbox 1166 3019 2206 3072; baseline 0.003 -15"><span class='ocrx_word' id='word_1_715' title='bbox 1166 3020 1289 3072; x_wconf 89' lang='lat' dir='ltr'>plane</span> <span class='ocrx_word' id='word_1_716' title='bbox 1307 3019 1491 3058; x_wconf 86' lang='lat' dir='ltr'>imitatur</span> <span class='ocrx_word' id='word_1_717' title='bbox 1515 3020 1698 3059; x_wconf 89' lang='lat' dir='ltr'>Societas</span> <span class='ocrx_word' id='word_1_718' title='bbox 1719 3021 1832 3071; x_wconf 90' lang='lat' dir='ltr'>quod</span> <span class='ocrx_word' id='word_1_719' title='bbox 1855 3021 1905 3060; x_wconf 90' lang='lat' dir='ltr'>de</span> <span class='ocrx_word' id='word_1_720' title='bbox 1923 3022 2102 3071; x_wconf 85' lang='lat' dir='ltr'>antiquis</span> <span class='ocrx_word' id='word_1_721' title='bbox 2120 3033 2206 3060; x_wconf 91' lang='lat' dir='ltr'>mo-</span> 
     </span>
     <span class='ocr_line' id='line_1_117' title="bbox 1166 3081 2206 3134; baseline 0 -13"><span class='ocrx_word' id='word_1_722' title='bbox 1166 3081 1308 3121; x_wconf 88' lang='lat' dir='ltr'>nachis</span> <span class='ocrx_word' id='word_1_723' title='bbox 1321 3081 1448 3120; x_wconf 85' lang='lat' dir='ltr'>refert</span> <span class='ocrx_word' id='word_1_724' title='bbox 1467 3082 1799 3134; x_wconf 75' lang='lat' dir='ltr'>chrysostomus,</span> <span class='ocrx_word' id='word_1_725' title='bbox 1819 3082 1961 3121; x_wconf 88' lang='lat' dir='ltr'>homil.</span> <span class='ocrx_word' id='word_1_726' title='bbox 1983 3084 2034 3122; x_wconf 79' lang='lat'>58</span> <span class='ocrx_word' id='word_1_727' title='bbox 2056 3083 2108 3121; x_wconf 86' lang='lat' dir='ltr'>ad</span> <span class='ocrx_word' id='word_1_728' title='bbox 2131 3083 2206 3121; x_wconf 91' lang='lat' dir='ltr'>Po-</span> 
     </span>
     <span class='ocr_line' id='line_1_118' title="bbox 1166 3142 2200 3195; baseline 0 -13"><span class='ocrx_word' id='word_1_729' title='bbox 1166 3142 1338 3195; x_wconf 86' lang='lat' dir='ltr'>pulum:</span> <span class='ocrx_word' id='word_1_730' title='bbox 1363 3142 1503 3183; x_wconf 81' lang='lat' dir='ltr'>Omnes</span> <span class='ocrx_word' id='word_1_731' title='bbox 1514 3155 1559 3182; x_wconf 73' lang='lat' dir='ltr'>ex</span> <span class='ocrx_word' id='word_1_732' title='bbox 1576 3144 1895 3183; x_wconf 77' lang='lat' dir='ltr'>ministrantium</span> <span class='ocrx_word' id='word_1_733' title='bbox 1912 3148 2007 3184; x_wconf 75' lang='lat' dir='ltr'>sunt</span> <span class='ocrx_word' id='word_1_734' title='bbox 2023 3155 2200 3191; x_wconf 76' lang='lat' dir='ltr'>numero,</span> 
     </span>
     <span class='ocr_line' id='line_1_119' title="bbox 1169 3204 2205 3259; baseline -0.003 -13"><span class='ocrx_word' id='word_1_735' title='bbox 1169 3208 1207 3246; x_wconf 80' lang='lat' dir='ltr'>et</span> <span class='ocrx_word' id='word_1_736' title='bbox 1227 3206 1427 3259; x_wconf 74' lang='lat' dir='ltr'>hospitum</span> <span class='ocrx_word' id='word_1_737' title='bbox 1448 3204 1610 3257; x_wconf 78' lang='lat' dir='ltr'>quisque</span> <span class='ocrx_word' id='word_1_738' title='bbox 1641 3206 1755 3259; x_wconf 81' lang='lat' dir='ltr'>pedes</span> <span class='ocrx_word' id='word_1_739' title='bbox 1777 3206 1916 3252; x_wconf 73' lang='lat' dir='ltr'>abluit,</span> <span class='ocrx_word' id='word_1_740' title='bbox 1942 3209 1977 3244; x_wconf 81' lang='lat' dir='ltr'>et</span> <span class='ocrx_word' id='word_1_741' title='bbox 2009 3206 2137 3244; x_wconf 75' lang='lat' dir='ltr'>multa</span> <span class='ocrx_word' id='word_1_742' title='bbox 2160 3204 2205 3243; x_wconf 75' lang='lat' dir='ltr'>de</span> 
     </span>
     <span class='ocr_line' id='line_1_120' title="bbox 1170 3263 2203 3317; baseline -0.005 -9"><span class='ocrx_word' id='word_1_743' title='bbox 1170 3268 1239 3308; x_wconf 70' lang='lat' dir='ltr'>noo</span> <span class='ocrx_word' id='word_1_744' title='bbox 1259 3269 1469 3314; x_wconf 62' lang='lat' dir='ltr'>conteram,</span> <span class='ocrx_word' id='word_1_745' title='bbox 1491 3270 1529 3307; x_wconf 77' lang='lat' dir='ltr'>et</span> <span class='ocrx_word' id='word_1_746' title='bbox 1548 3268 1617 3307; x_wconf 72' lang='lat' dir='ltr'>hoo</span> <span class='ocrx_word' id='word_1_747' title='bbox 1632 3268 1734 3317; x_wconf 79' lang='lat' dir='ltr'>facit</span> <span class='ocrx_word' id='word_1_748' title='bbox 1760 3279 1837 3306; x_wconf 90' lang='lat' dir='ltr'>non</span> <span class='ocrx_word' id='word_1_749' title='bbox 1861 3268 2096 3306; x_wconf 68' lang='lat' dir='ltr'>examinans</span> <span class='ocrx_word' id='word_1_750' title='bbox 2114 3263 2203 3316; x_wconf 75' lang='lat' dir='ltr'>quis</span> 
     </span>
     <span class='ocr_line' id='line_1_121' title="bbox 1169 3323 2203 3376; baseline -0.007 -8"><span class='ocrx_word' id='word_1_751' title='bbox 1169 3328 1237 3369; x_wconf 76' lang='lat' dir='ltr'>ille</span> <span class='ocrx_word' id='word_1_752' title='bbox 1255 3329 1326 3376; x_wconf 75' lang='lat' dir='ltr'>sit,</span> <span class='ocrx_word' id='word_1_753' title='bbox 1347 3331 1384 3368; x_wconf 82' lang='lat' dir='ltr'>et</span> <span class='ocrx_word' id='word_1_754' title='bbox 1404 3331 1542 3368; x_wconf 76' lang='lat' dir='ltr'>utrum</span> <span class='ocrx_word' id='word_1_755' title='bbox 1559 3328 1659 3367; x_wconf 78' lang='lat' dir='ltr'>liber</span> <span class='ocrx_word' id='word_1_756' title='bbox 1675 3329 1745 3375; x_wconf 69' lang='lat' dir='ltr'>sit,</span> <span class='ocrx_word' id='word_1_757' title='bbox 1775 3339 1826 3366; x_wconf 85' lang='lat' dir='ltr'>an</span> <span class='ocrx_word' id='word_1_758' title='bbox 1858 3339 2009 3370; x_wconf 69' lang='lat' dir='ltr'>servus,</span> <span class='ocrx_word' id='word_1_759' title='bbox 2030 3326 2098 3365; x_wconf 78' lang='lat' dir='ltr'>sed</span> <span class='ocrx_word' id='word_1_760' title='bbox 2114 3323 2203 3363; x_wconf 80' lang='lat' dir='ltr'>uni-</span> 
     </span>
     <span class='ocr_line' id='line_1_122' title="bbox 1171 3386 2204 3443; baseline -0.008 -12"><span class='ocrx_word' id='word_1_761' title='bbox 1171 3390 1307 3443; x_wconf 76' lang='lat' dir='ltr'>cnique</span> <span class='ocrx_word' id='word_1_762' title='bbox 1318 3390 1589 3431; x_wconf 79' lang='lat' dir='ltr'>ministerium</span> <span class='ocrx_word' id='word_1_763' title='bbox 1603 3390 1674 3429; x_wconf 74' lang='lat' dir='ltr'>hoo</span> <span class='ocrx_word' id='word_1_764' title='bbox 1687 3389 1855 3429; x_wconf 71' lang='lat' dir='ltr'>exhibet.</span> <span class='ocrx_word' id='word_1_765' title='bbox 1869 3388 2021 3430; x_wconf 79' lang='lat' dir='ltr'>Nullus</span> <span class='ocrx_word' id='word_1_766' title='bbox 2046 3386 2102 3424; x_wconf 84' lang='lat' dir='ltr'>ibi</span> <span class='ocrx_word' id='word_1_767' title='bbox 2120 3394 2204 3424; x_wconf 82' lang='lat' dir='ltr'>ma-</span> 
     </span>
     <span class='ocr_line' id='line_1_123' title="bbox 1171 3446 2202 3504; baseline -0.011 -11"><span class='ocrx_word' id='word_1_768' title='bbox 1171 3464 1290 3504; x_wconf 64' lang='lat' dir='ltr'>anus,</span> <span class='ocrx_word' id='word_1_769' title='bbox 1312 3451 1450 3493; x_wconf 79' lang='lat' dir='ltr'>nullus</span> <span class='ocrx_word' id='word_1_770' title='bbox 1483 3463 1649 3503; x_wconf 79' lang='lat' dir='ltr'>parvus.</span> <span class='ocrx_word' id='word_1_771' title='bbox 1674 3450 1872 3490; x_wconf 88' lang='lat' dir='ltr'>Eamdem</span> <span class='ocrx_word' id='word_1_772' title='bbox 1895 3446 2102 3487; x_wconf 85' lang='lat' dir='ltr'>charitatis</span> <span class='ocrx_word' id='word_1_773' title='bbox 2136 3455 2202 3484; x_wconf 84' lang='lat' dir='ltr'>os-</span> 
     </span>
     <span class='ocr_line' id='line_1_124' title="bbox 1172 3506 2198 3555; baseline -0.011 -2"><span class='ocrx_word' id='word_1_774' title='bbox 1172 3513 1406 3555; x_wconf 85' lang='lat' dir='ltr'>tensionem</span> <span class='ocrx_word' id='word_1_775' title='bbox 1432 3512 1552 3552; x_wconf 88' lang='lat' dir='ltr'>valde</span> <span class='ocrx_word' id='word_1_776' title='bbox 1581 3510 1845 3551; x_wconf 88' lang='lat' dir='ltr'>commendat</span> <span class='ocrx_word' id='word_1_777' title='bbox 1880 3506 2141 3554; x_wconf 87' lang='lat' dir='ltr'>Benedictus,</span> <span class='ocrx_word' id='word_1_778' title='bbox 2162 3516 2198 3543; x_wconf 88' lang='lat' dir='ltr'>c.</span> 
     </span>
     <span class='ocr_line' id='line_1_125' title="bbox 1174 3567 2201 3628; baseline -0.009 -14"><span class='ocrx_word' id='word_1_779' title='bbox 1174 3573 1521 3628; x_wconf 84' lang='lat' dir='ltr'>quinquagesimo</span> <span class='ocrx_word' id='word_1_780' title='bbox 1537 3573 1657 3614; x_wconf 84' lang='lat' dir='ltr'>tertio</span> <span class='ocrx_word' id='word_1_781' title='bbox 1687 3582 1772 3611; x_wconf 83' lang='lat' dir='ltr'>suae</span> <span class='ocrx_word' id='word_1_782' title='bbox 1790 3568 1960 3620; x_wconf 83' lang='lat' dir='ltr'>regulae,</span> <span class='ocrx_word' id='word_1_783' title='bbox 1983 3567 2051 3606; x_wconf 91' lang='lat' dir='ltr'>ubi</span> <span class='ocrx_word' id='word_1_784' title='bbox 2074 3577 2201 3619; x_wconf 82' lang='lat' dir='ltr'>gene-</span> 
     </span>
    </p>
   </div>
   <div class='ocr_carea' id='block_1_9' title="bbox 1889 0 2352 114">
    <p class='ocr_par' dir='ltr' id='par_1_32' title="bbox 1889 0 2352 114">
     <span class='ocr_line' id='line_1_126' title="bbox 1889 0 2352 114; baseline 0 3766"><span class='ocrx_word' id='word_1_785' title='bbox 1889 0 2352 114; x_wconf 95' lang='lat' dir='ltr'> </span> 
     </span>
    </p>
   </div>
  </div>
 </body>
</html>
