2352 3880
982 233 1110 270 mnzx
1127 233 1282 272 mu..

119 292 298 336 Generali,
311 300 558 337 quoscumque
577 293 750 330 sciverint
767 294 1011 333 assistentium
1023 304 1108 331 mu-

119 351 191 379 nus
204 350 408 387 procurare,
421 342 447 379 l.
462 347 496 386 ⁹,
519 351 552 378 c.
574 346 609 378 8.

484 428 701 458 “musm-

75 491 296 533 Augustinus
311 495 390 536 post
405 493 625 536 Baptismum
642 497 679 529 et
692 496 775 528 ante
788 494 943 529 reditum
957 494 996 528 in
1009 493 1105 531 Afri-

118 550 197 576 cam
216 543 392 586 religiosae
404 543 488 578 vitae
503 545 650 578 modum
665 544 782 584 inivit,
801 549 1006 579 nontamen
1020 552 1104 588 pro·

117 593 196 636 prie
219 593 407 636 religiosus
428 594 507 635 fuit,
528 597 571 628 tr.
586 599 618 636 9,
634 594 658 628 l.
675 598 706 628 2.
727 603 756 629 c.
773 598 804 628 8.

75 640 159 678 Post
172 643 328 677 reditum
344 644 480 678 veroin
493 643 664 685 Africam,
686 645 793 679 etiam
811 649 894 680 ante
923 645 1103 689 presbyte-

116 697 233 727 ratum
245 719 254 734 ,
277 701 360 727 vere
382 692 453 728 fuit
471 694 673 736 religiosus,
693 698 728 729 et
747 697 1007 731 monachorum
1027 695 1104 730 ins-

115 743 253 784 titutor,
270 742 319 776 ib.

71 789 244 834 Regulam
264 791 470 835 religiosam
489 792 644 836 scripsit,
659 796 695 828 et
710 803 831 837 quam,
846 794 896 829 ib.

70 842 126 877 An
150 841 309 884 regulam
322 842 506 885 scripserit
518 852 583 886 pro
599 844 792 879 canonicis
806 843 1042 887 regularibus,
1054 851 1102 879 an

115 900 180 933 pro
196 891 369 932 eremitis,
386 892 435 926 ib.

71 937 162 977 Vide
175 941 285 977 etiam
303 941 478 977 canonici
494 942 689 986 regulares,
711 946 748 978 et
764 943 946 981 Eremitae.

555 1070 601 1122 B

496 1178 679 1205 tunsum.

68 1242 291 1287 Baptismum
311 1252 373 1286 an,
391 1244 469 1286 ubi,
497 1249 533 1279 et
554 1254 625 1288 qua
647 1246 787 1280 ratione
814 1246 976 1288 religiosi
998 1254 1043 1282 ex
1064 1246 1103 1282 vi

110 1294 561 1377 {uorum‘privilegiorum
587 1296 792 1330 ministrare
810 1297 961 1339 possint,
980 1300 1024 1331 tr.
1047 1299 1106 1340 1⁰,

130 1370 136 1376 .
154 1347 188 1385 9,
207 1352 239 1379 c.
287 1370 294 1378 .

67 1391 288 1436 Baptismum
307 1393 516 1428 infidelibus
530 1394 674 1436 adultis,
697 1398 759 1430 aut
786 1396 947 1439 parvulis
969 1396 1104 1432 infide·

111 1443 202 1478 lium
216 1453 263 1478 an
288 1444 425 1487 possint
451 1444 657 1479 ministrare
683 1446 846 1489 religiosi
869 1447 1002 1483 virtute
1022 1455 1105 1484 suo·

110 1501 194 1529 rum
214 1494 502 1537 privilegiorum,
527 1494 577 1529 ib.

317 1580 347 1605 8.
369 1580 526 1613 Bastulus,
549 1580 590 1606 n·
610 1579 687 1606 ems
707 1581 850 1608 nuncio.

67 1644 99 1679 Α
114 1645 238 1678 sancto
254 1642 385 1676 Basilio
404 1643 545 1686 regulas
563 1646 599 1678 et
625 1645 797 1687 praeclara
825 1645 989 1681 instituta
1014 1644 1105 1682 reli·

111 1692 231 1735 gionis
250 1692 347 1726 edita
370 1692 493 1733 fuisse,
517 1697 560 1727 tr.
577 1696 608 1733 9,
633 1694 656 1727 l.
678 1697 710 1735 2,
729 1703 759 1728 c.
781 1697 812 1728 1.

111 1743 223 1783 Hujus
243 1742 394 1776 instituti
414 1746 450 1777 et
471 1743 659 1786 religionis
676 1745 884 1788 antiquitas,
907 1744 958 1780 ib.

109 1792 210 1827 Finis
232 1792 340 1834 hujus
362 1793 516 1830 instituti
532 1820 541 1834 ,
563 1802 607 1828 ac
628 1794 749 1829 media
776 1795 824 1830 ad
851 1795 945 1831 illud
975 1803 1107 1832 conse-

111 1842 315 1885 quendum,
330 1842 382 1877 ib.

488 1923 693 1951 „Kimmerio-

67 1988 342 2025 Benedictiones
353 1989 484 2033 aliquae
498 1992 548 2026 ita
563 1995 647 2027 sunt
663 1992 818 2035 propriae
831 1992 1105 2036 Episcoporum.

110 2043 151 2075 ut
171 2048 238 2074 nec
261 2050 324 2083 per
339 2041 549 2075 Pontificem
571 2042 746 2076 committi
771 2047 921 2085 possunt
946 2043 1105 2086 simplici

108 2090 299 2131 sacerdoti,
319 2095 355 2125 et
374 2099 543 2133 quaenam
566 2092 638 2126 illae
660 2093 746 2133 sint,
770 2098 814 2126 tr.
834 2097 867 2135 8,
884 2094 908 2126 l.
924 2098 957 2128 2.
976 2103 1006 2128 c.
1029 2098 1082 2128 3⁰.

67 2138 284 2174 Benedicere
305 2148 424 2175 sacras
445 2146 560 2176 vestes
580 2145 616 2175 et
636 2143 838 2184 corporalia
861 2148 1011 2185 possunt
1030 2144 1106 2180 Ab·

109 2190 423 2274 gatestregulares,
441 2194 478 2226 et
497 2199 570 2234 quo
589 2193 671 2233 jure
693 2193 787 2227 hanc
810 2198 1017 2236 potestatem
1039 2196 1106 2231 ba·

136 2248 203 2274 ean
226 2250 262 2281 ,ι
294 2266 301 2274 .

59 2287 445 2329 -Βεηεᾱίοῑίοῃεε,’ᾳιιεε
455 2290 665 2321 unctionem
685 2287 889 2324 chrismatis
902 2294 1106 2334 requirunt.

109 2347 157 2373 an
177 2338 315 2381 possint
335 2345 357 2371 a
377 2336 485 2371 dictis
506 2338 704 2372 Abbatibus
725 2339 895 2380 conferri,
914 2340 964 2374 ib.

106 2389 164 2423 An
176 2387 272 2421 dicta
288 2390 442 2430 potestas
452 2386 696 2422 benedicendi
717 2388 830 2430 possit
844 2390 1107 2426 consuetudine

110 2436 312 2480 praescribi,
336 2435 386 2470 ib.

110 2488 165 2522 Ad
186 2496 278 2530 quas
291 2495 349 2521 res
369 2486 638 2522 benedicendas
651 2488 865 2524 extendatur
877 2490 974 2525 dicta
985 2495 1105 2535 potes·

110 2540 176 2577 tas,
198 2538 248 2571 ib.

111 2587 249 2627 Quibus
272 2586 431 2623 Praelatis
452 2588 531 2623 haec
551 2591 704 2632 potestas
720 2590 951 2634 concedatur,
967 2591 1018 2627 ib.

66 2637 340 2673 Benedictiones
355 2639 534 2681 nuptiales
555 2640 719 2675 conferre
741 2641 809 2677 sub
832 2642 934 2685 gravi
952 2650 1106 2679 censura

111 2688 291 2730 religiosis
318 2688 556 2728 interdicitur¹
575 2694 617 2723 tr.
634 2694 687 2732 10,
703 2691 727 2724 l.
744 2695 778 2733 9,
797 2699 830 2726 c.
853 2695 885 2726 5.

108 2739 163 2773 An
185 2738 342 2780 religiosi
374 2739 559 2773 societatis
586 2745 731 2783 propter
758 2749 823 2775 sua
852 2741 1104 2785 privilegiam

110 2787 234 2830 aliquo
253 2796 337 2822 casu
358 2792 420 2822 aut
442 2789 520 2823 loco
543 2797 603 2823 eas
620 2791 785 2826 conferre
800 2792 951 2835 possint,
967 2792 1018 2827 ib.

111 2838 263 2872 Abbates
283 2838 479 2880 benedicti,
500 2839 584 2874 vide
605 2841 736 2875 Abbas.

219 2922 250 2948 8.
272 2922 469 2949 unanimus
490 2923 532 2950 u·
551 2925 833 2953 nmtnicrmowu
853 2927 950 2954 oliuo.

61 2984 106 3023 ¹8.
123 2983 308 3070 Benedicti
337 2984 466 3027 religio
492 2987 639 3028 quando
669 2992 706 3022 et
733 2990 917 3032 quomodo
938 2989 1101 3034 coeperit,

109 3039 156 3071 tr.
179 3040 211 3078 9,
250 3062 258 3070 .
279 3039 312 3078 2,
332 3043 363 3071 c.
383 3039 414 3070 2.

109 3085 210 3126 Quod
234 3086 437 3120 institutum
455 3093 519 3120 seu
537 3087 714 3129 professio
727 3089 819 3131 ejus,
841 3088 890 3124 ib.

109 3137 188 3171 Alia
209 3136 438 3174 monasteria,
457 3145 537 3178 quae
552 3141 634 3170 ante
652 3138 883 3172 Benedictum
898 3146 970 3174 non
985 3147 1100 3182 pauca

110 3190 214 3221 erant
234 3187 274 3220 in
295 3186 498 3228 Occidente,
514 3187 593 3229 ejus
611 3187 770 3230 regulam
786 3193 871 3223 sunt
887 3190 1097 3232 amplexata,

111 3236 162 3270 ib.

57 3323 59 3326 ,
109 3285 352 3328 obligationes
371 3292 452 3327 quae
472 3285 650 3328 religiosis
658 3287 901 3322 Benedictinis
908 3288 989 3330 jure
1001 3296 1099 3323 com·

57 3333 59 3335 ’
110 3335 214 3370 muni
238 3335 486 3378 imponuntur,
507 3338 688 3378 quomodo
711 3338 969 3381 intelligantur,
995 3343 1032 3374 et
1049 3347 1099 3376 an

110 3385 419 3428 comprehendant
440 3386 547 3420 etiam
569 3387 658 3421 alios
680 3388 876 3431 religiosos,
898 3388 950 3423 ib.

62 3431 311 3471 menedictinae
330 3435 477 3471 ramiliae
497 3436 567 3472 viri
586 3437 757 3481 insignes,
774 3443 810 3473 et
829 3447 895 3474 cur
906 3439 1006 3474 varie
1025 3445 1098 3476 nu·

112 3490 309 3528 merentur,
326 3493 358 3519 c.

35 3533 39 3538 ”
63 3517 306 3619 {haedinum
341 3535 387 3569 ab
417 3534 546 3570 ordine
576 3544 623 3571 an
651 3538 807 3572 manarit
835 3538 1096 3581 cluniacensis.

111 3611 424 3670 Ancisterciensis
435 3637 471 3669 et
489 3634 568 3677 alii,
581 3634 632 3671 ib.

283 3699 370 3731 171.

42 3770 75 3880 '‘K“Ms
43 3710 46 3711 ¹

2073 233 2189 275 {10⁹

1417 326 1615 355 mmcrnu
1633 322 1671 354 et
1689 322 1932 355 nunninus.

1157 392 1377 429 Beneficium
1391 395 1556 438 regulare
1568 394 1611 430 in
1625 403 1700 438 quo
1714 395 1856 430 differat
1868 404 1890 430 a
1903 393 2082 437 saeculari,
2093 396 2140 430 tr.
2151 396 2189 438 8,

1199 444 1224 477 l.
1248 448 1279 482 3.
1303 453 1335 478 c.
1359 448 1411 479 19.

1157 492 1378 528 Beneficium
1391 495 1567 538 regulare,
1582 502 1657 530 non
1671 498 1792 530 tamen
1806 495 1975 538 religioni
1991 495 2098 539 pleno
2109 495 2192 538 jure

1201 544 1412 585 subjectum,
1448 552 1522 578 non
1545 549 1659 588 potest
1681 554 1702 578 a
1734 545 1811 579 solo
1831 545 1980 579 Praelato
2002 544 2192 588 religionis

1200 593 1357 626 conferri
1377 593 1559 636 religioso,
1582 595 1646 628 sed
1665 595 1822 629 simulet
1837 595 2017 638 praecipue
2032 595 2079 630 ab
2102 593 2190 638 Epi-

1198 650 1306 685 scopo
1329 642 1496 676 facienda
1514 647 1567 676 est
1581 643 1663 690 talis
1684 644 1838 686 collatio,
1862 645 1912 678 ib.

1198 693 1274 727 Non
1291 697 1411 727 tamen
1431 701 1522 736 opus
1539 696 1592 726 est
1612 694 1758 735 speciali
1782 695 2049 737 dispensatione
2061 695 2108 730 ad
2120 696 2192 731 liu·

1198 743 1357 785 Jusmodi
1378 743 1606 777 collationem
1623 744 1789 786 religioso
1806 745 2021 786 faciendam,
2037 746 2086 779 ib.

1199 793 1323 827 Utrum
1340 793 1385 827 ad
1403 793 1474 826 alia
1490 793 1668 827 beneficia
1687 793 1733 826 sit
1748 794 1948 827 necessaria
1958 794 2190 837 dispensatio.

1200 846 1235 875 et
1249 852 1269 876 a
1282 851 1353 885 quo
1368 843 1516 877 concedi
1535 843 1658 886 possit,
1681 843 1711 876 si
1727 843 1928 876 necessaria
1945 843 2002 884 sit,
2026 844 2074 878 ib.

1155 891 1375 927 Beneficium
1403 894 1563 927 seculare
1581 893 1689 927 etiam
1706 897 1869 927 curatum
1889 893 2013 927 haberi
2032 902 2105 927 non
2124 901 2192 937 po-

1198 945 1264 976 test
1278 952 1300 976 a
1321 943 1489 985 religioso
1506 944 1583 986 qui,
1611 943 1736 978 relicta
1758 943 1906 986 propria
1927 943 2117 986 religione,
2143 943 2193 978 ad

1198 993 1306 1026 aliam
1329 993 1462 1027 diversi
1479 994 1624 1028 Ordinis
1643 993 1798 1035 transiit,
1813 1001 1845 1027 c.
1859 996 1910 1026 15.

1154 1042 1392 1077 Beneficiatus
1420 1045 1595 1086 regularis
1625 1045 1763 1078 habens
1785 1044 2002 1078 beneficium
2029 1043 2193 1086 regulare

1198 1102 1273 1127 suae
1289 1093 1456 1135 religioni
1472 1094 1579 1136 pleno
1590 1095 1670 1136 jure
1684 1094 1897 1136 subjectum,
1909 1102 1956 1127 an
1971 1097 2134 1127 teneatur
2146 1093 2197 1129 ad.

1200 1151 1345 1178 omnem
1362 1144 1567 1187 religiosam
1581 1144 1857 1185 observantiam,
1871 1144 1965 1178 sicut
1977 1144 2096 1178 caeteri
2107 1144 2194 1179 sim·

1197 1194 1311 1237 plices
1333 1194 1507 1237 religiosi,
1531 1203 1562 1229 c.
1584 1198 1637 1228 1⁹.

1199 1244 1351 1278 cuinam
1370 1244 1545 1287 acquirat,
1568 1251 1692 1279 suaene
1712 1243 1903 1284 Ecclesiae,
1927 1251 1975 1278 an
1997 1243 2192 1287 religioni,

1197 1301 1246 1327 an
1266 1294 1427 1336 utrique,
1447 1294 1495 1327 ib.

1198 1344 1384 1384 Quomodo
1403 1344 1606 1387 expendere
1624 1343 1737 1387 possit
1752 1346 1814 1379 aut
1838 1343 1966 1379 debeat
1991 1343 2089 1379 bona
2109 1351 2193 1387 quae

1197 1395 1365 1428 Ecclesiae
1383 1395 1550 1437 acquirit,
1569 1395 1618 1428 ib.

1196 1446 1249 1479 An
1266 1445 1409 1479 rediens
1422 1446 1468 1479 ad
1490 1445 1749 1479 monasterium
1770 1445 1883 1488 possit
1898 1452 2020 1479 secum
2034 1444 2079 1478 ad
2100 1444 2193 1478 illud

1198 1495 1339 1529 deferre
1372 1496 1569 1538 peculium,
1599 1499 1634 1530 et
1654 1495 1779 1530 omnia
1809 1496 1904 1530 bona
1926 1495 2087 1535 mobilia,
2111 1503 2193 1538 quae

1198 1545 1366 1579 Ecclesiae
1385 1546 1612 1588 acquisierat,
1628 1545 1679 1580 ib.

1199 1595 1365 1629 Retinere
1381 1600 1416 1629 et
1430 1597 1683 1631 administrare
1696 1603 1770 1632 non
1787 1599 1901 1640 potest
1910 1596 2008 1631 bona
2020 1603 2101 1638 quae
2114 1603 2194 1631 mo·

1200 1647 1358 1680 nasterio
1372 1647 1539 1688 aequlrit‚
1562 1647 1611 1679 ib.

1199 1697 1267 1737 An,
1290 1700 1325 1730 et
1341 1705 1448 1738 quam
1465 1696 1723 1739 obligationem
1743 1696 1873 1730 habeat
1888 1696 2081 1730 obediendi
2098 1697 2194 1731 Prae-

1200 1746 1282 1780 latis
1295 1747 1382 1786 suis,
1399 1752 1476 1780 tum
1491 1747 1531 1782 in
1543 1746 1638 1789 aliis,
1652 1750 1729 1782 tum
1741 1747 1779 1781 in
1795 1746 2108 1781 administratione
2121 1755 2193 1782 suae

1200 1797 1381 1836 Ecclesiae,
1402 1797 1451 1831 ib.

1201 1845 1325 1881 Utrum
1346 1847 1458 1889 possit
1478 1847 1638 1881 revocari
1659 1846 1706 1881 ad
1728 1846 1986 1881 monasterium
2005 1855 2070 1888 pro
2096 1847 2195 1881 arbi-

1203 1897 1273 1931 trio
1299 1896 1370 1931 sibi
1397 1897 1615 1940 Superioris,
1642 1898 1724 1931 sine
1750 1897 1874 1940 aliqua
1906 1896 2054 1939 speciali
2076 1905 2195 1937 causa.

1202 1945 1254 1980 ib.

1215 1996 1276 2029 lon
1291 1999 1404 2038 potest
1418 1995 1536 2031 dictus
1550 1995 1805 2031 beneficiarius
1817 1995 1898 2030 sine
1911 1994 2010 2031 socio
2020 2002 2096 2031 suae
2110 1996 2196 2030 reli-

1199 2045 1322 2087 gionis
1346 2046 1520 2085 habitare,
1538 2046 1587 2079 ib.

1156 2093 1415 2131 Beneficiarius
1430 2096 1605 2137 regularis
1628 2095 1767 2129 babens
1788 2095 2005 2130 beneficium
2019 2097 2196 2138 regulare,

1201 2154 1277 2180 non
1298 2148 1419 2179 tamen
1442 2154 1515 2179 suae
1539 2146 1707 2187 religioni
1737 2146 1844 2187 pleno
1869 2146 1950 2187 jure
1981 2146 2195 2188 subjectum,

1202 2203 1249 2230 an
1274 2195 1319 2229 ad
1352 2196 1513 2238 aliquam
1536 2196 1803 2229 observantiam
1834 2196 1983 2237 regulae,
2013 2200 2198 2235 votorum„

1202 2249 1238 2279 et
1252 2245 1562 2280 subordinationis
1573 2246 1619 2280 ad
1632 2245 1798 2280 Praelatos
1811 2245 1992 2288 regulares
2005 2246 2197 2289 obligetur,

1203 2294 1253 2328 ib.

1201 2342 1330 2377 Omnia
1349 2344 1505 2386 acquirit
1525 2352 1598 2377 suae
1616 2344 1796 2385 Ecclesiae,
1820 2345 1870 2379 ib.

1200 2392 1277 2427 Non
1302 2398 1415 2436 potest
1440 2394 1520 2428 talis
1546 2394 1779 2428 beneficiatus
1806 2393 1956 2427 arbitrio
1977 2393 2113 2428 Praelatl
2138 2394 2195 2428 sui

1200 2443 1376 2485 regularis
1391 2443 1550 2479 revocari
1573 2444 1620 2479 ad
1638 2443 1909 2484 monasterium,
1924 2446 1960 2478 et
1973 2451 1996 2477 a
2015 2443 2194 2478 Beneficio

1200 2493 1375 2534 amoveri,
1401 2493 1451 2527 ib.

1158 2540 1414 2577 Beneficiarius
1436 2544 1609 2586 regularis
1625 2543 1763 2577 habens
1781 2543 2001 2578 beneficium
2019 2543 2193 2585 seculare,

1199 2593 1246 2627 ab
1278 2593 1379 2627 omni
1413 2594 1642 2628 observantia
1676 2594 1807 2636 regulae
1841 2598 1876 2627 et
1896 2593 2193 2627 subordinatione

1199 2647 1362 2685 respectu
1385 2643 1615 2678 Praelatorum
1634 2651 1708 2677 suae
1724 2643 1910 2685 religionis
1924 2647 1977 2676 est
1995 2649 2191 2686 exemptus,

1199 2700 1269 2727 nec
1286 2697 1426 2728 tenetur
1438 2702 1563 2731 secum
1585 2693 1717 2729 babere
1741 2693 1880 2728 socium
1899 2701 1973 2725 suae
1990 2693 2196 2734 religionis,·

1196 2741 1249 2775 ib.
2111 2750 2114 2753 ’

1197 2791 1324 2826 Statim
1343 2795 1430 2827 'vero
1455 2790 1589 2834 incipit
1611 2796 1692 2827 esse
1712 2791 1785 2826 sub
1804 2789 1954 2833 speciali
1981 2790 2191 2826 obedientia

1197 2840 1377 2884 Episcopi,
1396 2848 1430 2876 c.
1444 2843 1482 2875 6.

1422 2922 1610 2955 sennanim}
1623 2924 1665 2952 R}
1682 2926 1757 2951 mus
1775 2926 1922 2952 umato.

1155 2992 1193 3027 Β.
1211 2991 1383 3027 Bernardi
1401 2993 1528 3035 religio
1546 2999 1646 3035 quae;
1661 2993 1741 3034 ejus
1760 2993 1895 3036 regula,
1914 2992 2028 3037 origo,
2046 2993 2183 3036 perfee-

1195 3043 1258 3085 tio,
1278 3048 1359 3083 etc..
1382 3047 1426 3078 tr.
1442 3047 1475 3086 8,
1495 3044 1520 3078 l.
1546 3048 1578 3087 3,
1599 3052 1631 3079 c.
1658 3047 1712 3078 11.

1151 3093 1193 3128 Ι).
1223 3093 1426 3129 Bernardus
1456 3102 1575 3137 neque
1616 3094 1810 3136 institutor,
1844 3101 1961 3137 neque
1997 3102 2190 3141 supremus¹

1193 3141 1363 3178 Praelatus
1382 3144 1491 3179 totius
1506 3145 1754 3180 cisterciensis
1768 3144 1914 3179 Ordinis
1934 3143 2017 3186 suit,
2038 3151 2072 3177 c.
2090 3147 2141 3177 1⁰.

1604 3229 1730 3256 unm.

1150 3293 1274 3330 Birrus
1284 3298 1337 3329 est
1348 3296 1530 3339 quoddam
1539 3295 1742 3330 vestimenti
1761 3302 1875 3338 genus
1889 3294 2076 3337 proprium
2091 3294 2178 3329 olim

1192 3345 1421 3389 clericorum,
1443 3349 1489 3380 tr.
1502 3349 1537 3388 9,
1558 3346 1585 3380 l.
1605 3349 1639 3388 1,
1659 3352 1692 3379 c.
1715 3347 1751 3379 1.

1621 3428 1716 3455 totu.

1149 3489 1330 3524 Bonorum
1340 3488 1590 3532 temporalium
1602 3484 1809 3519 monasterii
1824 3484 2087 3518 administratio
2100 3485 2176 3528 pri-

1192 3541 1308 3575 mario
1345 3539 1513 3582 competit
1546 3537 1612 3580 ipsi
1648 3536 1912 3577 communitati,
1936 3538 1973 3569 et
1998 3536 2178 3570 mediante

1191 3590 1270 3634 ipsa
1291 3592 1449 3631 Praelato,
1465 3590 1501 3622 in
1521 3595 1628 3629 quem
1653 3586 1728 3629 ipsa
1747 3586 1939 3619 transferre
1957 3589 2070 3628 potest
2085 3585 2178 3620 lianc

1187 3648 1291 3677 suam
1312 3644 1535 3685 potestatem.
1550 3641 1595 3672 tr.
1611 3639 1644 3679 8,
1663 3636 1688 3670 l.
1712 3640 1748 3678 2,
1762 3644 1794 3671 c.
1817 3638 1870 3670 26.

1914 3693 1971 3732 ‘u
