<?xml version="1.0" encoding="UTF-8"?>
<!DOCTYPE html PUBLIC "-//W3C//DTD XHTML 1.0 Transitional//EN"
    "http://www.w3.org/TR/xhtml1/DTD/xhtml1-transitional.dtd">
<html xmlns="http://www.w3.org/1999/xhtml" xml:lang="en" lang="en">
 <head>
  <title>
</title>
<meta http-equiv="Content-Type" content="text/html;charset=utf-8" />
  <meta name='ocr-system' content='tesseract 3.04.00' />
  <meta name='ocr-capabilities' content='ocr_page ocr_carea ocr_par ocr_line ocrx_word'/>
</head>
<body>
  <div class='ocr_page' id='page_1' title='image "./operaomnia16suaauoft_0253.png"; bbox 0 0 2352 3880; ppageno 0'>
   <div class='ocr_carea' id='block_1_1' title="bbox 0 0 754 2108">
    <p class='ocr_par' dir='ltr' id='par_1_1' title="bbox 0 0 754 2108">
     <span class='ocr_line' id='line_1_1' title="bbox 0 0 754 403; baseline 0 -180"><span class='ocrx_word' id='word_1_1' title='bbox 0 0 754 403; x_wconf 95' lang='lat' dir='ltr'>    </span> 
     </span>
     <span class='ocr_line' id='line_1_2' title="bbox 0 403 196 777; baseline 0.02 -140"><span class='ocrx_word' id='word_1_2' title='bbox 0 403 196 777; x_wconf 95' lang='lat' dir='ltr'>        </span> 
     </span>
     <span class='ocr_line' id='line_1_3' title="bbox 0 777 18 2108; baseline 0 -910"><span class='ocrx_word' id='word_1_3' title='bbox 0 777 18 2108; x_wconf 95' lang='lat' dir='ltr'>   </span> 
     </span>
    </p>
   </div>
   <div class='ocr_carea' id='block_1_2' title="bbox 0 221 1092 3238">
    <p class='ocr_par' dir='ltr' id='par_1_2' title="bbox 0 221 1092 3238">
     <span class='ocr_line' id='line_1_4' title="bbox 38 221 1086 321; baseline -0.003 -26"><span class='ocrx_word' id='word_1_4' title='bbox 38 251 43 253; x_wconf 72' lang='grc'><strong>’</strong></span> <span class='ocrx_word' id='word_1_5' title='bbox 74 247 116 303; x_wconf 45' lang='lat'>1²³,</span> <span class='ocrx_word' id='word_1_6' title='bbox 130 221 329 321; x_wconf 32' lang='lat' dir='ltr'>irriguit,</span> <span class='ocrx_word' id='word_1_7' title='bbox 350 227 398 297; x_wconf 88' lang='grc' dir='ltr'>Β.</span> <span class='ocrx_word' id='word_1_8' title='bbox 418 253 618 306; x_wconf 80' lang='lat' dir='ltr'>Ignatius,</span> <span class='ocrx_word' id='word_1_9' title='bbox 645 265 751 306; x_wconf 87' lang='lat' dir='ltr'>quas</span> <span class='ocrx_word' id='word_1_10' title='bbox 774 252 839 293; x_wconf 86' lang='lat' dir='ltr'>his</span> <span class='ocrx_word' id='word_1_11' title='bbox 857 253 994 293; x_wconf 77' lang='lat' dir='ltr'>verbis</span> <span class='ocrx_word' id='word_1_12' title='bbox 1015 263 1086 293; x_wconf 83' lang='lat' dir='ltr'>ex-</span> 
     </span>
     <span class='ocr_line' id='line_1_5' title="bbox 76 305 1086 368; baseline -0.008 -8.047"><span class='ocrx_word' id='word_1_13' title='bbox 76 329 90 368; x_wconf 63' lang='lat' dir='ltr'>g¹</span> <span class='ocrx_word' id='word_1_14' title='bbox 162 305 247 360; x_wconf 78' lang='lat' dir='ltr'>vit:</span> <span class='ocrx_word' id='word_1_15' title='bbox 270 317 383 365; x_wconf 79' lang='lat' dir='ltr'>Quod</span> <span class='ocrx_word' id='word_1_16' title='bbox 393 319 551 366; x_wconf 83' lang='lat' dir='ltr'>sponte</span> <span class='ocrx_word' id='word_1_17' title='bbox 543 315 588 356; x_wconf 81' lang='lat' dir='ltr'>in</span> <span class='ocrx_word' id='word_1_18' title='bbox 606 315 684 355; x_wconf 83' lang='lat' dir='ltr'>Dei</span> <span class='ocrx_word' id='word_1_19' title='bbox 701 317 908 365; x_wconf 79' lang='lat' dir='ltr'>conspeetu</span> <span class='ocrx_word' id='word_1_20' title='bbox 925 313 1011 358; x_wconf 77' lang='lat' dir='ltr'>vult</span> <span class='ocrx_word' id='word_1_21' title='bbox 1032 313 1086 353; x_wconf 83' lang='lat' dir='ltr'>ad</span> 
     </span>
     <span class='ocr_line' id='line_1_6' title="bbox 22 370 1082 430; baseline -0.009 -8"><span class='ocrx_word' id='word_1_22' title='bbox 22 402 28 412; x_wconf 71' lang='grc'><strong>»</strong></span> <span class='ocrx_word' id='word_1_23' title='bbox 111 370 340 425; x_wconf 64' lang='lat' dir='ltr'>&#39;nmmum</span> <span class='ocrx_word' id='word_1_24' title='bbox 364 375 562 430; x_wconf 71' lang='lat' dir='ltr'>obliqari&#39;,</span> <span class='ocrx_word' id='word_1_25' title='bbox 594 376 696 428; x_wconf 77' lang='lat' dir='ltr'>quod</span> <span class='ocrx_word' id='word_1_26' title='bbox 713 375 766 415; x_wconf 85' lang='lat' dir='ltr'>ad</span> <span class='ocrx_word' id='word_1_27' title='bbox 783 375 961 414; x_wconf 83' lang='lat' dir='ltr'>divinum</span> <span class='ocrx_word' id='word_1_28' title='bbox 981 374 1082 414; x_wconf 82' lang='lat' dir='ltr'>obse-</span> 
     </span>
     <span class='ocr_line' id='line_1_7' title="bbox 20 436 1080 489; baseline 0 -13"><span class='ocrx_word' id='word_1_29' title='bbox 20 469 27 476; x_wconf 93' lang='lat'>.</span> <span class='ocrx_word' id='word_1_30' title='bbox 105 476 109 486; x_wconf 71' lang='grc'><strong>,</strong></span> <span class='ocrx_word' id='word_1_31' title='bbox 204 438 344 480; x_wconf 77' lang='lat' dir='ltr'>melius</span> <span class='ocrx_word' id='word_1_32' title='bbox 358 449 438 478; x_wconf 80' lang='lat' dir='ltr'>esse</span> <span class='ocrx_word' id='word_1_33' title='bbox 452 437 691 479; x_wconf 68' lang='lat' dir='ltr'>intellexerit</span> <span class='ocrx_word' id='word_1_34' title='bbox 701 453 717 483; x_wconf 89' lang='lat'>,·</span> <span class='ocrx_word' id='word_1_35' title='bbox 736 436 908 487; x_wconf 82' lang='lat' dir='ltr'>quodque</span> <span class='ocrx_word' id='word_1_36' title='bbox 922 436 1080 489; x_wconf 80' lang='lat' dir='ltr'>placeat</span> 
     </span>
     <span class='ocr_line' id='line_1_8' title="bbox 21 497 1079 563; baseline -0.005 -21"><span class='ocrx_word' id='word_1_37' title='bbox 21 508 24 509; x_wconf 72' lang='grc'>’</span> <span class='ocrx_word' id='word_1_38' title='bbox 102 499 335 563; x_wconf 79' lang='lat' dir='ltr'><strong><em>aliquem,</em></strong></span> <span class='ocrx_word' id='word_1_39' title='bbox 369 499 440 552; x_wconf 84' lang='lat' dir='ltr'>qui</span> <span class='ocrx_word' id='word_1_40' title='bbox 468 498 549 539; x_wconf 79' lang='lat' dir='ltr'>sibi</span> <span class='ocrx_word' id='word_1_41' title='bbox 574 508 661 538; x_wconf 79' lang='lat' dir='ltr'>enm</span> <span class='ocrx_word' id='word_1_42' title='bbox 684 497 879 537; x_wconf 74' lang='lat' dir='ltr'><em>charitate</em></span> <span class='ocrx_word' id='word_1_43' title='bbox 899 508 944 537; x_wconf 87' lang='lat' dir='ltr'>ae</span> <span class='ocrx_word' id='word_1_44' title='bbox 962 497 1079 537; x_wconf 84' lang='lat' dir='ltr'>tiber-</span> 
     </span>
     <span class='ocr_line' id='line_1_9' title="bbox 119 556 1079 613; baseline -0.003 -11.845"><span class='ocrx_word' id='word_1_45' title='bbox 119 559 414 607; x_wconf 73' lang='lat' dir='ltr'>Christiana,</span> <span class='ocrx_word' id='word_1_46' title='bbox 448 558 503 599; x_wconf 88' lang='lat' dir='ltr'>ad</span> <span class='ocrx_word' id='word_1_47' title='bbox 523 558 695 613; x_wconf 65' lang='lat' dir='ltr'>pieriam</span> <span class='ocrx_word' id='word_1_48' title='bbox 724 556 814 606; x_wconf 87' lang='lat' dir='ltr'>Dei,</span> <span class='ocrx_word' id='word_1_49' title='bbox 847 560 884 597; x_wconf 83' lang='lat' dir='ltr'>et</span> <span class='ocrx_word' id='word_1_50' title='bbox 914 557 1079 598; x_wconf 77' lang='lat' dir='ltr'><strong><em>Domini</em></strong></span> 
     </span>
     <span class='ocr_line' id='line_1_10' title="bbox 55 615 1076 742; baseline -0.004 -79"><span class='ocrx_word' id='word_1_51' title='bbox 55 615 268 742; x_wconf 45' lang='grc' dir='ltr'>ᾔεις·</span> <span class='ocrx_word' id='word_1_52' title='bbox 195 623 240 662; x_wconf 87' lang='lat' dir='ltr'>id</span> <span class='ocrx_word' id='word_1_53' title='bbox 254 623 469 673; x_wconf 75' lang='lat' dir='ltr'><strong><em>proponat,</em></strong></span> <span class='ocrx_word' id='word_1_54' title='bbox 495 619 657 660; x_wconf 85' lang='lat' dir='ltr'>decima</span> <span class='ocrx_word' id='word_1_55' title='bbox 672 622 790 673; x_wconf 84' lang='lat' dir='ltr'>parte</span> <span class='ocrx_word' id='word_1_56' title='bbox 819 619 1076 660; x_wconf 89' lang='lat' dir='ltr'>Constitutio-</span> 
     </span>
     <span class='ocr_line' id='line_1_11' title="bbox 28 804 1075 856; baseline 0 -12"><span class='ocrx_word' id='word_1_57' title='bbox 28 829 104 847; x_wconf 73' lang='grc' dir='ltr'>..ι-</span> <span class='ocrx_word' id='word_1_58' title='bbox 124 806 175 848; x_wconf 83' lang='lat' dir='ltr'>Ut</span> <span class='ocrx_word' id='word_1_59' title='bbox 199 808 340 844; x_wconf 88' lang='lat' dir='ltr'>autem</span> <span class='ocrx_word' id='word_1_60' title='bbox 369 816 395 843; x_wconf 85' lang='lat' dir='ltr'>a</span> <span class='ocrx_word' id='word_1_61' title='bbox 426 804 643 855; x_wconf 86' lang='lat' dir='ltr'>posteriori</span> <span class='ocrx_word' id='word_1_62' title='bbox 671 808 788 855; x_wconf 89' lang='lat' dir='ltr'>parte</span> <span class='ocrx_word' id='word_1_63' title='bbox 815 805 1075 856; x_wconf 81' lang='lat' dir='ltr'>incipiamus,</span> 
     </span>
     <span class='ocr_line' id='line_1_12' title="bbox 26 866 1075 930; baseline -0.003 -23"><span class='ocrx_word' id='word_1_64' title='bbox 26 867 37 930; x_wconf 65' lang='grc' dir='ltr'>Ἰ</span> <span class='ocrx_word' id='word_1_65' title='bbox 53 881 126 925; x_wconf 69' lang='lat' dir='ltr'>per</span> <span class='ocrx_word' id='word_1_66' title='bbox 139 879 182 908; x_wconf 84' lang='lat' dir='ltr'>se</span> <span class='ocrx_word' id='word_1_67' title='bbox 198 867 296 906; x_wconf 82' lang='lat' dir='ltr'>satis</span> <span class='ocrx_word' id='word_1_68' title='bbox 312 870 455 905; x_wconf 88' lang='lat' dir='ltr'>notum</span> <span class='ocrx_word' id='word_1_69' title='bbox 474 870 549 912; x_wconf 86' lang='lat' dir='ltr'>est,</span> <span class='ocrx_word' id='word_1_70' title='bbox 572 869 774 916; x_wconf 84' lang='lat' dir='ltr'>quantum</span> <span class='ocrx_word' id='word_1_71' title='bbox 792 866 1005 917; x_wconf 79' lang='lat' dir='ltr'>indigeant</span> <span class='ocrx_word' id='word_1_72' title='bbox 1017 866 1075 915; x_wconf 89' lang='lat' dir='ltr'>hi,</span> 
     </span>
     <span class='ocr_line' id='line_1_13' title="bbox 26 927 1077 986; baseline -0.004 -17"><span class='ocrx_word' id='word_1_73' title='bbox 26 942 36 977; x_wconf 65' lang='grc' dir='ltr'>ι</span> <span class='ocrx_word' id='word_1_74' title='bbox 53 931 119 986; x_wconf 65' lang='lat' dir='ltr'>qui</span> <span class='ocrx_word' id='word_1_75' title='bbox 135 930 328 980; x_wconf 71' lang='lat' dir='ltr'>praesunt,</span> <span class='ocrx_word' id='word_1_76' title='bbox 351 927 402 966; x_wconf 85' lang='lat' dir='ltr'>ali</span> <span class='ocrx_word' id='word_1_77' title='bbox 407 939 525 966; x_wconf 90' lang='lat' dir='ltr'>orum</span> <span class='ocrx_word' id='word_1_78' title='bbox 542 927 722 966; x_wconf 89' lang='lat' dir='ltr'>consiliis</span> <span class='ocrx_word' id='word_1_79' title='bbox 741 930 781 966; x_wconf 89' lang='lat' dir='ltr'>et</span> <span class='ocrx_word' id='word_1_80' title='bbox 797 928 919 966; x_wconf 89' lang='lat' dir='ltr'>rectis</span> <span class='ocrx_word' id='word_1_81' title='bbox 936 927 1077 966; x_wconf 89' lang='lat' dir='ltr'>admo-</span> 
     </span>
     <span class='ocr_line' id='line_1_14' title="bbox 15 988 1077 1042; baseline -0.007 -8.946"><span class='ocrx_word' id='word_1_82' title='bbox 15 989 296 1042; x_wconf 57' lang='grc' dir='ltr'>ὶῃὶῒίοηίὴιιε;</span> <span class='ocrx_word' id='word_1_83' title='bbox 323 989 475 1028; x_wconf 87' lang='lat' dir='ltr'>etenim</span> <span class='ocrx_word' id='word_1_84' title='bbox 500 989 740 1027; x_wconf 88' lang='lat' dir='ltr'>Aristoteles</span> <span class='ocrx_word' id='word_1_85' title='bbox 761 988 936 1039; x_wconf 85' lang='lat' dir='ltr'>scripsit,</span> <span class='ocrx_word' id='word_1_86' title='bbox 959 990 982 1027; x_wconf 92' lang='lat'><strong>3</strong></span> <span class='ocrx_word' id='word_1_87' title='bbox 1005 989 1077 1026; x_wconf 90' lang='lat' dir='ltr'>Po-</span> 
     </span>
     <span class='ocr_line' id='line_1_15' title="bbox 20 1050 1076 1120; baseline -0.003 -30"><span class='ocrx_word' id='word_1_88' title='bbox 20 1050 162 1096; x_wconf 60' lang='lat' dir='ltr'>ilitic„</span> <span class='ocrx_word' id='word_1_89' title='bbox 181 1062 216 1089; x_wconf 84' lang='lat' dir='ltr'>c.</span> <span class='ocrx_word' id='word_1_90' title='bbox 243 1051 282 1097; x_wconf 90' lang='lat'>3,</span> <span class='ocrx_word' id='word_1_91' title='bbox 311 1050 573 1120; x_wconf 81' lang='lat' dir='ltr'>prudentiam</span> <span class='ocrx_word' id='word_1_92' title='bbox 597 1050 789 1089; x_wconf 86' lang='lat' dir='ltr'>virtutem</span> <span class='ocrx_word' id='word_1_93' title='bbox 813 1061 904 1088; x_wconf 88' lang='lat' dir='ltr'>esse</span> <span class='ocrx_word' id='word_1_94' title='bbox 932 1060 1076 1087; x_wconf 91' lang='lat' dir='ltr'>eorum</span> 
     </span>
     <span class='ocr_line' id='line_1_16' title="bbox 17 1111 1078 1181; baseline -0.005 -26"><span class='ocrx_word' id='word_1_95' title='bbox 17 1127 34 1169; x_wconf 54' lang='lat' dir='ltr'>j</span> <span class='ocrx_word' id='word_1_96' title='bbox 51 1112 283 1181; x_wconf 72' lang='lat' dir='ltr'>propriam,</span> <span class='ocrx_word' id='word_1_97' title='bbox 316 1112 388 1163; x_wconf 88' lang='lat' dir='ltr'>qui</span> <span class='ocrx_word' id='word_1_98' title='bbox 406 1112 628 1163; x_wconf 86' lang='lat' dir='ltr'>imperium</span> <span class='ocrx_word' id='word_1_99' title='bbox 650 1111 858 1158; x_wconf 80' lang='lat' dir='ltr'>obtinent,</span> <span class='ocrx_word' id='word_1_100' title='bbox 882 1111 978 1161; x_wconf 87' lang='lat' dir='ltr'>quia</span> <span class='ocrx_word' id='word_1_101' title='bbox 998 1111 1078 1150; x_wconf 91' lang='lat' dir='ltr'>illis</span> 
     </span>
     <span class='ocr_line' id='line_1_17' title="bbox 26 1141 1078 1223; baseline -0.004 -10"><span class='ocrx_word' id='word_1_102' title='bbox 26 1189 32 1213; x_wconf 69' lang='grc' dir='ltr'>ι</span> <span class='ocrx_word' id='word_1_103' title='bbox 52 1168 94 1217; x_wconf 79' lang='lat' dir='ltr'>o&#39;t</span> <span class='ocrx_word' id='word_1_104' title='bbox 104 1174 282 1213; x_wconf 87' lang='lat' dir='ltr'>maxime</span> <span class='ocrx_word' id='word_1_105' title='bbox 298 1174 533 1213; x_wconf 87' lang='lat' dir='ltr'>necessaria</span> <span class='ocrx_word' id='word_1_106' title='bbox 553 1177 628 1219; x_wconf 90' lang='lat' dir='ltr'>est,</span> <span class='ocrx_word' id='word_1_107' title='bbox 652 1176 692 1211; x_wconf 88' lang='lat' dir='ltr'>et</span> <span class='ocrx_word' id='word_1_108' title='bbox 707 1172 792 1211; x_wconf 89' lang='lat' dir='ltr'>fere</span> <span class='ocrx_word' id='word_1_109' title='bbox 812 1141 865 1210; x_wconf 87' lang='lat' dir='ltr'>ad</span> <span class='ocrx_word' id='word_1_110' title='bbox 880 1175 989 1210; x_wconf 88' lang='lat' dir='ltr'>recte</span> <span class='ocrx_word' id='word_1_111' title='bbox 1005 1183 1078 1223; x_wconf 87' lang='lat' dir='ltr'>gu-</span> 
     </span>
     <span class='ocr_line' id='line_1_18' title="bbox 27 1234 1077 1287; baseline -0.004 -11"><span class='ocrx_word' id='word_1_112' title='bbox 27 1261 30 1269; x_wconf 86' lang='lat'>·</span> <span class='ocrx_word' id='word_1_113' title='bbox 27 1235 307 1279; x_wconf 76' lang='lat' dir='ltr'>bernandum</span> <span class='ocrx_word' id='word_1_114' title='bbox 326 1236 498 1285; x_wconf 85' lang='lat' dir='ltr'>sufficit,</span> <span class='ocrx_word' id='word_1_115' title='bbox 527 1235 622 1287; x_wconf 89' lang='lat' dir='ltr'>quia</span> <span class='ocrx_word' id='word_1_116' title='bbox 641 1234 739 1273; x_wconf 88' lang='lat' dir='ltr'>dixit</span> <span class='ocrx_word' id='word_1_117' title='bbox 757 1234 1005 1284; x_wconf 85' lang='lat' dir='ltr'>Xenophon,</span> <span class='ocrx_word' id='word_1_118' title='bbox 1035 1234 1077 1272; x_wconf 93' lang='lat' dir='ltr'>in</span> 
     </span>
     <span class='ocr_line' id='line_1_19' title="bbox 19 1296 1078 1352; baseline -0.003 -15"><span class='ocrx_word' id='word_1_119' title='bbox 19 1306 30 1326; x_wconf 56' lang='lat' dir='ltr'>i</span> <span class='ocrx_word' id='word_1_120' title='bbox 51 1298 300 1352; x_wconf 79' lang='lat' dir='ltr'>Gyropaedia,</span> <span class='ocrx_word' id='word_1_121' title='bbox 321 1298 392 1337; x_wconf 90' lang='lat' dir='ltr'>lib</span> <span class='ocrx_word' id='word_1_122' title='bbox 418 1299 471 1337; x_wconf 83' lang='lat'>1:</span> <span class='ocrx_word' id='word_1_123' title='bbox 496 1297 737 1336; x_wconf 76' lang='lat' dir='ltr'>Hominibus</span> <span class='ocrx_word' id='word_1_124' title='bbox 754 1297 950 1348; x_wconf 85' lang='lat' dir='ltr'>imperare</span> <span class='ocrx_word' id='word_1_125' title='bbox 966 1296 1078 1345; x_wconf 72' lang='lat' dir='ltr'>diffi-</span> 
     </span>
     <span class='ocr_line' id='line_1_20' title="bbox 24 1355 1080 1410; baseline -0.004 -10"><span class='ocrx_word' id='word_1_126' title='bbox 24 1388 28 1392; x_wconf 89' lang='lat'><em>-</em></span> <span class='ocrx_word' id='word_1_127' title='bbox 50 1359 121 1402; x_wconf 71' lang='lat' dir='ltr'>cite</span> <span class='ocrx_word' id='word_1_128' title='bbox 137 1370 212 1398; x_wconf 89' lang='lat' dir='ltr'>non</span> <span class='ocrx_word' id='word_1_129' title='bbox 234 1363 312 1405; x_wconf 86' lang='lat' dir='ltr'>est,</span> <span class='ocrx_word' id='word_1_130' title='bbox 343 1359 381 1398; x_wconf 84' lang='lat' dir='ltr'>si</span> <span class='ocrx_word' id='word_1_131' title='bbox 402 1359 492 1410; x_wconf 83' lang='lat' dir='ltr'>quis</span> <span class='ocrx_word' id='word_1_132' title='bbox 515 1359 731 1409; x_wconf 78' lang='lat' dir='ltr'>prudenter</span> <span class='ocrx_word' id='word_1_133' title='bbox 760 1355 803 1396; x_wconf 85' lang='lat' dir='ltr'>id</span> <span class='ocrx_word' id='word_1_134' title='bbox 826 1360 952 1409; x_wconf 53' lang='grc' dir='ltr'><em>αφά,-</em></span> <span class='ocrx_word' id='word_1_135' title='bbox 979 1368 1080 1407; x_wconf 90' lang='lat' dir='ltr'>pru-</span> 
     </span>
     <span class='ocr_line' id='line_1_21' title="bbox 50 1418 1080 1470; baseline -0.006 -9"><span class='ocrx_word' id='word_1_136' title='bbox 50 1420 238 1462; x_wconf 79' lang='lat' dir='ltr'>dentibus</span> <span class='ocrx_word' id='word_1_137' title='bbox 266 1419 376 1459; x_wconf 90' lang='lat' dir='ltr'>enim</span> <span class='ocrx_word' id='word_1_138' title='bbox 406 1420 512 1458; x_wconf 91' lang='lat' dir='ltr'>ultro</span> <span class='ocrx_word' id='word_1_139' title='bbox 542 1423 723 1470; x_wconf 88' lang='lat' dir='ltr'>paretur.</span> <span class='ocrx_word' id='word_1_140' title='bbox 747 1418 864 1458; x_wconf 86' lang='lat' dir='ltr'>Unde</span> <span class='ocrx_word' id='word_1_141' title='bbox 887 1419 926 1457; x_wconf 91' lang='lat' dir='ltr'>S.</span> <span class='ocrx_word' id='word_1_142' title='bbox 950 1418 1080 1470; x_wconf 81' lang='lat' dir='ltr'>Chry-</span> 
     </span>
     <span class='ocr_line' id='line_1_22' title="bbox 50 1480 1078 1531; baseline -0.003 -9"><span class='ocrx_word' id='word_1_143' title='bbox 50 1486 272 1529; x_wconf 82' lang='lat' dir='ltr'>sostomus,</span> <span class='ocrx_word' id='word_1_144' title='bbox 301 1493 426 1521; x_wconf 91' lang='lat' dir='ltr'>serm.</span> <span class='ocrx_word' id='word_1_145' title='bbox 448 1481 609 1520; x_wconf 87' lang='lat' dir='ltr'>decimo</span> <span class='ocrx_word' id='word_1_146' title='bbox 632 1480 775 1531; x_wconf 90' lang='lat' dir='ltr'>quinto</span> <span class='ocrx_word' id='word_1_147' title='bbox 795 1480 838 1518; x_wconf 91' lang='lat' dir='ltr'>in</span> <span class='ocrx_word' id='word_1_148' title='bbox 861 1480 1078 1530; x_wconf 87' lang='lat' dir='ltr'>epistolam</span> 
     </span>
     <span class='ocr_line' id='line_1_23' title="bbox 50 1540 1080 1594; baseline -0.005 -10"><span class='ocrx_word' id='word_1_149' title='bbox 50 1543 102 1584; x_wconf 79' lang='lat' dir='ltr'>ad</span> <span class='ocrx_word' id='word_1_150' title='bbox 127 1543 326 1594; x_wconf 88' lang='lat' dir='ltr'>Ephesios</span> <span class='ocrx_word' id='word_1_151' title='bbox 356 1553 366 1581; x_wconf 91' lang='lat'><strong>:</strong></span> <span class='ocrx_word' id='word_1_152' title='bbox 389 1542 513 1584; x_wconf 71' lang='lat' dir='ltr'>Nihil</span> <span class='ocrx_word' id='word_1_153' title='bbox 536 1543 589 1582; x_wconf 87' lang='lat' dir='ltr'>ad</span> <span class='ocrx_word' id='word_1_154' title='bbox 610 1553 742 1581; x_wconf 87' lang='lat' dir='ltr'>rerum</span> <span class='ocrx_word' id='word_1_155' title='bbox 769 1540 929 1593; x_wconf 89' lang='lat' dir='ltr'>(inquit)</span> <span class='ocrx_word' id='word_1_156' title='bbox 953 1541 1080 1581; x_wconf 88' lang='lat' dir='ltr'>admi-</span> 
     </span>
     <span class='ocr_line' id='line_1_24' title="bbox 48 1602 1081 1652; baseline -0.006 -6"><span class='ocrx_word' id='word_1_157' title='bbox 48 1604 327 1646; x_wconf 70' lang='lat' dir='ltr'>nistrationem</span> <span class='ocrx_word' id='word_1_158' title='bbox 365 1604 426 1643; x_wconf 90' lang='lat' dir='ltr'>ita</span> <span class='ocrx_word' id='word_1_159' title='bbox 458 1602 720 1642; x_wconf 74' lang='lat' dir='ltr'>neces-sarium</span> <span class='ocrx_word' id='word_1_160' title='bbox 752 1605 809 1641; x_wconf 85' lang='lat' dir='ltr'>est</span> <span class='ocrx_word' id='word_1_161' title='bbox 844 1605 959 1651; x_wconf 81' lang='lat' dir='ltr'>atque</span> <span class='ocrx_word' id='word_1_162' title='bbox 982 1613 1081 1652; x_wconf 84' lang='lat' dir='ltr'>pru-</span> 
     </span>
     <span class='ocr_line' id='line_1_25' title="bbox 48 1662 1080 1712; baseline -0.004 -8"><span class='ocrx_word' id='word_1_163' title='bbox 48 1665 194 1708; x_wconf 76' lang='lat' dir='ltr'>dentia.</span> <span class='ocrx_word' id='word_1_164' title='bbox 227 1666 399 1703; x_wconf 85' lang='lat' dir='ltr'>Rectum</span> <span class='ocrx_word' id='word_1_165' title='bbox 428 1667 566 1702; x_wconf 86' lang='lat' dir='ltr'>autem</span> <span class='ocrx_word' id='word_1_166' title='bbox 597 1675 644 1701; x_wconf 86' lang='lat' dir='ltr'>ac</span> <span class='ocrx_word' id='word_1_167' title='bbox 671 1674 820 1701; x_wconf 89' lang='lat' dir='ltr'>sanum</span> <span class='ocrx_word' id='word_1_168' title='bbox 848 1662 1080 1712; x_wconf 81' lang='lat' dir='ltr'>prudentiae</span> 
     </span>
     <span class='ocr_line' id='line_1_26' title="bbox 45 1723 1078 1778; baseline -0.003 -13"><span class='ocrx_word' id='word_1_169' title='bbox 45 1725 246 1778; x_wconf 85' lang='lat' dir='ltr'>judicium</span> <span class='ocrx_word' id='word_1_170' title='bbox 263 1725 439 1763; x_wconf 85' lang='lat' dir='ltr'>maxime</span> <span class='ocrx_word' id='word_1_171' title='bbox 460 1723 613 1775; x_wconf 86' lang='lat' dir='ltr'>pendet</span> <span class='ocrx_word' id='word_1_172' title='bbox 632 1735 681 1762; x_wconf 91' lang='lat' dir='ltr'>ex</span> <span class='ocrx_word' id='word_1_173' title='bbox 699 1723 871 1773; x_wconf 83' lang='lat' dir='ltr'>sapienti</span> <span class='ocrx_word' id='word_1_174' title='bbox 892 1723 1078 1770; x_wconf 86' lang='lat' dir='ltr'>consilio;</span> 
     </span>
     <span class='ocr_line' id='line_1_27' title="bbox 49 1784 1082 1834; baseline -0.002 -9"><span class='ocrx_word' id='word_1_175' title='bbox 49 1787 188 1826; x_wconf 91' lang='lat' dir='ltr'>nullus</span> <span class='ocrx_word' id='word_1_176' title='bbox 208 1791 269 1824; x_wconf 89' lang='lat' dir='ltr'>est</span> <span class='ocrx_word' id='word_1_177' title='bbox 287 1786 397 1825; x_wconf 90' lang='lat' dir='ltr'>enim</span> <span class='ocrx_word' id='word_1_178' title='bbox 415 1785 628 1824; x_wconf 90' lang='lat' dir='ltr'>hominum</span> <span class='ocrx_word' id='word_1_179' title='bbox 649 1784 717 1834; x_wconf 88' lang='lat' dir='ltr'>qui</span> <span class='ocrx_word' id='word_1_180' title='bbox 733 1784 811 1821; x_wconf 88' lang='lat' dir='ltr'>sibi</span> <span class='ocrx_word' id='word_1_181' title='bbox 832 1784 1021 1829; x_wconf 77' lang='lat' dir='ltr'>sufficiat,</span> <span class='ocrx_word' id='word_1_182' title='bbox 1042 1787 1082 1823; x_wconf 87' lang='lat' dir='ltr'>et</span> 
     </span>
     <span class='ocr_line' id='line_1_28' title="bbox 47 1845 1083 1900; baseline -0.004 -14"><span class='ocrx_word' id='word_1_183' title='bbox 47 1847 280 1900; x_wconf 80' lang='lat' dir='ltr'>praesertim</span> <span class='ocrx_word' id='word_1_184' title='bbox 305 1846 347 1884; x_wconf 92' lang='lat' dir='ltr'>in</span> <span class='ocrx_word' id='word_1_185' title='bbox 372 1850 484 1885; x_wconf 88' lang='lat' dir='ltr'>tanta</span> <span class='ocrx_word' id='word_1_186' title='bbox 509 1857 649 1884; x_wconf 89' lang='lat' dir='ltr'>rerum</span> <span class='ocrx_word' id='word_1_187' title='bbox 671 1847 870 1883; x_wconf 87' lang='lat' dir='ltr'>varietate</span> <span class='ocrx_word' id='word_1_188' title='bbox 900 1857 948 1882; x_wconf 87' lang='lat' dir='ltr'>ac</span> <span class='ocrx_word' id='word_1_189' title='bbox 977 1845 1083 1883; x_wconf 89' lang='lat' dir='ltr'>diffi-</span> 
     </span>
     <span class='ocr_line' id='line_1_29' title="bbox 49 1905 1082 1957; baseline -0.007 -8"><span class='ocrx_word' id='word_1_190' title='bbox 49 1908 213 1953; x_wconf 78' lang='lat' dir='ltr'>cultate,</span> <span class='ocrx_word' id='word_1_191' title='bbox 232 1910 386 1957; x_wconf 86' lang='lat' dir='ltr'>quanta</span> <span class='ocrx_word' id='word_1_192' title='bbox 403 1907 444 1944; x_wconf 92' lang='lat' dir='ltr'>in</span> <span class='ocrx_word' id='word_1_193' title='bbox 461 1906 622 1956; x_wconf 87' lang='lat' dir='ltr'>publica</span> <span class='ocrx_word' id='word_1_194' title='bbox 644 1905 999 1943; x_wconf 80' lang='lat' dir='ltr'>administratione</span> <span class='ocrx_word' id='word_1_195' title='bbox 1018 1917 1082 1943; x_wconf 89' lang='lat' dir='ltr'>oc-</span> 
     </span>
     <span class='ocr_line' id='line_1_30' title="bbox 50 1965 1083 2018; baseline -0.006 -9"><span class='ocrx_word' id='word_1_196' title='bbox 50 1969 188 2010; x_wconf 84' lang='lat' dir='ltr'>currit.</span> <span class='ocrx_word' id='word_1_197' title='bbox 205 1969 319 2015; x_wconf 91' lang='lat' dir='ltr'>Quod</span> <span class='ocrx_word' id='word_1_198' title='bbox 331 1967 520 2018; x_wconf 85' lang='lat' dir='ltr'>exemplo</span> <span class='ocrx_word' id='word_1_199' title='bbox 538 1967 689 2018; x_wconf 79' lang='lat' dir='ltr'>Moysis</span> <span class='ocrx_word' id='word_1_200' title='bbox 700 1966 936 2017; x_wconf 85' lang='lat' dir='ltr'>accipientis</span> <span class='ocrx_word' id='word_1_201' title='bbox 949 1965 1083 2005; x_wconf 88' lang='lat' dir='ltr'>consi-</span> 
     </span>
     <span class='ocr_line' id='line_1_31' title="bbox 50 2026 1084 2072; baseline -0.005 -2"><span class='ocrx_word' id='word_1_202' title='bbox 50 2029 150 2071; x_wconf 87' lang='lat' dir='ltr'>lium</span> <span class='ocrx_word' id='word_1_203' title='bbox 180 2029 309 2068; x_wconf 86' lang='lat' dir='ltr'>soceri</span> <span class='ocrx_word' id='word_1_204' title='bbox 343 2029 405 2067; x_wconf 93' lang='lat' dir='ltr'>sui</span> <span class='ocrx_word' id='word_1_205' title='bbox 435 2028 614 2067; x_wconf 87' lang='lat' dir='ltr'>ostendit</span> <span class='ocrx_word' id='word_1_206' title='bbox 640 2029 764 2072; x_wconf 90' lang='lat' dir='ltr'>Deus,</span> <span class='ocrx_word' id='word_1_207' title='bbox 797 2026 925 2066; x_wconf 90' lang='lat' dir='ltr'>Exod.</span> <span class='ocrx_word' id='word_1_208' title='bbox 951 2028 1014 2071; x_wconf 80' lang='lat'>18,</span> <span class='ocrx_word' id='word_1_209' title='bbox 1038 2029 1084 2065; x_wconf 83' lang='lat' dir='ltr'>ut</span> 
     </span>
     <span class='ocr_line' id='line_1_32' title="bbox 0 2086 1079 2138; baseline -0.01 -3"><span class='ocrx_word' id='word_1_210' title='bbox 0 2106 1 2135; x_wconf 67' lang='lat'>1</span> <span class='ocrx_word' id='word_1_211' title='bbox 51 2091 203 2132; x_wconf 89' lang='lat' dir='ltr'>notavit</span> <span class='ocrx_word' id='word_1_212' title='bbox 238 2090 376 2138; x_wconf 88' lang='lat' dir='ltr'>Philo,</span> <span class='ocrx_word' id='word_1_213' title='bbox 415 2090 487 2128; x_wconf 92' lang='lat' dir='ltr'>lib.</span> <span class='ocrx_word' id='word_1_214' title='bbox 527 2089 578 2128; x_wconf 89' lang='lat' dir='ltr'>de</span> <span class='ocrx_word' id='word_1_215' title='bbox 613 2089 827 2128; x_wconf 87' lang='lat' dir='ltr'>Creatione</span> <span class='ocrx_word' id='word_1_216' title='bbox 859 2086 1079 2138; x_wconf 86' lang='lat' dir='ltr'>principis,</span> 
     </span>
     <span class='ocr_line' id='line_1_33' title="bbox 0 2149 1082 2200; baseline -0.005 -8"><span class='ocrx_word' id='word_1_217' title='bbox 0 2151 1 2162; x_wconf 63' lang='lat'>¹</span> <span class='ocrx_word' id='word_1_218' title='bbox 53 2156 148 2192; x_wconf 81' lang='lat' dir='ltr'>ante</span> <span class='ocrx_word' id='word_1_219' title='bbox 167 2152 367 2200; x_wconf 85' lang='lat' dir='ltr'>medium,</span> <span class='ocrx_word' id='word_1_220' title='bbox 389 2150 530 2190; x_wconf 89' lang='lat' dir='ltr'>dicens</span> <span class='ocrx_word' id='word_1_221' title='bbox 551 2163 559 2189; x_wconf 79' lang='lat' dir='ltr'>z</span> <span class='ocrx_word' id='word_1_222' title='bbox 583 2151 767 2191; x_wconf 81' lang='lat' dir='ltr'>Relatum</span> <span class='ocrx_word' id='word_1_223' title='bbox 790 2153 848 2190; x_wconf 85' lang='lat' dir='ltr'>est</span> <span class='ocrx_word' id='word_1_224' title='bbox 865 2150 933 2187; x_wconf 60' lang='lat' dir='ltr'>no„</span> <span class='ocrx_word' id='word_1_225' title='bbox 952 2149 996 2187; x_wconf 87' lang='lat' dir='ltr'>in</span> <span class='ocrx_word' id='word_1_226' title='bbox 1016 2160 1082 2188; x_wconf 91' lang='lat' dir='ltr'>sa-</span> 
     </span>
     <span class='ocr_line' id='line_1_34' title="bbox 53 2211 1083 2263; baseline -0.006 -9"><span class='ocrx_word' id='word_1_227' title='bbox 53 2223 122 2256; x_wconf 80' lang='lat' dir='ltr'>ora</span> <span class='ocrx_word' id='word_1_228' title='bbox 139 2213 359 2260; x_wconf 74' lang='lat' dir='ltr'>volumina,</span> <span class='ocrx_word' id='word_1_229' title='bbox 387 2215 432 2252; x_wconf 91' lang='lat' dir='ltr'>ut</span> <span class='ocrx_word' id='word_1_230' title='bbox 452 2212 636 2251; x_wconf 73' lang='lat' dir='ltr'>haberent</span> <span class='ocrx_word' id='word_1_231' title='bbox 654 2211 757 2263; x_wconf 84' lang='lat' dir='ltr'>quod</span> <span class='ocrx_word' id='word_1_232' title='bbox 772 2212 978 2250; x_wconf 71' lang='lat' dir='ltr'>imitentur</span> <span class='ocrx_word' id='word_1_233' title='bbox 995 2221 1083 2259; x_wconf 88' lang='lat' dir='ltr'>pos-</span> 
     </span>
     <span class='ocr_line' id='line_1_35' title="bbox 52 2270 1080 2327; baseline -0.009 -10"><span class='ocrx_word' id='word_1_234' title='bbox 52 2277 222 2317; x_wconf 71' lang='lat' dir='ltr'>tororum</span> <span class='ocrx_word' id='word_1_235' title='bbox 237 2275 455 2327; x_wconf 75' lang='lat' dir='ltr'>principes,</span> <span class='ocrx_word' id='word_1_236' title='bbox 468 2285 514 2312; x_wconf 92' lang='lat' dir='ltr'>ne</span> <span class='ocrx_word' id='word_1_237' title='bbox 534 2281 795 2322; x_wconf 73' lang='lat' dir='ltr'>aspernentur</span> <span class='ocrx_word' id='word_1_238' title='bbox 815 2270 1080 2318; x_wconf 74' lang='lat' dir='ltr'>consiliarios,</span> 
     </span>
     <span class='ocr_line' id='line_1_36' title="bbox 78 2334 1086 2388; baseline -0.004 -10"><span class='ocrx_word' id='word_1_239' title='bbox 78 2334 167 2378; x_wconf 70' lang='lat' dir='ltr'>aasz·</span> <span class='ocrx_word' id='word_1_240' title='bbox 194 2337 352 2388; x_wconf 75' lang='lat' dir='ltr'>possint</span> <span class='ocrx_word' id='word_1_241' title='bbox 380 2337 461 2388; x_wconf 88' lang='lat' dir='ltr'>ipsi</span> <span class='ocrx_word' id='word_1_242' title='bbox 492 2335 685 2385; x_wconf 76' lang='lat' dir='ltr'>dispicere</span> <span class='ocrx_word' id='word_1_243' title='bbox 723 2334 883 2383; x_wconf 86' lang='lat' dir='ltr'>omnia,</span> <span class='ocrx_word' id='word_1_244' title='bbox 922 2344 1008 2374; x_wconf 82' lang='lat' dir='ltr'>cum</span> <span class='ocrx_word' id='word_1_245' title='bbox 1038 2344 1086 2374; x_wconf 76' lang='lat' dir='ltr'>ne</span> 
     </span>
     <span class='ocr_line' id='line_1_37' title="bbox 52 2347 693 2449; baseline -0.011 -7"><span class='ocrx_word' id='word_1_246' title='bbox 52 2347 183 2442; x_wconf 51' lang='lat' dir='ltr'>{doses</span> <span class='ocrx_word' id='word_1_247' title='bbox 201 2398 355 2449; x_wconf 83' lang='lat' dir='ltr'>quidem</span> <span class='ocrx_word' id='word_1_248' title='bbox 374 2400 608 2447; x_wconf 85' lang='lat' dir='ltr'>aspernatus</span> <span class='ocrx_word' id='word_1_249' title='bbox 628 2396 693 2435; x_wconf 84' lang='lat' dir='ltr'>sit.</span> 
     </span>
     <span class='ocr_line' id='line_1_38' title="bbox 105 2454 1084 2507; baseline -0.004 -9"><span class='ocrx_word' id='word_1_250' title='bbox 105 2460 144 2498; x_wconf 85' lang='lat'>6.</span> <span class='ocrx_word' id='word_1_251' title='bbox 168 2460 290 2498; x_wconf 88' lang='lat' dir='ltr'>Dicta</span> <span class='ocrx_word' id='word_1_252' title='bbox 309 2457 468 2497; x_wconf 82' lang='lat' dir='ltr'>utilitas</span> <span class='ocrx_word' id='word_1_253' title='bbox 480 2457 726 2507; x_wconf 71' lang='lat' dir='ltr'>expetibilior</span> <span class='ocrx_word' id='word_1_254' title='bbox 736 2456 777 2495; x_wconf 88' lang='lat' dir='ltr'>in</span> <span class='ocrx_word' id='word_1_255' title='bbox 788 2455 982 2506; x_wconf 73' lang='lat' dir='ltr'>reyimine</span> <span class='ocrx_word' id='word_1_256' title='bbox 997 2454 1084 2495; x_wconf 90' lang='lat' dir='ltr'>ani-</span> 
     </span>
     <span class='ocr_line' id='line_1_39' title="bbox 35 2515 1081 2567; baseline -0.007 -7"><span class='ocrx_word' id='word_1_257' title='bbox 35 2528 223 2566; x_wconf 63' lang='lat' dir='ltr'>marum.</span> <span class='ocrx_word' id='word_1_258' title='bbox 242 2539 295 2547; x_wconf 94' lang='lat'>—</span> <span class='ocrx_word' id='word_1_259' title='bbox 313 2517 405 2559; x_wconf 88' lang='lat' dir='ltr'>Vide</span> <span class='ocrx_word' id='word_1_260' title='bbox 425 2517 654 2564; x_wconf 83' lang='lat' dir='ltr'>Simancas,</span> <span class='ocrx_word' id='word_1_261' title='bbox 675 2517 743 2555; x_wconf 86' lang='lat' dir='ltr'>lib.</span> <span class='ocrx_word' id='word_1_262' title='bbox 779 2518 805 2555; x_wconf 85' lang='lat'>9</span> <span class='ocrx_word' id='word_1_263' title='bbox 840 2517 885 2554; x_wconf 86' lang='lat' dir='ltr'>de</span> <span class='ocrx_word' id='word_1_264' title='bbox 912 2515 1081 2567; x_wconf 57' lang='lat' dir='ltr'>Ripae„</span> 
     </span>
     <span class='ocr_line' id='line_1_40' title="bbox 36 2574 1084 2628; baseline -0.007 -6.251"><span class='ocrx_word' id='word_1_265' title='bbox 36 2574 88 2628; x_wconf 47' lang='grc' dir='ltr'>ἕρ.</span> <span class='ocrx_word' id='word_1_266' title='bbox 109 2578 340 2624; x_wconf 69' lang='grc' dir='ltr'>2.-ουοό</span> <span class='ocrx_word' id='word_1_267' title='bbox 361 2578 393 2616; x_wconf 94' lang='lat' dir='ltr'>si</span> <span class='ocrx_word' id='word_1_268' title='bbox 413 2578 490 2616; x_wconf 89' lang='lat' dir='ltr'>hoc</span> <span class='ocrx_word' id='word_1_269' title='bbox 510 2588 654 2615; x_wconf 88' lang='lat' dir='ltr'>verum</span> <span class='ocrx_word' id='word_1_270' title='bbox 673 2579 734 2614; x_wconf 89' lang='lat' dir='ltr'>est</span> <span class='ocrx_word' id='word_1_271' title='bbox 754 2576 796 2614; x_wconf 89' lang='lat' dir='ltr'>in</span> <span class='ocrx_word' id='word_1_272' title='bbox 819 2587 1084 2626; x_wconf 85' lang='lat' dir='ltr'>quocumque</span> 
     </span>
     <span class='ocr_line' id='line_1_41' title="bbox 40 2637 1087 2691; baseline -0.005 -12"><span class='ocrx_word' id='word_1_273' title='bbox 40 2639 268 2691; x_wconf 67' lang='lat' dir='ltr'>‘&#39;regimine,</span> <span class='ocrx_word' id='word_1_274' title='bbox 296 2638 424 2677; x_wconf 88' lang='lat' dir='ltr'>multo</span> <span class='ocrx_word' id='word_1_275' title='bbox 445 2637 576 2688; x_wconf 80' lang='lat' dir='ltr'>magis</span> <span class='ocrx_word' id='word_1_276' title='bbox 605 2638 648 2675; x_wconf 91' lang='lat' dir='ltr'>in</span> <span class='ocrx_word' id='word_1_277' title='bbox 670 2637 903 2675; x_wconf 88' lang='lat' dir='ltr'>animarum</span> <span class='ocrx_word' id='word_1_278' title='bbox 934 2637 1087 2686; x_wconf 83' lang='lat' dir='ltr'>guber-</span> 
     </span>
     <span class='ocr_line' id='line_1_42' title="bbox 48 2696 1087 2750; baseline -0.005 -9"><span class='ocrx_word' id='word_1_279' title='bbox 48 2702 235 2747; x_wconf 76' lang='lat' dir='ltr'>natione,</span> <span class='ocrx_word' id='word_1_280' title='bbox 256 2711 382 2750; x_wconf 87' lang='lat' dir='ltr'>quam</span> <span class='ocrx_word' id='word_1_281' title='bbox 403 2710 493 2737; x_wconf 90' lang='lat' dir='ltr'>esse</span> <span class='ocrx_word' id='word_1_282' title='bbox 515 2701 646 2737; x_wconf 88' lang='lat' dir='ltr'>artem</span> <span class='ocrx_word' id='word_1_283' title='bbox 666 2699 831 2741; x_wconf 86' lang='lat' dir='ltr'>artium,</span> <span class='ocrx_word' id='word_1_284' title='bbox 847 2696 947 2735; x_wconf 83' lang='lat' dir='ltr'>dixit</span> <span class='ocrx_word' id='word_1_285' title='bbox 965 2698 1087 2736; x_wconf 89' lang='lat' dir='ltr'>Inno-</span> 
     </span>
     <span class='ocr_line' id='line_1_43' title="bbox 58 2758 1086 2811; baseline -0.006 -10"><span class='ocrx_word' id='word_1_286' title='bbox 58 2761 212 2802; x_wconf 73' lang='lat' dir='ltr'>centius</span> <span class='ocrx_word' id='word_1_287' title='bbox 234 2761 297 2809; x_wconf 93' lang='lat'>111,</span> <span class='ocrx_word' id='word_1_288' title='bbox 319 2760 360 2799; x_wconf 93' lang='lat' dir='ltr'>in</span> <span class='ocrx_word' id='word_1_289' title='bbox 377 2771 467 2811; x_wconf 87' lang='lat' dir='ltr'>cap.</span> <span class='ocrx_word' id='word_1_290' title='bbox 493 2759 592 2799; x_wconf 88' lang='lat' dir='ltr'>Cum</span> <span class='ocrx_word' id='word_1_291' title='bbox 614 2759 682 2807; x_wconf 86' lang='lat' dir='ltr'>sit,</span> <span class='ocrx_word' id='word_1_292' title='bbox 705 2758 756 2797; x_wconf 88' lang='lat' dir='ltr'>de</span> <span class='ocrx_word' id='word_1_293' title='bbox 776 2758 909 2796; x_wconf 85' lang='lat' dir='ltr'>AEtate</span> <span class='ocrx_word' id='word_1_294' title='bbox 932 2762 972 2796; x_wconf 88' lang='lat' dir='ltr'>et</span> <span class='ocrx_word' id='word_1_295' title='bbox 989 2769 1086 2808; x_wconf 88' lang='lat' dir='ltr'>qua-</span> 
     </span>
     <span class='ocr_line' id='line_1_44' title="bbox 56 2818 1086 2871; baseline -0.005 -9"><span class='ocrx_word' id='word_1_296' title='bbox 56 2820 182 2862; x_wconf 81' lang='lat' dir='ltr'>litate.</span> <span class='ocrx_word' id='word_1_297' title='bbox 204 2822 252 2861; x_wconf 88' lang='lat' dir='ltr'>Et</span> <span class='ocrx_word' id='word_1_298' title='bbox 281 2821 375 2860; x_wconf 89' lang='lat' dir='ltr'>ideo</span> <span class='ocrx_word' id='word_1_299' title='bbox 412 2820 745 2871; x_wconf 85' lang='lat' dir='ltr'>Chrysostomus,</span> <span class='ocrx_word' id='word_1_300' title='bbox 775 2819 847 2859; x_wconf 90' lang='lat' dir='ltr'>lib.</span> <span class='ocrx_word' id='word_1_301' title='bbox 873 2818 923 2857; x_wconf 90' lang='lat' dir='ltr'>de</span> <span class='ocrx_word' id='word_1_302' title='bbox 946 2819 1086 2858; x_wconf 81' lang='lat' dir='ltr'>Sacer-</span> 
     </span>
     <span class='ocr_line' id='line_1_45' title="bbox 57 2882 1087 2938; baseline -0.003 -15"><span class='ocrx_word' id='word_1_303' title='bbox 57 2882 182 2938; x_wconf 80' lang='lat' dir='ltr'>dotio,</span> <span class='ocrx_word' id='word_1_304' title='bbox 204 2883 303 2922; x_wconf 84' lang='lat' dir='ltr'>dixit</span> <span class='ocrx_word' id='word_1_305' title='bbox 322 2896 330 2922; x_wconf 89' lang='grc'>;</span> <span class='ocrx_word' id='word_1_306' title='bbox 351 2883 410 2922; x_wconf 84' lang='lat' dir='ltr'>E&#39;t</span> <span class='ocrx_word' id='word_1_307' title='bbox 426 2884 464 2923; x_wconf 76' lang='lat' dir='ltr'>si</span> <span class='ocrx_word' id='word_1_308' title='bbox 488 2883 579 2934; x_wconf 84' lang='lat' dir='ltr'>quis</span> <span class='ocrx_word' id='word_1_309' title='bbox 595 2893 782 2933; x_wconf 67' lang='lat' dir='ltr'>maynam</span> <span class='ocrx_word' id='word_1_310' title='bbox 800 2885 988 2932; x_wconf 85' lang='lat' dir='ltr'>perpetua</span> <span class='ocrx_word' id='word_1_311' title='bbox 1001 2882 1087 2921; x_wconf 80' lang='lat' dir='ltr'>vita</span> 
     </span>
     <span class='ocr_line' id='line_1_46' title="bbox 50 2942 1088 2996; baseline -0.005 -11"><span class='ocrx_word' id='word_1_312' title='bbox 50 2944 308 2996; x_wconf 56' lang='lat' dir='ltr'>‘reliyionem,</span> <span class='ocrx_word' id='word_1_313' title='bbox 329 2944 590 2995; x_wconf 81' lang='lat' dir='ltr'>pietatemque</span> <span class='ocrx_word' id='word_1_314' title='bbox 616 2944 874 2993; x_wconf 70' lang='lat' dir='ltr'>praestiterit,</span> <span class='ocrx_word' id='word_1_315' title='bbox 909 2953 955 2981; x_wconf 90' lang='lat' dir='ltr'>ne</span> <span class='ocrx_word' id='word_1_316' title='bbox 986 2942 1088 2981; x_wconf 79' lang='lat' dir='ltr'>Ituna</span> 
     </span>
     <span class='ocr_line' id='line_1_47' title="bbox 59 3002 1089 3058; baseline -0.004 -14"><span class='ocrx_word' id='word_1_317' title='bbox 59 3005 211 3058; x_wconf 69' lang='lat' dir='ltr'>quidem</span> <span class='ocrx_word' id='word_1_318' title='bbox 224 3005 363 3054; x_wconf 71' lang='lat' dir='ltr'>etipere</span> <span class='ocrx_word' id='word_1_319' title='bbox 381 3005 520 3044; x_wconf 88' lang='lat' dir='ltr'>statim</span> <span class='ocrx_word' id='word_1_320' title='bbox 538 3004 702 3044; x_wconf 79' lang='lat' dir='ltr'>audeam</span> <span class='ocrx_word' id='word_1_321' title='bbox 716 3004 885 3053; x_wconf 82' lang='lat' dir='ltr'>(scilieet</span> <span class='ocrx_word' id='word_1_322' title='bbox 906 3002 958 3040; x_wconf 86' lang='lat' dir='ltr'>ad</span> <span class='ocrx_word' id='word_1_323' title='bbox 976 3003 1089 3053; x_wconf 89' lang='lat' dir='ltr'>Epis-</span> 
     </span>
     <span class='ocr_line' id='line_1_48' title="bbox 34 3064 1090 3122; baseline -0.002 -16"><span class='ocrx_word' id='word_1_324' title='bbox 34 3065 284 3122; x_wconf 44' lang='lat' dir='ltr'>jamtum),</span> <span class='ocrx_word' id='word_1_325' title='bbox 305 3065 387 3104; x_wconf 85' lang='lat' dir='ltr'>nisi</span> <span class='ocrx_word' id='word_1_326' title='bbox 409 3075 596 3116; x_wconf 72' lang='lat' dir='ltr'>maynam</span> <span class='ocrx_word' id='word_1_327' title='bbox 620 3067 740 3104; x_wconf 84' lang='lat' dir='ltr'>etiam</span> <span class='ocrx_word' id='word_1_328' title='bbox 771 3064 896 3103; x_wconf 87' lang='lat' dir='ltr'>animi</span> <span class='ocrx_word' id='word_1_329' title='bbox 920 3066 1090 3114; x_wconf 88' lang='lat' dir='ltr'>pruden-</span> 
     </span>
     <span class='ocr_line' id='line_1_49' title="bbox 43 3124 1088 3179; baseline -0.001 -15.04"><span class='ocrx_word' id='word_1_330' title='bbox 43 3124 178 3179; x_wconf 49' lang='lat' dir='ltr'>&#39;&#39;ijiam,</span> <span class='ocrx_word' id='word_1_331' title='bbox 206 3125 394 3174; x_wconf 78' lang='lat' dir='ltr'>reliyione</span> <span class='ocrx_word' id='word_1_332' title='bbox 413 3125 640 3175; x_wconf 73' lang='lat' dir='ltr'>hujusmodi</span> <span class='ocrx_word' id='word_1_333' title='bbox 668 3126 915 3176; x_wconf 86' lang='lat' dir='ltr'>conjunctam</span> <span class='ocrx_word' id='word_1_334' title='bbox 936 3125 1088 3164; x_wconf 76' lang='lat' dir='ltr'>habeat.</span> 
     </span>
     <span class='ocr_line' id='line_1_50' title="bbox 0 3186 1092 3238; baseline 0.005 -18"><span class='ocrx_word' id='word_1_335' title='bbox 0 3210 5 3220; x_wconf 92' lang='lat'>.</span> <span class='ocrx_word' id='word_1_336' title='bbox 48 3201 70 3225; x_wconf 75' lang='grc'>,-</span> <span class='ocrx_word' id='word_1_337' title='bbox 90 3197 215 3237; x_wconf 87' lang='lat' dir='ltr'>agna</span> <span class='ocrx_word' id='word_1_338' title='bbox 236 3196 330 3235; x_wconf 89' lang='lat' dir='ltr'>pars</span> <span class='ocrx_word' id='word_1_339' title='bbox 349 3189 487 3224; x_wconf 88' lang='lat' dir='ltr'>autem</span> <span class='ocrx_word' id='word_1_340' title='bbox 507 3187 628 3238; x_wconf 77' lang='lat' dir='ltr'>huJ&#39;us</span> <span class='ocrx_word' id='word_1_341' title='bbox 646 3186 875 3238; x_wconf 74' lang='lat' dir='ltr'>prudentiae</span> <span class='ocrx_word' id='word_1_342' title='bbox 901 3190 977 3234; x_wconf 90' lang='lat' dir='ltr'>est,</span> <span class='ocrx_word' id='word_1_343' title='bbox 995 3186 1092 3225; x_wconf 91' lang='lat' dir='ltr'>alio-</span> 
     </span>
    </p>
   </div>
   <div class='ocr_carea' id='block_1_3' title="bbox 27 3143 117 3449">
    <p class='ocr_par' dir='ltr' id='par_1_3' title="bbox 27 3143 117 3449">
     <span class='ocr_line' id='line_1_51' title="bbox 27 3143 117 3307; baseline 0 -105"><span class='ocrx_word' id='word_1_344' title='bbox 27 3143 117 3307; x_wconf 95' lang='lat' dir='ltr'>    </span> 
     </span>
     <span class='ocr_line' id='line_1_52' title="bbox 27 3307 98 3449; baseline 0 0"><span class='ocrx_word' id='word_1_345' title='bbox 27 3307 98 3449; x_wconf 95' lang='lat' dir='ltr'>  </span> 
     </span>
    </p>
   </div>
   <div class='ocr_carea' id='block_1_4' title="bbox 0 3245 1097 3436">
    <p class='ocr_par' dir='ltr' id='par_1_4' title="bbox 0 3245 1097 3422">
     <span class='ocr_line' id='line_1_53' title="bbox 0 3245 1094 3304; baseline 0 -20"><span class='ocrx_word' id='word_1_346' title='bbox 0 3261 5 3304; x_wconf 43' lang='lat'>:</span> <span class='ocrx_word' id='word_1_347' title='bbox 101 3257 160 3284; x_wconf 73' lang='lat' dir='ltr'>um</span> <span class='ocrx_word' id='word_1_348' title='bbox 182 3245 241 3283; x_wconf 92' lang='lat' dir='ltr'>uti</span> <span class='ocrx_word' id='word_1_349' title='bbox 258 3245 450 3284; x_wconf 87' lang='lat' dir='ltr'>consiliis.</span> <span class='ocrx_word' id='word_1_350' title='bbox 467 3247 581 3294; x_wconf 85' lang='lat' dir='ltr'>Nam,</span> <span class='ocrx_word' id='word_1_351' title='bbox 605 3252 650 3286; x_wconf 89' lang='lat' dir='ltr'>ut</span> <span class='ocrx_word' id='word_1_352' title='bbox 669 3253 780 3287; x_wconf 87' lang='lat' dir='ltr'>recte</span> <span class='ocrx_word' id='word_1_353' title='bbox 802 3247 901 3286; x_wconf 81' lang='lat' dir='ltr'>dixit</span> <span class='ocrx_word' id='word_1_354' title='bbox 920 3247 1094 3285; x_wconf 87' lang='lat' dir='ltr'>Bernar-</span> 
     </span>
     <span class='ocr_line' id='line_1_54' title="bbox 0 3306 1095 3360; baseline 0 -12"><span class='ocrx_word' id='word_1_355' title='bbox 0 3307 6 3348; x_wconf 79' lang='grc' dir='ltr'>Ξ</span> <span class='ocrx_word' id='word_1_356' title='bbox 150 3306 316 3357; x_wconf 82' lang='lat' dir='ltr'>,epist.</span> <span class='ocrx_word' id='word_1_357' title='bbox 341 3308 422 3354; x_wconf 80' lang='lat'>82,</span> <span class='ocrx_word' id='word_1_358' title='bbox 448 3309 578 3348; x_wconf 83' lang='lat' dir='ltr'>cuncti</span> <span class='ocrx_word' id='word_1_359' title='bbox 598 3310 792 3360; x_wconf 82' lang='lat' dir='ltr'>sapientes</span> <span class='ocrx_word' id='word_1_360' title='bbox 826 3309 950 3348; x_wconf 83' lang='lat' dir='ltr'>solent</span> <span class='ocrx_word' id='word_1_361' title='bbox 976 3309 1020 3346; x_wconf 93' lang='lat' dir='ltr'>in</span> <span class='ocrx_word' id='word_1_362' title='bbox 1037 3320 1095 3348; x_wconf 87' lang='lat' dir='ltr'>re-</span> 
     </span>
     <span class='ocr_line' id='line_1_55' title="bbox 0 3364 1097 3436; baseline -0.001 -29"><span class='ocrx_word' id='word_1_363' title='bbox 0 3394 5 3402; x_wconf 68' lang='grc'>.</span> <span class='ocrx_word' id='word_1_364' title='bbox 43 3367 60 3389; x_wconf 89' lang='grc'>-“</span> <span class='ocrx_word' id='word_1_365' title='bbox 83 3364 141 3409; x_wconf 58' lang='lat' dir='ltr'>fs</span> <span class='ocrx_word' id='word_1_366' title='bbox 167 3367 297 3407; x_wconf 83' lang='lat' dir='ltr'>dubiis</span> <span class='ocrx_word' id='word_1_367' title='bbox 326 3367 422 3436; x_wconf 81' lang='lat' dir='ltr'>plus</span> <span class='ocrx_word' id='word_1_368' title='bbox 453 3367 578 3407; x_wconf 81' lang='lat' dir='ltr'>alieno</span> <span class='ocrx_word' id='word_1_369' title='bbox 609 3381 726 3420; x_wconf 87' lang='lat' dir='ltr'>quam</span> <span class='ocrx_word' id='word_1_370' title='bbox 749 3370 913 3422; x_wconf 85' lang='lat' dir='ltr'>proprio</span> <span class='ocrx_word' id='word_1_371' title='bbox 940 3367 1097 3419; x_wconf 83' lang='lat' dir='ltr'>judicio</span> 
     </span>
    </p>
   </div>
   <div class='ocr_carea' id='block_1_5' title="bbox 106 741 1099 795">
    <p class='ocr_par' dir='ltr' id='par_1_5' title="bbox 106 741 1099 795">
     <span class='ocr_line' id='line_1_56' title="bbox 106 741 1099 795; baseline -0.003 -8.755"><span class='ocrx_word' id='word_1_372' title='bbox 106 746 271 788; x_wconf 53' lang='lat' dir='ltr'>&amp;Una</span> <span class='ocrx_word' id='word_1_373' title='bbox 284 743 443 784; x_wconf 79' lang='lat' dir='ltr'>utilitas</span> <span class='ocrx_word' id='word_1_374' title='bbox 462 753 508 783; x_wconf 74' lang='lat' dir='ltr'>ea</span> <span class='ocrx_word' id='word_1_375' title='bbox 524 741 662 784; x_wconf 81' lang='lat' dir='ltr'>citatis</span> <span class='ocrx_word' id='word_1_376' title='bbox 680 742 811 784; x_wconf 81' lang='lat' dir='ltr'>verbis</span> <span class='ocrx_word' id='word_1_377' title='bbox 831 742 881 785; x_wconf 78' lang='lat' dir='ltr'>S.</span> <span class='ocrx_word' id='word_1_378' title='bbox 900 742 1075 795; x_wconf 73' lang='lat' dir='ltr'>Iynatii.</span> <span class='ocrx_word' id='word_1_379' title='bbox 1095 766 1099 770; x_wconf 85' lang='lat'>-</span> 
     </span>
    </p>
   </div>
   <div class='ocr_carea' id='block_1_6' title="bbox 1129 251 2183 3415">
    <p class='ocr_par' dir='ltr' id='par_1_6' title="bbox 1129 251 2175 2612">
     <span class='ocr_line' id='line_1_57' title="bbox 1136 251 2167 327; baseline 0.012 -34"><span class='ocrx_word' id='word_1_380' title='bbox 1136 251 1310 301; x_wconf 87' lang='lat' dir='ltr'>tionem,</span> <span class='ocrx_word' id='word_1_381' title='bbox 1339 258 1575 307; x_wconf 84' lang='lat' dir='ltr'>promotum</span> <span class='ocrx_word' id='word_1_382' title='bbox 1594 257 1876 327; x_wconf 77' lang='lat' dir='ltr'>Episcopum.</span> <span class='ocrx_word' id='word_1_383' title='bbox 1897 257 2073 304; x_wconf 76' lang='lat' dir='ltr'>Paulum</span> <span class='ocrx_word' id='word_1_384' title='bbox 2094 264 2167 314; x_wconf 84' lang='lat' dir='ltr'>(in-</span> 
     </span>
     <span class='ocr_line' id='line_1_58' title="bbox 1137 314 2168 382; baseline 0.014 -30"><span class='ocrx_word' id='word_1_385' title='bbox 1137 314 1242 382; x_wconf 80' lang='lat' dir='ltr'>quit)</span> <span class='ocrx_word' id='word_1_386' title='bbox 1262 315 1419 356; x_wconf 86' lang='lat' dir='ltr'>imitari</span> <span class='ocrx_word' id='word_1_387' title='bbox 1444 322 1598 367; x_wconf 85' lang='lat' dir='ltr'>curato,</span> <span class='ocrx_word' id='word_1_388' title='bbox 1620 318 1663 358; x_wconf 81' lang='lat' dir='ltr'>in</span> <span class='ocrx_word' id='word_1_389' title='bbox 1684 320 1975 373; x_wconf 71' lang='lat' dir='ltr'>honorificando</span> <span class='ocrx_word' id='word_1_390' title='bbox 1991 324 2168 367; x_wconf 68' lang='lat' dir='ltr'>ministe-</span> 
     </span>
     <span class='ocr_line' id='line_1_59' title="bbox 1135 375 2168 434; baseline 0.013 -20"><span class='ocrx_word' id='word_1_391' title='bbox 1135 375 1244 416; x_wconf 83' lang='lat' dir='ltr'>rium</span> <span class='ocrx_word' id='word_1_392' title='bbox 1263 380 1400 421; x_wconf 83' lang='lat' dir='ltr'>tuum,·</span> <span class='ocrx_word' id='word_1_393' title='bbox 1420 377 1700 427; x_wconf 74' lang='lat' dir='ltr'>honorificabis</span> <span class='ocrx_word' id='word_1_394' title='bbox 1719 385 1848 422; x_wconf 87' lang='lat' dir='ltr'>autem</span> <span class='ocrx_word' id='word_1_395' title='bbox 1868 384 2070 434; x_wconf 61' lang='lat' dir='ltr'>pravitate</span> <span class='ocrx_word' id='word_1_396' title='bbox 2087 396 2168 427; x_wconf 82' lang='lat' dir='ltr'>mo-</span> 
     </span>
     <span class='ocr_line' id='line_1_60' title="bbox 1132 437 2166 490; baseline 0.012 -14"><span class='ocrx_word' id='word_1_397' title='bbox 1132 447 1239 486; x_wconf 83' lang='lat' dir='ltr'>rum,</span> <span class='ocrx_word' id='word_1_398' title='bbox 1272 437 1505 478; x_wconf 85' lang='lat' dir='ltr'>maturitate</span> <span class='ocrx_word' id='word_1_399' title='bbox 1538 441 1818 490; x_wconf 83' lang='lat' dir='ltr'>consiliorum,</span> <span class='ocrx_word' id='word_1_400' title='bbox 1844 448 2003 486; x_wconf 82' lang='lat' dir='ltr'>actuum</span> <span class='ocrx_word' id='word_1_401' title='bbox 2031 446 2166 488; x_wconf 76' lang='lat' dir='ltr'>leones-</span> 
     </span>
     <span class='ocr_line' id='line_1_61' title="bbox 1132 498 2167 557; baseline 0.011 -19"><span class='ocrx_word' id='word_1_402' title='bbox 1132 500 1238 539; x_wconf 77' lang='lat' dir='ltr'>tate:</span> <span class='ocrx_word' id='word_1_403' title='bbox 1258 498 1340 538; x_wconf 69' lang='lat' dir='ltr'>ecee</span> <span class='ocrx_word' id='word_1_404' title='bbox 1354 502 1450 539; x_wconf 78' lang='lat' dir='ltr'>sunt</span> <span class='ocrx_word' id='word_1_405' title='bbox 1469 510 1555 550; x_wconf 84' lang='lat' dir='ltr'>quoe</span> <span class='ocrx_word' id='word_1_406' title='bbox 1572 501 1755 549; x_wconf 75' lang='lat' dir='ltr'>officium</span> <span class='ocrx_word' id='word_1_407' title='bbox 1774 503 2014 557; x_wconf 81' lang='lat' dir='ltr'>Episcopale</span> <span class='ocrx_word' id='word_1_408' title='bbox 2036 507 2167 548; x_wconf 72' lang='lat' dir='ltr'>maai-</span> 
     </span>
     <span class='ocr_line' id='line_1_62' title="bbox 1130 559 2166 614; baseline 0.01 -15"><span class='ocrx_word' id='word_1_409' title='bbox 1130 570 1191 599; x_wconf 88' lang='lat' dir='ltr'>me</span> <span class='ocrx_word' id='word_1_410' title='bbox 1209 559 1434 606; x_wconf 82' lang='lat' dir='ltr'>nobilitant,</span> <span class='ocrx_word' id='word_1_411' title='bbox 1455 564 1492 599; x_wconf 91' lang='lat' dir='ltr'>et</span> <span class='ocrx_word' id='word_1_412' title='bbox 1520 565 1679 601; x_wconf 82' lang='lat' dir='ltr'>ornant.</span> <span class='ocrx_word' id='word_1_413' title='bbox 1706 561 1850 604; x_wconf 89' lang='lat' dir='ltr'>Omnia</span> <span class='ocrx_word' id='word_1_414' title='bbox 1878 569 1943 614; x_wconf 81' lang='lat' dir='ltr'>fac</span> <span class='ocrx_word' id='word_1_415' title='bbox 1971 579 2056 606; x_wconf 85' lang='lat' dir='ltr'>cum</span> <span class='ocrx_word' id='word_1_416' title='bbox 2076 579 2166 610; x_wconf 87' lang='lat' dir='ltr'>con-</span> 
     </span>
     <span class='ocr_line' id='line_1_63' title="bbox 1129 619 2161 681; baseline 0.01 -20"><span class='ocrx_word' id='word_1_417' title='bbox 1129 619 1236 667; x_wconf 74' lang='lat' dir='ltr'>sitio,</span> <span class='ocrx_word' id='word_1_418' title='bbox 1257 632 1337 659; x_wconf 91' lang='lat' dir='ltr'>non</span> <span class='ocrx_word' id='word_1_419' title='bbox 1359 624 1490 660; x_wconf 88' lang='lat' dir='ltr'>tamen</span> <span class='ocrx_word' id='word_1_420' title='bbox 1509 622 1702 670; x_wconf 80' lang='lat' dir='ltr'>omnium,</span> <span class='ocrx_word' id='word_1_421' title='bbox 1725 635 1791 663; x_wconf 87' lang='lat' dir='ltr'>nec</span> <span class='ocrx_word' id='word_1_422' title='bbox 1817 636 2161 681; x_wconf 79' lang='lat' dir='ltr'>quorumcumque,</span> 
     </span>
     <span class='ocr_line' id='line_1_64' title="bbox 1131 682 2162 741; baseline 0.007 -19"><span class='ocrx_word' id='word_1_423' title='bbox 1131 682 1202 722; x_wconf 71' lang='lat' dir='ltr'>sed</span> <span class='ocrx_word' id='word_1_424' title='bbox 1217 685 1372 722; x_wconf 87' lang='lat' dir='ltr'>tantum</span> <span class='ocrx_word' id='word_1_425' title='bbox 1406 682 1615 737; x_wconf 48' lang='lat' dir='ltr'>bonorum..</span> <span class='ocrx_word' id='word_1_426' title='bbox 1628 684 1677 722; x_wconf 88' lang='lat' dir='ltr'>Et</span> <span class='ocrx_word' id='word_1_427' title='bbox 1708 683 1803 722; x_wconf 89' lang='lat' dir='ltr'>ideo</span> <span class='ocrx_word' id='word_1_428' title='bbox 1830 685 2019 726; x_wconf 88' lang='lat' dir='ltr'>Clemens</span> <span class='ocrx_word' id='word_1_429' title='bbox 2038 690 2162 741; x_wconf 79' lang='lat' dir='ltr'>Papa,</span> 
     </span>
     <span class='ocr_line' id='line_1_65' title="bbox 1132 743 2164 798; baseline 0.008 -17"><span class='ocrx_word' id='word_1_430' title='bbox 1132 743 1250 793; x_wconf 87' lang='lat' dir='ltr'>epist.</span> <span class='ocrx_word' id='word_1_431' title='bbox 1279 743 1315 790; x_wconf 87' lang='lat'>3,</span> <span class='ocrx_word' id='word_1_432' title='bbox 1343 747 1383 782; x_wconf 86' lang='lat' dir='ltr'>et</span> <span class='ocrx_word' id='word_1_433' title='bbox 1411 743 1587 786; x_wconf 86' lang='lat' dir='ltr'>refertur</span> <span class='ocrx_word' id='word_1_434' title='bbox 1612 743 1652 782; x_wconf 85' lang='lat' dir='ltr'>d.</span> <span class='ocrx_word' id='word_1_435' title='bbox 1678 745 1743 791; x_wconf 88' lang='lat'>38,</span> <span class='ocrx_word' id='word_1_436' title='bbox 1762 756 1853 794; x_wconf 86' lang='lat' dir='ltr'>cap.</span> <span class='ocrx_word' id='word_1_437' title='bbox 1879 747 1969 794; x_wconf 68' lang='lat' dir='ltr'>ult„</span> <span class='ocrx_word' id='word_1_438' title='bbox 1998 749 2164 798; x_wconf 86' lang='lat' dir='ltr'>Episco-</span> 
     </span>
     <span class='ocr_line' id='line_1_66' title="bbox 1129 807 2163 856; baseline 0.007 -14"><span class='ocrx_word' id='word_1_439' title='bbox 1129 815 1231 856; x_wconf 89' lang='lat' dir='ltr'>pum</span> <span class='ocrx_word' id='word_1_440' title='bbox 1250 807 1407 853; x_wconf 89' lang='lat' dir='ltr'>monet‚</span> <span class='ocrx_word' id='word_1_441' title='bbox 1428 809 1473 844; x_wconf 89' lang='lat' dir='ltr'>ut</span> <span class='ocrx_word' id='word_1_442' title='bbox 1493 817 1569 844; x_wconf 86' lang='lat' dir='ltr'>nee</span> <span class='ocrx_word' id='word_1_443' title='bbox 1590 810 1760 856; x_wconf 89' lang='lat' dir='ltr'>propter</span> <span class='ocrx_word' id='word_1_444' title='bbox 1788 811 2058 855; x_wconf 81' lang='lat' dir='ltr'>senectutem,</span> <span class='ocrx_word' id='word_1_445' title='bbox 2087 822 2163 850; x_wconf 87' lang='lat' dir='ltr'>nec</span> 
     </span>
     <span class='ocr_line' id='line_1_67' title="bbox 1131 866 2164 920; baseline 0.006 -17"><span class='ocrx_word' id='word_1_446' title='bbox 1131 869 1302 917; x_wconf 87' lang='lat' dir='ltr'>propter</span> <span class='ocrx_word' id='word_1_447' title='bbox 1318 866 1483 916; x_wconf 86' lang='lat' dir='ltr'>generis</span> <span class='ocrx_word' id='word_1_448' title='bbox 1501 867 1772 913; x_wconf 82' lang='lat' dir='ltr'>nobilitatem,</span> <span class='ocrx_word' id='word_1_449' title='bbox 1795 869 1957 907; x_wconf 89' lang='lat' dir='ltr'>omittat</span> <span class='ocrx_word' id='word_1_450' title='bbox 1977 870 2164 920; x_wconf 84' lang='lat' dir='ltr'>accipere</span> 
     </span>
     <span class='ocr_line' id='line_1_68' title="bbox 1130 926 2166 980; baseline 0.004 -14"><span class='ocrx_word' id='word_1_451' title='bbox 1130 926 1246 966; x_wconf 86' lang='lat' dir='ltr'>utilia</span> <span class='ocrx_word' id='word_1_452' title='bbox 1264 930 1304 965; x_wconf 90' lang='lat' dir='ltr'>et</span> <span class='ocrx_word' id='word_1_453' title='bbox 1324 927 1519 966; x_wconf 87' lang='lat' dir='ltr'>salutaria</span> <span class='ocrx_word' id='word_1_454' title='bbox 1541 929 1725 976; x_wconf 88' lang='lat' dir='ltr'>consilia,</span> <span class='ocrx_word' id='word_1_455' title='bbox 1742 928 1865 968; x_wconf 88' lang='lat' dir='ltr'>etiam</span> <span class='ocrx_word' id='word_1_456' title='bbox 1886 942 1910 967; x_wconf 89' lang='lat' dir='ltr'>a</span> <span class='ocrx_word' id='word_1_457' title='bbox 1925 931 2105 980; x_wconf 89' lang='lat' dir='ltr'>parvulis</span> <span class='ocrx_word' id='word_1_458' title='bbox 2126 935 2166 971; x_wconf 89' lang='lat' dir='ltr'>et</span> 
     </span>
     <span class='ocr_line' id='line_1_69' title="bbox 1130 987 2165 1036; baseline 0.004 -10"><span class='ocrx_word' id='word_1_459' title='bbox 1130 987 1267 1027; x_wconf 90' lang='lat' dir='ltr'>minus</span> <span class='ocrx_word' id='word_1_460' title='bbox 1288 988 1470 1027; x_wconf 88' lang='lat' dir='ltr'>eruditis.</span> <span class='ocrx_word' id='word_1_461' title='bbox 1496 989 1613 1036; x_wconf 87' lang='lat' dir='ltr'>Quod</span> <span class='ocrx_word' id='word_1_462' title='bbox 1633 1002 1676 1029; x_wconf 91' lang='lat' dir='ltr'>se</span> <span class='ocrx_word' id='word_1_463' title='bbox 1697 990 1754 1028; x_wconf 87' lang='lat' dir='ltr'>ita</span> <span class='ocrx_word' id='word_1_464' title='bbox 1774 990 2014 1029; x_wconf 84' lang='lat' dir='ltr'>observasse</span> <span class='ocrx_word' id='word_1_465' title='bbox 2042 995 2165 1030; x_wconf 88' lang='lat' dir='ltr'>testa-</span> 
     </span>
     <span class='ocr_line' id='line_1_70' title="bbox 1133 1049 2170 1101; baseline 0.006 -16"><span class='ocrx_word' id='word_1_466' title='bbox 1133 1051 1200 1087; x_wconf 89' lang='lat' dir='ltr'>tur</span> <span class='ocrx_word' id='word_1_467' title='bbox 1221 1049 1474 1099; x_wconf 83' lang='lat' dir='ltr'>Augustinus</span> <span class='ocrx_word' id='word_1_468' title='bbox 1492 1079 1501 1096; x_wconf 89' lang='lat'>,</span> <span class='ocrx_word' id='word_1_469' title='bbox 1540 1050 1658 1101; x_wconf 83' lang='lat' dir='ltr'>epist.</span> <span class='ocrx_word' id='word_1_470' title='bbox 1696 1052 1746 1090; x_wconf 82' lang='lat'>75</span> <span class='ocrx_word' id='word_1_471' title='bbox 1773 1051 1825 1090; x_wconf 89' lang='lat' dir='ltr'>ad</span> <span class='ocrx_word' id='word_1_472' title='bbox 1850 1052 2074 1100; x_wconf 88' lang='lat' dir='ltr'>Auxilium,</span> <span class='ocrx_word' id='word_1_473' title='bbox 2109 1052 2170 1092; x_wconf 47' lang='lat' dir='ltr'>die</span> 
     </span>
     <span class='ocr_line' id='line_1_71' title="bbox 1134 1110 2167 1164; baseline 0.007 -17"><span class='ocrx_word' id='word_1_474' title='bbox 1134 1121 1232 1148; x_wconf 86' lang='lat' dir='ltr'>cens</span> <span class='ocrx_word' id='word_1_475' title='bbox 1253 1121 1262 1148; x_wconf 79' lang='grc' dir='ltr'>ε</span> <span class='ocrx_word' id='word_1_476' title='bbox 1287 1110 1341 1150; x_wconf 82' lang='lat' dir='ltr'>Si</span> <span class='ocrx_word' id='word_1_477' title='bbox 1361 1110 1434 1149; x_wconf 81' lang='lat' dir='ltr'>tibi</span> <span class='ocrx_word' id='word_1_478' title='bbox 1462 1123 1577 1162; x_wconf 83' lang='lat' dir='ltr'>quam</span> <span class='ocrx_word' id='word_1_479' title='bbox 1590 1113 1702 1162; x_wconf 86' lang='lat' dir='ltr'>juste</span> <span class='ocrx_word' id='word_1_480' title='bbox 1731 1114 1820 1164; x_wconf 80' lang='lat' dir='ltr'>fiat,</span> <span class='ocrx_word' id='word_1_481' title='bbox 1842 1114 2042 1154; x_wconf 85' lang='lat' dir='ltr'>Dominus</span> <span class='ocrx_word' id='word_1_482' title='bbox 2062 1125 2167 1154; x_wconf 80' lang='lat' dir='ltr'>reve-</span> 
     </span>
     <span class='ocr_line' id='line_1_72' title="bbox 1132 1169 2170 1222; baseline 0.006 -13"><span class='ocrx_word' id='word_1_483' title='bbox 1132 1169 1248 1215; x_wconf 76' lang='lat' dir='ltr'>lavit,</span> <span class='ocrx_word' id='word_1_484' title='bbox 1271 1182 1518 1222; x_wconf 80' lang='lat' dir='ltr'>nequaquam</span> <span class='ocrx_word' id='word_1_485' title='bbox 1545 1174 1759 1221; x_wconf 80' lang='lat' dir='ltr'>juvenilem</span> <span class='ocrx_word' id='word_1_486' title='bbox 1792 1178 1946 1214; x_wconf 68' lang='lat' dir='ltr'>aetatem</span> <span class='ocrx_word' id='word_1_487' title='bbox 1973 1179 2106 1222; x_wconf 91' lang='lat' dir='ltr'>tuam,</span> <span class='ocrx_word' id='word_1_488' title='bbox 2133 1179 2170 1216; x_wconf 89' lang='lat' dir='ltr'>et</span> 
     </span>
     <span class='ocr_line' id='line_1_73' title="bbox 1133 1231 2170 1276; baseline 0.006 -6"><span class='ocrx_word' id='word_1_489' title='bbox 1133 1231 1296 1271; x_wconf 76' lang='lat' dir='ltr'>lionoris</span> <span class='ocrx_word' id='word_1_490' title='bbox 1314 1233 1595 1274; x_wconf 82' lang='lat' dir='ltr'>Ecclesiastici</span> <span class='ocrx_word' id='word_1_491' title='bbox 1614 1236 1841 1275; x_wconf 74' lang='lat' dir='ltr'>rudimenta</span> <span class='ocrx_word' id='word_1_492' title='bbox 1861 1241 2072 1275; x_wconf 78' lang='lat' dir='ltr'>contemno.</span> <span class='ocrx_word' id='word_1_493' title='bbox 2098 1236 2170 1276; x_wconf 84' lang='lat' dir='ltr'>En</span> 
     </span>
     <span class='ocr_line' id='line_1_74' title="bbox 1133 1295 2171 1349; baseline 0.004 -16"><span class='ocrx_word' id='word_1_494' title='bbox 1133 1295 1272 1333; x_wconf 89' lang='lat' dir='ltr'>adsum</span> <span class='ocrx_word' id='word_1_495' title='bbox 1295 1306 1410 1334; x_wconf 75' lang='lat' dir='ltr'>senece</span> <span class='ocrx_word' id='word_1_496' title='bbox 1428 1307 1452 1334; x_wconf 93' lang='lat' dir='ltr'>a</span> <span class='ocrx_word' id='word_1_497' title='bbox 1462 1296 1608 1346; x_wconf 80' lang='lat' dir='ltr'>juvene</span> <span class='ocrx_word' id='word_1_498' title='bbox 1627 1298 1864 1349; x_wconf 70' lang='lat' dir='ltr'>coepiscopo,</span> <span class='ocrx_word' id='word_1_499' title='bbox 1888 1301 1923 1336; x_wconf 79' lang='lat' dir='ltr'>et</span> <span class='ocrx_word' id='word_1_500' title='bbox 1943 1299 2171 1348; x_wconf 79' lang='lat' dir='ltr'>Episcopus</span> 
     </span>
     <span class='ocr_line' id='line_1_75' title="bbox 1132 1357 2170 1411; baseline 0.006 -18"><span class='ocrx_word' id='word_1_501' title='bbox 1132 1357 1189 1394; x_wconf 86' lang='lat' dir='ltr'>tot</span> <span class='ocrx_word' id='word_1_502' title='bbox 1210 1367 1405 1394; x_wconf 87' lang='lat' dir='ltr'>annorum</span> <span class='ocrx_word' id='word_1_503' title='bbox 1436 1367 1459 1394; x_wconf 92' lang='lat' dir='ltr'>a</span> <span class='ocrx_word' id='word_1_504' title='bbox 1489 1357 1636 1409; x_wconf 72' lang='lat' dir='ltr'>colteqa</span> <span class='ocrx_word' id='word_1_505' title='bbox 1656 1358 1826 1396; x_wconf 86' lang='lat' dir='ltr'>nondum</span> <span class='ocrx_word' id='word_1_506' title='bbox 1846 1359 2031 1397; x_wconf 85' lang='lat' dir='ltr'>anniculo</span> <span class='ocrx_word' id='word_1_507' title='bbox 2047 1370 2170 1411; x_wconf 84' lang='lat' dir='ltr'>para-</span> 
     </span>
     <span class='ocr_line' id='line_1_76' title="bbox 1133 1416 2172 1470; baseline 0.003 -15"><span class='ocrx_word' id='word_1_508' title='bbox 1133 1419 1199 1456; x_wconf 82' lang='lat' dir='ltr'>tus</span> <span class='ocrx_word' id='word_1_509' title='bbox 1211 1428 1296 1455; x_wconf 82' lang='lat' dir='ltr'>sum</span> <span class='ocrx_word' id='word_1_510' title='bbox 1312 1417 1471 1455; x_wconf 75' lang='lat' dir='ltr'>discere.</span> <span class='ocrx_word' id='word_1_511' title='bbox 1488 1416 1709 1467; x_wconf 84' lang='lat' dir='ltr'>Gregorius</span> <span class='ocrx_word' id='word_1_512' title='bbox 1724 1422 1880 1465; x_wconf 87' lang='lat' dir='ltr'>autem,</span> <span class='ocrx_word' id='word_1_513' title='bbox 1898 1419 1967 1456; x_wconf 78' lang='lat' dir='ltr'>lib.</span> <span class='ocrx_word' id='word_1_514' title='bbox 1988 1421 2051 1466; x_wconf 76' lang='lat'>11,</span> <span class='ocrx_word' id='word_1_515' title='bbox 2068 1419 2172 1470; x_wconf 84' lang='lat' dir='ltr'>epis-</span> 
     </span>
     <span class='ocr_line' id='line_1_77' title="bbox 1133 1476 2173 1528; baseline 0.003 -13"><span class='ocrx_word' id='word_1_516' title='bbox 1133 1476 1204 1515; x_wconf 90' lang='lat' dir='ltr'>tol.</span> <span class='ocrx_word' id='word_1_517' title='bbox 1233 1477 1433 1527; x_wconf 83' lang='lat' dir='ltr'>vigesima</span> <span class='ocrx_word' id='word_1_518' title='bbox 1463 1490 1591 1524; x_wconf 88' lang='lat' dir='ltr'>nona,</span> <span class='ocrx_word' id='word_1_519' title='bbox 1620 1482 1659 1516; x_wconf 90' lang='lat' dir='ltr'>et</span> <span class='ocrx_word' id='word_1_520' title='bbox 1690 1479 1867 1517; x_wconf 84' lang='lat' dir='ltr'>habetur</span> <span class='ocrx_word' id='word_1_521' title='bbox 1886 1480 1938 1517; x_wconf 77' lang='lat'>84</span> <span class='ocrx_word' id='word_1_522' title='bbox 1969 1479 2028 1528; x_wconf 87' lang='lat' dir='ltr'>d.,</span> <span class='ocrx_word' id='word_1_523' title='bbox 2065 1481 2173 1519; x_wconf 85' lang='lat' dir='ltr'>inter</span> 
     </span>
     <span class='ocr_line' id='line_1_78' title="bbox 1134 1537 2174 1590; baseline 0.004 -16"><span class='ocrx_word' id='word_1_524' title='bbox 1134 1537 1214 1575; x_wconf 87' lang='lat' dir='ltr'>alia</span> <span class='ocrx_word' id='word_1_525' title='bbox 1247 1537 1425 1588; x_wconf 85' lang='lat' dir='ltr'>graviter</span> <span class='ocrx_word' id='word_1_526' title='bbox 1454 1538 1720 1588; x_wconf 84' lang='lat' dir='ltr'>reprehendit</span> <span class='ocrx_word' id='word_1_527' title='bbox 1746 1540 2021 1590; x_wconf 78' lang='lat' dir='ltr'>Episcopum,</span> <span class='ocrx_word' id='word_1_528' title='bbox 2061 1540 2174 1590; x_wconf 88' lang='lat' dir='ltr'>quod</span> 
     </span>
     <span class='ocr_line' id='line_1_79' title="bbox 1135 1598 2170 1650; baseline 0.002 -13"><span class='ocrx_word' id='word_1_529' title='bbox 1135 1598 1304 1637; x_wconf 87' lang='lat' dir='ltr'>consilia</span> <span class='ocrx_word' id='word_1_530' title='bbox 1345 1598 1579 1648; x_wconf 86' lang='lat' dir='ltr'>sapientum</span> <span class='ocrx_word' id='word_1_531' title='bbox 1597 1629 1607 1646; x_wconf 89' lang='lat'>,</span> <span class='ocrx_word' id='word_1_532' title='bbox 1646 1604 1685 1638; x_wconf 87' lang='lat' dir='ltr'>et</span> <span class='ocrx_word' id='word_1_533' title='bbox 1722 1605 1834 1638; x_wconf 86' lang='lat' dir='ltr'>recta</span> <span class='ocrx_word' id='word_1_534' title='bbox 1873 1601 2139 1639; x_wconf 82' lang='lat' dir='ltr'>suadentium</span> <span class='ocrx_word' id='word_1_535' title='bbox 2160 1631 2170 1650; x_wconf 92' lang='lat'>,</span> 
     </span>
     <span class='ocr_line' id='line_1_80' title="bbox 1135 1660 2172 1712; baseline 0.004 -15"><span class='ocrx_word' id='word_1_536' title='bbox 1135 1660 1249 1698; x_wconf 86' lang='lat' dir='ltr'>nulla</span> <span class='ocrx_word' id='word_1_537' title='bbox 1269 1664 1480 1710; x_wconf 81' lang='lat' dir='ltr'>pateretur</span> <span class='ocrx_word' id='word_1_538' title='bbox 1514 1662 1672 1699; x_wconf 89' lang='lat' dir='ltr'>ratione</span> <span class='ocrx_word' id='word_1_539' title='bbox 1708 1663 1933 1712; x_wconf 73' lang='lat' dir='ltr'>suscipere.</span> <span class='ocrx_word' id='word_1_540' title='bbox 1958 1663 2172 1701; x_wconf 79' lang='lat' dir='ltr'>Rationem</span> 
     </span>
     <span class='ocr_line' id='line_1_81' title="bbox 1137 1721 2172 1774; baseline 0.003 -14"><span class='ocrx_word' id='word_1_541' title='bbox 1137 1725 1276 1760; x_wconf 86' lang='lat' dir='ltr'>autem</span> <span class='ocrx_word' id='word_1_542' title='bbox 1297 1721 1432 1771; x_wconf 82' lang='lat' dir='ltr'>tetigit</span> <span class='ocrx_word' id='word_1_543' title='bbox 1463 1722 1715 1770; x_wconf 85' lang='lat' dir='ltr'>Aristoteles,</span> <span class='ocrx_word' id='word_1_544' title='bbox 1740 1724 1764 1761; x_wconf 89' lang='lat'>3</span> <span class='ocrx_word' id='word_1_545' title='bbox 1788 1724 1961 1770; x_wconf 64' lang='lat' dir='ltr'>Politia„</span> <span class='ocrx_word' id='word_1_546' title='bbox 1991 1736 2081 1774; x_wconf 90' lang='lat' dir='ltr'>cap.</span> <span class='ocrx_word' id='word_1_547' title='bbox 2111 1725 2172 1772; x_wconf 75' lang='lat'>12,</span> 
     </span>
     <span class='ocr_line' id='line_1_82' title="bbox 1138 1781 2175 1834; baseline 0.005 -16"><span class='ocrx_word' id='word_1_548' title='bbox 1138 1782 1233 1831; x_wconf 86' lang='lat' dir='ltr'>quia</span> <span class='ocrx_word' id='word_1_549' title='bbox 1269 1781 1428 1820; x_wconf 85' lang='lat' dir='ltr'>facilius</span> <span class='ocrx_word' id='word_1_550' title='bbox 1466 1786 1526 1820; x_wconf 91' lang='lat' dir='ltr'>est</span> <span class='ocrx_word' id='word_1_551' title='bbox 1556 1783 1696 1820; x_wconf 86' lang='lat' dir='ltr'>multis</span> <span class='ocrx_word' id='word_1_552' title='bbox 1726 1783 1867 1821; x_wconf 89' lang='lat' dir='ltr'>videre</span> <span class='ocrx_word' id='word_1_553' title='bbox 1898 1784 2027 1822; x_wconf 88' lang='lat' dir='ltr'>oculis</span> <span class='ocrx_word' id='word_1_554' title='bbox 2049 1796 2175 1834; x_wconf 85' lang='lat' dir='ltr'>quam</span> 
     </span>
     <span class='ocr_line' id='line_1_83' title="bbox 1138 1842 2175 1892; baseline 0.003 -11"><span class='ocrx_word' id='word_1_555' title='bbox 1138 1842 1300 1881; x_wconf 84' lang='lat' dir='ltr'>duobus</span> <span class='ocrx_word' id='word_1_556' title='bbox 1315 1846 1489 1880; x_wconf 85' lang='lat' dir='ltr'>tantum.</span> <span class='ocrx_word' id='word_1_557' title='bbox 1507 1843 1689 1890; x_wconf 87' lang='lat' dir='ltr'>Accedit,</span> <span class='ocrx_word' id='word_1_558' title='bbox 1706 1844 1819 1892; x_wconf 88' lang='lat' dir='ltr'>quod</span> <span class='ocrx_word' id='word_1_559' title='bbox 1834 1856 1917 1881; x_wconf 92' lang='lat' dir='ltr'>non</span> <span class='ocrx_word' id='word_1_560' title='bbox 1933 1845 2067 1884; x_wconf 90' lang='lat' dir='ltr'>solum</span> <span class='ocrx_word' id='word_1_561' title='bbox 2082 1857 2175 1884; x_wconf 86' lang='lat' dir='ltr'>con-</span> 
     </span>
     <span class='ocr_line' id='line_1_84' title="bbox 1137 1903 2175 1956; baseline 0.003 -14"><span class='ocrx_word' id='word_1_562' title='bbox 1137 1903 1388 1942; x_wconf 81' lang='lat' dir='ltr'>siliarerum</span> <span class='ocrx_word' id='word_1_563' title='bbox 1421 1903 1694 1951; x_wconf 75' lang='lat' dir='ltr'>agendarum,</span> <span class='ocrx_word' id='word_1_564' title='bbox 1731 1904 1805 1942; x_wconf 89' lang='lat' dir='ltr'>sed</span> <span class='ocrx_word' id='word_1_565' title='bbox 1839 1906 1964 1943; x_wconf 84' lang='lat' dir='ltr'>etiam</span> <span class='ocrx_word' id='word_1_566' title='bbox 1985 1918 2075 1956; x_wconf 79' lang='lat' dir='ltr'>quae</span> <span class='ocrx_word' id='word_1_567' title='bbox 2103 1918 2175 1956; x_wconf 85' lang='lat' dir='ltr'>per</span> 
     </span>
     <span class='ocr_line' id='line_1_85' title="bbox 1136 1963 2175 2014; baseline 0.004 -13"><span class='ocrx_word' id='word_1_568' title='bbox 1136 1963 1308 2001; x_wconf 88' lang='lat' dir='ltr'>modum</span> <span class='ocrx_word' id='word_1_569' title='bbox 1343 1963 1670 2001; x_wconf 85' lang='lat' dir='ltr'>admonitionum</span> <span class='ocrx_word' id='word_1_570' title='bbox 1706 1964 1758 2001; x_wconf 88' lang='lat' dir='ltr'>de</span> <span class='ocrx_word' id='word_1_571' title='bbox 1803 1966 2025 2014; x_wconf 80' lang='lat' dir='ltr'>praeteritis</span> <span class='ocrx_word' id='word_1_572' title='bbox 2058 1967 2175 2005; x_wconf 86' lang='lat' dir='ltr'>factis</span> 
     </span>
     <span class='ocr_line' id='line_1_86' title="bbox 1135 2025 2172 2076; baseline 0.003 -13"><span class='ocrx_word' id='word_1_573' title='bbox 1135 2025 1302 2071; x_wconf 83' lang='lat' dir='ltr'>dantur,</span> <span class='ocrx_word' id='word_1_574' title='bbox 1325 2025 1560 2062; x_wconf 86' lang='lat' dir='ltr'>necessaria</span> <span class='ocrx_word' id='word_1_575' title='bbox 1593 2028 1688 2062; x_wconf 88' lang='lat' dir='ltr'>sunt</span> <span class='ocrx_word' id='word_1_576' title='bbox 1718 2025 1781 2062; x_wconf 90' lang='lat' dir='ltr'>his</span> <span class='ocrx_word' id='word_1_577' title='bbox 1811 2026 1880 2074; x_wconf 88' lang='lat' dir='ltr'>qui</span> <span class='ocrx_word' id='word_1_578' title='bbox 1909 2027 2172 2076; x_wconf 85' lang='lat' dir='ltr'>gubernant;</span> 
     </span>
     <span class='ocr_line' id='line_1_87' title="bbox 1135 2084 2175 2138; baseline 0.004 -15"><span class='ocrx_word' id='word_1_579' title='bbox 1135 2097 1229 2124; x_wconf 88' lang='lat' dir='ltr'>raro</span> <span class='ocrx_word' id='word_1_580' title='bbox 1252 2088 1392 2123; x_wconf 88' lang='lat' dir='ltr'>autem</span> <span class='ocrx_word' id='word_1_581' title='bbox 1413 2084 1680 2122; x_wconf 77' lang='lat' dir='ltr'>inveniuntur</span> <span class='ocrx_word' id='word_1_582' title='bbox 1702 2086 1764 2123; x_wconf 90' lang='lat' dir='ltr'>vel</span> <span class='ocrx_word' id='word_1_583' title='bbox 1786 2086 1992 2136; x_wconf 88' lang='lat' dir='ltr'>principes</span> <span class='ocrx_word' id='word_1_584' title='bbox 2015 2089 2086 2138; x_wconf 87' lang='lat' dir='ltr'>qui</span> <span class='ocrx_word' id='word_1_585' title='bbox 2106 2089 2175 2126; x_wconf 83' lang='lat' dir='ltr'>ad-</span> 
     </span>
     <span class='ocr_line' id='line_1_88' title="bbox 1136 2145 2175 2198; baseline 0.003 -14"><span class='ocrx_word' id='word_1_586' title='bbox 1136 2146 1300 2184; x_wconf 87' lang='lat' dir='ltr'>moneri</span> <span class='ocrx_word' id='word_1_587' title='bbox 1329 2146 1552 2196; x_wconf 86' lang='lat' dir='ltr'>patiantur,</span> <span class='ocrx_word' id='word_1_588' title='bbox 1574 2146 1638 2183; x_wconf 88' lang='lat' dir='ltr'>vel</span> <span class='ocrx_word' id='word_1_589' title='bbox 1659 2145 1803 2184; x_wconf 90' lang='lat' dir='ltr'>fideles</span> <span class='ocrx_word' id='word_1_590' title='bbox 1827 2148 1946 2185; x_wconf 78' lang='lat' dir='ltr'>amici</span> <span class='ocrx_word' id='word_1_591' title='bbox 1969 2152 2040 2198; x_wconf 84' lang='lat' dir='ltr'>qui</span> <span class='ocrx_word' id='word_1_592' title='bbox 2070 2149 2175 2187; x_wconf 88' lang='lat' dir='ltr'>veri-</span> 
     </span>
     <span class='ocr_line' id='line_1_89' title="bbox 1137 2207 2172 2256; baseline 0.003 -10"><span class='ocrx_word' id='word_1_593' title='bbox 1137 2212 1281 2256; x_wconf 81' lang='lat' dir='ltr'>tatem,</span> <span class='ocrx_word' id='word_1_594' title='bbox 1306 2208 1457 2245; x_wconf 89' lang='lat' dir='ltr'>omissa</span> <span class='ocrx_word' id='word_1_595' title='bbox 1484 2207 1736 2253; x_wconf 83' lang='lat' dir='ltr'>adulatione,</span> <span class='ocrx_word' id='word_1_596' title='bbox 1763 2208 1922 2246; x_wconf 86' lang='lat' dir='ltr'>sineere</span> <span class='ocrx_word' id='word_1_597' title='bbox 1939 2211 2172 2249; x_wconf 87' lang='lat' dir='ltr'>consulant.</span> 
     </span>
     <span class='ocr_line' id='line_1_90' title="bbox 1138 2268 2174 2322; baseline 0.002 -14"><span class='ocrx_word' id='word_1_598' title='bbox 1138 2270 1233 2308; x_wconf 67' lang='lat' dir='ltr'>Haeo</span> <span class='ocrx_word' id='word_1_599' title='bbox 1266 2272 1327 2307; x_wconf 89' lang='lat' dir='ltr'>est</span> <span class='ocrx_word' id='word_1_600' title='bbox 1349 2281 1446 2318; x_wconf 82' lang='lat' dir='ltr'>ergo</span> <span class='ocrx_word' id='word_1_601' title='bbox 1472 2268 1602 2318; x_wconf 87' lang='lat' dir='ltr'>prima</span> <span class='ocrx_word' id='word_1_602' title='bbox 1634 2268 1786 2306; x_wconf 88' lang='lat' dir='ltr'>utilitas</span> <span class='ocrx_word' id='word_1_603' title='bbox 1820 2270 1942 2319; x_wconf 83' lang='lat' dir='ltr'>hujus</span> <span class='ocrx_word' id='word_1_604' title='bbox 1974 2271 2072 2315; x_wconf 90' lang='lat' dir='ltr'>voti,</span> <span class='ocrx_word' id='word_1_605' title='bbox 2102 2283 2174 2322; x_wconf 84' lang='lat' dir='ltr'>per</span> 
     </span>
     <span class='ocr_line' id='line_1_91' title="bbox 1140 2328 2175 2381; baseline 0.003 -14"><span class='ocrx_word' id='word_1_606' title='bbox 1140 2330 1251 2381; x_wconf 88' lang='lat' dir='ltr'>quod</span> <span class='ocrx_word' id='word_1_607' title='bbox 1275 2329 1483 2380; x_wconf 88' lang='lat' dir='ltr'>proponit,</span> <span class='ocrx_word' id='word_1_608' title='bbox 1511 2330 1579 2378; x_wconf 85' lang='lat' dir='ltr'>qui</span> <span class='ocrx_word' id='word_1_609' title='bbox 1616 2328 1717 2366; x_wconf 92' lang='lat' dir='ltr'>illud</span> <span class='ocrx_word' id='word_1_610' title='bbox 1736 2330 1899 2375; x_wconf 85' lang='lat' dir='ltr'>emittit,</span> <span class='ocrx_word' id='word_1_611' title='bbox 1931 2334 2010 2368; x_wconf 87' lang='lat' dir='ltr'>tam</span> <span class='ocrx_word' id='word_1_612' title='bbox 2037 2332 2175 2370; x_wconf 88' lang='lat' dir='ltr'>consi-</span> 
     </span>
     <span class='ocr_line' id='line_1_92' title="bbox 1138 2390 2174 2440; baseline 0.003 -11"><span class='ocrx_word' id='word_1_613' title='bbox 1138 2391 1239 2429; x_wconf 92' lang='lat' dir='ltr'>lium</span> <span class='ocrx_word' id='word_1_614' title='bbox 1256 2403 1381 2440; x_wconf 83' lang='lat' dir='ltr'>quam</span> <span class='ocrx_word' id='word_1_615' title='bbox 1404 2390 1727 2428; x_wconf 84' lang='lat' dir='ltr'>admonitionem</span> <span class='ocrx_word' id='word_1_616' title='bbox 1746 2391 1964 2430; x_wconf 88' lang='lat' dir='ltr'>admittere</span> <span class='ocrx_word' id='word_1_617' title='bbox 1983 2392 2033 2430; x_wconf 91' lang='lat' dir='ltr'>de</span> <span class='ocrx_word' id='word_1_618' title='bbox 2052 2394 2174 2432; x_wconf 88' lang='lat' dir='ltr'>rebus</span> 
     </span>
     <span class='ocr_line' id='line_1_93' title="bbox 1139 2451 2173 2504; baseline 0.003 -15"><span class='ocrx_word' id='word_1_619' title='bbox 1139 2451 1215 2490; x_wconf 90' lang='lat' dir='ltr'>sibi</span> <span class='ocrx_word' id='word_1_620' title='bbox 1231 2452 1408 2489; x_wconf 79' lang='lat' dir='ltr'>maxime</span> <span class='ocrx_word' id='word_1_621' title='bbox 1429 2452 1690 2498; x_wconf 86' lang='lat' dir='ltr'>necessariis,</span> <span class='ocrx_word' id='word_1_622' title='bbox 1709 2455 1748 2490; x_wconf 87' lang='lat' dir='ltr'>et</span> <span class='ocrx_word' id='word_1_623' title='bbox 1764 2464 1787 2490; x_wconf 90' lang='lat' dir='ltr'>a</span> <span class='ocrx_word' id='word_1_624' title='bbox 1808 2464 2002 2501; x_wconf 89' lang='lat' dir='ltr'>persona,</span> <span class='ocrx_word' id='word_1_625' title='bbox 2022 2453 2073 2492; x_wconf 91' lang='lat' dir='ltr'>de</span> <span class='ocrx_word' id='word_1_626' title='bbox 2094 2465 2173 2504; x_wconf 88' lang='lat' dir='ltr'>qua</span> 
     </span>
     <span class='ocr_line' id='line_1_94' title="bbox 1138 2512 2174 2565; baseline 0.005 -16"><span class='ocrx_word' id='word_1_627' title='bbox 1138 2512 1349 2550; x_wconf 79' lang='lat' dir='ltr'>moraliter</span> <span class='ocrx_word' id='word_1_628' title='bbox 1383 2516 1538 2550; x_wconf 85' lang='lat' dir='ltr'>certum</span> <span class='ocrx_word' id='word_1_629' title='bbox 1570 2515 1643 2558; x_wconf 89' lang='lat' dir='ltr'>est,</span> <span class='ocrx_word' id='word_1_630' title='bbox 1669 2524 1763 2550; x_wconf 87' lang='lat' dir='ltr'>eum</span> <span class='ocrx_word' id='word_1_631' title='bbox 1796 2513 1993 2553; x_wconf 86' lang='lat' dir='ltr'>charitate</span> <span class='ocrx_word' id='word_1_632' title='bbox 2015 2516 2055 2553; x_wconf 83' lang='lat' dir='ltr'>et</span> <span class='ocrx_word' id='word_1_633' title='bbox 2079 2527 2174 2565; x_wconf 88' lang='lat' dir='ltr'>pru·</span> 
     </span>
     <span class='ocr_line' id='line_1_95' title="bbox 1140 2572 1934 2612; baseline -0.001 0"><span class='ocrx_word' id='word_1_634' title='bbox 1140 2573 1280 2612; x_wconf 87' lang='lat' dir='ltr'>dentia</span> <span class='ocrx_word' id='word_1_635' title='bbox 1299 2574 1377 2610; x_wconf 87' lang='lat' dir='ltr'>hoc</span> <span class='ocrx_word' id='word_1_636' title='bbox 1398 2573 1579 2611; x_wconf 85' lang='lat' dir='ltr'>officium</span> <span class='ocrx_word' id='word_1_637' title='bbox 1601 2584 1691 2610; x_wconf 89' lang='lat' dir='ltr'>esse</span> <span class='ocrx_word' id='word_1_638' title='bbox 1715 2572 1934 2611; x_wconf 90' lang='lat' dir='ltr'>obituram.</span> 
     </span>
    </p>

    <p class='ocr_par' dir='ltr' id='par_1_7' title="bbox 1136 2633 2183 3415">
     <span class='ocr_line' id='line_1_96' title="bbox 1193 2633 2175 2675; baseline 0.003 -3"><span class='ocrx_word' id='word_1_639' title='bbox 1193 2635 1233 2672; x_wconf 89' lang='lat'>7.</span> <span class='ocrx_word' id='word_1_640' title='bbox 1253 2633 1398 2673; x_wconf 78' lang='lat' dir='ltr'>Altera</span> <span class='ocrx_word' id='word_1_641' title='bbox 1412 2634 1576 2672; x_wconf 79' lang='lat' dir='ltr'>utititas</span> <span class='ocrx_word' id='word_1_642' title='bbox 1596 2645 1641 2672; x_wconf 64' lang='lat' dir='ltr'>ea}</span> <span class='ocrx_word' id='word_1_643' title='bbox 1658 2634 1797 2672; x_wconf 81' lang='lat' dir='ltr'>iisdem</span> <span class='ocrx_word' id='word_1_644' title='bbox 1813 2634 1957 2673; x_wconf 81' lang='lat' dir='ltr'>verbis.</span> <span class='ocrx_word' id='word_1_645' title='bbox 1972 2655 2024 2664; x_wconf 95' lang='lat'><strong>—</strong></span> <span class='ocrx_word' id='word_1_646' title='bbox 2039 2634 2175 2675; x_wconf 79' lang='lat' dir='ltr'>Satis·</span> 
     </span>
     <span class='ocr_line' id='line_1_97' title="bbox 1136 2694 2175 2747; baseline 0.001 -13"><span class='ocrx_word' id='word_1_647' title='bbox 1136 2697 1187 2747; x_wconf 79' lang='lat' dir='ltr'>fit</span> <span class='ocrx_word' id='word_1_648' title='bbox 1209 2695 1579 2745; x_wconf 57' lang='lat' dir='ltr'>impugnationibus</span> <span class='ocrx_word' id='word_1_649' title='bbox 1596 2694 1638 2732; x_wconf 87' lang='lat' dir='ltr'>in</span> <span class='ocrx_word' id='word_1_650' title='bbox 1659 2706 1768 2733; x_wconf 85' lang='lat' dir='ltr'>num.</span> <span class='ocrx_word' id='word_1_651' title='bbox 1789 2695 1828 2733; x_wconf 76' lang='lat'>4.</span> <span class='ocrx_word' id='word_1_652' title='bbox 1847 2717 1899 2722; x_wconf 93' lang='lat'>—</span> <span class='ocrx_word' id='word_1_653' title='bbox 1917 2695 2057 2734; x_wconf 80' lang='lat' dir='ltr'>Altera</span> <span class='ocrx_word' id='word_1_654' title='bbox 2078 2707 2175 2735; x_wconf 89' lang='lat' dir='ltr'>vero</span> 
     </span>
     <span class='ocr_line' id='line_1_98' title="bbox 1142 2755 2176 2806; baseline 0.001 -11"><span class='ocrx_word' id='word_1_655' title='bbox 1142 2757 1294 2796; x_wconf 84' lang='lat' dir='ltr'>utilitas</span> <span class='ocrx_word' id='word_1_656' title='bbox 1332 2760 1406 2803; x_wconf 90' lang='lat' dir='ltr'>est,</span> <span class='ocrx_word' id='word_1_657' title='bbox 1432 2755 1528 2805; x_wconf 85' lang='lat' dir='ltr'>quia</span> <span class='ocrx_word' id='word_1_658' title='bbox 1563 2767 1645 2793; x_wconf 90' lang='lat' dir='ltr'>non</span> <span class='ocrx_word' id='word_1_659' title='bbox 1670 2755 1805 2793; x_wconf 91' lang='lat' dir='ltr'>solum</span> <span class='ocrx_word' id='word_1_660' title='bbox 1843 2756 2049 2806; x_wconf 79' lang='lat' dir='ltr'>obligatur</span> <span class='ocrx_word' id='word_1_661' title='bbox 2083 2757 2176 2796; x_wconf 87' lang='lat' dir='ltr'>talis</span> 
     </span>
     <span class='ocr_line' id='line_1_99' title="bbox 1140 2816 2177 2869; baseline 0.001 -13"><span class='ocrx_word' id='word_1_662' title='bbox 1140 2829 1320 2869; x_wconf 84' lang='lat' dir='ltr'>persona</span> <span class='ocrx_word' id='word_1_663' title='bbox 1338 2828 1388 2855; x_wconf 88' lang='lat' dir='ltr'>ex</span> <span class='ocrx_word' id='word_1_664' title='bbox 1403 2817 1441 2853; x_wconf 87' lang='lat' dir='ltr'>vi</span> <span class='ocrx_word' id='word_1_665' title='bbox 1462 2817 1582 2867; x_wconf 83' lang='lat' dir='ltr'>hujus</span> <span class='ocrx_word' id='word_1_666' title='bbox 1596 2816 1676 2854; x_wconf 90' lang='lat' dir='ltr'>voti</span> <span class='ocrx_word' id='word_1_667' title='bbox 1695 2816 1745 2854; x_wconf 90' lang='lat' dir='ltr'>ad</span> <span class='ocrx_word' id='word_1_668' title='bbox 1764 2828 1847 2855; x_wconf 89' lang='lat' dir='ltr'>non</span> <span class='ocrx_word' id='word_1_669' title='bbox 1862 2817 2177 2857; x_wconf 83' lang='lat' dir='ltr'>detrectandum</span> 
     </span>
     <span class='ocr_line' id='line_1_100' title="bbox 1143 2877 2177 2928; baseline 0.001 -12"><span class='ocrx_word' id='word_1_670' title='bbox 1143 2878 1285 2916; x_wconf 89' lang='lat' dir='ltr'>audire</span> <span class='ocrx_word' id='word_1_671' title='bbox 1314 2878 1549 2928; x_wconf 88' lang='lat' dir='ltr'>hujusmodi</span> <span class='ocrx_word' id='word_1_672' title='bbox 1574 2877 1815 2925; x_wconf 87' lang='lat' dir='ltr'>consilium,</span> <span class='ocrx_word' id='word_1_673' title='bbox 1854 2878 1929 2917; x_wconf 91' lang='lat' dir='ltr'>sed</span> <span class='ocrx_word' id='word_1_674' title='bbox 1967 2879 2091 2917; x_wconf 87' lang='lat' dir='ltr'>etiam</span> <span class='ocrx_word' id='word_1_675' title='bbox 2125 2878 2177 2918; x_wconf 88' lang='lat' dir='ltr'>ad</span> 
     </span>
     <span class='ocr_line' id='line_1_101' title="bbox 1144 2938 2178 2989; baseline -0.001 -10"><span class='ocrx_word' id='word_1_676' title='bbox 1144 2939 1435 2989; x_wconf 85' lang='lat' dir='ltr'>exequendum</span> <span class='ocrx_word' id='word_1_677' title='bbox 1457 2938 1571 2983; x_wconf 87' lang='lat' dir='ltr'>illud,</span> <span class='ocrx_word' id='word_1_678' title='bbox 1603 2940 1636 2976; x_wconf 89' lang='lat' dir='ltr'>si</span> <span class='ocrx_word' id='word_1_679' title='bbox 1659 2938 1821 2983; x_wconf 81' lang='lat' dir='ltr'>melius,</span> <span class='ocrx_word' id='word_1_680' title='bbox 1849 2943 1888 2977; x_wconf 87' lang='lat' dir='ltr'>et</span> <span class='ocrx_word' id='word_1_681' title='bbox 1908 2940 2065 2989; x_wconf 83' lang='lat' dir='ltr'>gratius</span> <span class='ocrx_word' id='word_1_682' title='bbox 2095 2941 2178 2978; x_wconf 83' lang='lat' dir='ltr'>Deo</span> 
     </span>
     <span class='ocr_line' id='line_1_102' title="bbox 1144 2999 2179 3051; baseline -0.002 -11"><span class='ocrx_word' id='word_1_683' title='bbox 1144 3013 1235 3041; x_wconf 89' lang='lat' dir='ltr'>esse</span> <span class='ocrx_word' id='word_1_684' title='bbox 1251 3000 1511 3051; x_wconf 86' lang='lat' dir='ltr'>judicaverit.</span> <span class='ocrx_word' id='word_1_685' title='bbox 1537 3000 1632 3046; x_wconf 82' lang='lat' dir='ltr'>Quae</span> <span class='ocrx_word' id='word_1_686' title='bbox 1654 2999 1835 3038; x_wconf 86' lang='lat' dir='ltr'>conditio</span> <span class='ocrx_word' id='word_1_687' title='bbox 1869 3001 2111 3050; x_wconf 86' lang='lat' dir='ltr'>prudenter,</span> <span class='ocrx_word' id='word_1_688' title='bbox 2134 3001 2179 3038; x_wconf 81' lang='lat' dir='ltr'>ut</span> 
     </span>
     <span class='ocr_line' id='line_1_103' title="bbox 1145 3060 2177 3111; baseline -0.001 -11"><span class='ocrx_word' id='word_1_689' title='bbox 1145 3061 1243 3110; x_wconf 88' lang='lat' dir='ltr'>dixi,</span> <span class='ocrx_word' id='word_1_690' title='bbox 1266 3060 1406 3099; x_wconf 86' lang='lat' dir='ltr'>addita</span> <span class='ocrx_word' id='word_1_691' title='bbox 1434 3064 1510 3105; x_wconf 91' lang='lat' dir='ltr'>est,</span> <span class='ocrx_word' id='word_1_692' title='bbox 1533 3060 1629 3110; x_wconf 87' lang='lat' dir='ltr'>quia</span> <span class='ocrx_word' id='word_1_693' title='bbox 1658 3072 1743 3097; x_wconf 88' lang='lat' dir='ltr'>non</span> <span class='ocrx_word' id='word_1_694' title='bbox 1765 3060 1906 3099; x_wconf 88' lang='lat' dir='ltr'>debuit</span> <span class='ocrx_word' id='word_1_695' title='bbox 1939 3061 2177 3111; x_wconf 84' lang='lat' dir='ltr'>Episcopus,</span> 
     </span>
     <span class='ocr_line' id='line_1_104' title="bbox 1146 3120 2178 3174; baseline -0.002 -14"><span class='ocrx_word' id='word_1_696' title='bbox 1146 3123 1218 3174; x_wconf 88' lang='lat' dir='ltr'>qui</span> <span class='ocrx_word' id='word_1_697' title='bbox 1239 3122 1325 3173; x_wconf 86' lang='lat' dir='ltr'>jam</span> <span class='ocrx_word' id='word_1_698' title='bbox 1350 3132 1434 3159; x_wconf 91' lang='lat' dir='ltr'>non</span> <span class='ocrx_word' id='word_1_699' title='bbox 1455 3123 1516 3159; x_wconf 89' lang='lat' dir='ltr'>est</span> <span class='ocrx_word' id='word_1_700' title='bbox 1538 3120 1719 3159; x_wconf 76' lang='lat' dir='ltr'>praelatis</span> <span class='ocrx_word' id='word_1_701' title='bbox 1741 3120 1955 3160; x_wconf 89' lang='lat' dir='ltr'>Societatis</span> <span class='ocrx_word' id='word_1_702' title='bbox 1976 3121 2178 3167; x_wconf 87' lang='lat' dir='ltr'>subditus,</span> 
     </span>
     <span class='ocr_line' id='line_1_105' title="bbox 1146 3181 2183 3234; baseline -0.004 -11"><span class='ocrx_word' id='word_1_703' title='bbox 1146 3185 1211 3223; x_wconf 90' lang='lat' dir='ltr'>vel</span> <span class='ocrx_word' id='word_1_704' title='bbox 1226 3182 1428 3234; x_wconf 84' lang='lat' dir='ltr'>judicium</span> <span class='ocrx_word' id='word_1_705' title='bbox 1450 3194 1571 3220; x_wconf 84' lang='lat' dir='ltr'>suum</span> <span class='ocrx_word' id='word_1_706' title='bbox 1591 3181 1747 3231; x_wconf 82' lang='lat' dir='ltr'>judicio</span> <span class='ocrx_word' id='word_1_707' title='bbox 1781 3182 1988 3232; x_wconf 83' lang='lat' dir='ltr'>Praepositi</span> <span class='ocrx_word' id='word_1_708' title='bbox 2010 3181 2183 3220; x_wconf 88' lang='lat' dir='ltr'>submit-</span> 
     </span>
     <span class='ocr_line' id='line_1_106' title="bbox 1147 3238 2182 3293; baseline -0.005 -10"><span class='ocrx_word' id='word_1_709' title='bbox 1147 3249 1252 3292; x_wconf 86' lang='lat' dir='ltr'>tere,</span> <span class='ocrx_word' id='word_1_710' title='bbox 1271 3244 1336 3282; x_wconf 92' lang='lat' dir='ltr'>vel</span> <span class='ocrx_word' id='word_1_711' title='bbox 1353 3255 1478 3293; x_wconf 82' lang='lat' dir='ltr'>agere</span> <span class='ocrx_word' id='word_1_712' title='bbox 1492 3239 1848 3292; x_wconf 83' lang='lat' dir='ltr'>contrajudicium</span> <span class='ocrx_word' id='word_1_713' title='bbox 1864 3255 2000 3284; x_wconf 86' lang='lat' dir='ltr'>suum,</span> <span class='ocrx_word' id='word_1_714' title='bbox 2022 3242 2055 3279; x_wconf 90' lang='lat' dir='ltr'>si</span> <span class='ocrx_word' id='word_1_715' title='bbox 2071 3238 2182 3279; x_wconf 88' lang='lat' dir='ltr'>aliud</span> 
     </span>
     <span class='ocr_line' id='line_1_107' title="bbox 1148 3299 2182 3367; baseline -0.006 -23"><span class='ocrx_word' id='word_1_716' title='bbox 1148 3305 1298 3345; x_wconf 88' lang='lat' dir='ltr'>melius</span> <span class='ocrx_word' id='word_1_717' title='bbox 1318 3316 1408 3343; x_wconf 86' lang='lat' dir='ltr'>esse</span> <span class='ocrx_word' id='word_1_718' title='bbox 1424 3303 1685 3355; x_wconf 83' lang='lat' dir='ltr'>judicaverit,</span> <span class='ocrx_word' id='word_1_719' title='bbox 1710 3315 1836 3353; x_wconf 89' lang='lat' dir='ltr'>quam</span> <span class='ocrx_word' id='word_1_720' title='bbox 1850 3303 1961 3353; x_wconf 89' lang='lat' dir='ltr'>quod</span> <span class='ocrx_word' id='word_1_721' title='bbox 1980 3299 2182 3367; x_wconf 81' lang='lat' dir='ltr'>Praeposi—</span> 
     </span>
     <span class='ocr_line' id='line_1_108' title="bbox 1149 3362 2183 3415; baseline -0.009 -10"><span class='ocrx_word' id='word_1_722' title='bbox 1149 3370 1217 3406; x_wconf 88' lang='lat' dir='ltr'>tus</span> <span class='ocrx_word' id='word_1_723' title='bbox 1234 3365 1421 3405; x_wconf 86' lang='lat' dir='ltr'>consulit.</span> <span class='ocrx_word' id='word_1_724' title='bbox 1442 3366 1583 3415; x_wconf 89' lang='lat' dir='ltr'>Neque</span> <span class='ocrx_word' id='word_1_725' title='bbox 1603 3364 1656 3403; x_wconf 89' lang='lat' dir='ltr'>ob</span> <span class='ocrx_word' id='word_1_726' title='bbox 1671 3375 1764 3402; x_wconf 88' lang='lat' dir='ltr'>eam</span> <span class='ocrx_word' id='word_1_727' title='bbox 1782 3375 1869 3402; x_wconf 87' lang='lat' dir='ltr'>rem</span> <span class='ocrx_word' id='word_1_728' title='bbox 1889 3368 1950 3402; x_wconf 87' lang='lat' dir='ltr'>est</span> <span class='ocrx_word' id='word_1_729' title='bbox 1970 3362 2083 3412; x_wconf 82' lang='lat' dir='ltr'>parvi</span> <span class='ocrx_word' id='word_1_730' title='bbox 2099 3369 2183 3397; x_wconf 91' lang='lat' dir='ltr'>mo-</span> 
     </span>
    </p>
   </div>
   <div class='ocr_carea' id='block_1_7' title="bbox 38 3418 2188 3603">
    <p class='ocr_par' dir='ltr' id='par_1_8' title="bbox 0 3411 2186 3604">
     <span class='ocr_line' id='line_1_109' title="bbox 38 3418 2184 3483; baseline -0.007 -11.278"><span class='ocrx_word' id='word_1_731' title='bbox 38 3432 96 3459; x_wconf 44' lang='lat' dir='ltr'>⁶ss</span> <span class='ocrx_word' id='word_1_732' title='bbox 116 3427 235 3475; x_wconf 76' lang='lat' dir='ltr'>edere,</span> <span class='ocrx_word' id='word_1_733' title='bbox 257 3432 294 3468; x_wconf 89' lang='lat' dir='ltr'>et</span> <span class='ocrx_word' id='word_1_734' title='bbox 318 3429 388 3480; x_wconf 81' lang='lat' dir='ltr'>qui</span> <span class='ocrx_word' id='word_1_735' title='bbox 407 3428 578 3468; x_wconf 84' lang='lat' dir='ltr'>aliorum</span> <span class='ocrx_word' id='word_1_736' title='bbox 596 3431 713 3479; x_wconf 83' lang='lat' dir='ltr'>facile</span> <span class='ocrx_word' id='word_1_737' title='bbox 738 3431 922 3483; x_wconf 64' lang='grc' dir='ltr'><em>αηιῦῳηα</em></span> <span class='ocrx_word' id='word_1_738' title='bbox 942 3439 1099 3480; x_wconf 84' lang='lat' dir='ltr'>quoeque</span> <span class='ocrx_word' id='word_1_739' title='bbox 1152 3427 1278 3466; x_wconf 87' lang='lat' dir='ltr'>menti</span> <span class='ocrx_word' id='word_1_740' title='bbox 1299 3431 1439 3465; x_wconf 83' lang='lat' dir='ltr'>votum</span> <span class='ocrx_word' id='word_1_741' title='bbox 1460 3425 1576 3472; x_wconf 88' lang='lat' dir='ltr'>illud,</span> <span class='ocrx_word' id='word_1_742' title='bbox 1603 3425 1699 3475; x_wconf 85' lang='lat' dir='ltr'>quia</span> <span class='ocrx_word' id='word_1_743' title='bbox 1729 3437 1813 3463; x_wconf 92' lang='lat' dir='ltr'>non</span> <span class='ocrx_word' id='word_1_744' title='bbox 1834 3423 2047 3462; x_wconf 77' lang='lat' dir='ltr'>ordinatui</span> <span class='ocrx_word' id='word_1_745' title='bbox 2064 3419 2117 3458; x_wconf 87' lang='lat' dir='ltr'>ad</span> <span class='ocrx_word' id='word_1_746' title='bbox 2136 3418 2184 3456; x_wconf 89' lang='lat' dir='ltr'>il-</span> 
     </span>
     <span class='ocr_line' id='line_1_110' title="bbox 137 3477 2186 3540; baseline -0.005 -11"><span class='ocrx_word' id='word_1_747' title='bbox 137 3488 281 3536; x_wconf 75' lang='lat' dir='ltr'>aidani,</span> <span class='ocrx_word' id='word_1_748' title='bbox 295 3490 339 3528; x_wconf 88' lang='lat' dir='ltr'>in</span> <span class='ocrx_word' id='word_1_749' title='bbox 350 3489 436 3530; x_wconf 77' lang='lat' dir='ltr'>suis</span> <span class='ocrx_word' id='word_1_750' title='bbox 451 3490 1011 3540; x_wconf 82' lang='lat' dir='ltr'>consueveruntscrupulosius</span> <span class='ocrx_word' id='word_1_751' title='bbox 1025 3489 1102 3528; x_wconf 74' lang='lat' dir='ltr'>koe-</span> <span class='ocrx_word' id='word_1_752' title='bbox 1153 3487 1443 3527; x_wconf 85' lang='lat' dir='ltr'>luminandum</span> <span class='ocrx_word' id='word_1_753' title='bbox 1476 3485 1732 3525; x_wconf 87' lang='lat' dir='ltr'>intellectum</span> <span class='ocrx_word' id='word_1_754' title='bbox 1754 3486 1814 3532; x_wconf 88' lang='lat' dir='ltr'>(ut</span> <span class='ocrx_word' id='word_1_755' title='bbox 1842 3484 1898 3521; x_wconf 86' lang='lat' dir='ltr'>sic</span> <span class='ocrx_word' id='word_1_756' title='bbox 1924 3481 2091 3529; x_wconf 81' lang='lat' dir='ltr'>dicam),</span> <span class='ocrx_word' id='word_1_757' title='bbox 2114 3477 2186 3520; x_wconf 88' lang='lat' dir='ltr'>sed</span> 
     </span>
     <span class='ocr_line' id='line_1_111' title="bbox 173 3541 2188 3603; baseline -0.005 -11.242"><span class='ocrx_word' id='word_1_758' title='bbox 173 3559 214 3602; x_wconf 65' lang='grc' dir='ltr'>ο.</span> <span class='ocrx_word' id='word_1_759' title='bbox 234 3549 368 3601; x_wconf 85' lang='lat' dir='ltr'>Unde,</span> <span class='ocrx_word' id='word_1_760' title='bbox 389 3549 508 3603; x_wconf 87' lang='lat' dir='ltr'>epist.</span> <span class='ocrx_word' id='word_1_761' title='bbox 525 3549 724 3602; x_wconf 84' lang='lat' dir='ltr'>vigesima</span> <span class='ocrx_word' id='word_1_762' title='bbox 743 3555 888 3592; x_wconf 81' lang='lat' dir='ltr'>octava</span> <span class='ocrx_word' id='word_1_763' title='bbox 905 3549 959 3591; x_wconf 84' lang='lat' dir='ltr'>ad</span> <span class='ocrx_word' id='word_1_764' title='bbox 974 3549 1103 3592; x_wconf 85' lang='lat' dir='ltr'>Ardu·</span> <span class='ocrx_word' id='word_1_765' title='bbox 1156 3548 1212 3589; x_wconf 82' lang='lat' dir='ltr'>ad</span> <span class='ocrx_word' id='word_1_766' title='bbox 1242 3547 1492 3590; x_wconf 81' lang='lat' dir='ltr'>firmandam</span> <span class='ocrx_word' id='word_1_767' title='bbox 1511 3547 1765 3589; x_wconf 81' lang='lat' dir='ltr'>voluntatem</span> <span class='ocrx_word' id='word_1_768' title='bbox 1781 3543 1890 3584; x_wconf 83' lang='lat' dir='ltr'>circa</span> <span class='ocrx_word' id='word_1_769' title='bbox 1908 3541 1952 3584; x_wconf 73' lang='lat' dir='ltr'>id</span> <span class='ocrx_word' id='word_1_770' title='bbox 1972 3541 2087 3593; x_wconf 83' lang='lat' dir='ltr'>quod</span> <span class='ocrx_word' id='word_1_771' title='bbox 2101 3550 2188 3583; x_wconf 84' lang='lat' dir='ltr'>me-</span> 
     </span>
    </p>
   </div>
   <div class='ocr_carea' id='block_1_8' title="bbox 39 3449 181 3614">
    <p class='ocr_par' dir='ltr' id='par_1_9' title="bbox 39 3449 181 3614">
     <span class='ocr_line' id='line_1_112' title="bbox 39 3449 181 3614; baseline 0 -43"><span class='ocrx_word' id='word_1_772' title='bbox 39 3449 137 3571; x_wconf 95' lang='lat' dir='ltr'>  </span> <span class='ocrx_word' id='word_1_773' title='bbox 59 3571 181 3614; x_wconf 95' lang='lat' dir='ltr'> </span> 
     </span>
    </p>
   </div>
  </div>
 </body>
</html>
