2352 3880
195 306 274 346 352

193 371 273 411 bus
306 366 521 407 dominicis
550 377 649 405 oves
677 376 775 404 suas
794 394 805 412 ‚
837 367 877 403 et
910 363 955 402 in
986 362 1224 414 particulari

193 440 347 482 pueros
365 457 375 475 ,
396 427 438 466 in
477 426 724 466 rudimentis
753 423 994 464 Christianae
1028 423 1224 463 doctrinae

194 488 398 530 erudiant.
417 487 644 527 Videbatur
663 498 763 537 ergo
782 485 922 536 quoad
936 484 1045 524 hanc
1063 488 1224 535 partem

192 549 444 588 sufficienter
463 547 675 599 provisum
692 546 935 587 Christianae
955 545 1222 596 reipublicae:

191 620 278 649 1100
311 620 411 661 ergo
440 608 659 661 oportebat
686 608 935 648 Societatem
959 610 1046 646 tam
1078 605 1224 646 sedulo

190 670 467 710 ministerium
498 671 579 709 1100
611 669 796 721 profiteri
815 681 825 715 ;
857 672 982 718 atque
1016 667 1050 706 si
1086 667 1227 717 aliqua.

186 737 280 772 'erat
298 732 389 783 ejus
407 731 647 781 necessitas,
669 730 922 770 sufficienter
941 731 1104 779 poterat
1120 739 1226 778 opus

189 793 271 834 hoc
294 805 370 845 per
401 793 613 834 scholares
639 791 854 832 Societatis
873 790 1057 840 expleri,
1086 799 1226 838 neque

185 849 406 910 [oportebat
423 855 633 905 professos
652 852 706 891 ad
719 851 821 890 illud
840 850 1105 902 peculiariter
1123 848 1228 888 obli·

190 916 278 969 gari
294 929 304 963 ;
328 915 477 956 deinde
493 927 580 954 non
597 917 770 965 apparet
787 923 879 962 quae
899 911 949 950 sit
968 911 1054 950 haec
1068 910 1228 962 specia-

188 978 239 1018 lis
255 977 454 1029 obligatio
472 976 525 1015 ad
541 975 621 1014 hoc
640 973 931 1020 ministerium,
947 973 1085 1023 potius
1099 982 1228 1024 quam

185 1039 245 1090 3ad
264 1040 358 1078 alia.
377 1039 520 1087 Neque
541 1037 666 1076 etiam
684 1035 851 1074 videtur
866 1034 1071 1086 professos
1087 1034 1227 1074 Socie-

185 1101 287 1153 ¹tatis
301 1129 313 1147 ‚
334 1099 582 1149 regulariter
613 1096 825 1147 loquendo
841 1126 850 1143 ‚
872 1096 970 1135 huic
1000 1096 1225 1136 ministerio

190 1161 325 1209 magis
344 1159 600 1204 incumbere,
628 1169 755 1208 quam
786 1157 970 1208 reliquis.
994 1157 1100 1204 Quid
1125 1168 1225 1208 ergo

190 1232 365 1261 necesse
391 1219 468 1259 fuit
500 1220 545 1259 in
566 1223 664 1259 voto
688 1217 935 1258 obedientiae
963 1217 1066 1257 illud
1093 1218 1227 1270 expri-

190 1294 306 1322 mere
319 1283 338 1323 1

244 1345 285 1383 7.
309 1343 455 1384 Prima
482 1342 668 1383 assertio.
684 1361 740 1372 —
756 1340 964 1382 Suadetur
989 1338 1229 1381 auctoritate

195 1403 425 1447 Societatis.
445 1424 498 1433 —
513 1404 621 1444 Item
640 1403 903 1452 Pontificum.
924 1424 977 1431 —-
997 1400 1228 1441 Dicendum

193 1477 289 1505 vero
304 1465 505 1516 imprimis
522 1471 599 1513 est,
622 1464 900 1504 ministerium
921 1463 1001 1502 hoc
1032 1462 1181 1501 merito
1201 1473 1228 1500 a

193 1527 393 1566 Societate
410 1528 649 1577 susceptum
665 1537 770 1571 esse,
797 1529 1010 1575 tamquam
1033 1533 1161 1562 unum
1177 1533 1229 1561 ex

191 1588 422 1639 praecipuis,
446 1592 486 1626 et
503 1588 648 1638 majori
661 1599 760 1626 cura
780 1598 827 1625 ac
838 1585 1092 1636 perfectione
1110 1594 1229 1623 exer-

191 1650 346 1688 cendis.
376 1649 493 1694 Quod
526 1649 727 1699 imprimis
760 1648 858 1686 satis
885 1646 1125 1698 persuaderi
1155 1656 1228 1695 po-

189 1713 271 1750 test
324 1711 567 1749 auctoritate
616 1710 802 1760 ipsarum
852 1707 1198 1746 Constitutionum
1214 1735 1224 1753 ‚

192 1783 317 1823 quam
335 1783 458 1810 nemo
480 1773 617 1821 potest
642 1770 761 1808 facile
782 1768 1009 1819 praeterire,
1029 1772 1115 1805 tum
1135 1777 1228 1817 pro-

191 1838 254 1871 ter
270 1833 529 1872 sanctitatem
551 1836 591 1870 et
619 1831 883 1882 prudentiam
922 1829 1115 1876 auctoris,
1138 1831 1229 1866 tum

192 1898 358 1945 propter
374 1905 498 1932 usum
521 1896 562 1931 et
577 1903 826 1931 consensum
847 1891 971 1929 totius
994 1890 1224 1939 religionis,

190 1957 234 1994 in
254 1968 335 2006 qua
355 1960 415 1994 tot
433 1955 507 1993 viri
538 1953 719 2000 religiosi
757 1957 797 1991 et
818 1953 1027 2003 sapientes
1058 1956 1099 1990 et
1130 1963 1226 2001 pru-

193 2017 339 2057 dentes
357 2018 536 2056 fuerunt.
560 2017 665 2054 Tum
686 2015 865 2053 maxime
889 2016 1059 2064 propter
1078 2024 1228 2063 appro-

192 2078 403 2117 bationem
424 2077 693 2122 Pontificiam‚
717 2088 801 2113 non
816 2075 948 2113 solum
962 2075 1003 2111 in
1024 2073 1223 2124 generali,

193 2140 268 2179 sed
287 2144 410 2178 etlam
430 2139 470 2176 in
488 2137 739 2188 particulari.
757 2138 861 2175 Nam
890 2136 930 2174 in
948 2136 1079 2185 prima
1109 2135 1227 2173 Bulla

193 2201 306 2240 Pauli
323 2200 375 2240 ΙΙΙ
393 2200 449 2238 sic
471 2199 648 2237 dicitur:
677 2198 739 2237 Et
772 2197 1010 2236 nominatim
1042 2206 1228 2235 commen-

192 2263 327 2301 datam
344 2261 510 2301 habeant
530 2258 822 2299 institutione-m
832 2268 1062 2308 puerorum,
1085 2268 1131 2297 ac
1160 2266 1228 2296 ru·

193 2323 304 2362 dium
335 2323 378 2360 in
395 2320 624 2362 Christiana
656 2319 839 2359 doctrina
871 2320 996 2358 decem
1015 2322 1229 2369 proecepto-

193 2394 297 2431 rum,
319 2386 434 2433 atque
461 2382 633 2421 aliorum
669 2380 999 2425 rudimentorum,
1033 2390 1229 2430 quaecum-

194 2455 265 2497 que
283 2444 493 2484 secundum
522 2442 853 2483 circumstantias
867 2451 1148 2494 personarum,
1170 2441 1228 2481 lo·

194 2517 327 2546 corum
347 2518 394 2546 ac
413 2509 631 2556 temporum
666 2503 754 2543 illis
776 2515 951 2556 conyrua
973 2503 1224 2544 videbuntur.

195 2566 275 2607 Est
292 2566 393 2607 enim
412 2567 582 2607 maxime
600 2566 867 2606 necessarium
890 2565 1000 2605 circa
1018 2565 1228 2615 prociden-

191 2628 290 2668 tiam
304 2628 427 2679 liujus
448 2628 522 2675 rei,
547 2626 755 2679 diliyenter
777 2626 1047 2676 Proepositum
1069 2628 1107 2666 et
1128 2624 1228 2665 Con-

192 2689 334 2730 silium
353 2688 584 2739 invigilare,
624 2700 712 2727 cum
740 2688 838 2727 etin
867 2686 1066 2738 proximis
1097 2685 1229 2735 10ᾱὶΙῖ-

191 2750 298 2790 cium
318 2750 413 2799 fidei
430 2749 516 2788 sine
535 2748 809 2797 fundamentis
825 2760 904 2787 non
921 2748 1050 2799 possit
1065 2758 1226 2787 consur-

192 2820 298 2860 9ere‚
320 2811 414 2849 etin
434 2810 585 2848 nostris
601 2808 824 2862 periculum
845 2807 915 2856 sit,
935 2819 984 2847 ne
997 2811 1044 2847 ut
1063 2809 1230 2860 quisquo

192 2870 271 2908 erit
313 2870 470 2917 doctor,
504 2869 565 2909 ita
595 2869 848 2918 provinciam
876 2868 999 2916 hanc,
1036 2872 1226 2920 tanquam

188 2929 324 2981 'primo
359 2933 522 2981 aspectu
546 2930 683 2968 minus
709 2930 938 2979 speciosam,
961 2930 1143 2978 forsitan
1158 2930 1225 2969 de-

193 2993 363 3030 trectare
390 2993 564 3038 conetur,
594 3002 682 3030 cum
711 2994 843 3030 tamen
865 3001 1004 3030 revera
1031 2990 1147 3030 nulla
1169 2990 1228 3031 sit

195 3052 459 3101 fructuosior,
495 3051 556 3091 vei
590 3051 792 3101 prooeimis
830 3051 883 3092 ad
913 3050 1223 3101 (edificationem,

193 3112 253 3152 vel
279 3111 429 3152 nostris
449 3112 502 3151 ad
514 3111 733 3153 charitatis
755 3114 794 3152 et
823 3111 1070 3154 humilitatis
1102 3110 1226 3156 simul

192 3171 329 3223 officia
348 3173 574 3213 exercenda.

247 3234 287 3273 8.
315 3232 510 3273 Accedunt
520 3232 698 3272 rationes
715 3232 913 3273 tres.—1n
927 3232 1079 3283 quibus
1091 3232 1224 3272 Ponti·

193 3293 283 3334 ficis
299 3293 437 3333 verbis
456 3305 601 3332 omnes
614 3293 796 3331 rationes
808 3297 849 3332 et
863 3304 963 3331 sane
972 3293 1223 3343 gravissimae

193 3355 468 3405 attinguntur,
484 3354 635 3405 quibus
646 3354 817 3392 assertio
826 3353 959 3404 posita
972 3354 1136 3393 suaderi
1150 3366 1226 3406 po-

195 3420 291 3456 test.
315 3415 451 3455 Primo
469 3415 596 3462 enim,
621 3414 718 3453 licet
735 3415 1009 3453 ministerium
1020 3415 1100 3454 hoc
1119 3414 1161 3454 in
1178 3427 1226 3455 se

193 3488 279 3517 nun
289 3477 477 3516 videatur
490 3476 613 3514 nimis
623 3475 847 3523 excelsum,
859 3475 900 3513 in
913 3476 1073 3515 semine
1083 3480 1223 3516 tamen

197 3543 237 3577 ct
249 3539 399 3578 virtute
415 3543 477 3577 est
503 3538 741 3583 maximum,
762 3538 859 3588 quia
877 3549 927 3576 ex
945 3549 995 3576 eo
1011 3550 1162 3589 magna
1174 3551 1224 3579 ex

196 3605 313 3649 parte
340 3599 495 3651 pendet
512 3599 685 3637 honesta
701 3603 743 3637 et
763 3602 904 3636 sancta
921 3598 1004 3638 vita
1020 3598 1223 3667 fidelium,

196 3663 288 3701 tum
304 3660 404 3716 quia
421 3660 525 3700 fides
542 3663 605 3701 est
626 3658 944 3700 tundamentum
961 3660 1095 3701 omnis
1104 3660 1226 3713 justi·

545 294 627 339 LtBJ
646 302 700 336 vl.
724 301 779 335 m:
799 299 1084 340 PROFESSIONE,
1107 298 1203 340 QUAE
1220 299 1264 334 m
1283 297 1510 333 8οὓ1Ε’1“’“Α11·1
1530 295 1609 336 Fu,
1632 295 1687 330 ET
1707 294 1762 330 DE
1781 295 1847 335 ns,
1867 294 1958 330 mu.

1278 361 1378 409 tiae3
1402 363 1491 398 tum
1520 359 1646 399 etiam
1684 358 1783 410 quia
1816 369 1902 396 11011
1937 355 2071 396 solum
2103 350 2334 424 docente&-

1278 420 1398 474 pueri
1415 419 1516 472 quid
1524 420 1694 460 credere
1706 419 1901 466 debeant,
1911 416 1986 456 sed
1996 416 2121 456 etiam
2131 415 2323 467 quidda:

1278 483 1406 523 beant
1420 481 1598 532 operari,
1611 481 1702 521 etin
1714 491 1840 531 quem
1850 478 1978 518 finem
1994 477 2172 518 debeant
2180 477 2325 522 vitan·-

1278 544 1492 584 instituere
1507 554 1518 582 :
1530 542 1644 594 quod
1656 542 1836 581 maxime
1846 541 1888 580 111
1900 539 2099 592 principio
2118 549 2310 588 necessus„

1278 605 1386 645 rium
1406 607 1483 643 est.
1504 604 1588 644 Nec
1607 604 1743 643 solum
1761 603 1871 646 circa
1896 601 1984 640 haeo
2005 591 2318 653 illuminantur,

1279 666 1354 707 sed
1369 665 1493 704 etiam
1508 666 1754 711 excitantur,
1773 668 1816 704 et
1826 663 1950 703 variis
1962 662 2110 702 mediis
2128 661 2188 701 illi
2199 661 2306 706 aetati

1281 726 1603 768 accommodatis
1630 725 1881 774 alliciuntur,
1902 729 1945 764 et
1963 723 2019 764 ad
2037 734 2163 775 opera
2181 718 2316 774 111οῐΕηῖ
2327 732 2329 734 “

1278 788 1332 827 tis
1363 788 1601 826 incitantur.
1639 786 1801 826 Deinde
1830 785 2050 826 occasione
2083 794 2322 835 puerorum.

1279 848 1340 896 fit,
1359 853 1406 887 ut
1433 848 1557 887 etiam
1575 847 1769 887 homines
1801 845 2036 899 grandioris
2066 845 2212 893 aetatis,
2243 838 2332 886 vel-³

1279 909 1489 949 interdum
1510 919 1645 957 senes,
1669 918 1886 959 nunquam
1910 906 1953 946 in
1973 906 2099 946 rebus
2117 905 2215 945 fidei
2238 916 2312 945 an-r

1281 973 1349 1010 tea
1384 970 1482 1009 satis
1511 969 1714 1016 instructi,
1736 968 1990 1014 doceantur;
2013 967 2083 1006 alii
2106 978 2220 1014 vero,
2239 964 2321 1020 (1113,

1280 1042 1354 1072 eas
1385 1031 1579 1071 oblivioni
1610 1030 1883 1076 trad1de1ant
1916 1027 2053 1068 denuo
2081 1027 2307 1068 addiscant.

1279 1091 1396 1133 Multi
1416 1092 1557 1140 etiam,
1583 1092 1655 1144 qui
1687 1091 1947 1143 gravioribus
1965 1090 2235 1131 concionibus
2251 1089 2311 1129 in-

1279 1158 1434 1194 teresse
1455 1166 1540 1193 non
1566 1154 1714 1201 solent,
1751 1153 1817 1193 vel
1843 1164 1916 1192 eas
1946 1164 2031 1191 non
2067 1152 2165 1191 satis
2183 1151 2312 1203 perci-

1280 1217 1414 1268 piunt,
1434 1216 1514 1255 hoc
1534 1216 1674 1255 medio
1694 1214 1894 1254 doctrinae
1920 1213 2160 1255 Christianae
2180 1213 2312 1253 solent

1280 1278 1415 1328 magis
1435 1277 1487 1316 ad
1500 1276 1787 1328 poenitentiam
1808 1275 2015 1326 agendam
2045 1278 2086 1315 et
2119 1274 2319 1314 virtutem«

1281 1339 1522 1378 sectandam
1540 1338 1806 1378 commoveri.
1818 1337 1936 1377 Unde
1957 1346 2052 1376 cum
2071 1336 2204 1387 major
2217 1345 2327 1401 pars*

1281 1400 1500 1438 hominum
1536 1398 1653 1438 rudis
1675 1399 1727 1438 sit
1747 1402 1788 1437 et
1823 1398 2006 1466 indocta,
2046 1396 2201 1447 sperari
2222 1408 2314 1447 pro·

1279 1461 1389 1500 fecto
1408 1464 1542 1511 potest
1558 1471 1633 1511 per
1649 1460 1730 1499 hoc
1749 1459 1952 1506 medium,
1969 1458 2002 1497 si
2022 1458 2315 1497 convenienter

1282 1526 1542 1569 exerceatur,
1562 1521 1703 1571 plures
1721 1520 1923 1572 proficere
1944 1531 2067 1571 posse
2086 1520 2130 1557 in
2163 1518 2245 1558 fide
2274 1519 2316 1558 et

1282 1583 1448 1630 virtute,
1479 1593 1608 1633 quam
1635 1593 1709 1633 per
1745 1581 1826 1619 alia
1860 1580 2156 1620 excellentiora
2198 1584 2239 1619 et
2256 1579 2316 1617 al-

1281 1645 1389 1684 tiora
1420 1643 1663 1683 ministeria.
1694 1643 1743 1682 Et
1763 1643 1857 1681 ideo
1881 1653 1974 1681 cum
2001 1646 2117 1681 tanta
2151 1653 2316 1680 asseve-

1283 1707 1446 1745 ratione
1474 1705 1517 1744 in
1545 1705 1613 1743 illa
1635 1704 1754 1743 Bulla
1780 1703 1936 1742 dictum
1957 1707 2033 1751 est,
2064 1714 2201 1742 revera
2223 1702 2316 1742 nul-

1283 1767 1366 1807 lam
1386 1778 1466 1806 esse
1484 1766 1793 1816 fructuosiorem
1811 1776 1906 1815 crya
1921 1765 2125 1815 proximos
2154 1774 2315 1814 occupa-

1283 1831 1455 1876 tionem,
1485 1827 1581 1877 quia
1616 1828 1703 1866 haec
1736 1826 1935 1877 prodesse
1968 1828 2104 1877 potest
2123 1824 2314 1865 omnibus

1281 1889 1434 1941 quibus
1451 1888 1555 1933 aliae,
1575 1899 1660 1925 non
1682 1898 1781 1926 vero
1810 1898 1832 1926 e
1858 1898 2072 1926 converso.

1333 1952 1373 1990 9.
1407 1949 1575 1988 Accedit
1593 1953 1792 1999 praeterea
1810 1949 1890 1987 hoc
1908 1949 2092 1988 medium
2114 1959 2207 1990 esse
2224 1948 2309 1990 effi-

1281 2011 1542 2051 cacissimum
1563 2010 1616 2048 ad
1636 2010 1886 2049 obviandum
1914 2010 2121 2049 erroribus
2145 2015 2186 2050 et
2203 2007 2325 2050 falsis‘

1281 2071 1478 2110 doctrinis
1500 2083 1511 2117 ;
1536 2075 1577 2110 et
1605 2070 1658 2109 ob
1690 2072 1797 2110 hanc
1817 2082 1986 2110 causam
2017 2072 2204 2110 existimo
2230 2075 2316 2112 tam

1283 2134 1462 2184 graviter
1480 2131 1608 2170 fuisse
1629 2133 1673 2170 B.
1714 2133 1757 2170 P.
1783 2132 1830 2171 N.
1862 2133 2020 2183 Ignatio
2053 2132 2316 2171 commenda-

1281 2198 1385 2239 tum,
1409 2205 1506 2243 qma
1526 2193 1771 2242 religionem
1801 2193 1908 2232 hanc
1937 2193 2143 2244 praecipue
2171 2198 2316 2233 contra

1282 2254 1547 2304 insurgentes
1561 2254 1638 2292 hac
1657 2257 1902 2304 tempestate
1921 2255 2100 2294 haereses
2115 2255 2224 2294 Deus
2241 2267 2316 2306 per

1283 2315 1478 2355 eumdem
1498 2314 1706 2366 Ignatium
1733 2316 1995 2365 praeparavit.
2017 2316 2200 2355 Tandem
2223 2327 2315 2367 pos-

1283 2387 1425 2416 semus
1440 2376 1520 2415 hoc
1551 2375 1797 2414 confirmare
1823 2376 2020 2426 exemplis
2043 2377 2310 2426 antiquitatis,

1283 2440 1326 2477 ct
1344 2447 1557 2477 sacrorum
1578 2447 1786 2474 canonum
1807 2449 1816 2484 ;
1856 2437 1931 2476 sed
1958 2438 2044 2477 haec
2064 2438 2314 2477 sufficienter

1280 2498 1460 2538 adducta
1480 2497 1671 2548 superius
1692 2500 1799 2544 sunt,
1825 2497 1895 2537 lib.
1920 2499 1959 2546 5,
1981 2510 2016 2537 c.
2035 2500 2074 2545 5,
2098 2499 2312 2539 tractando

1281 2559 1515 2612 generatim
1552 2559 1605 2600 de
1644 2558 1877 2599 eruditione
1922 2571 2172 2611 puerorum;
2215 2570 2312 2599 nam

1281 2624 1413 2662 multa
1434 2635 1487 2662 ex
1507 2621 1586 2660 illis
1606 2622 1831 2671 loquuntur
1857 2623 2065 2674 praecipue
2086 2624 2138 2662 de
2153 2624 2313 2663 institu-

1281 2684 1394 2724 tione
1415 2694 1558 2722 eorum
1579 2683 1622 2720 in
1640 2682 1736 2729 fide,
1760 2687 1800 2721 et
1815 2683 2058 2722 rudimentis
2073 2685 2178 2734 eJus,
2193 2689 2239 2723 ut
2254 2672 2323 2726 1111Α

1280 2746 1528 2786 notavimus,
1546 2745 1594 2783 Et
1608 2744 1729 2794 plane
1741 2745 1957 2792 Eusebius,
1974 2745 2046 2784 lib.
2066 2746 2092 2784 6
2107 2746 2314 2794 Η15101101,Ξ

1280 2817 1372 2858 cap.
1416 2805 1676 2852 duodecimo,
1699 2817 1792 2844 cum
1813 2806 1863 2844 de
1879 2806 2054 2857 Origene
2075 2810 2117 2846 et
2138 2807 2323 2847 Heracla'

1280 2868 1478 2918 loquitur,
1517 2865 1614 2904 dicit
1648 2877 1719 2905 eos
1751 2867 2025 2918 assumpsisse
2046 2880 2198 2907 munus
2219 2879 2309 2908 eru-

1278 2927 1419 2967 diendi
1428 2927 1691 2977 juventutem
1706 2928 1747 2966 in
1764 2928 2010 2967 rudimentis
2030 2929 2140 2969 fidei.
2159 2918 2330 2971 omnee‘

1278 2990 1404 3029 etiam
1421 2988 1630 3036 utilitates,
1652 3001 1756 3040 quas
1775 2990 1831 3028 ibi
1862 2991 2118 3031 ostendimus
2155 2979 2329 3032 11011010Ι

1278 3050 1387 3090 hanc
1404 3061 1630 3102 puerorum
1651 3051 1941 3097 eruditionem,
1971 3064 2019 3091 ex
2043 3052 2122 3092 hoc
2148 3043 2352 3119 potissi-41-

1277 3123 1393 3152 mum
1414 3112 1571 3163 sperari
1612 3122 1662 3152 ac
1695 3114 1830 3164 sequi,
1865 3115 2133 3154 manifestum
2169 3120 2243 3163 est,
2268 3096 2352 3188 053

1275 3171 1371 3213 ideo
1393 3173 1438 3211 in
1469 3173 1652 3213 Concilio
1671 3173 1949 3225 Moguntiaco‚
1971 3175 2049 3215 sub
2085 3177 2290 3226 Carolo,c
2293 3206 2303 3216 .
2344 3215 2347 3223 ,

1276 3234 1596 3286 quadragesimo
1611 3235 1771 3285 quinto,
1789 3236 1846 3275 sic
1862 3236 2030 3276 dicitur:
2055 3231 2306 3289 Symbolum

1277 3297 1379 3347 quod
1392 3299 1450 3336 est
1469 3296 1718 3348 siynaculum
1742 3298 1849 3349 fidei,
1869 3301 1905 3338 et
1927 3297 2153 3339 Orationem
2173 3221 2352 3494 Βοηιὶέξ

1276 3358 1408 3396 nicam
1428 3358 1568 3405 dicere,
1589 3368 1741 3409 semper
1758 3359 1990 3400 admoneant
2007 3361 2223 3401 sacerdotes
2233 3368 2304 3412 po·

1271 3418 1419 3469 pulum
1448 3416 1739 3459 Christianum.
1769 3419 1869 3459 Cum
1902 3431 2002 3472 ergo
2037 3418 2326 3497 Societassiq

1280 3478 1424 3531 religio
1448 3479 1724 3526 sacerdotum,
1748 3481 1893 3520 merito
1905 3482 2124 3533 assumpsit
2141 3493 2241 3532 prov
2243 3418 2352 3535 inq}

1276 3540 1384 3580 ciam
1406 3553 1491 3580 non
1513 3541 1644 3580 solum
1670 3542 1934 3591 admonendi,
1950 3547 1994 3581 ut
2013 3542 2102 3581 haec
2127 3542 2240 3581 disca
2340 3538 2352 3569 ἴ

1276 3601 1354 3641 sed
1372 3602 1496 3642 etiam
1511 3602 1706 3651 faciendi,
1744 3615 1792 3642 00
1821 3603 2017 3642 nimirum
2037 3603 2224 3643 docendo
2241 3545 2352 3652 ᾗ

1277 3663 1473 3708 omnibus
1489 3664 1592 3706 locis
1605 3666 1647 3705 et
1662 3664 1946 3706 occasionibus
1954 3662 2105 3728 quibus
2094 3647 2352 3774 possunfffiss

2272 3784 2352 3880 M
