2352 3880
92 213 234 253 {m

125 346 320 398 quentius
351 342 542 394 expedire
577 341 702 382 etiam
736 341 784 382 in
810 341 934 381 simili
957 353 1069 391 casu,
1106 343 1152 383 in

123 417 219 458 quo,
238 403 405 451 scilicet,
418 400 646 454 petulantia
657 402 858 443 oculorum
871 414 966 455 crya
978 402 1155 453 fevmnas

123 466 167 507 in
183 469 312 515 fratre
332 466 524 513 cernitur,
544 464 684 503 statim
703 463 898 503 Praelatus
918 467 1149 513 moneatur,

124 531 171 567 ut
189 527 387 565 radicitus
409 525 664 565 occasionem
683 525 856 566 auferat.
885 526 1068 578 Denique
1100 525 1153 566 ad

124 590 170 630 D.
191 588 394 628 Thomam
408 587 562 627 ibidem
593 587 763 627 citatum
798 588 1068 639 respondetur
1094 587 1153 627 ibi

122 650 306 690 locutum
330 661 414 689 esse
436 649 487 689 de
516 649 824 690 denuntiatione
850 649 1052 700 judiciali3
1073 648 1153 688 alio

123 724 220 752 vero
245 713 334 751 loco
350 723 374 751 a
386 711 502 751 nobis
521 711 643 751 citato
659 711 757 750 satis
791 711 1033 762 explicuisse
1052 709 1151 762 quid

121 775 175 816 de
195 775 506 815 denuntiatione
521 779 692 827 paterna
709 774 983 813 sentiendum.

176 838 218 878 9.
237 838 308 878 Ad
323 840 509 889 quartum
538 839 818 888 arqumentum
836 835 881 874 in
898 846 938 874 π.
958 835 998 874 5.
1013 855 1068 866 --
1089 834 1152 875 Ad

122 903 312 953 quartam
330 899 532 939 rationem
545 897 711 938 concedi
738 900 871 949 potest
889 900 1022 936 totum
1042 896 1152 949 quod

124 973 198 1014 per
217 972 308 1001 eam
327 960 572 1006 intenditur,
609 958 807 998 nimirum
826 957 899 997 uhi
918 959 1063 999 notitia
1078 959 1152 999 Su„

122 1023 295 1075 perieris
309 1022 362 1063 ad
376 1019 630 1073 spiritualem
659 1019 839 1072 aliquem
865 1020 1046 1061 fructum
1080 1032 1151 1061 ne·

123 1084 293 1124 cessaria
310 1095 394 1121 non
414 1085 488 1129 est,
517 1092 651 1133 neque
668 1081 722 1121 ad
739 1093 958 1122 commune
979 1081 1150 1130 bonum,

121 1149 223 1184 tunc
242 1155 325 1184 non
350 1154 435 1183 esse
461 1142 620 1182 licitum
638 1142 699 1182 illi
730 1143 974 1183 denuntiare
992 1143 1151 1195 lapsum

123 1206 261 1246 fratris
280 1219 293 1254 3
312 1205 390 1244 hoc
414 1205 526 1244 enim
553 1205 688 1244 solum
707 1206 852 1257 probat
871 1205 1074 1244 discursus
1091 1204 1152 1243 ibi

119 1266 268 1308 factus.
289 1266 369 1306 Nos
388 1270 526 1306 autem
543 1265 717 1306 dicimus
735 1266 779 1306 in
798 1266 1008 1318 religionis
1026 1270 1148 1315 statu,

122 1332 163 1370 et
189 1328 415 1381 praesertim
449 1327 494 1368 in
518 1332 659 1368 nostra
682 1329 899 1376 Societate,
920 1339 994 1379 per
1028 1337 1073 1368 se
1093 1326 1151 1367 lo-

121 1389 301 1443 quendo,
322 1393 364 1429 et
380 1393 427 1428 ut
445 1389 489 1428 in
513 1389 739 1441 plurimum
760 1389 1030 1430 necessariam
1049 1400 1148 1437 esse,

125 1456 197 1491 aut
213 1451 361 1491 saltem
376 1451 495 1491 valde
509 1450 733 1502 proficuam
748 1450 850 1489 hanc
875 1451 1063 1490 notitiam
1076 1450 1150 1490 Su-

121 1514 307 1566 perioris,
324 1518 364 1553 et
386 1513 602 1553 infamiam
622 1523 716 1564 quae
735 1519 785 1554 ex·
815 1511 887 1552 illa
913 1516 1149 1563 generatur,

122 1574 158 1615 si
175 1575 306 1614 frater
323 1585 419 1614 vere
435 1579 478 1614 et
495 1585 545 1613 ex
561 1573 684 1615 corde
702 1572 913 1615 emendari
929 1573 1044 1622 velit,
1065 1584 1152 1614 esse

120 1648 250 1688 prope
277 1636 449 1684 nullam,
469 1640 511 1676 et
528 1635 621 1676 ideo
637 1634 895 1685 regulariter,
928 1647 979 1676 ac
1003 1647 1076 1687 per
1108 1645 1151 1675 se

121 1698 342 1750 loquendo,
359 1698 612 1739 intercedere
635 1697 905 1738 sufficientem
931 1697 1149 1745 rationem,

123 1759 176 1799 oh
197 1772 322 1811 quam
344 1760 388 1799 in
407 1759 486 1799 hoc
502 1771 651 1811 genere
679 1758 1002 1799 denuntiationis
1019 1762 1151 1813 pater-

120 1832 184 1863 11ae
201 1822 353 1872 praevia
366 1822 539 1861 monitio
556 1820 911 1872 praetermittatur.

174 1884 241 1923 10.
271 1885 302 1923 I
302 1884 482 1926 astantia
498 1887 637 1924 con-tra.
654 1894 759 1925 mmo
779 1882 902 1923 dicta.
915 1881 1057 1922 —Sed
1067 1884 1153 1921 ins-

121 1943 226 1984 tabit
243 1944 391 1995 aliquis
413 1954 424 1982 ε
459 1955 556 1983 nam
582 1943 679 1983 hinc
702 1943 885 1993 sequitur
907 1941 1018 1982 hunc
1044 1941 1153 1982 ordi-

123 2017 219 2046 nem
235 2003 468 2055 corrigendi
493 2004 637 2043 saltem
657 2003 701 2043 in
728 2007 837 2042 statu
856 2003 1047 2054 religioso
1066 2014 1152 2043 esse

121 2067 359 2118 simpliciter
373 2066 607 2115 meliorem3
625 2065 731 2117 quod
739 2064 901 2105 videtur
911 2064 1150 2114 absurdum,

121 2139 216 2167 cum
239 2127 424 2167 Christus
454 2127 651 2166 Dominus
680 2126 808 2166 alium
833 2126 1022 2167 ordinem
1055 2126 1150 2167 sim-

121 2189 281 2243 pliciter
298 2189 499 2229 docuerit.
515 2189 630 2228 Circa
642 2188 745 2227 hane
755 2189 1028 2239 objectionem
1046 2188 1152 2228 Ban-

120 2263 194 2292 nes
209 2252 250 2291 2.
269 2253 310 2300 2,
327 2263 370 2304 q.
383 2252 450 2299 33,
468 2255 544 2291 art.
561 2253 603 2298 8,
621 2249 718 2290 dub.
734 2250 775 2298 2,
795 2250 846 2288 ad
863 2251 1039 2301 primam
1057 2261 1151 2289 eon·

118 2312 394 2354 firmationem
410 2312 575 2364 septimi
591 2311 841 2363 argumenti,
871 2311 993 2350 tacite
1010 2311 1061 2351 de
1079 2311 1152 2352 So-

120 2375 266 2414 cietate
284 2374 360 2414 sub
376 2375 542 2414 nomine
561 2374 773 2425 cujusdam
788 2373 859 2412 reli
866 2373 998 2422 gloriis
1006 2383 1147 2424 agens,

120 2437 328 2477 existimat
346 2436 548 2488 imprimis
565 2435 907 2475 Constitutionem
939 2435 1152 2474 Societatis

119 2497 165 2538 in
184 2497 262 2537 hac
277 2501 393 2549 parte
409 2509 497 2537 esse
512 2497 680 2548 justam,
700 2508 750 2537 eo
767 2496 890 2535 titulo
922 2495 1031 2548 quoti
1052 2495 1147 2536 reli-

120 2558 227 2609 giosi
251 2559 340 2610 ejus
360 2559 599 2598 renuntient
618 2558 706 2611 ⁴juri
735 2568 812 2598 suo
825 2557 962 2610 quoad
994 2556 1149 2599 famam

121 2631 219 2671 erga
236 2620 468 2661 Praelatum.
489 2620 615 2660 Addit
642 2631 743 2661 vero
775 2619 947 2660 ulterius
971 2621 1149 2659 maxime

120 2681 416 2722 attendendum
447 2693 550 2732 esse,
578 2693 632 2723 ne
660 2680 854 2734 praedicta
890 2680 1147 2729 Constitutio,

120 2753 214 2796 quae
230 2744 390 2783 ratione
415 2742 735 2784 renuntiationis
768 2742 927 2795 proprii
950 2742 1057 2793 juris
1079 2753 1150 2794 po-

120 2807 201 2843 test
214 2815 298 2844 esse
311 2805 437 2855 justa,
457 2803 535 2845 sub
553 2803 635 2844 alia
650 2804 811 2844 ratione
840 2803 943 2844 falsa
957 2803 1150 2843 defenda—

120 2867 205 2913 tur,
215 2865 420 2914 videlicet,
435 2866 632 2917 quoniam
649 2865 731 2904 alio
752 2865 874 2905 modo
901 2864 1016 2904 nulla
1035 2875 1149 2905 com-

120 2925 302 2967 munitas
323 2930 454 2977 potest
471 2927 578 2967 bene
597 2925 819 2977 gubernari
836 2939 850 2975 3
875 2937 976 2965 nam
992 2925 1069 2964 hoc
1087 2937 1149 2966 es·

122 2989 184 3027 set
206 2985 341 3025 dicere
367 2987 554 3028 ordinem
579 2987 839 3027 correctionis
856 2987 1150 3037 Evangelicnm

121 3049 164 3086 et
185 3046 415 3086 naturalem
432 3060 517 3088 esse
546 3049 823 3101 perniciosum
847 3049 1151 3089 communitati-

120 3106 214 3156 hus,
228 3119 278 3147 ac
299 3107 471 3160 proinde
487 3120 624 3160 neque
640 3110 684 3149 in
702 3113 924 3163 praecepto,
952 3122 1086 3161 neque
1106 3110 1151 3150 in

122 3169 292 3209 consilio
311 3181 411 3218 esse,
431 3170 540 3222 quod
556 3182 775 3211 erroneum
795 3176 914 3221 esset,
939 3183 1034 3210 eum
1052 3172 1152 3212 ordo

121 3229 193 3272 ille
202 3230 256 3270 ah
270 3231 359 3283 ipso
378 3230 536 3272 Christo
550 3232 723 3272 traditus
741 3233 808 3279 sit,
844 3237 885 3272 et
903 3245 930 3273 a
963 3233 1152 3273 Patribus

122 3296 165 3334 et
186 3292 402 3344 'theologis
430 3304 593 3333 summa
626 3294 889 3335 veneratione
926 3298 1148 3345 susceptus.

123 3352 223 3395 Haec
239 3354 324 3394 fere
340 3354 556 3407 praedictus
586 3358 745 3404 auctor,
779 3367 870 3406 quae
894 3355 999 3395 nihil
1030 3367 1151 3407 repu-

122 3420 254 3468 gnant
273 3416 442 3468 hisquae
462 3417 659 3457 hacteuus
672 3417 865 3465 diximus,
879 3427 1012 3467 neque
1027 3416 1071 3455 in
1087 3417 1151 3458 his

124 3486 216 3529 quae
235 3481 421 3530 spectant
436 3477 489 3518 ad
509 3477 698 3519 naturale
712 3481 795 3529 jus,
816 3481 947 3530 potest
962 3477 1046 3518 fere
1065 3490 1152 3522 esse

127 3537 341 3580 diversitas
367 3539 680 3588 sententiarum,
705 3550 803 3580 nam
818 3537 885 3593 (ut
912 3539 1023 3580 idem
1047 3540 1152 3582 bene

123 3598 354 3655 subiungit)
389 3601 565 3650 ⁴varietas
596 3601 861 3655 judiciem,
894 3611 988 3654 quae
1007 3601 1054 3643 in
1074 3601 1154 3655 hoc

576 3734 594 3743 ι

351 198 353 200 ¹
411 215 488 250 LIB.
506 214 550 249 X.
570 213 627 249 nt:
645 211 843 248 anetum
861 211 1112 254 sociemus,
1127 212 1188 251 Ὲῗ
1206 200 1526 254 consequemini
1542 211 1600 247 1)ss
1619 207 1830 249 mmm
1849 206 1947 253 mus

123 281 346 336 pendentia
365 280 624 320 subditorum
641 289 667 319 a
690 278 876 328 Praelato,
909 282 1050 331 potest
1072 278 1156 320 fre·
1209 292 1294 321 esse
1308 282 1454 348 potest,
1473 289 1560 318 non
1574 281 1661 319 tam
1679 278 1788 319 circa
1794 277 1914 330 legis
1917 272 2279 337 obligatiommJo
2288 286 2290 290 ’
2324 318 2340 335 Ἰ,

1208 354 1333 394 quam
1361 340 1467 381 circa
1491 340 1581 393 ejiis
1596 339 1912 392 applicationem
1938 341 1997 383 ad
2018 353 2121 397 opus
2138 349 2232 387 '001⁵'-

1206 407 1333 443 satur.

1260 465 1303 504 ss
1316 493 1326 503 .
1358 462 1545 504 Auctoris
1571 462 1726 505 decisio.
1746 483 1800 494 -
1817 463 1866 503 In
1882 461 1960 502 hoc
1980 475 2080 516 ergo
2107 475 2229 506 sensu
2255 466 2258 468 ’

1206 519 1425 578 quuendo,
1443 525 1676 565 addendum
1695 524 1814 564 nobis
1840 529 2037 576 superest,
2051 529 2229 569 'bemma-

1207 589 1314 629 rium
1333 586 1520 639 quidem,
1539 590 1582 627 et
1609 589 1754 626 contra
1783 597 1949 626 omnem
1974 585 2230 638 prudentiam

1208 661 1292 689 esse
1327 659 1526 697 asserere,
1557 646 1714 688 nullam
1751 647 2087 687 communitatem
2121 657 2233 698 posse
2284 671 2303 690 μ

1205 709 1309 750 bene
1334 708 1570 760 gubernari,
1599 709 1680 748 nisi
1707 709 2040 748 constitutionem
2070 707 2233 757 haheat,

1206 771 1271 813 vel
1294 782 1415 811 nsum
1437 770 1707 811 denuntiandi
1730 770 1903 811 Praelato
1919 774 2084 822 peccata
2100 769 2237 809 occul-

1204 838 1263 883 ta,
1279 832 1396 873 nulla
1423 833 1576 885 praevia
1602 833 1852 880 monitione3
1876 843 1974 871 nam
2005 832 2112 880 hoc,
2141 831 2258 876 licet,
2284 870 2286 873 ,

1206 909 1290 938 ιιοιι
1320 897 1373 938 sit
1400 897 1552 937 directe
1577 897 1828 937 contrarium
1847 895 1982 935 verbis
1999 894 2148 935 Christi
2164 893 2238 945 (ut
2277 889 2291 930 ’ἶ
2322 933 2338 962 3

1205 959 1305 999 falso
1325 958 1519 1011 supponit
1542 958 1742 1010 Bannes)‚
1762 969 1855 1010 quae
1874 957 2016 997 multis
2037 955 2128 996 aliis
2153 966 2237 995 mo·

1207 1021 1268 1061 dis
1286 1021 1498 1060 commode
1518 1020 1788 1072 explicantur,
1809 1023 1856 1059 ut
1873 1019 2051 1058 vidimus
2063 1047 2077 1066 ,
2097 1020 2157 1056 est
2173 1020 2236 1058 'ta-

1207 1093 1303 1122 men
1320 1084 1465 1134 praeter
1489 1093 1655 1122 omnem
1671 1081 1890 1129 rationem,
1920 1083 1960 1119 et
1986 1083 2134 1130 praeter
2148 1089 2236 1118 om-

1206 1156 1300 1185 nem
1321 1156 1440 1183 usum
1457 1143 1670 1192 Ecclesiae,
1690 1146 1732 1184 et
1749 1142 1864 1183 nulla
1883 1142 2124 1182 anctoritate
2143 1140 2236 1180 fun·
2284 1177 2293 1194 ,

1207 1205 1361 1245 datum.
1380 1205 1653 1245 Nihilominus
1662 1209 1820 1252 tamen,
1838 1203 2041 1255 loquendo
2062 1203 2112 1242 de
2130 1213 2237 1242 com-

1209 1267 1407 1307 munitate
1426 1267 1631 1317 religiosa,
1653 1278 1750 1306 vere
1768 1270 1810 1306 et
1827 1266 2051 1318 prudenter
2069 1264 2151 1304 dici
2167 1275 2236 1316 po-

1208 1332 1285 1368 test
1308 1339 1392 1368 non
1414 1340 1529 1380 posse
1558 1338 1675 1380 aeque
1694 1327 1798 1367 bene
1820 1326 2043 1379 gubernari
2075 1330 2115 1366 et
2142 1337 2236 1365 con-

1206 1391 1372 1437 servari,
1389 1390 1422 1429 si
1435 1401 1577 1429 omnes
1591 1389 1743 1428 subditi
1757 1389 2083 1441 persuadeantur
2097 1398 2139 1427 se
2154 1399 2239 1427 non

1206 1464 1320 1505 posse
1352 1452 1464 1492 licite
1497 1451 1739 1492 denuntiare
1777 1451 1957 1490 Praelatis
1987 1451 2127 1502 lapsus
2157 1449 2239 1489 fra-

1208 1518 1330 1560 trum,
1363 1513 1443 1552 nisi
1467 1512 1668 1552 tentando
1687 1512 1800 1563 prius
1815 1511 1907 1551 illos
1926 1511 2145 1551 emendare
2166 1522 2241 1562 per
2302 1564 2303 1569 1
2326 1506 2338 1543 ἵ

1206 1578 1405 1615 secretam
1422 1574 1712 1620 monitionem;
1727 1584 1824 1613 nam
1839 1572 1898 1626 (nt
1913 1573 2174 1612 Innocentius
2187 1571 2240 1611 111

1207 1635 1478 1688 significavit)
1499 1635 1545 1675 in
1566 1634 1759 1686 reIIgioso
1779 1638 1885 1673 statu
1900 1633 2053 1672 habere
2078 1637 2239 1673 tantum

1207 1708 1345 1738 curam
1364 1698 1533 1749 privatae
1563 1695 1684 1736 famae
1701 1695 1842 1736 fratris
1866 1706 1963 1746 erga
1981 1694 2112 1734 solum
2135 1694 2240 1734 Prae-

1205 1757 1350 1806 latum,
1373 1759 1461 1797 sine
1486 1762 1673 1810 respectu
1706 1756 1759 1796 ad
1789 1756 1923 1808 majus
1942 1755 2098 1794 bonum
2123 1755 2242 1806 spiri-

1204 1819 1314 1859 inale
1337 1819 1474 1859 fratris
1493 1823 1534 1858 et
1559 1819 1778 1862 sociorum,
1798 1829 1848 1858 ao
1865 1817 1990 1856 totius
2009 1816 2238 1866 religionis,

1205 1885 1289 1922 esto
1322 1881 1479 1921 malum
1510 1893 1594 1920 non
1617 1880 1670 1918 sit
1684 1909 1696 1928 ‚
1715 1891 1800 1919 non
1822 1882 1978 1930 potest,
1996 1877 2241 1933 generaliter

1203 1942 1424 1993 loquendo,
1450 1954 1536 1980 esse
1553 1940 1696 1979 utilius
1727 1939 1780 1980 ad
1806 1941 2007 1990 maiorem
2029 1938 2239 1990 perfectio-

1204 2015 1313 2044 nem.
1336 2002 1410 2042 Vel
1440 2002 1584 2042 saltem
1604 2001 1699 2040 lieet
1725 2001 1816 2052 quis
1834 2000 1938 2040 nolit
1959 2000 2176 2039 admittere
2193 1999 2240 2040 in

1205 2064 1413 2104 communi
1430 2064 1480 2102 de
1490 2063 1680 2113 religioso
1700 2066 1824 2110 statu,
1839 2062 1937 2112 quia
1955 2061 1999 2100 in
2017 2060 2088 2100 illo
2107 2063 2241 2111 potest

1205 2137 1290 2166 esse
1308 2137 1461 2175 magna
1476 2125 1668 2172 varietas,
1690 2127 1730 2163 et
1747 2123 1790 2162 in
1811 2122 1950 2174 aliquo
1966 2121 2134 2161 vivendi
2152 2133 2239 2162 mo-

1206 2187 1257 2228 do
1281 2191 1414 2238 posset
1440 2186 1610 2225 fortasse
1643 2183 1757 2224 aliud
1783 2183 1997 2236 expedire,
2027 2182 2239 2224 nihilomi-

1205 2261 1297 2296 nus,
1319 2248 1524 2300 loquendo
1542 2247 1593 2286 de
1612 2246 1751 2298 aliqua
1771 2246 2066 2286 communitate
2085 2246 2130 2286 in
2148 2257 2241 2298 par·

1206 2310 1377 2358 ticulari,
1399 2310 1552 2361 optime
1569 2312 1610 2348 et
1626 2308 1847 2360 prudenter
1873 2312 2006 2360 potest
2028 2307 2121 2360 quis
2149 2317 2240 2348 sen·

1206 2373 1283 2414 tire
1307 2376 1350 2412 et
1370 2372 1506 2412 dicere
1529 2370 1757 2411 docti-lnam
1787 2369 1904 2410 illam
1922 2380 2007 2409 non
2037 2380 2123 2409 esse
2141 2380 2239 2410 con-

1206 2435 1436 2475 venientem
1455 2433 1508 2473 ad
1533 2432 1746 2473 meliorem
1764 2431 2105 2485 gubernationem
2122 2431 2237 2484 eJ'us;

1203 2497 1303 2549 quin
1338 2497 1474 2549 potius
1506 2494 1754 2546 regulariter
1788 2495 1834 2535 in
1870 2505 1919 2534 ca
1954 2493 2146 2545 expedire
2176 2493 2239 2534 uti

1203 2557 1421 2609 prudentia
1441 2556 1601 2596 Praelati
1620 2555 1671 2595 ad
1691 2554 1995 2595 emendandum
2012 2555 2234 2604 subditum,

1205 2624 1245 2659 et
1272 2619 1560 2673 praevenienda
1581 2618 1867 2667 incommoda,
1898 2617 2085 2669 quamvis
2104 2627 2238 2669 neque

1205 2681 1438 2729 conveniat,
1460 2692 1596 2732 neque
1621 2679 1739 2719 liceat
1769 2679 1816 2720 in
1844 2677 2083 2732 particulari
2106 2675 2238 2718 ’alium

1204 2743 1391 2783 ordinem
1411 2753 1573 2794 semper
1589 2739 1820 2788 excludere,
1831 2743 1879 2778 nt
1893 2738 2144 2787 declaratum
2158 2741 2235 2780 est.

1205 2806 1318 2847 Unde
1352 2805 1477 2846 etiam
1507 2803 1612 2843 addo
1631 2814 1704 2854 per
1733 2801 1842 2841 hanc
1873 2800 2102 2840 doctrinam
2128 2811 2240 2842 nun·

1205 2879 1330 2919 quam
1348 2867 1408 2905 ita
1434 2864 1594 2905 excludi
1610 2862 1884 2903 monitionem
1902 2867 2115 2911 secretam,
2134 2862 2239 2915 quin

1204 2928 1329 2982 possit
1346 2925 1570 2978 aliquando
1601 2925 1730 2964 frater
1758 2925 1871 2976 prius
1903 2924 2122 2964 convenire
2155 2923 2239 2964 fra·
2299 2933 2329 2976 ,g

1205 2993 1325 3034 trem,
1344 2999 1429 3028 non
1445 2991 1494 3027 ut
1510 2998 1585 3026 sua
1605 2985 1774 3038 aliquali
1804 2987 2057 3038 correptione
2071 2988 2237 3026 eonten-
2289 2991 2291 2994 ⁴

1204 3053 1268 3089 tus
1286 3050 1354 3097 sit,
1376 3048 1446 3088 sed
1463 3052 1512 3089 ut
1544 3047 1663 3087 illum
1683 3048 1872 3099 disponat
1890 3048 1942 3087 ad
1970 3045 2131 3087 Praelati
2148 3057 2237 3086 cor·

1203 3111 1448 3162 reptionem,
1470 3109 1589 3160 eique
1608 3109 1850 3160 persuadeat
1866 3109 1944 3160 ipsi
1963 3107 2169 3159 expedire,
2188 3110 2238 3146 ut

1206 3171 1399 3212 Praelatus
1414 3171 1661 3210 conveniens
1674 3169 1904 3210 remedium
1919 3169 1981 3209 illi
1995 3168 2104 3208 malo
2122 3167 2236 3207 adffi·
2286 3181 2290 3189 ·

1205 3234 1327 3285 heat3
1346 3246 1421 3287 per
1445 3235 1522 3273 hoc
1540 3234 1653 3273 enim
1672 3245 1757 3272 non
1776 3233 2000 3285 impeditur
2016 3231 2238 3284 quominus

1205 3295 1460 3335 denuntiatio
1485 3294 1558 3334 fiat
1576 3293 1746 3333 Praelato
1764 3298 1812 3333 ut
1829 3294 1952 3346 patri,
1971 3293 2041 3333 sed
2056 3291 2236 3333 suaviori

1204 3358 1326 3397 modo
1345 3358 1440 3407 fiat,
1460 3360 1503 3398 et
1527 3355 1588 3396 ita
1610 3356 1749 3397 minus
1777 3358 2041 3408 exasperetur
2057 3357 2131 3394 aut
2131 3348 2236 3425 pet·

1203 3419 1406 3459 turbetur.

1257 3482 1322 3521 12.
1340 3480 1485 3522 Alte-ri
1501 3480 1711 3522 instantiae
1725 3477 1968 3520 occurritur.
1986 3497 2040 3508 —
2055 3450 2182 3522 nice's,
2196 3471 2231 3512 si

1203 3544 1303 3581 tunc
1323 3542 1450 3582 frater
1467 3541 1751 3595 poenitentiam
1769 3538 1968 3586 ostendat,
1999 3540 2041 3575 et
2064 3535 2153 3573 non
2168 3544 2232 3572 re-

1205 3608 1365 3658 pugnet
1384 3602 1666 3647 emendationi
1683 3601 1846 3652 delicti,
1873 3595 2126 3651 superfluum
2143 3603 2262 3636 esso

2274 3579 2275 3583 κ
2273 3502 2334 3606 εἰ

2277 3678 2293 3702 ὦ
2330 3706 2336 3710 .

2233 3630 2337 3880 ἕ
