2352 3880
154 291 292 336 vitalis
314 295 381 342 sit,
411 298 452 334 et
483 299 788 346 consequenter,
815 295 968 335 caeteris
997 295 1177 348 paribus,

151 364 240 399 esse
276 355 582 407 praeferendam,
614 356 738 395 etiam
759 356 804 395 111
835 360 942 395 statu
974 356 1176 407 religioso,

152 418 316 469 quando
342 417 547 455 evidentia
577 416 834 457 incommoda
863 417 908 457 in
938 430 984 457 ea
1003 430 1086 458 non
1107 430 1178 471 ap-

150 481 314 528 parent,
327 482 367 516 et
385 488 476 529 quae
495 477 649 529 majora
669 477 764 528 sint,
779 490 901 530 quam
921 491 1012 531 quae
1033 491 1081 519 ex
1098 479 1178 519 sre-

149 539 292 590 quenti
328 539 554 579 mutatione
589 539 795 592 Praep'ositi
827 541 1028 592 generalis
1062 540 1177 594 sequi

149 604 334 652 possunt.

199 664 240 701 4.
274 661 480 703 Suadetur
497 662 615 704 tertio
633 662 788 704 ratione
805 663 995 715 generali.
1008 685 1059 693 —
1071 663 1175 704 Item

147 723 372 764 rationibus
393 725 676 777 peculiaribus.
706 746 759 754 —-
786 726 943 773 Tertio,
964 736 1176 775 possumus

147 782 226 824 hoc
255 786 412 824 ratione
449 786 706 836 persuadere.
746 786 794 823 Et
827 785 1005 835 primum
1039 785 1173 824 afferri

146 850 315 898 possunt
334 858 475 885 omnes
498 859 587 897 quae
604 858 741 897 supra,
760 846 882 883 citato
907 849 1095 893 tractatu,
1114 850 1175 885 te-

145 906 315 958 tigimus
343 907 584 958 generaliter
614 906 825 945 tractando
858 906 963 945 hanc
983 907 1173 957 quaestio-

146 979 240 1007 nem
262 968 311 1007 de
342 967 517 1006 Praelatis
549 966 815 1016 religionum,
840 980 941 1018 quas
962 969 1083 1006 etiam
1114 973 1174 1006 at-

145 1028 270 1080 tingit
297 1030 339 1067 B.
373 1029 574 1078 Ignatius‚
605 1028 648 1065 in
680 1027 786 1066 dicto
806 1040 841 1066 0.
866 1031 882 1067 1
903 1059 912 1074 ,
933 1041 1043 1067 110113
1063 1038 1173 1079 parte

145 1089 503 1136 constitutionum,
519 1089 562 1126 in
577 1088 863 1136 declaratione,
877 1090 936 1128 lit.
957 1092 989 1129 A
1000 1102 1012 1140 ;
1025 1091 1171 1130 deinde

143 1151 385 1202 applicando
405 1162 472 1189 eas
499 1149 549 1188 ad
575 1150 815 1201 particulare
837 1151 1064 1190 institutum
1101 1152 1172 1191 So-

143 1211 313 1258 cietatis‚
335 1215 376 1250 et
400 1210 451 1250 ad
479 1221 630 1250 munus
660 1211 866 1250 Generalis
898 1213 998 1263 ejus,
1020 1212 1173 1251 habent

143 1272 230 1312 sine
258 1272 382 1311 dubio
410 1273 608 1323 majorem
639 1273 738 1311 vim.
775 1274 908 1311 Prima
936 1285 1033 1322 ergo
1068 1274 1170 1312 ratio

141 1337 213 1380 est,
236 1335 331 1384 quia
354 1333 596 1384 gubernatio
626 1338 666 1373 et
691 1333 872 1372 influxus
902 1333 1108 1372 Generalis
1128 1335 1170 1372 in

158 1397 269 1433 otam
299 1396 560 1441 Societatem,
583 1398 645 1433 est
675 1407 766 1434 cnm
798 1407 947 1445 magna
977 1399 1170 1446 potestate

141 1466 189 1494 ex
211 1460 326 1507 parte
354 1468 440 1502 sua,
464 1460 503 1494 et
524 1467 674 1505 magna
694 1456 966 1506 dependentia
985 1469 1035 1495 ex
1057 1462 1170 1508 parte

140 1518 332 1568 corporis,
347 1523 387 1555 et
404 1518 590 1555 omnium
609 1517 886 1556 membrorum
903 1519 1006 1568 ejus,
1024 1524 1063 1557 et
1078 1519 1168 1558 ideo

134 1576 298 1628 ‘indiget
330 1590 481 1629 magna
513 1578 658 1616 notitia
692 1579 817 1616 totius
857 1579 1092 1627 Societatis,
1130 1584 1170 1619 et

134 1649 324 1685 omnium
356 1651 621 1690 personarum
650 1641 750 1690 eJuS,
772 1651 894 1690 quam
927 1653 1007 1678 non
1040 1644 1169 1691 potest

133 1699 252 1739 ‘brevi
290 1705 472 1751 tempore
508 1700 749 1751 acquirere·
741 1730 751 1747 ,
792 1701 952 1751 expedit
989 1713 1084 1751 ergo
1123 1707 1171 1741 ut

137 1762 269 1802 multo
290 1766 471 1812 tempore
492 1762 623 1809 duret,
646 1774 726 1813 quo
753 1775 823 1813 pos
808 1763 878 1800 sit
896 1767 1044 1801 statum
1075 1764 1165 1801 uni-

139 1834 263 1863 versae
297 1824 507 1863 Societatis
539 1823 881 1874 comprehendere
915 1836 987 1874 per
1011 1825 1164 1863 diutur-

137 1896 233 1925 nam
252 1886 561 1936 experientiam,
583 1898 673 1936 quae
692 1886 740 1924 ad
763 1886 1000 1937 prudentem
1019 1887 1165 1936 guber-

138 1947 345 1985 nationem
382 1948 558 1984 maxime
596 1948 825 1985 necessaria
859 1950 945 1994 est,
977 1952 1016 1985 et
1052 1947 1164 1986 brevi

137 2010 318 2059 tempore
336 2007 494 2058 acquiri
514 2019 596 2046 non
616 2012 759 2058 potest,
784 2009 959 2046 maxime
989 2008 1031 2046 in
1053 2012 1165 2046 tanta

135 2078 289 2116 rerum,
306 2080 572 2119 personarum
591 2080 638 2107 ac
665 2069 923 2118 negotiorum
941 2069 1159 2115 varietate;

135 2141 219 2168 non
245 2141 342 2180 ergo
364 2129 525 2180 expedit
551 2133 597 2168 ut
624 2133 723 2168 tunc
742 2130 901 2168 duratio
921 2131 1165 2180 praelationis

135 2188 316 2239 finiatur,
350 2191 514 2242 quando
548 2203 721 2242 persona
753 2192 896 2242 incipit
930 2191 1163 2242 hujusmodi

134 2254 321 2292 notitiam
339 2257 379 2292 et
394 2253 687 2304 experientiam
701 2253 882 2291 obtinere
890 2264 902 2300 3
919 2254 1025 2301 quod
1045 2254 1162 2301 plane

136 2315 412 2365 contingeret,
452 2315 485 2354 si
518 2315 570 2354 ad
606 2315 725 2354 breve
768 2319 928 2365 tempus
959 2313 1162 2352 Generalis

135 2377 468 2423 constitueretur,
489 2375 606 2427 quale
630 2380 732 2415 esset
749 2387 817 2413 sex
836 2374 899 2413 vel
920 2379 1008 2412 octo
1037 2387 1163 2412 anno—

135 2448 247 2485 rum;
268 2449 363 2476 nam
379 2438 447 2476 vix
467 2438 575 2475 iutra
594 2437 693 2475 illud
715 2441 844 2487 potest
859 2437 981 2475 semel
1001 2441 1071 2474 aut
1089 2437 1162 2475 ite-

133 2509 226 2538 rum
251 2499 399 2538 habere
415 2499 654 2537 relationem
674 2502 714 2537 et
733 2499 919 2537 notitiam
939 2498 1160 2547 societatis,

132 2571 207 2612 per
223 2561 459 2599 universum
488 2560 629 2598 orbem
658 2559 859 2609 dispersae.
884 2559 1046 2597 Nullum
1066 2571 1162 2609 ergo

132 2620 296 2661 brevius
318 2627 479 2672 tempus
507 2633 631 2673 quam
652 2621 703 2659 sit
722 2621 806 2659 vita
827 2621 948 2671 hujus
969 2621 1159 2668 hominis,

133 2682 335 2734 designari
361 2683 507 2734 potuit,
528 2683 751 2733 praesertim
779 2693 871 2719 vum
892 2682 942 2720 ad
974 2681 1052 2719 1100
1073 2692 1162 2719 mu-

131 2754 225 2792 nus,
251 2744 495 2794 regulariter
523 2737 743 2795 loquendo,
774 2743 922 2781 assumi
957 2754 1039 2780 non
1068 2754 1162 2793 pos-

132 2804 228 2849 sint,
258 2806 337 2844 nisi
367 2805 554 2844 homines
585 2809 704 2844 aetate
740 2815 854 2842 senes
889 2807 930 2841 et
956 2803 1161 2842 laboribus

133 2866 318 2905 confecti.
348 2867 428 2905 Nec
456 2866 570 2905 obest
589 2865 697 2916 quod
717 2868 991 2916 opponeretur
1015 2864 1065 2902 de
1089 2864 1160 2902 tri-

133 2924 208 2966 bus
242 2926 505 2965 Generalibus
540 2925 691 2965 Jacobo
729 2926 912 2975 Laynes,
950 2924 1159 2963 Francisco

133 2985 293 3037 Borgia,
314 2986 517 3025 Everardo
535 2985 802 3032 Mercuriano,
825 2984 896 3035 qui
923 2984 976 3023 ad
1005 2989 1159 3036 septem

132 3046 224 3099 plus
243 3048 458 3098 minusque
477 3059 605 3086 annos
622 3046 907 3085 tantummodo
926 3057 974 3085 eo
990 3057 1158 3086 munere

134 3112 230 3146 sunt
245 3109 408 3158 egregie
427 3107 621 3146 defuncti.
642 3107 941 3146 Occurrendum
960 3106 1084 3151 enim,
1099 3106 1158 3145 le-

130 3173 132 3186 ³
161 3180 226 3208 em
254 3181 325 3207 seu
346 3168 680 3207 constitutionem
711 3167 761 3207 de
788 3167 1055 3219 perpetuitate
1081 3167 1157 3207 Ge-

129 3179 282 3269 igeralis
315 3228 540 3279 prospicere
578 3228 726 3267 futuris
763 3228 1013 3279 temporibus
1033 3258 1044 3276 ,
1082 3240 1155 3279 pro

132 3290 281 3343 quibus
315 3288 449 3328 noluit
483 3288 599 3327 nobis
638 3292 746 3328 certo
784 3290 1020 3339 promittere
1055 3288 1155 3328 talos

131 3363 292 3404 semper
311 3350 516 3390 habendos
535 3353 606 3389 aut
633 3350 840 3401 eligendos
855 3351 978 3397 viros,
996 3350 1067 3401 qui
1085 3350 1156 3389 tri-

131 3411 207 3454 bus
231 3412 311 3451 illis
328 3409 592 3452 Generalibus
609 3411 705 3448 satis
723 3414 1022 3462 comparentur.

184 3475 226 3514 5.
237 3472 420 3512 Secunda
430 3472 533 3511 ratio
546 3471 721 3510 sumitur
733 3482 784 3510 ex
797 3470 1073 3518 electionibus,
1083 3482 1156 3522 per

132 3544 233 3589 quas
249 3533 466 3574 Generales
488 3531 648 3578 creandi
669 3535 784 3579 sunt3
805 3532 848 3570 in
876 3535 1018 3570 octavo
1045 3533 1155 3570 enim

132 3597 325 3644 metatu,
346 3594 421 3635 lib.
446 3595 489 3645 2,
513 3605 550 3634 0.
583 3595 626 3642 1,
649 3592 900 3634 ostendimus
925 3604 1012 3632 non
1040 3604 1158 3645 posse

436 232 512 265 us.
535 231 576 265 X.
600 229 655 263 DE
671 229 868 265 nmmum
887 231 1135 271 somETATIS,
1156 231 1212 267 ΕΤ
1231 233 1550 273 CONSEQUENTER
1570 234 1624 268 DE
1643 234 1855 271 rumam
1870 238 1978 276 ‘EIUS

1231 309 1316 338 esse
1334 297 1460 337 alium
1485 298 1653 338 modum
1671 301 1932 343 successionis
1947 306 2135 359 religioni
2155 307 2291 362 cumei-f)
2278 298 2307 332 Ῑ“

1231 362 1465 410 gruentem3
1487 360 1649 411 expedit
1675 365 1813 401 autem
1839 364 2014 406 multum
2043 362 2321 444 Souetatin

1230 423 1276 457 ut
1287 419 1518 469 hujusmodi
1536 421 1877 473 Congregationes
1889 427 2095 474 generales
2108 423 2291 514 crebro&

1230 491 1311 519 non
1332 479 1451 528 fiant;
1475 482 1571 533 quia
1588 495 1680 522 cuin
1707 484 1883 524 Societas
1901 487 1945 524 in
1974 487 2093 529 rebus
2110 503 2206 544 mag

1229 541 1440 589 momenti,
1460 547 1500 582 et
1519 543 1569 582 ad
1590 545 1657 583 Dei
1679 544 1851 594 gloriam
1875 547 2170 598 pertinentibus
2188 564 2262 594 sae

1228 602 1281 640 tis
1297 614 1456 654 semper
1473 609 1666 656 occupata
1684 606 1748 654 sit,
1770 619 1853 646 non
1875 607 2010 656 debet,
2030 611 2163 661 quoad
2179 612 2248 654 fia-

1227 662 1264 701 ri
1298 664 1440 714 possit,
1476 665 1539 704 his
1572 666 1963 718 Congregationihus
1992 672 2179 722 occupari
2208 678 2286 715 et.
2332 657 2352 706 ἶ

1229 723 1411 763 distrahi.
1432 725 1545 771 Quod
1565 739 1658 766 cum
1677 727 1720 766 in
1746 729 1980 768 universum
2000 730 2050 770 de
2069 731 2133 770 his
2151 730 2247 774 Com

1229 786 1534 835 gregationibns
1555 799 1698 827 verum
1719 789 1785 835 sit,
1807 795 1969 842 propter
1987 790 2109 842 longa
2129 793 2247 835 itine-

1227 857 1294 894 ra,
1331 846 1486 886 labores
1519 852 1559 888 et
1595 849 1875 889 distractiones
1914 852 2246 906 provincialium,

1228 907 1505 955 Praelatorum,
1530 914 1570 949 et
1603 911 1774 949 aliorum
1798 912 2031 962 electorum,
2060 915 2130 964 qui
2148 927 2248 956 sem-

1227 980 1299 1019 per
1314 981 1399 1008 esse
1416 970 1564 1009 debent
1582 984 1630 1010 ex
1646 973 1858 1023 praecipuis
1871 974 1967 1012 viris
1982 979 2022 1013 et
2039 976 2245 1027 operariis,

1227 1030 1422 1080 peculiari
1457 1036 1498 1070 et
1523 1034 1749 1083 urgentiori
1770 1035 1924 1073 ratione
1948 1047 2089 1074 verum
2109 1041 2168 1075 est
2197 1037 2247 1078 de

1227 1090 1291 1129 his
1308 1093 1718 1143 Congregationibus,
1742 1106 1831 1144 quae
1849 1097 1896 1133 ad
1917 1096 2121 1147 eligendos
2143 1099 2248 1136 Prae·
2284 1138 2294 1149 ,k
2327 1103 2343 1144 ,ᾳ

1224 1150 1325 1190 latos
1348 1153 1476 1201 fiunt3
1508 1154 1657 1194 habere
1688 1156 1797 1194 enim
1827 1155 1954 1196 solent
1986 1158 2165 1196 maxima
2186 1159 2250 1198 111-

1224 1215 1435 1253 commoda
1454 1220 1493 1253 et
1526 1216 1703 1264 dissidia,
1726 1229 1808 1255 non
1834 1217 1921 1256 sine
1952 1230 2101 1267 magno
2128 1219 2247 1258 detri-

1224 1279 1362 1313 mento
1377 1276 1582 1325 religionis
1595 1282 1634 1314 et
1650 1277 1974 1316 oblocutionibus
1987 1284 2244 1319 externorum

1226 1334 1274 1374 de
1293 1335 1447 1375 ambitu
1468 1339 1692 1377 taxantium
1715 1339 1936 1389 religiosos,
1952 1342 2053 1378 utin
2073 1341 2244 1392 superio-

1224 1396 1350 1445 ribus,
1383 1410 1470 1449 cap.
1501 1400 1758 1449 praecedenti,
1789 1412 1901 1440 num.
1942 1403 2013 1447 10,
2038 1401 2247 1440 adnotavi-

1224 1468 1314 1495 mus
1325 1472 1335 1505 3
1358 1470 1453 1508 ergo
1483 1461 1604 1498 etiam
1636 1460 1711 1498 hoc
1739 1461 1856 1499 titulo
1893 1462 2153 1500 utilissimum
2188 1465 2246 1502 est

1223 1517 1460 1557 Generalem
1494 1533 1577 1558 esse
1597 1521 1645 1558 ad
1676 1521 1816 1567 vitam,
1838 1526 1884 1559 ut
1916 1522 1990 1560 1100
2023 1523 2142 1560 modo
2162 1527 2245 1563 tota

1224 1579 1400 1618 Societas
1419 1593 1508 1618 cum
1532 1582 1684 1632 majore
1710 1583 1842 1631 quiete
1863 1587 1903 1620 et
1922 1595 2019 1632 pace
2037 1584 2162 1622 vivat.

1275 1643 1313 1680 6.
1346 1643 1481 1680 Tertio
1508 1642 1603 1681 hinc
1623 1644 1805 1693 sequitur
1824 1642 1904 1681 alia
1931 1643 2085 1682 utilitas
2106 1644 2245 1694 magni

1221 1704 1440 1749 momenti,
1475 1704 1669 1741 nimirum
1703 1708 1748 1741 ut
1779 1703 1841 1742 vel
1874 1704 2000 1752 nulla,
2032 1705 2095 1743 vel
2122 1717 2245 1756 quam

1219 1765 1391 1803 minima
1421 1765 1472 1803 sit
1498 1765 1733 1803 ambitionis
1765 1766 1918 1803 occasio
1948 1767 1991 1804 in
2024 1767 2243 1815 Societate3

1218 1826 1274 1864 sic
1294 1827 1402 1864 enim
1425 1826 1573 1864 dicitur
1595 1827 1637 1864 in
1667 1826 1860 1877 praedicta
1877 1827 2159 1875 declaratione,
2180 1828 2243 1868 lit.

1220 1887 1252 1925 A
1275 1899 1283 1925 ε
1307 1887 1481 1939 Lonyius
1506 1888 1653 1927 recedet
1680 1889 1808 1926 omnis
1832 1889 2018 1939 cogitatio
2039 1892 2073 1927 et
2097 1889 2245 1928 occasio

1219 1948 1457 1994 ambitionis,
1484 1960 1571 1999 qzcoe
1602 1947 1827 1998 hvy'usmodi
1863 1948 2089 1995 officiorum
2119 1950 2246 1998 pestis

1219 2012 1291 2054 est,
1313 2009 1350 2049 si
1383 2009 1585 2049 Generalis
1611 2010 1664 2049 ad
1693 2009 1815 2047 vitam
1849 2007 2034 2059 eliqatur,
2057 2022 2175 2060 quam
2205 2010 2245 2050 .ςί

1220 2073 1338 2109 certis
1364 2074 1419 2109 te.⁴
1439 2071 1601 2120 poribus
1631 2073 1729 2109 esset
1750 2070 1963 2122 eliyendus.
1990 2070 2088 2107 Cum
2116 2071 2242 2120 enim,

1218 2131 1321 2169 sicut
1352 2135 1410 2169 est
1440 2132 1594 2170 incerta
1621 2143 1743 2178 mors,
1765 2130 1823 2168 ita
1850 2132 1971 2168 etiam
2006 2131 2058 2168 sit
2090 2131 2243 2171 incerta

1218 2192 1374 2238 electio,
1397 2205 1479 2231 non
1508 2194 1565 2231 ita
1593 2193 1819 2231 excitantur
1851 2192 1978 2228 animi
2010 2192 2060 2229 ad
2091 2204 2244 2242 praeve-

1217 2254 1408 2290 niendam
1445 2254 1508 2290 vel
1540 2253 1835 2303 procurandam
1866 2252 2118 2298 electionem,
2141 2254 2243 2293 sicut

1216 2311 1345 2351 solent
1365 2313 1546 2358 excitari,
1569 2313 1734 2365 qnando
1752 2317 1862 2352 certa
1883 2316 2064 2365 tempora
2082 2314 2244 2355 electio·

1215 2373 1259 2411 ni
1278 2374 1444 2424 praefixa
1463 2379 1573 2413 sunt.

1271 2436 1307 2474 7.
1340 2435 1490 2474 Ultimo
1525 2436 1700 2487 denique
1735 2436 1906 2475 dubium
1937 2449 2020 2476 non
2050 2441 2109 2476 est
2141 2438 2241 2489 quin

1216 2498 1462 2548 perpetuitas
1484 2499 1662 2537 muneris
1683 2498 1858 2537 multum
1881 2499 2130 2538 auctoritatis
2147 2512 2242 2539 con-

1216 2558 1324 2597 ciliet
1353 2560 1429 2611 ipsi
1454 2559 1657 2606 Generali,
1687 2566 1772 2597 tum
1805 2573 1896 2598 cum
1929 2561 2122 2608 externis,
2152 2566 2241 2601 tum

1217 2621 1339 2659 etiam
1357 2632 1450 2658 eum
1470 2621 1632 2668 nostris,
1652 2623 1697 2657 ut
1717 2621 1760 2657 in
1780 2621 1919 2658 eodem
1942 2633 1977 2659 c.
2001 2624 2012 2658 1
2037 2622 2242 2670 significa-

1214 2685 1302 2731 tur3
1324 2694 1420 2720 nam
1455 2681 1631 2732 dignitas
1662 2686 1854 2732 perpetua
1876 2681 2039 2730 majoris
2066 2682 2240 2722 aestima-

1214 2743 1337 2781 tion‘s
1356 2742 1462 2793 apud
1480 2753 1618 2780 omnes
1638 2746 1710 2787 est,
1734 2753 1855 2791 quam
1879 2742 2121 2792 temporalis.
2139 2744 2240 2784 Item

1215 2807 1322 2854 qnod
1351 2803 1541 2842 Praeiatus
1561 2801 1682 2840 habet
1712 2803 1841 2852 magis
1866 2801 2027 2840 firmam
2052 2803 2239 2853 jurisdic-

1214 2864 1366 2903 tionem
1380 2893 1392 2912 ,
1414 2865 1548 2902 miuus
1572 2862 1773 2913 dependet
1790 2875 1814 2900 a
1833 2863 2018 2911 subditis,
2039 2876 2085 2902 ac
2103 2876 2238 2905 conse-

1215 2928 1385 2975 quenter
1403 2924 1600 2974 majorem
1621 2924 1902 2962 anctoritatem
1931 2936 2023 2962 cum
2052 2926 2149 2976 ipsis
2168 2927 2237 2966 113-

1214 2985 1310 3024 bere
1326 2988 1471 3036 potest,
1494 2985 1703 3036 magisque
1722 2985 1773 3023 ab
1792 2985 1887 3036 ipsis
1911 2985 2061 3033 timeri,
2080 2991 2120 3024 et
2138 2987 2237 3027 libe-

1212 3046 1297 3085 rior
1313 3046 1434 3084 etiam
1456 3047 1532 3085 erit
1551 3059 1574 3084 a
1602 3045 1848 3096 respectibus
1875 3045 2031 3084 timoris
2046 3047 2109 3085 vel
2127 3060 2237 3087 amo-

1212 3106 1268 3145 ris
1297 3105 1481 3145 humani.
1506 3107 1746 3157 Hujusmodi
1778 3110 1914 3145 autem
1940 3108 2156 3146 auctoritas
2185 3107 2236 3148 ad

1210 3166 1547 3219 gubernationem
1563 3167 1770 3207 Societatis
1784 3166 1998 3206 utilissima
2010 3168 2097 3206 sine
2110 3168 2235 3208 dubio

1209 3232 1284 3275 est,
1303 3241 1395 3268 cum
1415 3229 1465 3268 ad
1485 3229 1622 3268 omnia
1641 3228 1818 3279 negotia,
1837 3239 1927 3278 quae
1947 3239 2040 3266 cum
2057 3228 2233 3268 externis

1209 3294 1447 3339 occurrunt,
1466 3294 1555 3328 tum
1575 3290 1694 3327 etiam
1714 3288 1763 3327 ad
1790 3288 2071 3327 rectitudinem
2091 3293 2132 3328 et
2147 3288 2234 3328 effi·-

1209 3351 1363 3390 caciam
1396 3351 1662 3391 necessariam
1692 3350 1738 3390 in
1768 3349 1856 3402 ipso
1887 3349 2087 3400 regimine
2119 3347 2232 3389 adhi-

1208 3410 1398 3451 hendam.

1260 3473 1299 3512 8.
1330 3472 1398 3513 Aa
1415 3472 1659 3513 incommoda
1686 3472 1731 3513 in
1747 3483 1856 3512 num.
1874 3473 1914 3511 4.
1933 3491 1987 3501 -
2003 3466 2229 3518 Periculum

1208 3536 1344 3572 autem
1362 3533 1610 3573 incommodi
1627 3533 1759 3572 solum
1778 3536 1852 3582 est,
1870 3543 1922 3573 ne
1937 3532 1983 3570 in
1998 3526 2229 3579 2812de

1207 3593 1443 3646 hujusmodi
1461 3595 1701 3635 auctoritate
1715 3593 1783 3634 vel
1793 3593 1926 3632 abusu
1937 3588 2228 3642 ejwmmim

2250 3785 2288 3797 ,,,
2315 3784 2335 3802 ,ἶ

2287 3821 2290 3830 ,

2228 3791 2302 3880 Α

2330 622 2352 652 {i
2329 395 2352 606 ‘'imnum-iun*
2318 370 2349 382 <s
2330 335 2346 344 ³»
