2352 3880
171 307 252 349 lius
267 307 314 348 in
332 318 443 357 eum,
463 305 535 359 qui
549 307 603 346 ad
618 307 902 360 exequendam
927 307 1204 349 obedientiam

161 360 467 440 :cunctabundus
497 369 662 418 accedit,
695 372 736 410 et
770 369 1007 416 lentescens;
1041 369 1093 410 de
1127 369 1205 409 hac

161 430 294 482 ¹etiam
329 428 581 480 perfectione
627 429 872 471 obedientiae
905 431 1036 471 videri
1070 435 1204 483 potest

160 487 458 547 jBonaventura
491 491 537 530 in
567 491 741 543 Speculo
777 492 1028 546 disciplinae,
1067 493 1201 545 prima

160 548 295 604 parte,
314 564 402 604 cap.
424 554 466 602 4,
487 552 560 592 ubi
574 553 684 594 inter
700 554 784 594 alia
802 555 860 595 ait
878 564 889 594 ἰ
910 554 1096 606 Perfecta
1115 555 1202 596 obe-

159 605 318 654 'dientia
333 626 408 654 sua
422 614 654 667 imperfecta
670 616 878 669 relinquit.

217 676 258 714 5.
290 676 431 716 Tertia
445 678 709 727 perfectio.—
719 677 947 719 Excusatio
962 677 1010 718 ab
1028 676 1201 717 obedien-

157 736 223 779 'tia
241 738 397 790 quando
417 738 558 790 pravis
583 739 715 790 culpa,
746 740 901 792 quando
925 751 1085 780 non.—
1100 739 1199 779 Per-

158 801 345 850 fectiones
380 800 476 841 alioe
503 800 598 841 Ieuic
635 802 767 841 tertioe
801 812 980 842 annexoe.
1011 821 1067 831 —
1104 800 1198 840 Alia

159 861 341 900 conditio
356 861 406 900 ad
421 861 529 901 hanc
547 861 839 913 perfectionem
866 863 1095 901 necessaria
1118 867 1194 912 est,

158 927 207 962 ut
224 923 341 963 nulla
371 927 468 963 ante
500 924 787 963 executionem
818 923 1063 964 adhibeatur
1077 936 1198 964 excu-

158 985 277 1034 satio,
301 997 394 1037 quae
410 996 598 1037 expresse
620 984 795 1024 habetur
809 986 932 1024 tertia
962 989 1077 1036 parte
1096 986 1198 1025 Con-

156 1047 435 1096 stitutionum,
457 1058 493 1086 c.
518 1049 559 1096 1,
576 1046 649 1085 11111
665 1047 773 1086 inter
791 1046 873 1086 alia
894 1047 1072 1087 dicitur:
1094 1047 1198 1089 Sine

157 1109 476 1151 excusationibus
491 1113 526 1150 et
541 1108 977 1150 obmurmurationibus
995 1110 1192 1159 obediant,

156 1171 252 1213 licet
269 1172 467 1221 difficilia
495 1174 535 1212 et
569 1172 782 1212 secundum
812 1171 1113 1213 sensualitatem
1130 1183 1196 1212 re-

152 1232 383 1285 puqnantia
396 1233 552 1284 Jubeat.
575 1233 625 1272 Et
643 1232 688 1272 111
708 1234 732 1272 7
763 1245 804 1284 p.
812 1262 825 1282 ,
847 1244 883 1273 c.
906 1235 946 1280 1,
965 1232 1195 1284 specialiter

154 1294 207 1352 de
222 1298 318 1334 voto
344 1294 398 1335 ad
433 1294 672 1334 Pontificem
705 1294 856 1333 dicitur
876 1307 885 1333 :
906 1294 1009 1336 Sine
1027 1294 1114 1334 ulla
1129 1305 1194 1335 ex-

153 1357 357 1397 cusatione
385 1369 427 1397 se
465 1356 653 1398 Societas
685 1357 896 1397 astrinxit.
939 1355 1054 1396 Circa
1085 1354 1195 1394 hanc

153 1422 295 1458 autem
313 1418 589 1457 conditionem
608 1417 948 1469 distinguendum
980 1416 1031 1456 de
1065 1429 1190 1456 excu-

154 1479 315 1519 satione
330 1484 415 1528 est3
437 1491 535 1518 nam
553 1479 765 1519 interdum
784 1483 917 1530 potest
939 1490 1026 1519 esse
1051 1482 1193 1517 contra

153 1540 428 1580 substantiam
467 1540 596 1592 ipsius
628 1540 739 1590 voti,
773 1540 939 1591 quando
971 1539 1192 1579 adhibetur

152 1606 433 1654 praeceptum,
469 1607 511 1641 et
540 1603 748 1641 excusatio
776 1601 844 1641 vel
875 1606 936 1641 est
971 1606 1116 1640 contra
1147 1599 1193 1640 id

152 1664 263 1715 quod
296 1664 546 1716 promissum
578 1668 654 1711 est,
685 1662 751 1702 vel
785 1674 870 1702 non
899 1666 963 1702 est
992 1662 1193 1709 vera,sed

150 1725 263 1773 ficta,
293 1730 366 1765 aut
396 1725 601 1772 colorata;
623 1729 671 1764 ut
700 1724 734 1763 si
767 1724 860 1776 quis
898 1735 994 1763 cum
1024 1724 1193 1774 jubetur

150 1787 390 1826 missionem
412 1787 541 1834 obire,
561 1793 779 1826 excusetur
809 1785 957 1834 solum,
977 1786 1075 1836 quia
1104 1797 1190 1824 non

152 1849 277 1888 datur
308 1849 519 1896 viaticum,
552 1847 663 1899 quod
687 1851 893 1899 repugnat
927 1846 1190 1898 promissioni

151 1911 270 1950 factae
288 1923 298 1959 ;
319 1914 361 1949 et
378 1910 471 1949 ideo
491 1910 526 1949 si
544 1909 588 1948 id
619 1909 744 1948 faciat
770 1910 908 1947 animo
936 1920 1020 1947 non
1046 1908 1188 1957 eundi,

151 1972 231 2011 nisi
258 1972 392 2019 detur,
418 1971 600 2022 graviter
636 1974 781 2009 contra
802 1969 1082 2008 obedientiam
1121 1969 1188 2009 de-

149 2033 336 2085 linquet,
366 2033 401 2072 si
432 2037 571 2072 autem
604 2032 739 2071 solum
776 2031 829 2071 ad
862 2030 1187 2082 extorquendum

150 2096 306 2147 aliquid
340 2095 381 2134 id
416 2094 552 2142 faciat,
575 2094 683 2133 circa
716 2093 886 2132 modum
926 2092 1187 2144 imperfectus

149 2159 243 2198 erit.
267 2158 345 2206 Qui
374 2162 515 2196 autem
549 2156 697 2196 falsam
725 2167 889 2195 causam
914 2155 1187 2195 excusationis

150 2219 317 2271 allegat,
351 2219 446 2258 licet
476 2219 528 2257 de
561 2218 669 2257 facto
706 2229 731 2256 a
771 2217 987 2268 Superiore
1023 2229 1191 2257 excusa-

147 2286 219 2320 tur
259 2281 311 2321 ab
337 2280 596 2320 excusatione
641 2278 903 2327 obedientiae,
933 2291 1072 2318 coram
1106 2280 1188 2318 Deo

147 2354 235 2382 non
282 2348 500 2382 excusatur
527 2353 555 2381 a
589 2341 912 2390 transgressione
965 2340 1186 2391 culpabili3

149 2408 247 2456 quia
266 2416 315 2443 ex
337 2415 416 2454 quo
445 2403 506 2442 illi
540 2407 795 2454 praeceptum
828 2401 907 2440 fuit
930 2400 1185 2453 impositum,

149 2471 292 2506 contra
320 2465 423 2504 illud
459 2464 677 2516 delinquit,
703 2464 739 2503 si
759 2463 847 2503 sine
882 2475 979 2503 vera
1006 2467 1047 2502 et
1075 2464 1188 2515 justa

148 2540 273 2568 causa
291 2530 520 2567 excusatur.
547 2527 600 2566 At
632 2536 730 2565 vero
765 2524 838 2564 ubi
871 2525 1059 2564 nondum
1080 2537 1186 2578 prae-

147 2594 312 2642 ceptum
331 2588 621 2640 interpositum
651 2587 746 2636 fuit,
775 2586 847 2625 sed
878 2587 1051 2638 simplex
1089 2587 1186 2628 obe-

148 2652 306 2692 dientia
327 2663 398 2691 seu
416 2649 663 2701 significatio
691 2649 915 2688 voluntatis
937 2649 1183 2701 Superioris,

149 2713 196 2753 in
214 2713 288 2752 tali
313 2711 574 2751 excusatione
595 2710 744 2762 poterit
773 2722 859 2750 esse
877 2710 999 2762 culpa
1016 2711 1187 2750 menda-

149 2775 224 2824 cii,
242 2777 384 2813 contra
396 2772 671 2811 obedientiam
687 2783 785 2810 vero
804 2771 938 2810 solum
959 2775 1019 2810 est
1035 2783 1188 2823 magna

149 2834 423 2886 imperfectio,
441 2838 482 2872 et
497 2832 715 2872 retardatio
732 2832 1047 2883 reprehensione
1061 2833 1188 2883 digna

145 2890 261 2947 fcirca
275 2898 418 2934 votum
436 2893 693 2933 obedientiae.
714 2892 847 2943 Atque
869 2892 980 2932 idem
998 2897 1072 2942 est,
1087 2906 1188 2944 quo·

150 2956 228 2995 ties
246 2955 450 2995 excusatio
482 2966 566 2994 11011
598 2965 648 2992 ex
681 2953 854 3000 ratione,
876 2953 948 2992 sed
981 2964 1031 2993 ex
1067 2954 1188 2994 affec-

151 3018 265 3057 tione
281 3016 419 3068 aliqua
436 3015 674 3055 inordinata
686 3014 893 3066 procedit;
910 3026 1023 3063 nam,
1038 3015 1073 3054 si
1090 3027 1188 3057 vera

144 3071 257 3119 'ratio
276 3077 504 3129 impediens
538 3076 800 3125 interveniat,
829 3076 896 3116 vel
920 3076 1065 3116 saltem
1095 3076 1188 3117 talis

144 3136 426 3188 sexistimetur,
442 3143 515 3178 aut
533 3137 800 3190 probabiliter
825 3138 877 3177 de
895 3149 945 3178 ea
959 3138 1185 3189 dubitetur,

144 3193 268 3251 {nulla
289 3202 367 3241 erit
384 3200 655 3252 imperfectio,
670 3199 780 3251 quod
798 3211 849 3240 ea
871 3200 1081 3251 Superiori
1096 3213 1189 3252 pro-

144 3255 348 3319 {ponatun
367 3263 479 3302 utin
507 3261 668 3313 speciali
687 3261 857 3312 epistola
890 3261 942 3300 de
966 3261 1044 3300 1130
1060 3266 1188 3301 mate-

145 3324 232 3374 'ria‚
251 3326 296 3365 in
312 3336 355 3364 n.
376 3325 443 3373 19,
464 3324 510 3363 B.
529 3323 571 3362 P.
594 3322 644 3362 N.
666 3323 846 3374 ignatius
867 3322 988 3361 latius
1009 3323 1188 3374 explica-

144 3368 232 3435 ¹vit,
252 3390 294 3427 et
307 3389 532 3437 utrumque
548 3384 687 3422 docuit
703 3385 750 3424 D.
770 3383 960 3430 Basilius,
981 3384 1026 3422 in
1044 3384 1188 3435 regula

156 3451 250 3498 119,
286 3459 338 3489 ex
372 3445 643 3494 brevioribus,
674 3445 748 3485 ubi
782 3445 916 3497 primo
950 3450 1185 3497 exaggerat,

156 3513 359 3563 quantum
379 3508 431 3548 ab
450 3507 681 3548 obedientia
697 3505 872 3554 deficiat,
891 3506 961 3558 qui
977 3508 1080 3558 quod
1109 3506 1190 3548 sibi

148 3573 411 3640 ⁸assipnatum
441 3575 516 3620 est,
535 3572 709 3618 recusat,
729 3572 766 3609 et
783 3569 898 3609 aliud
914 3569 960 3608 ab
992 3580 1031 3607 eo
1061 3569 1187 3609 diver-

152 3643 249 3675 sum
273 3632 464 3686 exquirit.
482 3632 534 3673 In
549 3629 634 3672 fine
649 3641 748 3672 vero
777 3629 1017 3682 subjungit:
1047 3628 1189 3672 Verum

528 243 604 278 mn.
623 241 680 278 w.
701 242 757 278 DE
777 240 898 279 VOTIS
915 241 1170 280 smmumus
1189 241 1430 280 cAsTrrATls
1449 243 1505 280 10:¹1·
1524 240 1820 285 PAUPERTATIS,
1842 241 1932 278 Ere.

1258 309 1364 350 enim
1380 308 1423 350 si
1439 319 1602 351 eausam
1616 310 1654 348 te
1666 306 1808 348 babere
1821 306 2001 358 aliquam
2007 307 2142 357 putas,
2153 310 2285 358 quam*
2304 352 2311 362 Ἄ
2347 320 2352 363 5·

1257 371 1385 411 obrem
1412 381 1511 422 opus
1527 380 1695 416 recuses,
1716 368 1816 410 Ιιαησ
1845 367 2067 419 Μαρὶεινίε
2094 367 2287 418 indicato,
2347 380 2349 382 ·

1255 443 1414 484 eamque
1442 431 1531 473 illis
1565 430 1863 483 disceptandam
1898 427 2124 481 relinquito.
2156 429 2288 476 Quam
2313 455 2316 470 2
2348 420 2350 426 ⁸

1253 505 1418 532 causam
1435 503 1575 533 veram
1593 504 1678 533 esse
1698 494 1872 543 oportet,
1889 501 1943 531 ne
1955 490 1996 531 ei
2008 490 2188 530 dicatur:
2208 490 2287 538 Qui
2343 484 2352 544 f

1253 554 1377 606 finyit
1398 553 1568 595 laborem
1593 554 1638 594 in
1655 556 1867 606 proecepto,
1894 555 1943 592 ut
1972 551 2084 591 idem
2115 550 2288 592 Basilius

1253 614 1373 663 dixit,
1394 615 1526 666 regul.
1545 617 1639 663 152,
1660 626 1712 655 ex
1737 614 1892 656 eisdem
1922 612 2192 654 brevioribus.
2209 613 2284 654 De-

1252 676 1378 728 nique
1399 677 1451 717 ad
1469 677 1580 716 hunc
1597 677 1722 717 etiam
1735 676 1960 728 perfectum
1985 675 2156 715 modum
2173 685 2285 726 spec-

1251 741 1327 787 tat,
1350 739 1459 790 quod
1476 739 1711 778 obedientia
1733 739 1786 778 sit
1802 739 1975 789 integra,
1995 737 2127 787 fortis,
2143 736 2186 776 id
2205 740 2283 784 est,

1251 806 1458 849 constans,
1483 804 1637 840 etcum
1671 800 1808 839 debita
1835 799 2154 851 perseverantia,
2175 798 2285 837 utin
2335 832 2338 835 .

1251 861 1405 900 eisdem
1421 861 1519 900 locis
1536 861 1883 901 Constitutionum
1898 861 2072 909 dicitur,
2093 861 2179 899 imo
2197 859 2285 898 haec

1252 922 1557 973 quodammodo
1573 934 1646 962 seu
1662 933 1714 961 ex
1737 927 1850 974 parte
1869 923 2078 974 pertinent
2108 920 2161 960 ad
2187 919 2283 960 sub-

1249 985 1443 1023 stantiam
1460 983 1726 1030 executionis,
1747 995 1800 1023 ne
1816 995 1910 1034 pars
1925 983 2062 1034 aliqua
2080 982 2143 1021 illi
2162 982 2280 1030 desit,

1248 1049 1291 1085 et
1309 1045 1455 1085 mutila
1474 1047 1542 1086 sit.
1564 1046 1614 1085 Et
1626 1045 1685 1085 ita
1699 1043 1776 1085 sub
1799 1044 1878 1084 hac
1894 1044 2127 1084 conditione
2147 1044 2283 1095 plures

1248 1106 1339 1147 aliae
1375 1107 1663 1156 continentur,
1691 1117 1793 1158 quas
1829 1105 2058 1146 luculenter
2090 1104 2284 1149 describit

1246 1168 1537 1224 Bonaventura
1553 1169 1644 1210 loco
1661 1168 1802 1208 statim
1817 1167 1996 1208 citando·

1622 1299 1791 1342 CAPUT
1816 1298 1920 1340 XIV.

1245 1426 1298 1456 Dr.
1314 1421 1638 1457 PERFECTIONIBUS
1654 1423 1809 1455 CONSILII
1824 1420 2068 1454 OBEDIENTIAE
2085 1421 2137 1455 Ex
2153 1418 2281 1453 PARTE

1628 1485 1892 1517 VOLUNTATIS.

1297 1607 1343 1647 1.’
1370 1600 1559 1647 Meminit
1582 1598 1706 1655 liujus
1732 1598 1970 1646 conditionis
1993 1599 2048 1646 S.
2069 1591 2277 1656 Ienatius,

1247 1672 1285 1709 et
1302 1668 1600 1708 Bonaventura.
1631 1685 1685 1695 -
1711 1664 1825 1704 Circa
1849 1664 2076 1705 secundum
2096 1663 2280 1716 proposi-

1244 1734 1336 1769 tum
1354 1729 1399 1768 in
1416 1730 1456 1775 2,
1478 1729 1528 1767 de
1547 1726 1772 1776 voluntate,
1792 1727 1837 1766 B.
1856 1727 1900 1766 P.
1922 1726 2119 1776 Ignatius,
2141 1725 2185 1764 in
2205 1735 2280 1764 sua

1241 1790 1413 1842 epistola
1441 1789 1493 1829 de
1527 1788 1758 1828 obedientia
1772 1818 1786 1838 ,
1818 1787 1877 1828 ita
1902 1790 2123 1839 exaggerat
2155 1786 2280 1837 hujus

1244 1851 1491 1891 conditionis
1510 1851 1790 1890 necessitatem
1804 1879 1817 1898 ,
1840 1853 1887 1889 ut
1911 1849 2021 1888 dicat
2042 1849 2088 1888 in
2106 1859 2279 1887 numero

1243 1914 1402 1963 quinto,
1438 1913 1647 1962 infirmam
1676 1916 1713 1952 et
1746 1911 1859 1951 valde
1890 1911 2167 1964 imperfectam
2197 1921 2279 1950 esse

1241 1976 1419 2026 primam
1444 1975 1559 2014 illam
1587 1973 1815 2014 obedientiae
1835 1976 2031 2023 formam,
2061 1983 2148 2023 qux
2165 1982 2279 2011 man-

1242 2037 1338 2076 data
1358 2037 1556 2076 duntaxat
1569 2047 1681 2087 opere
1700 2034 1920 2086 exequitur,
1946 2045 2013 2074 nec
2028 2033 2197 2074 virtutis
2209 2044 2278 2072 no-

1239 2098 1346 2138 mine
1363 2098 1549 2148 dianam,
1581 2095 1665 2136 nisi
1682 2096 1738 2137 ad
1760 2097 1931 2137 alterum
1950 2096 2120 2147 pradum
2141 2106 2278 2135 ascen-

1240 2159 1331 2206 dat,
1360 2159 1430 2211 qui
1455 2158 1697 2199 voluntatem
1729 2156 1963 2209 Superioris
1985 2168 2100 2199 suam
2126 2157 2274 2207 faciat,

1242 2224 1279 2260 et
1295 2232 1383 2260 cum
1401 2232 1447 2261 ea
1460 2220 1521 2260 ita
1540 2219 1755 2267 concordet,
1771 2223 1818 2260 ut
1834 2231 1912 2260 non
1925 2219 2052 2259 solum
2067 2219 2111 2258 in
2131 2221 2276 2270 effectu

1242 2282 1416 2323 executio
1435 2285 1643 2334 appareat,
1665 2292 1801 2321 oerum
1819 2281 1940 2322 etiam
1959 2281 2003 2320 in
2021 2282 2171 2331 affectu
2187 2291 2276 2320 con·

1241 2343 1385 2391 sensio,
1407 2345 1540 2395 sicque
1568 2343 1672 2382 idem
1702 2342 1798 2382 velit
1822 2345 1999 2394 uterque,
2028 2342 2131 2381 idem
2157 2341 2273 2381 nolit.

1242 2405 1288 2444 D.
1314 2405 1438 2445 etiam
1465 2405 1770 2452 Bonaventura,
1793 2401 1841 2442 in
1867 2403 2013 2455 Opusc.
2039 2403 2066 2442 8
2090 2402 2275 2441 Collatio-

1240 2477 1343 2506 num
1358 2495 1371 2515 ,
1405 2466 1542 2506 collat.
1584 2466 1626 2514 3,
1667 2464 1857 2516 quaedam
1893 2464 2021 2504 refert
2055 2463 2275 2515 Augustini

1238 2528 1380 2575 verba,
1401 2527 1552 2580 quibus
1570 2526 1659 2566 haec
1677 2526 1856 2565 conditio
1868 2555 1883 2576 ,
1913 2523 2037 2565 simul
2056 2536 2149 2564 cum
2169 2536 2277 2583 pree-¹

1239 2588 1416 2639 cedenti,
1438 2589 1591 2641 optime
1609 2588 1861 2627 declaratur:
1893 2586 1945 2627 Ut
1961 2586 2193 2635 obedientia,
2212 2587 2277 2625 111-ἰ

1239 2652 1343 2703 quit,
1372 2649 1553 2701 reliyiosi
1573 2649 1655 2689 Deo
1685 2649 1742 2688 sit
1769 2646 2038 2697 acceptabilis,
2064 2647 2167 2686 debet
2191 2658 2275 2686 esse

1236 2716 1439 2765 prompta,
1460 2712 1547 2751 sine
1565 2709 1756 2750 dilatione
1767 2722 1785 2754 ,·
1803 2709 1955 2755 devota,
1978 2708 2063 2747 sine
2081 2708 2169 2747 dedi
2170 2709 2276 2763 qna-J

1241 2775 1347 2814 tione
1355 2787 1374 2819 ,·
1388 2771 1629 2820 voluntaria,
1649 2771 1733 2811 sine
1746 2767 2050 2810 contradictione
2058 2786 2076 2818 ,·
2087 2771 2276 2821 simplex,

1239 2836 1327 2876 sine
1345 2834 1587 2875 discussione
1599 2848 1618 2879 ,·
1635 2843 1908 2884 perseverans,
1927 2833 2016 2872 sine
2034 2833 2246 2872 cessatione
2254 2837 2277 2885 ;{
2330 2843 2335 2848 ·

1241 2897 1441 2942 ordinata,
1458 2895 1545 2935 sine
1562 2894 1781 2934 deviatione
1791 2909 1808 2940 ,·
1821 2894 2017 2943 jucunda,
2037 2892 2120 2934 sine
2138 2893 2277 2934 turba-¹

1239 2957 1346 2998 tione
1352 2972 1368 3005 ,·
1390 2959 1566 3003 strenua,
1587 2957 1670 2995 sine
1679 2954 2022 3005 pusillanimitate
2034 2968 2053 3000 ‚·
2067 2956 2274 2996 universa-

1238 3018 1311 3066 lis,
1332 3018 1418 3058 sine
1433 3017 1670 3070 exceptione.
1694 3017 1739 3056 In
1753 3016 1900 3067 quibus
1913 3016 2048 3056 verbis
2059 3020 2141 3055 tres
2154 3015 2276 3056 dictae'

1240 3078 1508 3127 conditiones,
1543 3077 1676 3129 capite
1705 3078 1978 3130 praecedenti,
1999 3090 2175 3117 numero
2206 3091 2276 3128 se·¹
2348 3074 2352 3075 ⁷

1241 3140 1392 3189 cundo,
1427 3141 1585 3192 positae,
1617 3140 1902 3187 continentur;
1933 3151 2032 3178 nam
2051 3139 2160 3191 quod
2178 3132 2277 3180 obe-²
2348 3178 2352 3179 ⁷

1240 3202 1396 3241 dientia
1413 3202 1466 3240 sit
1485 3201 1573 3240 sine
1594 3200 1858 3250 discussione,
1878 3201 1932 3240 ad
1945 3201 2148 3252 judicium
2166 3213 2275 3254 spec-

1240 3266 1330 3312 tat3
1364 3262 1472 3314 quod
1501 3266 1640 3301 autem
1667 3262 1720 3301 sit
1746 3262 1906 3312 devota,
1935 3263 2183 3312 voluntaria,
2205 3263 2276 3314 ju·
2326 3278 2352 3313 μ

1241 3323 1391 3372 01111113,
1419 3323 1472 3363 311
1495 3323 1750 3363 voluntatem
1773 3324 1950 3376 pertinet
1964 3338 1977 3374 ;
2003 3324 2160 3376 reliqua
2184 3336 2276 3377 per-
2314 3314 2352 3374 ,ᾏὶ

1241 3385 1392 3425 sectam
1423 3385 1706 3425 executionem
1733 3386 1959 3436 continent,
1983 3386 2170 3438 quamvis
2190 3397 2277 3426 non

1242 3448 1398 3500 possint
1417 3458 1443 3486 a
1458 3446 1669 3487 voluntate
1686 3447 1882 3499 separari.
2312 3410 2334 3478 2

1295 3510 1338 3549 2.
1346 3508 1534 3549 Primum
1542 3509 1866 3560 pronuntiatum:
1879 3507 2016 3561 aliqua
2023 3507 2208 3550 voluntas
2216 3510 2278 3550 est
2303 3481 2352 3595 ξι

1244 3571 1290 3610 de
1301 3571 1530 3611 substantia
1543 3570 1908 3612 obedientioe.—Est
1917 3570 2044 3621 igitur
2057 3570 2276 3610 adverten-
2298 3562 2352 3625 '3245

1244 3631 1346 3671 dum
1364 3631 1514 3685 primo,
1533 3631 1788 3673 voluntatem
1806 3630 1986 3684 aliquam
2003 3631 2274 3674 necessariam
2296 3621 2352 3694 ξ’

2294 3701 2335 3880 3
