2352 3880
1157 0 1289 41 'v'

991 60 1013 79 Ο

124 147 206 189 650

121 217 246 256 modo
273 215 400 267 hujus
418 213 682 265 receptioniS,
709 217 752 253 et
769 219 960 256 votorum
990 229 1084 269 quae
1112 217 1156 258 in

110 277 192 316 ,illa
224 276 344 324 fiunt,
370 275 558 327 ejusdem
590 273 759 314 omnino
778 276 951 316 rationis
980 282 1091 326 sunt,
1114 288 1158 318 et

110 338 178 378 ¹ita
206 338 284 378 sub
311 338 390 376 illis
411 334 836 387 comprehenduntur,
859 342 1059 391 tanquam
1088 350 1154 379 ae-

110 399 348 440 ³cessorium
365 397 441 436 sub
459 395 687 448 principali.
709 397 784 437 Hic
804 397 928 450 igitur
955 400 1155 451 receptio-

111 461 186 502 ,nis
210 460 357 499 modus
377 457 514 496 multis
543 458 676 497 modis
705 457 973 511 impugnatus
1004 465 1080 508 est,
1112 465 1153 501 et

109 525 320 572 ‚tanquam
350 531 497 567 novus,
529 522 570 559 et
590 522 787 570 tanquam
810 521 1002 571 injustus,
1032 525 1074 561 et
1091 522 1150 560 in-

118 582 326 621 sufficiens
364 580 418 619 ad
444 580 685 632 religiosum
715 582 1062 622 constituendum.
1101 584 1149 624 Ut

117 655 216 693 ergo
230 642 353 693 plene
364 642 556 680 omnibus
568 641 883 692 satisfaciamus,
899 643 1150 683 convenien-

115 704 215 742 tiam
229 703 352 754 hujus
372 703 656 750 institutionis,
676 707 716 742 et
731 705 968 752 essentiam,
992 709 1033 744 et
1049 717 1150 756 qua-

117 764 150 803 si
170 764 443 814 quidditatem
472 764 595 815 hujus
623 765 886 815 receptionis,
909 770 950 806 et
964 766 1049 806 vim
1079 778 1151 806 vo·

115 829 251 864 torum
272 826 375 876 ejus,
396 837 540 864 causas
560 824 755 876 denique,
787 826 971 877 effectus,
993 831 1034 867 et
1054 839 1149 879 pro-

114 887 312 939 prietates
332 886 421 937 ejus
439 886 749 939 explicabimus.

518 1016 684 1057 CAPUT
710 1017 744 1057 Ι.

116 1138 394 1169 PROPONUNTUR
420 1138 616 1168 RATIONES
640 1140 853 1169 DUBITANDI
877 1141 990 1171 (ΗΒΕΑ
1013 1142 1149 1172 amns-

264 1199 405 1229 SIONEM
425 1199 669 1230 SGHOLARIUM
686 1201 727 1230 IN
743 1201 998 1231 SOGIETATEM.

170 1313 210 1352 1.
237 1312 382 1353 Prima
416 1312 623 1353 dubitandi
657 1316 777 1355 ratic.
800 1336 853 1345 —
874 1315 1074 1358 Secunda.
1094 1337 1148 1348 —

117 1372 256 1414 ‚Tertia
275 1385 322 1413 etc
341 1373 560 1426 multiplici
589 1375 843 1415 incommodo.
860 1377 964 1416 —In
979 1376 1059 1417 hac
1080 1377 1149 1417 ad-

116 1434 312 1474 missione
342 1435 588 1474 novitiorum
618 1436 671 1474 ad
691 1437 865 1487 gradum
899 1439 1148 1478 scholarium

114 1508 193 1548 per
210 1500 304 1536 vota
325 1496 541 1546 simplicia,
564 1497 698 1547 prima
717 1498 819 1538 ratio
838 1499 1052 1539 dubitandi
1071 1503 1146 1549 est,

117 1557 214 1607 quia
236 1556 302 1596 vel
322 1555 363 1595 in
388 1556 467 1595 hac
486 1557 736 1597 admissione
754 1571 933 1610 persona
950 1572 997 1600 se
1026 1562 1150 1601 tradit

116 1618 323 1664 ⁴Societati,
344 1618 465 1669 eique
486 1631 530 1657 se
550 1618 739 1668 devovet,
762 1624 802 1660 et
823 1621 876 1660 ab
898 1634 947 1662 ea
970 1622 1150 1662 admitti-

115 1682 198 1727 tur,
219 1679 286 1718 vel
310 1691 411 1727 non,
427 1679 501 1718 sed
522 1680 656 1718 solum
676 1681 915 1732 simpliciter
939 1684 1037 1723 talia
1057 1689 1151 1723 vota

118 1740 288 1780 emittit.-
316 1740 360 1779 Si
379 1740 559 1790 primum
589 1741 776 1789 dicatur,
815 1743 916 1782 nihil
943 1744 1063 1784 deest
1098 1745 1153 1783 ad

117 1802 341 1853 perfectam
368 1802 666 1850 professionem
695 1804 947 1854 religiosam,
983 1807 1080 1856 quia
1099 1806 1151 1845 de

119 1862 347 1904 substantia
361 1861 483 1912 hujus
494 1861 758 1911 professionis
773 1864 854 1902 duo
867 1869 1025 1903 tantum
1041 1870 1148 1913 sunt,

117 1923 287 1972 scilicet,
326 1924 490 1962 traditio
513 1927 739 1974 acceptata,
763 1936 858 1964 eum
885 1926 1015 1966 tribus
1046 1927 1151 1966 votis

118 1985 480 2031 substantialibus,
519 1989 563 2025 ut
596 1997 719 2036 supra
756 1990 968 2027 ostensum
1003 1993 1077 2028 est.
1110 1988 1152 2029 Si

118 2059 217 2086 vero
233 2047 393 2086 dicatur
413 2047 657 2096 secundum,
676 2047 745 2086 illa
764 2060 848 2087 non
868 2050 1037 2089 estunio
1058 2060 1152 2089 cum

119 2109 333 2159 religione,
350 2107 445 2158 quia
466 2108 537 2146 ubi
558 2121 641 2147 non
657 2113 718 2148 est
735 2114 967 2150 contractus
985 2115 1153 2151 mutuus

121 2169 246 2210 dandi
275 2172 320 2209 et
356 2169 614 2220 acceptandi,
648 2182 732 2209 non
765 2174 901 2221 potest
937 2184 1028 2212 esse
1057 2183 1154 2212 vera

119 2230 220 2270 unio
241 2229 430 2277 moralis,
457 2242 548 2280 quae
579 2231 804 2271 constituat
838 2244 969 2272 unum
1005 2244 1155 2284 corpus

121 2291 349 2344 politicum,
379 2295 419 2331 et
439 2292 587 2331 efficiat
614 2304 758 2332 verum
777 2297 818 2332 et
845 2294 991 2333 stabile
1020 2306 1154 2334 mem—

120 2353 268 2402 brum3
297 2365 381 2392 non
406 2353 568 2392 videtur
592 2365 690 2405 ergo
710 2355 915 2404 possibilis
945 2355 1036 2394 talis
1063 2367 1155 2396 mo-

122 2414 200 2455 dus
219 2413 395 2460 unionis,
417 2415 580 2453 medius
605 2415 712 2454 inter
732 2417 974 2456 novitiatum
995 2421 1035 2457 et
1060 2429 1156 2468 pro-

121 2476 362 2516 fessionem.
386 2475 550 2514 Dicetur
567 2475 756 2526 fortasse,
780 2477 868 2516 dari
889 2478 1057 2528 quidem
1075 2482 1157 2518 tra-

122 2537 323 2578 ditionem
353 2540 394 2575 et
424 2538 723 2587 acceptionem,
758 2539 833 2579 sed
864 2550 950 2578 non
981 2540 1158 2591 recipro-

123 2610 230 2646 cam,
253 2598 349 2649 quia
365 2597 520 2650 obligat
540 2598 780 2650 simpliciter
795 2611 904 2648 eum,
923 2600 996 2652 qui
1015 2613 1059 2640 se
1076 2605 1159 2640 tra-

124 2660 197 2708 dit,
217 2671 302 2698 non
321 2663 460 2698 tamen
490 2660 750 2709 religionem,
774 2661 845 2700 sed
866 2661 999 2700 solum
1025 2673 1158 2711 quan-

124 2720 333 2760 diuinum
359 2721 534 2759 retinere
560 2720 747 2760 voluerit.
781 2723 930 2760 Contra
960 2723 1038 2760 hoc
1057 2733 1154 2760 vero

125 2781 334 2821 suboritur
362 2780 543 2819 secunda
562 2781 666 2819 ratio
692 2780 922 2830 dubitandi,
945 2782 1040 2831 quia
1060 2782 1160 2821 hino

125 2843 311 2892 sequitur
329 2842 455 2880 talem
474 2841 643 2880 modum
663 2842 911 2893 receptionis
931 2854 1022 2881 esse
1041 2843 1156 2881 illici-

125 2907 213 2944 tum
236 2907 357 2952 atque
378 2903 589 2953 injustum.
624 2903 824 2943 Probatur
843 2903 1026 2954 sequela,
1059 2903 1156 2954 quia

125 2964 279 3017 justitia
311 2968 543 3003 contractus
575 2965 755 3015 postulat
787 2967 1066 3016 aequalitatem
1106 2976 1159 3005 ex

52 3030 57 3037 '
127 3031 303 3077 utraque
334 3029 473 3076 parte3
499 3026 563 3064 hic
584 3030 723 3065 autem
753 3027 959 3066 invenitur
978 3027 1158 3066 maxima

125 3087 398 3139 inaequalitas,
421 3083 518 3137 quia
533 3091 725 3138 receptus
739 3089 781 3126 in
796 3088 1001 3128 Societate
1018 3089 1163 3128 manet

128 3149 333 3201 obligatus
353 3160 404 3187 ex
424 3160 467 3187 se
487 3149 540 3187 ad
558 3153 758 3200 perpetuo
778 3150 1000 3189 vivendum
1021 3155 1061 3192 et
1073 3161 1159 3189 mo-

121 3211 319 3252 fiendum
338 3209 380 3250 in
399 3209 483 3258 illa,
507 3211 626 3261 eique
647 3211 909 3250 serviendum
920 3222 934 3262 3
953 3213 1041 3262 ipsa
1059 3222 1164 3251 vero·

125 3272 312 3314 Societas
331 3282 415 3310 non
436 3283 481 3310 se
502 3271 656 3323 obligat
675 3272 728 3310 ad
757 3277 958 3323 perpetuo
978 3273 1161 3312 retinen-

127 3333 232 3373 dum
256 3327 404 3380 >illum;
440 3336 502 3372 est
527 3345 626 3383 ergo
658 3334 858 3384 injustitia
887 3334 933 3372 in
962 3334 1033 3373 tali
1065 3344 1163 3375 ηοω

128 3397 286 3442 ῐηοω,
314 3398 357 3434 et
385 3393 480 3434 ideo
510 3394 704 3433 Doctores
737 3395 1035 3444 communiter,
1056 3393 1100 3434 in
1122 3406 1158 3435 c.

132 3455 382 3504 Porrectum,
407 3455 458 3495 de
468 3455 630 3507 Regul.,
653 3456 872 3504 Navarrus,
893 3461 934 3496 et
955 3456 1038 3505 alii,
1057 3467 1162 3506 quos

133 3514 336 3569 superior-i
352 3521 455 3559 tom.
480 3516 619 3567 retffi,
641 3521 812 3569 agentes
830 3517 881 3558 de
904 3518 1162 3570 professione

1076 3706 1096 3729 θ

521 147 599 183 ue.
623 145 678 181 m.
703 146 759 181 ae
778 144 1033 186 sanim
1041 144 1301 188 scammum
1319 151 1378 188 An
1397 153 1508 188 von
1526 145 1744 198 mucra,
1765 145 1860 194 Bm·

1209 217 1420 268 religiosa,
1444 220 1487 258 in
1507 219 1587 259 hoc
1615 223 1879 272 conveniunt,
1902 223 2015 275 quod
2041 226 2241 278 professio

1208 278 1418 330 religiosa,
1436 284 1482 327 ut
1498 280 1636 320 debito
1650 281 1774 322 modo
1786 283 1875 332 fiat,
1892 284 2016 330 debet
2029 288 2241 332 continere

1209 343 1480 391 contractum,
1516 345 1557 382 et
1580 341 1874 394 obligationem
1891 334 2146 398 reciprocam
2177 350 2244 391 in-'

1206 402 1270 439 ter
1288 401 1526 454 religiosum
1546 407 1587 443 et
1604 404 1862 456 religionem.
1895 406 2055 458 Tertio,
2076 388 2246 471 etiamsi}

1206 461 1298 500 talis
1316 464 1497 515 receptio
1516 468 1626 505 esset
1653 465 1776 514 licita,
1802 478 1888 506 non
1917 467 2078 509 videtur
2099 484 2245 524 ‘expes

1204 521 1337 572 diens,
1359 532 1437 563 nete
1450 525 1640 565 relivss--ni
1658 528 1981 569 accommodata.
1996 530 2132 571 Primo
2143 524 2246 584 qui-³

1201 581 1311 631 dem,
1330 585 1428 636 quia
1441 586 1532 626 talis
1554 588 1712 627 vivendi
1728 589 1878 630 modus
1891 602 1975 629 non
1989 595 2123 642 potest
2140 605 2232 635 esse

1203 644 1359 684 stabilis
1384 657 1435 685 ae
1449 651 1688 698 perpetuus,
1711 650 1823 700 quod
1847 650 2027 691 maxime
2043 665 2234 694 necessa·

1202 706 1309 744 rium
1331 710 1391 746 est
1403 707 1455 745 ad
1472 708 1598 748 vitam
1617 709 1867 761 religiosam.
1886 712 2056 762 Deinde,
2070 714 2169 765 quia
2181 726 2234 756 ex

1202 766 1274 806 isse
1286 767 1412 818 sequi
1446 773 1617 819 possunt
1649 771 1778 811 multa
1812 772 2157 823 inconvenientia,
2190 787 2214 815 e

1203 841 1294 880 quae
1316 828 1558 870 scandalum
1588 843 1782 882 generare
1802 839 1988 884 possunt,
2012 836 2132 886 quale
2153 840 2229 886 est,

1204 890 1316 946 quod
1334 902 1522 941 personae
1541 893 1672 931 semel
1691 894 1776 932 Deo
1796 894 1937 934 dicatae
1968 895 2022 934 ad
2047 897 2232 936 seculum

1203 951 1322 991 facile
1357 954 1615 991 revertantur
1628 982 1642 1000 ,
1668 956 1710 992 et
1740 956 1918 1005 negotiis
1957 955 2229 1007 secularibus,

1205 1013 1331 1054 etiam
1342 1012 1385 1051 in
1397 1016 1504 1052 statu
1522 1013 1718 1064 conjugii,
1731 1015 1898 1054 omnino
1911 1017 2125 1059 tradantur
2134 1029 2232 1058 con-

1203 1076 1266 1113 tra
1286 1074 1473 1124 regulam
1488 1075 1532 1113 51
1551 1084 1563 1112 :
1585 1074 1717 1115 Semel
1732 1075 1812 1115 Deo
1828 1075 2003 1117 dicatum
2015 1091 2091 1118 own
2106 1084 2165 1120 est
2182 1091 2204 1119 a

1202 1145 1301 1175 usus
1320 1134 1512 1175 humanos
1529 1135 1703 1176 ulterius
1723 1138 2062 1186 transferendum,
2089 1138 2140 1177 de
2162 1142 2234 1180 Re-

1200 1195 1286 1248 gul.
1307 1197 1407 1248 jur„
1427 1196 1471 1234 in
1488 1197 1527 1235 6.
1550 1197 1649 1235 Item
1671 1207 1721 1235 ex
1740 1199 1857 1247 parte
1878 1203 2151 1248 personarum
2172 1199 2235 1238 in-

1203 1257 1479 1308 gredientium
1493 1261 1662 1308 possunt
1681 1269 1771 1296 esse
1786 1258 1924 1298 multae
1939 1259 2124 1308 fraudes,
2137 1264 2182 1300 ut
2199 1259 2235 1299 si

1203 1323 1295 1371 post
1311 1323 1405 1359 vota
1434 1319 1604 1358 liberius
1636 1319 1789 1368 vivant,
1818 1324 1862 1359 ut
1889 1320 2008 1360 liberi
2029 1322 2250 1374 dimittam,

1203 1385 1291 1427 tur;
1321 1381 1401 1429 vel,
1424 1379 1534 1431 quod
1563 1379 1726 1430 gravius
1754 1385 1829 1429 est,
1851 1380 1884 1419 si
1904 1393 1929 1420 a
1951 1382 2152 1434 principio
2185 1379 2250 1477 εο,

1204 1441 1342 1481 animo
1375 1441 1676 1492 ingrediantur,
1698 1446 1740 1482 et
1763 1441 1858 1481 ficte
1881 1448 2071 1491 voveant,
2105 1444 2250 1491 solum=

1203 1508 1249 1543 ut
1263 1503 1382 1542 bonis
1404 1507 1444 1542 et
1463 1503 1689 1542 commodis
1707 1503 2083 1555 religionis,quoad
2102 1495 2250 1551 studiat

1203 1566 1269 1604 vel
1287 1565 1367 1604 alia
1388 1565 1642 1615 hujusmodi,
1665 1565 1869 1615 aliquibus
1897 1567 2016 1605 annis
2046 1567 2126 1605 frui
2146 1555 2250 1617 pos-i

1205 1627 1300 1675 sint,
1316 1630 1355 1665 et
1373 1630 1516 1677 postea
1531 1627 1587 1664 sic
1600 1627 1754 1673 vivere,
1778 1627 1838 1664 vel
1853 1627 2113 1666 occasionem
2132 1622 2251 1696 (μεθ-ξ

1205 1698 1295 1725 rere
1313 1691 1359 1725 ut
1374 1685 1490 1724 liberi
1512 1686 1783 1725 dimittantur.
1810 1687 1869 1725 Ex
1887 1692 2003 1737 parte
2024 1689 2146 1726 etiam
2174 1687 2251 1737 re-‘t

1206 1748 1367 1798 ligionis
1386 1753 1557 1798 possunt
1575 1747 1785 1798 injustitiae
1800 1748 2064 1796 intervenire,
2077 1760 2128 1787 ex
2144 1740 2254 1810 odioi

1205 1809 1271 1847 vel
1286 1809 1364 1846 alio
1379 1808 1562 1845 humano
1592 1812 1782 1858 respectu
1801 1808 1960 1858 aliquos
1978 1809 2251 1855 dimittendo‚¹

1206 1870 1271 1908 vel
1291 1873 1416 1917 certe,
1434 1881 1483 1907 ex
1502 1869 1627 1906 nimio
1649 1870 1800 1907 affectu
1821 1869 1874 1907 ad
1894 1869 2157 1908 commodum
2176 1881 2238 1908 re-

1205 1930 1382 1981 ligionis,
1401 1931 1663 1968 innocentem
1684 1929 1941 1977 dimittendo,
1963 1931 2059 1981 quia
2077 1931 2180 1969 forte
2196 1929 2250 1974 in,

1208 1990 1492 2041 aegritudinem
1516 1991 1673 2030 incidit.
1695 1992 1794 2038 Quae
1819 1993 1956 2031 omnia
1975 1992 2157 2042 pericula
2178 1985 2251 2065 abb}

1208 2055 1320 2092 tente
1355 2053 1612 2091 considerata
1637 2056 1826 2092 avertere
1852 2056 2024 2103 possunt
2052 2053 2240 2092 hominen

1209 2114 1261 2153 ab
1272 2114 1421 2153 affectu
1440 2113 1697 2165 ingrediendi
1711 2113 1820 2152 hanc
1834 2114 2103 2165 religionem;
2122 2126 2237 2164 ergo,

1210 2176 1401 2214 omnibus
1420 2176 1702 2223 consideratis,
1719 2187 1797 2214 nec
1814 2175 2065 2226 simpliciter,
2083 2186 2161 2214 nec
2177 2188 2240 2214 re-

1207 2235 1351 2287 ligioni
1368 2237 1462 2276 talis
1480 2236 1629 2275 modus
1645 2235 1905 2276 admissionis
1920 2236 2145 2286 expediens
2161 2238 2236 2275 est.

1209 2331 1491 2375 Necessarium
1511 2343 1589 2371 esse
1609 2330 1769 2371 admitti
1790 2331 1834 2370 iu
1853 2330 2236 2382 Societatejuveues,

1261 2394 1333 2446 qui
1360 2394 1470 2432 honis
1493 2393 1642 2432 litteris
1664 2392 1917 2439 imbuantur,
1953 2397 2164 2444 antequam
2189 2392 2253 2433 adl

1266 2454 1486 2496 Societatis
1503 2453 1732 2494 ministeria
1750 2452 2014 2504 applicentur.

1263 2543 1304 2580 2.
1339 2540 1486 2580 Prima
1512 2538 1735 2591 suppositio
1755 2550 1833 2592 pro
1862 2539 2099 2578 resolutione
2128 2538 2253 2589 diffie}

1212 2602 1406 2644 culusum
1422 2599 1934 2641 adductarum—Ratione
1951 2599 2143 2638 suadetur
2155 2610 2202 2638 ea>
2214 2592 2254 2667 E}

1210 2666 1327 2714 parte
1343 2661 1691 2706 Constitutiouum‚
1714 2659 1757 2698 in
1772 2659 1991 2710 principio.
2003 2681 2054 2688 —
2066 2660 2119 2700 Ut
2137 2660 2253 2700 veri-³.

1213 2726 1339 2761 tatem
1355 2732 1623 2771 exponamUS,
1643 2719 2041 2770 supponoimprimis
2055 2720 2110 2766 id,
2129 2720 2254 2775 quod:

1213 2794 1288 2834 per
1305 2793 1350 2820 se
1370 2786 1513 2821 notum
1533 2784 1611 2829 est,
1632 2784 1673 2820 et
1687 2777 1814 2827 infra,
1830 2778 1901 2819 lib.
1922 2783 1964 2829 5,
1983 2775 2253 2846 tractabitur,}

1214 2843 1491 2882 necessarium
1512 2841 1637 2880 fuisse
1662 2841 1703 2879 in
1726 2841 1803 2879 hac
1824 2841 2038 2892 religione,
2062 2842 2115 2881 ad
2133 2841 2254 2896 utili-2

1213 2907 1340 2943 tatem
1355 2907 1395 2942 et
1414 2902 1769 2941 conservationem
1784 2901 1890 2952 ejus,
1910 2903 2034 2953 recipi
2048 2898 2253 2954 juvenes‚'{

1212 2962 1282 3015 qui
1310 2964 1362 3003 ad
1381 2964 1606 3002 ministeria
1625 2962 1837 3002 Societatis
1857 2963 2019 3014 optimis
2038 2964 2181 3003 litteris
2199 2947 2254 3004 inf.

1214 3037 1263 3065 ea
1285 3025 1398 3076 prius
1419 3025 1670 3072 imbuantur,
1692 3034 1818 3074 quam
1836 3023 1889 3062 ad
1906 3024 1995 3074 ejus
2016 3018 2254 3079 ministeria}

1213 3086 1483 3138 applicentur.
1499 3085 1622 3134 Cujus
1641 3084 1700 3123 rei
1714 3084 1821 3124 ratio
1838 3084 1990 3135 optime
2010 3085 2184 3126 traditur
2199 3083 2254 3128 in}

1212 3148 1328 3188 initio
1344 3150 1499 3198 quartoe
1519 3145 1650 3197 partin
1668 3145 2028 3195 constitutionum,
2049 3146 2108 3187 lit.
2129 3148 2180 3195 A,
2204 3149 2246 3186 et

1212 3210 1307 3249 ideo
1328 3209 1460 3247 solum
1480 3207 1685 3259 oportebit
1698 3206 1824 3247 verba
1841 3206 1912 3247 illa
1924 3207 2095 3249 referre.
2113 3208 2248 3260 Atque
2302 3223 2306 3226 ·

1212 3270 1415 3322 imprimis
1434 3281 1486 3308 ex
1503 3269 1587 3308 fine
1613 3268 1830 3308 societatis
1855 3268 2074 3319 colligitur.
2107 3245 2254 3312 etun-l

1212 3332 1456 3379 cessarium,
1479 3334 1520 3371 et
1538 3329 1693 3370 rationi
1716 3333 2044 3371 consentaneum
2060 3329 2246 3385 ,φεοωιί

1215 3394 1286 3448 qui
1303 3395 1349 3435 in
1366 3404 1452 3433 eam
1469 3396 1566 3433 sunt
1587 3393 1813 3446 inque-suri
1830 3388 2246 3444 (scincet-susocion-

1215 3459 1299 3496 tem
1321 3454 1564 3506 professam,
1588 3465 1664 3493 eeu
1683 3453 1738 3493 ad
1764 3453 1855 3504 ejus
1882 3450 2108 3493 maffstwia
2126 3461 2230 3502 quas

1216 3528 1270 3558 ex
1293 3515 1428 3557 officio
1446 3518 1490 3557 et
1511 3515 1678 3568 propria
1696 3512 1948 3567 offigafinn·
1967 3510 2242 3568 pauenda),
