2352 3880
55 285 58 293 Ι
91 286 93 289 ¹
474 233 566 268 eAP.
588 233 645 268 xi.
668 232 722 269 DE
743 231 918 268 'ratmot
937 231 1050 270 MODO
1069 232 1324 270 ruocenm'm
1346 234 1388 270 m
1407 235 1598 271 exn-,nuo
1618 236 1784 279 mntem,
1805 237 1896 272 mc.

62 330 65 339 .
86 312 96 319 ·
135 301 427 355 cuiuscumque
462 297 697 351 reipublicae
716 327 727 344 ‚
760 296 825 337 vel
862 297 1165 338 communitatis

134 363 237 406 bene
273 364 486 411 institutas,
507 365 556 400 ut
589 363 746 400 constat
767 371 815 399 ex
849 371 924 398 usu
962 359 1162 407 Ecclesiae,

133 425 230 478 quia
255 425 356 465 alias
391 425 619 464 crescerent
642 421 743 460 vitia
768 432 860 459 cum
881 420 1010 462 libera
1037 420 1164 462 facul-

133 488 216 525 tate
234 485 442 538 peccandi,
464 494 588 536 quam
618 481 738 541 multi
756 482 997 532 acciperent,
1018 483 1051 523 si
1084 483 1161 523 Su-

133 546 303 597 perioris
332 545 588 599 vigilantiam
618 547 658 582 et
681 543 975 583 correctionem
996 556 1079 584 non
1107 543 1162 583 ti·

134 613 306 648 merent.
328 610 378 648 Et
397 607 487 646 ideo
505 604 730 645 Concilium
746 605 1046 655 Tridentinum,
1066 617 1160 647 sess·

133 670 200 718 25,
221 682 253 710 e.
279 671 346 718 20,
368 669 418 708 de
437 666 718 717 Regularibus‚
751 667 934 718 praecipit
961 667 1165 719 regulari·

132 729 208 770 hus
224 730 406 770 Praelatis
419 728 631 780 exemptiS,
653 732 699 766 ut
717 730 962 768 monasteria
980 730 1056 768 sibi
1069 729 1160 769 sub-

72 790 75 794 ’
132 790 218 831 dita
235 791 415 840 visitent,
446 798 487 830 et
505 790 555 828 de
575 790 845 838 monasteriis,
867 802 958 842 quae
986 794 1081 830 sunt
1098 802 1161 830 or-

133 849 278 892 dinum
301 854 450 904 capita,
473 852 596 892 etiam
621 852 762 890 statuit
788 855 835 890 ut
861 852 980 903 juxta
1011 856 1161 893 sanctae

132 913 246 955 Sedis
267 914 503 966 Apostolieae
520 918 559 952 et
579 913 773 964 cujusque
789 913 944 952 ordinis
962 912 1162 954 Constitu·

132 976 263 1016 tiones
282 976 511 1015 visitentur.
534 975 584 1014 Et
610 975 654 1014 in
673 986 767 1014 sess.
798 976 866 1021 ⁵21,
899 986 935 1014 c.
957 976 997 1023 8,
1019 975 1068 1014 de
1087 975 1162 1015 Re·

132 1035 377 1077 formatione
394 1068 404 1085 ,
444 1040 642 1076 statuerat
684 1040 731 1075 ut
769 1035 956 1087 Episcopi
999 1035 1164 1074 visitent

130 1100 417 1140 commendata
434 1097 695 1145 monasteria,
713 1097 755 1136 iu
777 1097 925 1148 quibus
943 1107 1025 1135 non
1054 1096 1164 1147 viget

129 1161 328 1212 regularis
354 1160 624 1206 observantia,
646 1169 738 1210 quae
768 1158 858 1199 aliis
891 1159 1159 1207 monasteriis,

130 1232 221 1274 qnae
241 1226 336 1261 sunt
354 1222 486 1274 capita
520 1220 704 1273 ejusdem
732 1218 909 1266 ordinis,
948 1231 1031 1258 non
1068 1224 1163 1259 suut

129 1283 326 1335 subjecta,
365 1288 404 1322 et
437 1284 528 1335 jure
548 1282 769 1327 communi,
791 1292 838 1319 ac
860 1292 931 1332 per
960 1281 1162 1321 Constiti-

128 1345 260 1386 tiones
276 1346 462 1384 omnium
490 1344 735 1395 religionum
757 1342 993 1394 hujusmodi
1024 1344 1163 1383 visita-

128 1407 258 1447 tiones
281 1406 572 1446 commendatae
588 1410 696 1444 sunt.

182 1469 222 1508 3.
245 1469 333 1508 Imo
354 1472 411 1508 est
431 1468 738 1520 ohliqacoria.—
752 1465 805 1505 In
826 1464 1028 1506 societate
1040 1465 1162 1518 perti-

127 1532 195 1570 net
205 1529 381 1569 visitatio
393 1530 445 1569 ad
454 1528 682 1569 Gener-alem
690 1526 1047 1578 primar1·0.-Car
1058 1527 1163 1567 ordi·

127 1590 242 1631 narie
260 1590 302 1629 in
322 1594 403 1630 tota
423 1589 621 1629 Societace
639 1601 715 1626 non
732 1589 809 1637 fiat
826 1600 898 1641 per
915 1588 1156 1630 Generalem.

120 1670 180 1681 --—
199 1651 314 1690 Unde
336 1655 491 1689 constat
512 1662 594 1687 non
626 1651 755 1688 solum
777 1649 899 1687 licere
917 1679 927 1696 ,
948 1649 1017 1687 sed
1037 1649 1159 1689 etiam

129 1724 178 1752 ex
197 1712 335 1750 debito
366 1716 406 1750 et
438 1711 685 1760 obligatione
706 1711 826 1749 officii
847 1710 898 1749 ad
932 1722 998 1749 eas
1029 1709 1161 1749 teneri

129 1773 320 1814 Praelatos
349 1774 595 1824 religionum
611 1803 620 1819 ‚
657 1772 803 1822 quibus
835 1772 924 1811 haec
962 1784 1057 1811 cura
1091 1772 1160 1811 de-

130 1836 320 1874 mandata
342 1842 413 1874 est,
447 1836 498 1874 Ut
518 1839 611 1873 sunt
631 1834 838 1873 ordinarie
864 1834 908 1872 in
929 1839 1067 1872 nostra
1090 1834 1160 1872 So·

130 1898 273 1937 cietate
296 1896 583 1944 provinciales,
603 1896 925 1935 extraordinarie
942 1908 1038 1934 vero
1058 1895 1160 1934 Visi-

128 1962 276 2000 catores
298 1969 325 1999 a
347 1958 534 1998 Generali
563 1957 754 2008 delegati,
775 1961 820 1995 ut
841 1969 914 1996 suo
935 1958 1102 1996 nomine
1120 1960 1162 1996 et

127 2021 357 2073 provincias
376 2024 416 2060 et
435 2018 707 2058 provinciales
724 2018 917 2067 visitent,
945 2029 1037 2057 cum
1074 2018 1161 2068 ipse

126 2094 210 2123 non
230 2083 365 2134 possit,
385 2086 550 2132 propter
566 2081 802 2120 innumeras
821 2079 923 2119 alias
943 2083 984 2118 et
1008 2079 1161 2130 gravis-

127 2143 249 2183 simas
276 2144 582 2194 occupationes,
614 2154 687 2192 per
717 2141 894 2193 seipsum
916 2140 1160 2181 Societatem

127 2205 304 2245 visitare.
341 2205 424 2243 Hoc
456 2205 565 2243 enim
595 2205 781 2254 respectu
802 2202 923 2241 totius
950 2201 1160 2241 Societatis

129 2265 177 2306 ad
199 2265 307 2304 illius
329 2277 478 2304 munus
499 2264 676 2304 maxime
706 2267 882 2314 spectat,
907 2274 1000 2301 eum
1020 2274 1159 2313 supre-

128 2339 238 2367 mam
258 2327 406 2366 habeat
422 2326 751 2377 jurisdictionem
783 2325 828 2363 in
854 2335 1020 2369 omnes;
1042 2335 1160 2375 regu·

127 2388 267 2430 lariter
282 2395 417 2428 autem
438 2387 478 2427 id
500 2399 580 2427 non
601 2387 709 2434 facit,
730 2387 840 2440 quia,
860 2391 907 2425 ut
924 2386 1076 2424 dicitur
1091 2398 1159 2425 ec-

130 2455 224 2491 tava
244 2454 362 2502 parte
377 2449 737 2497 constitutionum,
760 2461 792 2488 c.
819 2449 857 2495 t,
878 2447 901 2498 ἓ
921 2449 960 2496 7,
981 2448 1035 2488 ad
1054 2459 1159 2487 com·

131 2510 430 2552 manicationem
445 2511 589 2563 capillis
604 2522 690 2551 cum
708 2510 794 2551 suis
809 2510 992 2550 membris
1007 2510 1160 2558 confert

126 2573 360 2626 plurimam,
383 2575 427 2612 ut
448 2570 654 2615 Generalis
673 2582 820 2621 παρ’-ιιι
835 2580 883 2611 ex
894 2574 1009 2620 parte
1025 2570 1160 2610 Romoe

128 2635 311 2683 resideat,
329 2635 396 2675 ubi
416 2643 500 2674 cum
521 2631 612 2676 aliis
629 2633 806 2676 omnibus
826 2632 921 2671 locis
945 2629 1160 2673 societatis

129 2695 309 2747 faciliori
327 2699 469 2736 utatur
498 2695 725 2735 commercio
739 2711 756 2743 ,·
774 2704 870 2732 nam
892 2697 1056 2744 propter
1075 2704 1159 2732 ma-

128 2769 254 2810 gnam
289 2757 602 2809 dependentium
635 2757 756 2807 hujus
791 2756 1001 2806 religionis
1032 2767 1055 2793 a
1085 2767 1158 2794 suo

130 2820 275 2872 capite,
296 2819 537 2871 regulariter
555 2819 829 2859 necessarium
850 2822 909 2856 est
929 2823 973 2856 ut
993 2817 1156 2856 firmam

129 2882 310 2932 aliquam
332 2881 624 2920 habitationem
643 2880 805 2927 habeat,
827 2883 868 2918 et
888 2884 1052 2930 propter
1071 2892 1157 2930 spc-

130 2942 274 2982 cialem
289 2941 602 2993 dependentiam
623 2942 748 2992 ipsius
764 2953 787 2979 a
804 2940 905 2979 Sede
925 2940 1159 2991 Apostolica

130 3005 285 3045 nullam
303 3008 431 3056 potest
443 3004 590 3042 habere
604 3005 734 3054 magis
745 3003 1017 3052 commodam,
1034 3014 1157 3054 quam

130 3065 316 3109 Romam.
335 3066 607 3105 Nihilominus
622 3071 775 3112 tamen,
799 3069 921 3116 prout
942 3065 1097 3104 occasio
1118 3072 1158 3105 et

132 3129 345 3170 necessitas
363 3128 601 3175 occurrerit,
632 3127 796 3166 visitare
816 3126 963 3178 poterit
980 3125 1067 3165 loca
1087 3127 1158 3166 So-

132 3190 307 3239 cietatis‚
328 3193 448 3241 prout
472 3189 622 3228 ibidem
640 3188 788 3227 dicitur
807 3188 850 3225 in
864 3187 1155 3237 Declaratione,

133 3250 194 3291 lit.
219 3252 268 3290 H.
291 3251 465 3289 Additur
482 3247 750 3298 vero‘statim,
778 3249 839 3288 lit.
863 3248 908 3295 Ι,
929 3260 1078 3288 munus
1097 3250 1159 3288 vi-

134 3312 284 3352 sitandi
314 3311 433 3351 valde
464 3311 675 3364 proprium
707 3322 793 3351 esse
825 3309 949 3349 officii
987 3310 1158 3350 Provin-

134 3372 261 3414 cialis.

186 3435 226 3475 4.
245 3434 414 3476 Primus
429 3434 565 3475 modus
584 3433 876 3486 inquisitionis,
897 3433 1056 3486 ejusque
1065 3433 1158 3485 jus-

135 3495 525 3538 titia—Secundus
537 3497 689 3543 modus,
711 3495 867 3547 ejusque
886 3507 981 3535 usus
1004 3495 1155 3536 licitus.

136 3557 413 3610 -Supposita
432 3569 528 3609 ergo
554 3556 791 3596 necessitate
810 3561 850 3595 et
876 3555 1060 3608 legitimo
1083 3569 1160 3596 usu

137 3615 286 3659 harum
308 3619 609 3669 visitationum,
629 3618 803 3658 dicimus
835 3618 1158 3671 inquisitionem,

1219 309 1309 349 quae
1342 310 1391 339 ex
1421 300 1464 340 vi
1497 312 1639 340 earum
1670 300 1741 350 fit,
1769 300 1933 353 qnando
1957 300 2039 343 alia
2062 300 2246 355 specialis

1218 359 1524 401 circumstantia
1538 374 1620 401 non
1637 363 1849 402 intercedit
1867 367 2016 416 praeter
2033 364 2247 417 obligatio-

1217 432 1312 461 nem
1331 422 1484 474 proprii
1505 424 1697 471 muneris,
1721 424 1854 464 solum
1874 437 1988 476 posse
2007 425 2096 465 fieri
2115 426 2159 467 in
2176 438 2247 479 ge-

1216 483 1344 523 nerali
1371 495 1421 522 ex
1438 489 1552 536 parte
1573 498 1851 536 personarum.
1869 487 2014 526 Tribus
2031 488 2141 528 enim
2162 501 2248 530 mo-

1217 543 1279 584 dis
1299 548 1430 595 potest
1457 545 1651 585 Praelatus
1670 548 1877 597 inquirere
1898 548 1946 587 de
1966 549 2136 588 delictis.
2161 550 2247 591 Pri-

1216 605 1342 644 moin
1357 605 1549 655 generali,
1564 610 1646 644 tam
1667 619 1717 645 ex
1733 613 1846 658 parte
1865 608 2103 648 delictorum
2121 621 2246 662 quam

1218 677 1487 720 personarum
1500 695 1513 715 ,
1532 670 1577 704 ut
1596 669 1759 717 quaudo
1780 669 1971 708 Praelatus
1991 671 2160 710 visitans
2185 672 2247 711 in-

1214 731 1397 779 terrogat
1416 740 1468 767 an
1485 728 1529 766 iu
1547 730 1842 768 communitate
1858 731 1938 768 siut
1957 731 2094 783 aliqua
2111 731 2246 771 crimi-

1215 801 1286 838 na,
1318 790 1383 829 vel
1409 802 1464 828 an
1480 789 1592 840 leges
1614 794 1654 829 et
1674 793 1825 828 statuta
1846 797 2079 841 serventur,
2108 793 2173 832 vel
2193 805 2247 833 an

1216 852 1319 891 scias
1331 851 1509 903 aliquem
1523 851 1773 890 commisisse
1787 851 1950 903 aliquod
1970 854 2138 902 crimen,
2148 857 2244 903 etc.,

1217 913 1344 953 ethic
1373 913 1518 952 modus
1549 912 1823 964 inquisitionis
1850 916 1911 951 est
1939 925 2013 965 per
2031 914 2243 964 sejustus,

1217 974 1454 1024 nullamque
1470 974 1591 1013 aliam
1612 974 1959 1013 circumstantiam
1978 975 2247 1025 praerequirit,

1217 1040 1364 1089 praeter
1380 1037 1447 1086 Jus
1467 1044 1509 1075 et
1537 1040 1672 1075 actum
1691 1036 1903 1086 visitandi,
1923 1038 2020 1087 qnia
2041 1049 2111 1087 per
2130 1036 2248 1076 illum

1219 1098 1386 1137 modum
1411 1095 1692 1149 interrogandi
1719 1097 1824 1137 nulli
1853 1097 1898 1137 fit
1928 1097 2108 1148 injuria,
2131 1101 2171 1136 et
2190 1101 2251 1138 est

1218 1160 1427 1199 moraliter
1453 1160 1702 1199 necessarius
1733 1159 1784 1200 a]
1815 1158 2089 1198 inchoandam
2111 1159 2251 1199 visita-

1218 1222 1371 1261 tionem
1383 1232 1396 1272 3
1418 1234 1515 1260 nam
1534 1222 1604 1261 illa
1622 1221 1888 1272 interrogatio
1908 1233 1989 1260 non
2010 1225 2068 1258 est
2087 1221 2251 1271 proprie

1217 1288 1330 1324 actus
1355 1283 1583 1335 judicialis,
1611 1283 1680 1322 sed
1700 1282 1900 1333 generalis
1922 1281 2249 1333 gubernationis,

1219 1350 1260 1384 et
1277 1345 1390 1395 quasi
1410 1343 1708 1395 praeambulum
1729 1343 1934 1395 quoddam
1956 1343 2007 1383 ad
2026 1343 2249 1394 judicium,

1218 1405 1252 1444 si
1283 1405 1553 1444 necessarium
1580 1404 1720 1443 fuerit.
1750 1404 1934 1444 Secundo
1962 1403 2009 1442 fit
2037 1404 2249 1455 inquisitio

1218 1477 1289 1517 per
1304 1466 1665 1517 interrogationem
1680 1466 1892 1517 specialem
1904 1477 1952 1504 ex
1967 1470 2081 1517 parte
2095 1464 2248 1514 delicti,

1218 1527 1452 1577 generalem
1471 1539 1567 1566 vero
1593 1539 1642 1566 ex
1677 1531 1791 1579 parte
1823 1538 2091 1578 personarum
2108 1555 2122 1574 ,
2142 1529 2190 1565 ut
2215 1526 2250 1566 si

1216 1588 1409 1628 praelatus
1427 1589 1649 1639 interroget
1664 1600 1717 1628 an
1737 1588 1839 1627 scias
1857 1589 2090 1639 quempiam
2111 1588 2153 1625 in
2173 1586 2250 1626 hac

1215 1650 1336 1689 domo
1354 1649 1503 1689 habere
1523 1650 1750 1702 proprium,
1769 1649 1833 1688 vel
1855 1653 1977 1687 noctu
2004 1649 2162 1693 exiisse,
2184 1647 2250 1687 vel

1216 1711 1378 1750 similia.
1400 1712 1449 1750 Et
1466 1710 1554 1751 haec
1573 1711 1783 1762 inquisitio
1812 1710 2004 1749 convenit
2034 1721 2127 1749 cum
2146 1720 2249 1759 prae-

1214 1772 1372 1811 cedenti
1410 1773 1520 1824 quod
1553 1772 1641 1811 sine
1672 1772 1754 1811 ulla
1792 1772 2045 1824 praeeedente
2077 1770 2251 1810 infamia.

1215 1845 1399 1885 personae
1421 1834 1593 1884 alicujus
1623 1833 1713 1872 fieri
1747 1838 1904 1884 potest3
1942 1836 2040 1884 quia
2071 1843 2167 1870 eum
2199 1831 2250 1871 de

1215 1895 1328 1935 nulla
1349 1907 1519 1946 persona
1540 1896 1581 1933 in
1604 1895 1842 1946 particulari
1862 1893 1933 1932 fiat
1952 1891 2219 1942 interrogatio
2236 1921 2248 1940 ,

1216 1956 1319 1994 nulli
1340 1956 1387 1994 fit
1407 1956 1574 2006 injuria,
1602 1957 1764 1994 etiamsi
1790 1955 1961 1993 infamia
1978 1967 2062 1992 non
2081 1963 2250 2005 praeces-

1216 2018 1336 2063 serit3
1367 2016 1537 2067 ideoque
1561 2022 1764 2067 quantum
1785 2016 1836 2055 ad
1869 2028 2044 2067 praeseus
2074 2015 2250 2064 attinet,

1216 2083 1438 2130 utrumque
1470 2077 1639 2117 modum
1671 2078 1746 2117 sub
1777 2077 1960 2126 generali
1985 2075 2251 2126 inquisitione

1217 2139 1615 2191 comprehendimus,
1638 2142 1679 2178 et
1701 2142 1872 2189 uterque
1889 2138 1939 2176 de
1954 2149 1996 2176 se
2014 2137 2150 2175 licitus
2167 2141 2246 2185 est;

1215 2202 1327 2242 etita
1358 2201 1538 2252 quotidie
1560 2200 1607 2239 fit
1624 2199 1676 2239 ab
1693 2198 2022 2253 Inquisitoribus,
2042 2197 2251 2250 Episcopis

1215 2267 1256 2303 et
1273 2262 1363 2302 aliis
1388 2261 1681 2301 visitatoribus.

1267 2325 1307 2364 5.
1342 2322 1503 2365 Cauteza
1525 2324 1633 2363 circa
1653 2323 1755 2363 huno
1772 2320 2250 2362 modum—Admittitur

1215 2386 1371 2428 cazctcla
1391 2396 1476 2427 cum
1497 2387 1809 2437 temperamento.
1829 2403 1881 2414 —
1900 2383 2174 2422 Nihilominus
2190 2386 2247 2422 ta-

1214 2458 1308 2487 men
1335 2448 1441 2485 circa
1458 2447 1568 2485 hunc
1594 2458 1712 2482 ,cmm
1736 2445 1819 2483 {um
1841 2445 2007 2483 modum
2029 2444 2248 2483 advertunt

1215 2513 1400 2548 auctores
1415 2539 1423 2553 ,
1454 2519 1538 2546 non
1561 2506 1706 2546 debere
1727 2506 1936 2557 usurpari,
1957 2508 2182 2556 praesertim
2204 2504 2250 2545 iu

1215 2568 1498 2620 religionibus,
1528 2567 1607 2606 nisi
1635 2566 1807 2617 speciale
1838 2566 2049 2614 delictum,
2085 2566 2136 2604 de
2166 2576 2248 2616 quo

1216 2631 1507 2681 interrogatur,
1529 2628 1799 2679 praecesserit,
1817 2626 1883 2665 vel
1911 2626 1962 2665 de
1981 2626 2051 2665 illo
2070 2626 2122 2664 sit
2138 2637 2248 2665 com·

1215 2694 1351 2733 munis
1370 2704 1511 2731 rumor
1530 2694 1571 2730 et
1589 2690 1784 2740 suspicio,
1806 2687 1994 2740 quamvis
2013 2688 2063 2727 de
2083 2691 2248 2727 auctore

1214 2767 1289 2795 nec
1308 2754 1493 2801 infamia,
1518 2764 1594 2791 nec
1613 2751 1762 2790 notitia
1779 2750 1857 2800 sit;
1877 2750 1974 2801 quia
2003 2749 2076 2788 ubi
2109 2748 2248 2788 nullus

1213 2829 1355 2857 rumor
1386 2816 1436 2854 de
1466 2813 1612 2853 delicto
1644 2813 1767 2852 etiam
1790 2811 2024 2862 praecessit,
2049 2809 2248 2849 nonnulla

1213 2878 1365 2929 injuria
1380 2877 1543 2916 videtur
1560 2875 1650 2914 fieri
1677 2874 1959 2912 communitati
1979 2883 2027 2911 eo
2047 2871 2168 2910 modo
2187 2871 2247 2911 in-

1213 2938 1458 2990 terrogando
1471 2952 1482 2986 3
1499 2937 1596 2988 quia
1610 2948 1657 2975 eo
1675 2936 1763 2986 ipso
1778 2933 1941 2973 videtur
1953 2932 2141 2984 generari
2161 2943 2246 2970 sus-

1213 3001 1318 3053 picio
1345 2999 1499 3051 aliquid
1530 2996 1768 3050 hujusmodi
1787 2996 1831 3035 in
1862 2995 1936 3034 tali
1954 2994 2246 3033 communitate

1213 3063 1366 3103 factum
1385 3073 1481 3101 esse.
1505 3061 1637 3108 Quam
1658 3059 1824 3112 quidem
1844 3056 2244 3107 circumspectionem

1211 3123 1364 3177 justam
1383 3134 1467 3162 esse
1503 3134 1646 3161 censeo
1678 3122 1723 3159 in
1753 3118 2050 3158 visitationibus
2080 3114 2244 3164 religio-

1215 3197 1330 3234 num,
1367 3185 1590 3235 praesertim
1613 3181 1777 3234 quando
1808 3183 1985 3232 peccata,
2016 3177 2067 3216 de
2096 3176 2244 3227 quibus

1215 3247 1450 3300 inquiritur,
1481 3250 1576 3286 sunt
1594 3245 1736 3296 gravia
1757 3245 1798 3281 et
1821 3237 2052 3278 indecentia
2081 3236 2245 3286 reiigio-

1213 3311 1290 3359 sis,
1316 3320 1412 3348 nam
1441 3308 1475 3347 si
1493 3308 1575 3346 sint
1594 3303 1788 3346 ordinarii
1817 3299 2023 3346 defectus,
2057 3298 2128 3348 qui
2162 3297 2242 3336 fre·

1213 3375 1385 3424 quanter
1397 3375 1438 3410 et
1455 3367 1725 3409 communiter
1740 3361 1939 3401 committi
1954 3359 2099 3406 solent,
2115 3356 2242 3396 etiam

1213 3445 1238 3472 a
1255 3432 1477 3484 religiosis,
1511 3429 1575 3469 vel
1611 3428 1643 3466 si
1664 3427 1831 3464 timetur
1854 3423 1986 3474 majus
2014 3418 2242 3471 periculum

1213 3493 1320 3533 circa
1335 3494 1520 3545 aliquem
1531 3488 1733 3529 defectum
1751 3486 1796 3523 in
1814 3480 2062 3535 particulari,
2080 3479 2240 3519 nullum

1214 3560 1274 3595 est
1289 3553 1579 3594 inconveniens
1596 3549 1645 3587 de
1665 3545 1735 3586 illo
1754 3543 1798 3585 ln
1815 3541 2045 3596 particulari
2071 3539 2240 3580 interro-

1215 3626 1328 3670 gare,
1348 3615 1508 3657 etiamsi
1526 3610 1665 3666 gratis
1682 3607 1762 3660 siti
1776 3607 1856 3647 ha&
1871 3603 1983 3645 enim
1999 3601 2158 3658 rai-1030
2174 3601 2238 3657 {n-
