2352 3880
235 0 441 47 ⁸«-
466 0 606 52 ,α’
868 48 871 51 .
901 0 946 40 ⁷·

219 48 225 62 s
341 33 509 93 “⁶‘'
770 65 832 81 .*⁴
881 53 940 93 γ’

190 121 199 135 ι
265 93 275 103 ·
295 87 355 136 ¹&ss
377 99 397 112 ’Ἴ
518 115 535 128 ⁶
634 102 638 105 ξ

254 139 292 161 ·.
354 158 364 170 ο

372 155 394 210 ‘s
493 184 582 218 cair.
605 183 646 220 x.
670 181 854 219 suisrir
869 165 1187 222 Ummrionffins
1199 181 1243 216 m
1263 183 1410 217 cmm
1432 183 1605 217 SEPTfflo
1625 182 1792 218 Posms.

43 256 53 285 ‚¹
70 248 170 299 ffio
188 249 431 306 responderi
449 261 516 289 eos
533 248 691 290 locutos
717 261 802 288 esse
822 249 887 292 de,
906 246 1123 297 denuntia-

98 315 212 361 ¹tione
227 312 427 366 judicaria
438 322 450 361 ;
471 310 580 363 quod
599 310 643 350 in
662 305 891 361 Augustino
905 309 1028 348 habet
1046 306 1123 346 dif-

97 375 317 417 ficultatem
338 385 462 427 qnam
483 373 620 411 statim
639 371 854 422 attingam.
895 371 939 410 In
977 369 1123 410 Basilio

73 444 194 478 ‘vero
227 441 360 489 potest
395 434 513 475 facile
541 432 731 472 sustineri
752 443 762 471 :
784 431 1007 483 simplicior
1024 441 1120 470 vero

94 499 304 554 responsio
337 501 412 546 est,
432 494 626 536 Basilium
653 492 855 544 imprimis
877 492 1121 532 intellexisse

97 556 244 600 Christi
264 559 389 599 verba
426 557 477 597 de
511 555 654 595 ordine
676 554 875 594 servando
892 555 936 594 in
969 565 1122 594 correc-

95 619 210 662 tione
247 621 444 667 fraterna,
475 621 516 658 et
537 617 725 656 illudmet
742 621 989 668 praeceptum
1009 614 1122 655 nulla

94 680 176 722 alia
206 682 456 733 expositione
490 678 630 717 addita
667 678 748 716 suis
784 678 994 717 monachis
1011 688 1122 717 com-

93 743 320 788 mendasse,
359 752 492 792 neque
535 739 714 791 aliquam
749 739 873 778 aliam
906 738 1122 792 specialem

62 803 64 806 ’
92 803 279 855 regulam
297 802 346 842 de
358 803 436 841 hoc
456 802 627 849 dedisse,
650 802 747 852 quia
766 801 933 840 fortasse
954 814 1001 841 eo
1019 805 1122 840 tem-

93 875 193 917 pore
215 877 296 904 non
318 864 569 903 existimavit
587 862 699 901 aliud
725 875 809 902 esse
830 863 1117 902 necessarium.

92 924 184 966 Non
201 929 340 966 tamen
362 927 490 965 tacuit
520 927 564 964 in
588 924 660 963 illa
677 925 820 976 regula
837 926 904 972 46,
928 937 979 964 ex
998 924 1122 964 fusio-

93 986 222 1033 ribus,
243 987 439 1039 quidquid
459 991 518 1025 est
546 987 589 1025 in
614 998 695 1038 quo
714 990 918 1037 peccetur,
940 986 979 1024 id
1001 985 1123 1024 refer-

96 1058 141 1088 re
161 1047 213 1087 ad
234 1050 467 1087 Antistitem
488 1048 656 1094 debere;
684 1048 838 1087 addidit
857 1059 953 1087 vero
973 1047 1123 1085 limita-

95 1107 266 1148 tionem.
289 1111 324 1148 εἰ
344 1109 449 1149 illud
479 1110 562 1160 ipsi
593 1120 733 1149 curare
761 1120 836 1148 non
852 1109 1007 1161 possint
1022 1124 1038 1154 ;
1058 1107 1122 1145 cui

95 1180 170 1208 nos
187 1170 457 1220 intelligimus
475 1170 716 1222 aequivalere
749 1169 877 1217 illam,
894 1180 981 1209 cum
998 1169 1122 1208 debito

96 1241 230 1270 amore
249 1235 285 1271 ec
308 1232 504 1272 charitate
514 1247 530 1277 ,·
550 1244 646 1270 nam
667 1231 821 1269 curatio
859 1229 930 1268 illa
950 1229 1123 1281 intelligi

95 1291 216 1331 debet
239 1292 432 1343 perfecta,
455 1297 496 1332 et
517 1304 609 1344 quae
638 1291 790 1331 morale
828 1291 1056 1343 periculum
1079 1292 1122 1331 iu

95 1351 282 1393 futurum
299 1354 501 1401 excludat,
523 1353 664 1392 tamin
685 1353 772 1404 ipso
792 1352 916 1392 fratre
937 1365 1060 1404 quam
1079 1352 1123 1392 in

95 1412 200 1463 aliis,
230 1419 270 1454 et
298 1416 341 1454 in
364 1415 571 1454 communi
600 1414 707 1453 bono
737 1419 777 1453 et
805 1414 971 1453 nomine
1000 1414 1123 1452 totius

95 1477 415 1515 communitatis.
436 1477 486 1515 Et
510 1475 601 1515 ideo
634 1476 678 1514 in
710 1475 789 1514 alia
825 1475 965 1526 regula
986 1477 1053 1523 25,
1074 1486 1124 1514 ex

93 1535 362 1584 brevioribus,
392 1549 577 1590 expresse
612 1537 728 1582 dixit,
751 1537 908 1575 consilii
926 1549 1060 1584 causa,
1086 1539 1125 1575 et

94 1604 262 1650 propter
296 1599 449 1638 bonum
490 1599 682 1647 aliorum,
712 1598 866 1637 lii-itum
889 1610 972 1637 esse
1008 1597 1126 1636 alteri

95 1660 277 1699 revelare
298 1665 506 1711 peccatum
538 1660 696 1710 fratris;
718 1660 794 1698 sub
817 1659 964 1710 quibus
997 1659 1126 1699 causis

97 1721 502 1772 comprehenduntur
520 1733 660 1760 omnes
676 1733 766 1773 quae
787 1721 939 1759 fuerint
956 1733 1126 1759 consen-

95 1786 226 1822 taneae
255 1783 376 1822 statui
401 1783 603 1833 religioso.
627 1784 763 1834 'Atque
783 1783 839 1821 ita
859 1782 1041 1821 doctrina
1060 1794 1125 1820 ea-

96 1844 190 1883 dem
214 1848 290 1891 est,
313 1848 352 1883 et
383 1844 496 1882 nullo
530 1844 650 1883 modo
687 1843 906 1890 contraria,
938 1846 1125 1894 quamvis

94 1905 334 1944 necessitate
346 1908 388 1944 et
403 1905 586 1944 discursu
605 1909 837 1956 temporum
856 1904 988 1954 magis
1003 1904 1127 1944 fuerit

95 1965 310 2019 explicata.

148 2028 187 2067 6.
218 2028 344 2068 Locus
356 2026 584 2079 Auqustz'ni
601 2027 646 2068 iu
665 2028 791 2068 eodem
807 2029 1037 2082 arqumeuto
1054 2027 1126 2067 ad-

95 2088 237 2130 ductus
263 2094 429 2142 urqetur
467 2089 606 2139 magis.
625 2109 674 2119 —
698 2090 744 2128 In
774 2090 1003 2140 Augustino
1023 2088 1126 2128 illud

95 2148 258 2189 difficile
284 2150 414 2188 videri
434 2153 579 2201 potest,
600 2150 708 2201 quod
736 2156 830 2189 ante
850 2151 1125 2189 denuntiatio·

95 2222 192 2251 nem
219 2211 379 2250 Praelati
399 2210 577 2262 postulat
611 2213 881 2250 monitionem
909 2219 1122 2260 secretam,

95 2276 137 2313 et
156 2276 297 2312 tamen
325 2274 462 2312 statim
488 2272 662 2311 consulit
681 2276 727 2312 ut
760 2278 881 2312 testes
901 2285 983 2312 non
1006 2273 1125 2311 indu-

97 2338 244 2373 cantur
263 2338 482 2385 antequam
502 2334 758 2373 denuntiatio
779 2334 948 2373 Praelato
975 2334 1060 2383 fiat,
1077 2346 1125 2375 ne

96 2398 197 2446 forte
212 2394 372 2447 (inquit)
390 2397 519 2447 possit
537 2397 724 2436 secretius
746 2401 948 2447 correptus
967 2408 1044 2435 nou
1062 2397 1126 2436 in-

97 2460 289 2497 notescere
312 2458 477 2498 ceteris.
495 2457 614 2504 Nam,
635 2458 670 2496 si
687 2457 877 2510 loquatur
895 2458 945 2497 dc
964 2458 1126 2496 denun-

98 2518 271 2557 tiatione
288 2518 487 2569 judiciali,
521 2529 594 2557 cur
618 2530 702 2557 non
727 2518 926 2570 praecedet
944 2518 1126 2558 inductio

97 2581 279 2630 testium,
309 2591 401 2631 quae
437 2580 664 2619 necessaria
691 2585 815 2620 estut
839 2585 996 2620 constet
1015 2580 1128 2619 adhi-

98 2640 184 2680 bita
203 2654 286 2681 esse
309 2641 389 2680 alia
419 2641 702 2681 convenientia
727 2642 935 2682 remedia?
955 2642 998 2682 Si
1031 2652 1128 2680 vero

98 2700 279 2754 loquitur
312 2702 361 2742 de
395 2702 705 2743 denuntiatione
740 2708 924 2755 paterna,
965 2703 1128 2742 videtur

97 2763 216 2803 nobis
248 2776 332 2803 esse
362 2765 602 2803 contrarius.
626 2765 777 2804 Deinde
809 2766 880 2805 illa
911 2765 1126 2817 Augustini

99 2824 242 2876 regula
256 2824 321 2863 vel
339 2824 512 2864 fundata
531 2830 591 2865 est
613 2827 655 2865 in
673 2827 909 2878 Evangelio,
926 2831 967 2866 et
983 2828 1039 2866 sic
1058 2839 1128 2866 cur

99 2887 235 2938 potius
254 2888 388 2938 quoad
410 2899 534 2926 unam
567 2893 741 2940 partem,
762 2901 886 2941 quam
915 2889 1050 2941 quoad
1070 2888 1127 2928 al·-

99 2949 231 2987 teram
255 2948 456 2987 servanda
477 2950 742 3000 proponitur?
761 2950 827 2990 vel
846 2950 1042 2989 fundatur
1068 2962 1128 2990 so-

100 3005 188 3048 lum
207 3011 250 3047 in
270 3010 538 3058 congruentia
557 3010 716 3060 morali,
737 3015 778 3051 et
803 3013 858 3051 sic
876 3013 999 3052 etiam
1019 3012 1129 3051 vide-

101 3074 170 3110 tur
182 3070 436 3122 Augustinus
458 3072 623 3119 sentire,
644 3073 892 3112 considerato
909 3073 1130 3126 prudenter

99 3131 246 3172 ordine
276 3132 482 3171 charitatis
519 3134 744 3172 secundum
771 3146 827 3182 se,
847 3135 914 3174 vel
948 3147 1130 3175 necessa·

101 3192 228 3241 rium,
252 3193 317 3232 vel
333 3193 476 3232 saltem
498 3194 644 3234 melius
671 3207 771 3245 esse,
791 3196 914 3235 etiam
937 3196 1046 3237 inter
1067 3210 1130 3239 re-

103 3250 283 3305 ligiosos,
305 3259 351 3293 ut
373 3255 544 3294 monitio
563 3257 720 3307 privata
741 3258 955 3309 praecedat.

155 3315 197 3354 ’1.
229 3315 456 3367 Responsio.
473 3340 516 3346 —
550 3319 831 3370 Respondetur
850 3331 901 3359 ex
920 3320 963 3358 D.
984 3317 1127 3361 Thom.

76 3414 77 3417 ,
102 3375 145 3416 2.
166 3376 208 3424 2,
226 3381 368 3427 quaest.
386 3378 451 3425 33,
467 3383 543 3419 art.
563 3380 666 3428 8,ad
682 3383 722 3429 4,
744 3382 1020 3433 Augustinum
1039 3395 1131 3435 par-

105 3435 180 3477 tim
197 3436 380 3477 locutum
405 3452 491 3479 esse
519 3439 570 3481 de
601 3442 784 3493 judiciali
802 3444 1126 3493 denuntiatione,

55 3543 59 3546 ,
79 3510 82 3512 ·
107 3498 255 3551 partim
275 3499 325 3539 de
345 3506 528 3553 paterna,
547 3506 587 3542 et
605 3504 738 3555 quoad
754 3505 928 3557 primam
962 3505 1066 3545 velle
1085 3508 1131 3545 ut

106 3557 342 3618 observetur
373 3563 472 3605 ordo
490 3565 772 3618 Evangelicus,
791 3567 850 3607 ita
868 3571 1009 3608 tamen
1027 3571 1074 3608 ut
1095 3567 1131 3610 si

1686 0 1688 2 ’
1719 2 1742 20 -1

1720 31 1742 40 e„

2100 182 2201 223 {115

1169 229 1267 299 ‘post
1283 249 1553 298 monitionem
1567 253 1764 289 secretam
1789 247 2008 288 inducendi
2027 248 2109 288 sint
2127 255 2200 291 tes·

1176 312 1252 356 tes,
1268 310 1363 361 quia
1381 310 1508 350 frater
1527 311 1659 350 noluit
1675 311 1838 356 corrigi,
1857 310 2011 362 primus
2032 310 2201 352 illorum

1177 372 1341 411 testium
1357 373 1408 411 sit
1430 373 1630 421 Praelatus‚
1650 373 1759 425 quod
1777 373 1824 412 fit
1846 372 2062 412 deferendo
2081 373 2132 412 ad
2149 372 2201 414 il-

1176 430 1263 471 lum
1283 433 1494 482 delictum,
1510 446 1591 472 non
1606 438 1652 473 ut
1669 435 1862 486 judicem,
1874 434 1945 473 sed
1964 439 2009 473 ut
2026 439 2199 487 patrem,

1174 497 1222 532 ut
1241 494 1273 532 si
1291 494 1397 534 forte
1412 494 1453 533 id
1471 495 1660 544 sufficiat,
1676 508 1759 535 non
1774 496 2000 535 innotescat
2020 496 2174 537 caeteris
2184 506 2199 549 3

1175 554 1284 594 unde
1303 555 1455 602 subdit,
1470 555 1504 594 si
1523 558 1746 606 negaverit,
1768 562 1867 596 tunc
1885 557 1985 596 alios
2003 558 2201 598 adhiben-

1175 615 1247 654 dos
1280 627 1380 664 esse,
1402 619 1448 654 ut
1478 617 1744 656 convincatur
1766 622 1806 658 et
1841 619 2047 670 puniatur.
2087 619 2202 660 Unde

1171 677 1256 728 jam
1278 677 1459 730 loquitur
1485 678 1534 717 de
1565 679 1740 718 transitu
1767 679 1818 719 ad
1847 681 2201 722 denuntiationem

1172 739 1422 791 judicialem.
1442 740 1550 792 Ergo
1568 740 1709 779 saltem
1728 740 1926 779 habomns
1948 755 1998 781 ex
2014 743 2102 782 loco
2118 744 2200 783 Au·

1176 802 1330 852 gustini
1365 806 1497 842 totum
1529 802 1716 842 ordinem
1749 803 1984 854 judicialem
2013 817 2095 843 non
2118 817 2203 846 esse

1175 864 1446 902 necessarium
1486 863 1537 903 ad
1575 864 1929 903 denuntiationem
1959 869 2199 915 paternam;

1175 925 1284 963 unde
1304 925 1427 964 etiam
1445 924 1492 964 fit
1504 930 1550 964 ut
1564 938 1614 964 ex
1629 926 1671 964 vi
1684 925 1793 964 illius
1808 925 2005 977 praecepti
2024 938 2098 965 nec
2118 939 2201 967 mo-

1176 987 1281 1026 nitio
1298 986 1478 1026 fraterna
1497 988 1724 1027 necessaria
1744 989 1810 1034 sit,
1833 989 1944 1038 quia,
1966 992 2011 1026 ut
2027 988 2074 1027 D.
2095 987 2201 1028 'rno-

1178 1059 1265 1086 mas
1283 1049 1428 1100 repetit
1444 1049 1488 1088 in
1508 1049 1701 1100 praei-licta
1714 1049 1929 1097 solutione,
1945 1061 2038 1087 cum
2058 1050 2206 1091 dicitur

1178 1108 1348 1148 Praelato
1373 1114 1419 1149 ut
1439 1110 1559 1162 patri,
1581 1123 1664 1149 non
1684 1110 1832 1149 dicitur
1850 1109 2053 1150 Ecclesiae.
2076 1112 2208 1166 Nega-i

1177 1181 1221 1210 re
1238 1175 1374 1210 autem
1399 1184 1482 1210 non
1503 1184 1716 1223 possumus
1743 1172 1843 1223 quin
1873 1173 2125 1223 Augustinus
2147 1172 2206 1213 ibi

1179 1233 1392 1271 eonsilium
1433 1234 1626 1285 praebeat,
1663 1234 1776 1285 prius
1799 1238 1948 1273 secrete
1983 1235 2178 1274 monendi
2189 1231 2210 1285 3}

1178 1293 1445 1345 subintelligit
1464 1299 1603 1334 tamen
1635 1295 1924 1343 conditionem,
1945 1296 1982 1334 si
2010 1297 2061 1335 εἰ,
2099 1285 2209 1348 spes)

1179 1356 1287 1406 quod
1310 1356 1379 1395 illa
1396 1357 1570 1395 sufficiat
1585 1356 1634 1396 ad
1659 1357 1876 1408 perfectam
1894 1349 2210 1421 correptionem.:

1179 1418 1228 1456 Et
1258 1418 1476 1457 verisimile
1505 1422 1579 1463 est,
1603 1418 1647 1458 in
1666 1431 1714 1457 eo
1733 1423 1856 1466 statu,
1874 1422 1914 1458 et
1929 1420 2046 1470 juxta
2068 1426 2211 1484 occur-3

1179 1484 1314 1519 rentes
1344 1480 1414 1518 illo
1436 1484 1618 1530 tempore
1653 1480 1990 1528 circumstantias,
2014 1481 2205 1532 Augusti—

1180 1552 1279 1578 num
1303 1541 1525 1592 prudenter
1547 1541 1744 1591 judicasse
1775 1541 1873 1580 illud
1898 1542 2079 1580 medium
2099 1538 2210 1592 saepe‘

1180 1601 1365 1640 {uturum
1385 1602 1507 1641 fuisse
1524 1603 1742 1650 sufficiens,
1766 1607 1806 1642 et
1831 1602 1923 1641 ideo
1942 1603 2039 1640 illud
2062 1586 2211 1654 consu-⁸v

1180 1662 1596 1710 luisse3nihilominus
1614 1669 1752 1703 tamen
1773 1664 1821 1712 si,
1840 1664 2102 1703 consideratis
2117 1664 2212 1729 aliis¹

1180 1725 1508 1774 circumstantiis,
1526 1726 1735 1777 judicetur
1755 1725 1901 1765 melius
1915 1727 2048 1764 statim
2065 1738 2211 1780 conve7

1180 1786 1270 1825 nire
1306 1787 1536 1834 praelatum,
1557 1792 1721 1839 propter
1754 1789 1950 1838 majorem
1988 1788 2209 1827 efficaciam

1180 1847 1246 1886 vel
1266 1849 1538 1897 securitatem,
1561 1862 1644 1888 non
1663 1853 1787 1900 negat
1813 1849 2066 1899 Augustinus
2093 1861 2209 1901 posse

1181 1909 1366 1948 ordinem
1385 1910 1551 1949 mutari.

1235 1970 1274 2009 8.
1302 1970 1343 2010 R
1358 1971 1576 2021 *spondetur
1585 1971 1774 2022 amplius.
1789 1992 1842 2000 -
1856 1970 1926 2011 Ad
1939 1972 1989 2011 D.
2013 1971 2212 2028 Thomam,

1180 2031 1224 2072 in
1242 2031 1321 2079 fine
1333 2032 1503 2081 ejusdem
1523 2044 1631 2072 uum.
1657 2034 1697 2071 4.
1719 2053 1771 2062 —
1794 2031 1900 2078 Quin
1932 2033 2066 2084 potius
2085 2034 2118 2071 si
2150 2038 2210 2072 at-

1181 2095 1293 2131 tente
1329 2092 1385 2130 ibi
1411 2092 1586 2142 legatur,
1618 2093 1749 2132 solum
1794 2093 1969 2144 postulat
2006 2098 2051 2132 ut
2083 2094 2210 2134 frater

1181 2154 1294 2205 prius
1322 2159 1553 2202 moneatur,
1574 2167 1698 2205 quam
1720 2167 1845 2205 parva
1865 2155 2016 2193 indicia
2043 2154 2206 2195 levioris

1180 2216 1309 2254 animi
1327 2215 1371 2253 in
1388 2227 1436 2254 eo
1454 2220 1746 2266 appareantfflt
1761 2220 1872 2267 patet
1891 2229 1939 2255 ex
1951 2216 2029 2254 illis
2049 2217 2179 2256 verbis
2196 2229 2206 2257 :

1184 2276 1238 2318 Si
1258 2276 1374 2324 hanc,
1396 2277 1440 2316 de
1457 2289 1535 2329 qua
1561 2277 1714 2328 loquor,
1733 2278 1835 2317 oculi
1867 2278 2133 2329 petulantiam
2165 2279 2209 2318 iu

1182 2337 1313 2388 aliquo
1338 2341 1510 2376 vestrum
1532 2339 1799 2385 adverteritis,
1839 2341 1980 2379 statim
2009 2340 2209 2380 admonete

1181 2409 1228 2438 ne
1243 2401 1367 2451 carpta
1376 2399 1675 2450 proqredlulur,
1688 2400 1758 2440 sed
1768 2401 1812 2440 de
1827 2401 2007 2450 prozimo
2028 2401 2208 2452 corriqa-

1182 2463 1263 2500 tur.
1286 2460 1335 2498 Et
1350 2459 1563 2510 subjungit
1581 2473 1588 2498 :
1615 2460 1667 2501 Si
1681 2467 1810 2501 cutem
1823 2465 1959 2512 etpost
1977 2462 2207 2502 admonitio-

1182 2532 1269 2561 nem
1287 2522 1447 2569 iterum,
1477 2522 1537 2561 vel
1565 2522 1646 2560 alio
1674 2534 1911 2574 quocumque
1938 2523 2000 2563 die
2033 2523 2208 2573 idipsum

1183 2593 1270 2623 eum
1309 2585 1442 2630 facere
1468 2583 1666 2629 videritis,
1695 2584 1786 2633 y'am
1822 2583 1929 2623 velue
1957 2584 2210 2625 valum-acum.

1182 2645 1405 2684 sanandum
1429 2645 1575 2694 prodat
1590 2645 1820 2696 quicumque
1857 2645 1927 2684 lcoe
1948 2649 2124 2696 potuerit
2147 2648 2210 2685 iu-

1182 2707 1327 2746 venire.
1350 2706 1399 2744 Et
1419 2705 1538 2757 paulo
1565 2710 1653 2756 post
1680 2706 1857 2745 declarat
1883 2710 1982 2745 tunc
2016 2706 2211 2748 delictum

1182 2767 1437 2819 prodendum
1454 2778 1540 2805 esse
1557 2766 1741 2806 Praelato.
1766 2767 1871 2818 Ergo
1899 2779 1949 2806 ex
1970 2772 2106 2806 mente
2125 2769 2211 2808 Au-

1182 2829 1352 2881 gustini,
1396 2827 1560 2880 quando
1593 2827 1730 2866 fratris
1760 2829 2008 2868 conscientia
2027 2831 2210 2879 graviter

1182 2890 1396 2930 vulnerata
1415 2901 1500 2928 esse
1520 2889 1776 2939 intelligitur,
1797 2890 1892 2929 satis
1905 2891 2133 2929 consultum
2149 2893 2213 2930 est

1183 2953 1319 2992 statim
1339 2951 1390 2990 ad
1411 2955 1566 3003 patrem
1586 2963 1808 3001 recurrere,
1844 2956 1888 2990 ut
1908 2951 1944 2990 ei
1967 2951 2210 3001 medeaturg

1184 3013 1368 3066 quamvis
1385 3013 1456 3051 ubi
1475 3012 1659 3051 nondum
1675 3012 1724 3051 de
1740 3012 1856 3063 lapsu
1873 3015 2043 3060 constat,
2064 3013 2131 3051 sed
2146 3024 2208 3050 so-

1183 3075 1270 3115 lum
1288 3074 1451 3126 aliquod
1473 3074 1561 3113 leve
1577 3074 1791 3122 indicium,
1810 3075 1918 3127 quod
1932 3086 1980 3113 ex
2000 3073 2207 3122 negligen-

1183 3137 1257 3185 tia,
1283 3140 1353 3175 aut
1377 3147 1429 3174 ex
1458 3135 1624 3174 levitate
1653 3135 1782 3174 animi
1810 3134 2025 3186 procedere
2060 3136 2206 3183 potest,

1183 3210 1268 3238 non
1294 3200 1454 3250 oportet
1485 3197 1622 3236 statim
1656 3196 1708 3235 ad
1744 3196 1959 3236 Praelatum
1999 3205 2207 3234 recurrere

1183 3272 1257 3312 pro
1278 3259 1431 3298 incerto
1445 3258 1561 3310 lapsu
1576 3258 1728 3306 fratris,
1750 3256 1818 3296 sed
1834 3256 2003 3294 fratrem
2023 3266 2201 3294 monere.

1183 3321 1366 3372 Denique
1386 3320 1447 3371 (ut
1472 3332 1610 3371 supra,
1645 3330 1759 3358 num.
1789 3318 1826 3363 5,
1850 3320 1891 3355 et
1925 3318 1964 3366 7,
1995 3313 2206 3366 dicebam),

1183 3382 1278 3422 licet
1295 3383 1371 3421 hoc
1396 3381 1610 3421 arbitrium
1636 3391 1707 3418 seu
1738 3377 1952 3416 eonsilium
1991 3375 2209 3427 Augustini

1184 3444 1428 3495 regulariter
1445 3444 1551 3483 forte
1568 3441 1690 3485 fuerit
1710 3440 1926 3491 expediens
1946 3451 1992 3478 eo
2010 3443 2206 3488 tempore,

1184 3509 1225 3545 et
1244 3505 1287 3544 in
1307 3517 1355 3544 eo
1377 3506 1470 3544 vitae
1499 3514 1661 3556 genere,
1681 3513 1790 3540 nuuc
1817 3501 1886 3539 ubi
1902 3499 2012 3538 aliud
2038 3503 2098 3538 est
2114 3499 2207 3538 vitae

1183 3567 1432 3619 institutum,
1449 3570 1490 3607 et
1508 3564 1664 3617 majora
1682 3562 1876 3618 pericula,
1911 3561 2122 3615 majorque
2140 3560 2215 3612 defi
