2352 3880
501 204 585 244 Lm.
605 204 666 240 111.
686 203 745 244 DE
765 200 1038 246 ADMISSIONE
1057 201 1350 247 SCEOLARIUM
1369 201 1429 237 AD
1446 199 1567 238 VOTA
1585 198 1822 248 smrucm,
1839 197 1937 238 Ere.

156 271 234 317 fice
265 272 487 315 declarata.
522 269 724 310 Existimo
761 269 876 312 enim
903 281 991 309 esse
1027 268 1200 314 omnino
1253 266 1481 319 tradenda3
1502 267 1554 307 de
1571 278 1655 323 qua
1670 277 1716 305 re
1734 265 1868 305 videri
1895 267 2070 322 possunt
2096 268 2285 325 auctores

155 332 432 382 infallibilem,
469 332 530 373 ita
547 335 596 371 ut
613 332 702 372 sine
721 342 862 372 errore
878 329 926 370 in
941 330 1024 375 fide
1053 330 1202 387 negari
1254 329 1382 386 paulo
1399 329 1520 372 antea
1537 327 1651 374 citati
1667 326 1697 379 ¹,
1717 328 1820 375 nam
1839 326 1931 367 hine
1960 324 2148 377 doefflna
2174 324 2286 368 mulis

161 413 249 443 non
261 396 405 452 possit.
427 393 544 434 Ratio
561 395 639 443 est,
655 393 754 449 quia
768 391 971 436 sententia
989 389 1197 430 Pontificis

159 461 206 502 in
222 460 301 508 his,
318 469 410 510 quae
438 453 493 494 ad
511 453 740 497 doctrinam
759 452 983 509 pertinent,
1001 451 1197 493 infallibi-

159 522 243 562 lem
270 518 453 562 continet
486 514 778 556 certitudinem
799 526 851 554 ex
866 513 1015 554 Christi
1034 513 1196 552 institu-

159 583 271 622 tione
287 584 328 619 et
343 577 617 631 pron-‘ssione
634 577 750 628 :qu
766 575 992 629 royavipro
1007 578 1109 623 tent
1117 585 1196 614 non

159 641 425 692 deficiatfides
442 642 574 689 tua,et
591 643 637 680 ta
653 638 868 690 aliqnando
885 646 1094 677 conversus
1106 647 1194 676 eon-

155 703 281 754 firma
296 704 452 752 fratres
472 706 574 748 tuos,
591 700 687 738 Luc.
709 700 762 738 22
773 709 787 748 3
810 702 851 737 et
868 697 1011 739 Matth.
1032 697 1084 737 16
1101 708 1110 735 τ
1130 695 1194 736 Pu

157 776 198 806 es
214 765 380 811 Petrae,
399 768 435 803 et
455 774 572 815 svper
593 763 695 803 Itane
706 764 867 813 petram
887 758 1093 809 aedificabo
1111 757 1193 799 Ee-

157 825 313 867 olest'am
329 836 471 873 meam,
487 828 524 864 et
540 826 668 877 portoe
686 822 807 870 inseri
827 832 905 860 non
920 820 1195 871 praevalebunt

156 887 347 927 adversus
360 898 459 926 eam.
476 886 524 924 Et
541 883 754 924 concessio
776 882 883 921 facta
899 886 962 921 est
977 882 1000 920 J
1004 893 1098 920 oan.
1116 882 1190 920 21:

152 946 282 989 ‘Pasce
304 958 391 987 oves
417 957 538 986 meas.
568 944 666 991 Quae
687 943 925 983 testimonia
942 942 1000 981 ita
1021 946 1118 981 sunt
1139 942 1193 982 ab

151 1007 333 1047 Ecclesia
356 1006 580 1052 intellecta,
600 1010 641 1044 et
666 1007 866 1056 perpetua
890 1003 1124 1052 traditione,
1142 1014 1194 1043 ac

151 1070 335 1116 Patrum‚
365 1068 641 1108 Conciliorum
668 1070 707 1105 et
737 1066 923 1117 ipsorum
946 1064 1192 1104 Pontificum

153 1130 395 1169 definitione
416 1129 579 1168 firmata
606 1140 654 1167 ac
674 1128 898 1174 declarata,
921 1130 966 1165 ut
1001 1137 1189 1178 suppono

152 1204 202 1230 ex
227 1192 393 1242 propria
413 1190 586 1230 materia
606 1189 640 1237 ¹3
662 1194 702 1229 et
724 1188 858 1228 videri
885 1192 1072 1239 possunt,
1095 1196 1191 1239 quae

150 1253 371 1292 Gratianus
397 1252 586 1302 congerit
622 1252 660 1291 d.
702 1253 753 1290 12
781 1249 843 1288 sui
865 1248 1035 1297 decreti,
1056 1252 1096 1288 et
1118 1249 1187 1297 24,

150 1326 191 1363 q.
224 1316 264 1362 1,
285 1326 360 1365 per
396 1314 516 1364 plura
551 1313 713 1364 capita,
739 1316 781 1351 et
811 1312 894 1351 late
929 1310 1186 1358 Bellarmin.,

147 1375 220 1415 lib.
243 1377 269 1414 4
304 1376 355 1414 de
385 1376 556 1414 Summo
588 1373 800 1419 Pontifice,
829 1384 854 1412 a
875 1372 1093 1424 principio,
1115 1383 1189 1424 per

149 1437 306 1487 aliquot
327 1438 483 1488 capita;
508 1441 549 1476 et
561 1436 770 1484 Turrem,
789 1435 833 1473 in
859 1434 1129 1482 Summa,lib.
1146 1437 1187 1481 2,

149 1510 185 1536 c.
210 1499 282 1543 103
302 1503 341 1536 ct
359 1500 411 1537 ob
432 1498 541 1537 hanc
559 1508 648 1535 rem
670 1497 937 1535 observatum
956 1506 1123 1546 semper
1146 1496 1189 1533 in

147 1559 331 1598 Ecclesia
351 1559 443 1607 fuit,
464 1562 510 1598 ut
530 1558 741 1610 graviores
763 1557 859 1597 fidei
881 1556 1130 1608 quaestiones
1150 1561 1190 1595 et

147 1631 285 1659 causae
306 1621 359 1660 ad
371 1623 601 1660 Romanam
619 1619 785 1666 Sedem,
799 1622 1001 1670 tanquam
1019 1618 1072 1657 ad
1092 1617 1190 1656 fidei

149 1682 391 1721 cathedram
416 1686 456 1721 et
490 1682 744 1732 magistram,
769 1680 1040 1727 referrentur,
1060 1683 1106 1718 ut
1123 1679 1190 1717 di-

147 1738 254 1781 'citur
272 1742 313 1780 in
339 1754 374 1782 e.
392 1743 588 1793 Majores,
616 1742 669 1780 de
700 1742 925 1792 Baptismo,
946 1743 988 1779 et
1015 1740 1191 1779 sumitur

146 1814 201 1856 ¹ex
242 1815 277 1842 c.
314 1805 566 1844 Damnamus
581 1834 591 1851 ,
621 1803 671 1842 de
710 1805 882 1842 Summa
918 1802 1120 1842 Trinitate
1150 1806 1191 1843 et

145 1861 232 1904 fide
252 1865 469 1912 catholica,
504 1867 546 1904 et
579 1874 668 1916 cap.
703 1864 858 1911 Fideli,
881 1862 1031 1902 eodem
1048 1864 1126 1910 tit„
1146 1863 1190 1901 in

149 1927 190 1977 6,
209 1937 245 1965 c.
269 1925 338 1966 Ad
364 1927 604 1974 abolendam,
625 1925 678 1964 de
706 1924 935 1972 Haereticis,
958 1935 1049 1975 cap.
1074 1924 1189 1964 Proe-

145 1966 288 2040 lceptis,
308 1991 349 2026 et
374 1999 464 2038 cap.
483 1988 580 2030 Non
601 1987 716 2034 decet,
739 1986 780 2025 d.
805 1986 871 2032 12,
895 1989 936 2024 et
955 1997 1045 2036 cap.
1065 1985 1190 2027 Nulli

149 2051 228 2098 fas,
247 2048 287 2086 d.
309 2050 382 2088 19:
409 2061 456 2088 ac
475 2048 645 2087 tandem
666 2059 716 2086 ex
733 2046 913 2087 Concilio
933 2046 1185 2095 Florentino,

149 2110 195 2148 in
211 2110 379 2149 decreto
399 2109 580 2158 unionis,
600 2114 641 2149 et
660 2122 710 2149 ex
729 2108 988 2157 Tridentino,
1015 2120 1117 2148 sess.
1147 2111 1186 2157 7,

152 2182 244 2209 can.
266 2172 304 2219 3,
320 2172 370 2210 de
386 2172 614 2224 Baptismo,
632 2175 672 2210 et
689 2183 790 2210 sess.
811 2170 1010 2221 vigesima
1029 2168 1187 2220 quinta,

154 2233 261 2272 circa
287 2233 430 2281 finem,
454 2234 621 2273 decreto
648 2233 700 2272 de
732 2233 896 2272 delectu
924 2232 1128 2282 ciborum,
1150 2234 1191 2271 et

151 2294 272 2345 plura
302 2295 488 2334 referunt
514 2295 627 2338 citati
666 2299 884 2341 auctores;
909 2294 1107 2343 Simanc.,
1138 2293 1191 2334 de

149 2355 371 2395 Catholicis
413 2355 765 2404 institutionibus,
799 2367 834 2394 c.
872 2355 1191 2407 quadragesimo

149 2418 313 2469 quinto.
330 2418 460 2457 Valde
484 2421 624 2456 autem
645 2417 850 2456 diminuta
875 2417 1020 2456 fuisset
1043 2417 1191 2457 Christi

153 2478 318 2517 Domini
334 2479 592 2530 providentia
617 2479 724 2517 circa
753 2490 873 2517 suam
895 2479 1134 2527 Ecclesiam,
1159 2480 1191 2519 si

149 2540 198 2579 :in
218 2540 462 2580 decidendis
485 2540 636 2579 talibus
657 2540 955 2590 quaestionibus
984 2551 1035 2579 ex
1055 2542 1190 2580 cathe-

156 2601 231 2639 dra
250 2601 457 2640 Vicarium
496 2614 618 2640 suum
650 2601 734 2640 labi
754 2601 1025 2653 permitteret.
1048 2603 1192 2653 Neque

155 2662 244 2713 ipse
274 2662 388 2714 juste
423 2666 564 2714 posset
598 2663 675 2702 sub
711 2662 990 2702 anathematis
1027 2662 1191 2702 vinculo

158 2723 343 2762 subditos
363 2723 614 2775 compellere
635 2723 688 2762 ad
709 2723 904 2762 standum
924 2724 987 2762 his
1007 2722 1193 2763 declara-

157 2783 354 2831 tionibus,
367 2796 440 2823 seu
460 2784 783 2833 definitionibus,
800 2783 833 2824 si
850 2784 892 2823 in
908 2785 1093 2824 doctrina
1113 2790 1192 2825 tra-

159 2845 296 2883 denda
317 2857 456 2884 errare
470 2850 624 2897 posset.
645 2846 749 2886 Cum
770 2857 871 2896 ergo
892 2850 1105 2885 ostensum
1125 2847 1191 2896 sit,

159 2906 398 2958 praedictam
420 2908 756 2946 constitutionem
775 2907 988 2947 continere
1010 2908 1195 2947 declara-

159 2968 316 3007 tionem
350 2968 567 3019 cujusdam
588 2969 771 3009 veritatis
798 2969 918 3008 valde
947 2971 1194 3010 necessariae

161 3029 215 3068 ad
243 3041 381 3068 mores
418 3029 623 3077 Ecclesiae,
646 3035 687 3069 et
705 3030 758 3069 ad
777 3030 959 3081 quietem
989 3035 1029 3071 et
1048 3044 1196 3084 pacem

162 3090 408 3137 animarum,
433 3091 557 3142 plane
578 3091 671 3130 talis
692 3091 917 3131 declaratio
938 3092 1197 3132 infallibilem

162 3151 344 3192 continet
364 3152 669 3192 certitudinem.

215 3213 254 3253 6.
287 3212 559 3265 Confirmatar
603 3225 651 3253 em
688 3214 861 3254 omnium
901 3214 1196 3257 Oatkoznorum

163 3285 351 3315 sensa.—
364 3274 413 3312 Et
429 3274 507 3312 hoc
522 3273 759 3314 confirmari
782 3278 918 3328 potest
938 3288 989 3316 ex
1009 3276 1197 3317 doctrina

163 3334 470 3385 Theologorum
503 3337 545 3373 et
573 3334 876 3376 Catholicorum
903 3337 1101 3386 omnium,
1125 3337 1197 3390 qui

165 3407 240 3445 pro
265 3399 376 3434 certo
412 3393 585 3444 habent,
607 3395 824 3435 Summum
853 3397 1092 3437 Pontificem
1111 3409 1195 3438 non

167 3467 289 3506 posse
320 3467 461 3497 errare
496 3455 542 3497 iu
582 3456 770 3497 doctrina
811 3466 976 3498 morum
1006 3458 1197 3499 Ecclesiae

223 3577 236 3603 ¹
255 3578 361 3619 Vide
378 3579 425 3620 in
439 3583 545 3628 tom,
562 3579 619 3622 de
633 3579 753 3633 Fide,
767 3580 873 3636 disp.
893 3583 934 3630 5,
953 3586 1054 3622 sect.
1075 3582 1115 3622 8.

1250 393 1341 430 tum
1357 389 1535 440 pertinet
1549 389 1604 433 ad
1619 388 1754 428 honos
1771 397 1926 436 mores,
1948 390 1990 427 et
2006 391 2065 436 ‘a
2094 396 2148 441 op
2178 388 2282 428 osito

1250 451 1383 491 multa
1406 450 1549 495 inferri
1574 454 1748 509 possunt
1776 447 1958 490 absurda
1977 450 2135 488 etstan
2165 449 2280 490 alosa

1249 511 1293 552 in
1323 511 1521 564 Ecclesia,
1541 523 1633 564 quae
1655 511 1779 565 paulo
1805 507 1992 557 inferius,
2011 509 2053 549 in
2071 509 2192 550 tertio
2209 519 2280 550 co-

1248 574 1429 623 rollario,
1455 573 1784 621 numerabimus,
1805 576 1852 613 ut
1868 572 1957 616 haec
1973 571 2126 618 veritas
2144 570 2280 611 notior

1248 634 1334 676 fiat.
1358 636 1408 675 Et
1427 646 1451 674 e
1469 644 1668 678 converso
1688 635 1723 679 si
1741 635 1834 675 haec
1861 633 2087 678 declaratio
2113 630 2282 681 pontifi-1

1249 697 1309 737 cis
1324 697 1428 736 falsa
1445 707 1537 737 esse
1555 701 1710 749 posset,
1725 706 1778 741 ex
1791 695 1863 738 illa
1892 696 2023 737 multa
2042 692 2224 735 absurda
2237 697 2281 734 et

1250 762 1392 799 contra
1420 758 1555 797 bonos
1581 769 1720 799 mores
1753 760 2043 812 sequerentur,
2079 757 2126 796 ut
2169 754 2280 807 quod

1250 823 1381 859 status
1400 819 1619 870 religiosus
1638 813 1963 863 commutaretur
1993 817 2039 858 in
2068 827 2153 860 non
2185 815 2282 857 reli-

1249 879 1431 932 giosum,
1451 882 1494 920 et
1513 881 1626 931 quod
1643 883 1785 923 votum
1801 878 2013 935 religionis
2041 877 2278 930 impleretur

1248 941 1339 982 sine
1359 946 1468 982 statu
1487 941 1697 994 religioso,
1717 946 1758 983 et
1774 940 1938 981 similia.

1301 1005 1341 1043 7.
1381 1004 1512 1045 Unam
1552 1003 1748 1058 effaqinm
1780 1002 2278 1048 adversariomm.»Nec

1247 1065 1398 1106 sufficit
1431 1066 1570 1105 dicere
1593 1065 1825 1105 doctrinam
1845 1065 1954 1105 hanc
1969 1077 2054 1106 non
2070 1064 2276 1120 pertinere

1247 1127 1300 1167 ad
1321 1127 1598 1168 universalem
1623 1126 1862 1173 Ecclesiam,
1879 1126 1954 1169 sed
1981 1126 2034 1165 ad
2056 1126 2278 1177 quamdam

1244 1188 1537 1243 particularem
1551 1185 1810 1243 religionem,
1826 1188 1893 1226 vel
1912 1188 2048 1237 potius
2068 1187 2121 1226 ad
2137 1198 2281 1238 quam-

1245 1251 1343 1289 dam
1364 1254 1523 1301 partem
1546 1251 1653 1301 ejus,
1672 1254 1715 1289 et
1733 1248 1828 1290 ideo
1850 1260 1935 1288 non
1953 1249 2190 1288 necessario
2207 1248 2278 1288 ha-

1243 1311 1347 1351 bere
1364 1312 1479 1351 illam
1497 1310 1828 1351 infallibilitatem
1846 1318 1972 1363 quam
1991 1310 2033 1349 in
2047 1321 2278 1363 proponen-

1245 1372 1299 1413 da
1319 1371 1545 1412 universali
1576 1371 1769 1413 Ecclesiae
1802 1371 1990 1411 doctrina
2008 1371 2154 1411 morali
2175 1372 2276 1410 Pon-

1244 1434 1346 1474 tifex
1380 1434 1520 1474 habet.
1552 1435 1638 1474 Hoc
1662 1434 1865 1485 (inquam)
1895 1433 1975 1473 dici
2006 1444 2092 1472 non
2117 1436 2275 1485 potest:

1244 1493 1395 1549 primo,
1417 1491 1514 1546 quia
1540 1507 1626 1534 non
1652 1495 1787 1535 solum
1804 1495 2014 1546 pertinent
2040 1492 2094 1533 ad
2118 1493 2274 1533 univer-

1246 1557 1375 1596 salem
1398 1551 1622 1598 Ecclesiam
1642 1567 1692 1596 ea
1712 1567 1804 1608 quae
1836 1556 1889 1596 ad
1921 1567 2066 1596 omnes
2087 1555 2275 1596 Ecclesiae

1246 1622 1378 1658 status
1409 1618 1474 1657 vel
1508 1618 1675 1657 ordines
1709 1615 1933 1668 pertinent,
1958 1615 2035 1657 sed
2074 1615 2201 1658 etiam
2230 1627 2276 1656 ea

1246 1688 1357 1730 quae,
1378 1677 1473 1719 licet
1491 1678 1534 1718 in
1554 1687 1639 1717 uno
1660 1680 1768 1717 statu
1792 1676 2030 1730 particulari
2050 1678 2203 1718 versari
2221 1678 2277 1717 vi-

1245 1740 1440 1788 deantur,
1464 1739 1517 1780 ad
1559 1739 1838 1779 universalem
1874 1739 2100 1779 Ecclesiam
2134 1737 2276 1790 quovis

1245 1801 1369 1841 modo
1391 1802 1611 1853 pertinent.
1653 1798 1899 1851 Hujusmodi
1932 1802 2073 1839 autem
2104 1804 2168 1839 est
2202 1801 2277 1840 ho-

1244 1874 1347 1903 num
1372 1863 1495 1902 unius
1516 1858 1741 1915 religionis,
1766 1861 1878 1913 quod
1902 1861 1946 1901 in
1980 1861 2176 1914 praesenti
2207 1863 2278 1903 de-

1243 1925 1427 1964 claratur
1457 1923 1607 1976 primo,
1631 1920 1727 1975 quia
1762 1923 1853 1962 haec
1888 1922 2034 1975 religio
2055 1935 2130 1975 per
2148 1927 2278 1964 totam

1244 1986 1471 2028 Ecclesiam
1510 1984 1659 2024 diffusa
1696 1986 1773 2032 est,
1815 1986 1856 2022 et
1887 1995 1937 2023 ex
1972 1988 2058 2023 tota
2096 1985 2279 2025 Ecclesia

1243 2052 1418 2098 possunt
1440 2047 1493 2086 ad
1509 2047 1622 2086 illam
1638 2046 1827 2086 homines
1839 2046 1966 2097 recipi
1982 2050 2023 2085 et
2039 2047 2190 2086 vocari.
2210 2047 2278 2087 Se-

1244 2109 1396 2156 cundo,
1422 2109 1520 2160 quia
1552 2109 1642 2148 haec
1673 2108 1822 2148 veritas
1857 2108 2051 2146 omnibus
2088 2107 2279 2148 fidelibus

1246 2171 1506 2223 proponitur,
1528 2173 1569 2210 et
1588 2170 1819 2210 secundum
1839 2169 1950 2207 illam
1973 2170 2174 2220 jubentur
2191 2182 2278 2209 om-

1246 2244 1322 2271 nes
1342 2236 1383 2271 et
1414 2231 1583 2278 sentire,
1608 2235 1648 2270 et
1678 2229 1882 2283 judicare,
1903 2235 1943 2270 et
1973 2231 2149 2282 operari,
2173 2234 2218 2271 ut
2237 2232 2279 2271 in

1246 2293 1395 2333 eadem
1417 2293 1708 2332 constitutione
1729 2292 1986 2345 exprimitur.
2000 2292 2151 2340 Tertio,
2164 2293 2277 2344 quia,

1247 2356 1354 2394 sicut
1392 2355 1574 2394 Societas
1608 2355 1651 2392 in
1684 2355 1808 2393 totius
1835 2354 2026 2393 Ecclesiae
2060 2353 2283 2406 utilitatem

1245 2417 1433 2456 instituta
1465 2420 1541 2463 est,
1563 2417 1621 2455 ita
1652 2415 1860 2455 certitudo
1892 2419 1933 2454 et
1969 2414 2141 2454 firmitas
2171 2417 2279 2456 circa

1248 2480 1401 2517 statum
1422 2478 1527 2528 ejus,
1544 2481 1585 2518 et
1606 2487 1747 2520 veram
1762 2476 1992 2515 doctrinam
2013 2474 2065 2515 ad
2083 2489 2175 2515 eam
2190 2489 2279 2528 per-

1246 2540 1471 2588 tinentem,
1512 2540 1565 2580 ad
1598 2539 1785 2591 ejusdem
1825 2538 2016 2583 Ecclesiae
2065 2539 2278 2579 utilitatem

1249 2606 1421 2653 spectat.
1445 2601 1561 2648 Quod
1581 2601 1742 2640 videtur
1776 2600 1888 2640 idem
1920 2599 2105 2638 Pontifex
2123 2600 2279 2652 Grego-

1247 2663 1333 2702 rius
1364 2663 1619 2709 insinuasse,
1643 2672 1738 2700 cum
1766 2660 1895 2699 dixit:
1917 2659 2007 2701 Nos
2040 2657 2279 2702 aniversalis

1247 2725 1441 2765 Ecclesioe
1456 2723 1649 2771 utilitati,
1671 2733 1788 2774 qaam
1802 2732 1851 2761 ex
1875 2720 2064 2760 inviolato
2084 2725 2121 2761 et
2145 2723 2278 2762 incon-

1247 2798 1428 2827 eoneasso
1446 2786 1563 2826 dieta>
1581 2783 1798 2825 Societatis
1818 2783 2020 2830 instituto,
2039 2787 2076 2824 et
2090 2784 2280 2835 reliyiosa

1248 2847 1391 2887 sobolis
1405 2846 1630 2887 educatione
1645 2845 1850 2892 sentimus,
1869 2847 1904 2883 et
1926 2843 2115 2894 majorem
2135 2846 2178 2884 in
2197 2845 2279 2885 dies

1249 2919 1465 2959 speramns,
1484 2906 1783 2959 prospicientes,
1816 2908 1852 2944 et
1883 2909 2078 2956 proeterea
2103 2906 2279 2957 ejusdem

1252 2968 1473 3011 Societatz's
1503 2966 1774 3014 indemnitati,
1799 2967 1910 3017 paci,
1932 2965 2071 3018 quieti,
2092 2971 2130 3008 et
2150 2968 2279 3008 inere-

1249 3034 1376 3089 mento
1397 3029 1594 3070 consulere
1611 3027 1793 3076 volentes,
1814 3030 1923 3071 mota
1935 3027 2080 3076 simili,
2095 3031 2131 3068 et
2143 3039 2192 3068 em
2201 3040 2279 3068 oer-

1251 3095 1294 3132 ta
1309 3092 1490 3138 scientia,
1511 3093 1588 3131 etc.
1611 3091 1660 3130 Et
1672 3088 1956 3137 confirmatur,
1982 3100 2081 3128 nam
2099 3089 2152 3128 ob
2171 3090 2280 3129 hanc

1250 3164 1422 3195 causam
1443 3156 1601 3192 certum
1621 3154 1698 3200 est,
1717 3153 1757 3191 et
1777 3162 1902 3201 supra
1919 3154 2146 3200 ostensum,
2161 3151 2280 3191 Sum-

1250 3226 1366 3253 mum
1380 3212 1619 3254 Pontificem
1630 3224 1712 3251 non
1734 3223 1855 3263 posse
1867 3211 2058 3251 errarein
2078 3213 2280 3264 approba·
2303 3242 2305 3244 -

1250 3275 1361 3317 tione
1375 3275 1479 3314 alicu
1480 3276 1548 3325 Jus
1558 3273 1767 3325 religionis
1778 3273 1820 3311 in
1829 3273 2172 3324 particulari,tum
2182 3266 2287 3326 quia'

1251 3337 1348 3378 licet
1361 3349 1445 3376 una
1472 3328 1617 3388 religio
1642 3334 1900 3388 particularis
1917 3335 2121 3391 videatur,
2138 3339 2277 3382 tamen

1252 3398 1475 3439 universali
1494 3396 1686 3437 Ecclesiae
1713 3397 1971 3454 proponitur,
1992 3400 2034 3437 et
2061 3396 2107 3442 in
2131 3404 2293 3445 omnes,

1252 3584 1280 3624 8
1307 3522 1319 3547 ¹
1343 3522 1445 3624 vi7de
1462 3523 1587 3564 etiam
1604 3522 1650 3563 in
1668 3526 1770 3563 tom.
1791 3522 1844 3568 de
1855 3521 1970 3573 Fide,
1985 3522 2093 3583 disp.
2112 3524 2153 3575 5,
2171 3527 2275 3568 sect,

1283 3614 1295 3637 ,
1314 3596 1357 3625 11.
1410 3613 1421 3624 .
