<?xml version="1.0" encoding="UTF-8"?>
<!DOCTYPE html PUBLIC "-//W3C//DTD XHTML 1.0 Transitional//EN"
    "http://www.w3.org/TR/xhtml1/DTD/xhtml1-transitional.dtd">
<html xmlns="http://www.w3.org/1999/xhtml" xml:lang="en" lang="en">
 <head>
  <title>
</title>
<meta http-equiv="Content-Type" content="text/html;charset=utf-8" />
  <meta name='ocr-system' content='tesseract 3.04.00' />
  <meta name='ocr-capabilities' content='ocr_page ocr_carea ocr_par ocr_line ocrx_word'/>
</head>
<body>
  <div class='ocr_page' id='page_1' title='image "./operaomnia16suaauoft_0547.png"; bbox 0 0 2352 3880; ppageno 0'>
   <div class='ocr_carea' id='block_1_1' title="bbox 0 3194 62 3880">
    <p class='ocr_par' dir='ltr' id='par_1_1' title="bbox 0 3194 62 3880">
     <span class='ocr_line' id='line_1_1' title="bbox 0 3194 62 3880; baseline 0 0"><span class='ocrx_word' id='word_1_1' title='bbox 0 3194 62 3880; x_wconf 95' lang='lat' dir='ltr'><strong> </strong></span> 
     </span>
    </p>
   </div>
   <div class='ocr_carea' id='block_1_2' title="bbox 0 0 534 262">
    <p class='ocr_par' dir='ltr' id='par_1_2' title="bbox 0 0 534 262">
     <span class='ocr_line' id='line_1_2' title="bbox 0 0 534 262; baseline 0 3618"><span class='ocrx_word' id='word_1_2' title='bbox 0 0 534 262; x_wconf 95' lang='lat' dir='ltr'><strong> </strong></span> 
     </span>
    </p>
   </div>
   <div class='ocr_carea' id='block_1_3' title="bbox 148 281 1183 624">
    <p class='ocr_par' dir='ltr' id='par_1_3' title="bbox 148 281 1183 624">
     <span class='ocr_line' id='line_1_3' title="bbox 197 281 1181 327; baseline -0.006 -6"><span class='ocrx_word' id='word_1_3' title='bbox 197 283 424 321; x_wconf 77' lang='lat' dir='ltr'><strong>conditiones</strong></span> <span class='ocrx_word' id='word_1_4' title='bbox 438 286 479 319; x_wconf 90' lang='lat' dir='ltr'><strong>ut</strong></span> <span class='ocrx_word' id='word_1_5' title='bbox 495 290 656 327; x_wconf 69' lang='lat' dir='ltr'><strong>vungero</strong></span> <span class='ocrx_word' id='word_1_6' title='bbox 673 283 811 327; x_wconf 79' lang='lat' dir='ltr'><strong>possint</strong></span> <span class='ocrx_word' id='word_1_7' title='bbox 831 283 872 318; x_wconf 82' lang='lat' dir='ltr'><strong>in</strong></span> <span class='ocrx_word' id='word_1_8' title='bbox 890 281 1122 322; x_wconf 77' lang='lat' dir='ltr'><strong>conscientia,</strong></span> <span class='ocrx_word' id='word_1_9' title='bbox 1143 281 1181 316; x_wconf 85' lang='lat' dir='ltr'><strong>id</strong></span> 
     </span>
     <span class='ocr_line' id='line_1_4' title="bbox 196 330 1179 388; baseline -0.005 -18"><span class='ocrx_word' id='word_1_10' title='bbox 196 339 260 376; x_wconf 82' lang='lat' dir='ltr'><strong>est,</strong></span> <span class='ocrx_word' id='word_1_11' title='bbox 284 343 393 377; x_wconf 87' lang='lat' dir='ltr'><strong>quam</strong></span> <span class='ocrx_word' id='word_1_12' title='bbox 419 337 625 377; x_wconf 84' lang='lat' dir='ltr'><strong>potestatem</strong></span> <span class='ocrx_word' id='word_1_13' title='bbox 644 337 848 378; x_wconf 86' lang='lat' dir='ltr'><strong>supponant</strong></span> <span class='ocrx_word' id='word_1_14' title='bbox 877 333 917 367; x_wconf 87' lang='lat' dir='ltr'><strong>in</strong></span> <span class='ocrx_word' id='word_1_15' title='bbox 940 330 1179 388; x_wconf 64' lang='lat' dir='ltr'><strong>Superiorem,</strong></span> 
     </span>
     <span class='ocr_line' id='line_1_5' title="bbox 196 381 1182 428; baseline -0.004 -9"><span class='ocrx_word' id='word_1_16' title='bbox 196 393 306 428; x_wconf 80' lang='lat' dir='ltr'><strong>quam</strong></span> <span class='ocrx_word' id='word_1_17' title='bbox 327 383 617 419; x_wconf 84' lang='lat' dir='ltr'><strong>convenientiam</strong></span> <span class='ocrx_word' id='word_1_18' title='bbox 647 384 686 419; x_wconf 89' lang='lat' dir='ltr'><strong>in</strong></span> <span class='ocrx_word' id='word_1_19' title='bbox 708 383 878 425; x_wconf 85' lang='lat' dir='ltr'><strong>materia,</strong></span> <span class='ocrx_word' id='word_1_20' title='bbox 907 392 1016 426; x_wconf 91' lang='lat' dir='ltr'><strong>quam</strong></span> <span class='ocrx_word' id='word_1_21' title='bbox 1034 381 1182 416; x_wconf 78' lang='lat' dir='ltr'><strong>intima-</strong></span> 
     </span>
     <span class='ocr_line' id='line_1_6' title="bbox 193 434 961 478; baseline 0.001 -10"><span class='ocrx_word' id='word_1_22' title='bbox 193 434 330 468; x_wconf 88' lang='lat' dir='ltr'><strong>tionem</strong></span> <span class='ocrx_word' id='word_1_23' title='bbox 340 460 346 473; x_wconf 74' lang='grc'><strong>,</strong></span> <span class='ocrx_word' id='word_1_24' title='bbox 357 434 693 478; x_wconf 82' lang='lat' dir='ltr'><strong>promulgationem,</strong></span> <span class='ocrx_word' id='word_1_25' title='bbox 711 437 777 468; x_wconf 73' lang='lat' dir='ltr'><strong>etz.</strong></span> <span class='ocrx_word' id='word_1_26' title='bbox 793 434 819 467; x_wconf 90' lang='lat'><strong>1.</strong></span> <span class='ocrx_word' id='word_1_27' title='bbox 835 438 867 473; x_wconf 73' lang='lat'><strong>2.</strong></span> <span class='ocrx_word' id='word_1_28' title='bbox 882 443 914 469; x_wconf 85' lang='lat' dir='ltr'><strong>c.</strong></span> <span class='ocrx_word' id='word_1_29' title='bbox 929 439 961 469; x_wconf 86' lang='lat'><strong>8.</strong></span> 
     </span>
     <span class='ocr_line' id='line_1_7' title="bbox 148 483 1182 527; baseline -0.001 -10"><span class='ocrx_word' id='word_1_30' title='bbox 148 495 150 499; x_wconf 62' lang='grc'>’</span> <span class='ocrx_word' id='word_1_31' title='bbox 193 485 248 520; x_wconf 76' lang='lat' dir='ltr'><strong>An</strong></span> <span class='ocrx_word' id='word_1_32' title='bbox 272 485 470 518; x_wconf 84' lang='lat' dir='ltr'><strong>necessaria</strong></span> <span class='ocrx_word' id='word_1_33' title='bbox 495 483 542 518; x_wconf 88' lang='lat' dir='ltr'><strong>sit</strong></span> <span class='ocrx_word' id='word_1_34' title='bbox 572 484 695 527; x_wconf 87' lang='lat' dir='ltr'><strong>aliqua</strong></span> <span class='ocrx_word' id='word_1_35' title='bbox 725 484 939 518; x_wconf 74' lang='lat' dir='ltr'><strong>consultatio</strong></span> <span class='ocrx_word' id='word_1_36' title='bbox 961 483 1008 519; x_wconf 77' lang='lat' dir='ltr'><strong>nd</strong></span> <span class='ocrx_word' id='word_1_37' title='bbox 1025 484 1119 523; x_wconf 74' lang='lat' dir='ltr'><strong>hoo,</strong></span> <span class='ocrx_word' id='word_1_38' title='bbox 1139 484 1182 516; x_wconf 75' lang='lat' dir='ltr'><strong>&#39;ut</strong></span> 
     </span>
     <span class='ocr_line' id='line_1_8' title="bbox 149 533 1183 582; baseline -0.002 -15"><span class='ocrx_word' id='word_1_39' title='bbox 149 554 151 557; x_wconf 92' lang='lat'><em>-</em></span> <span class='ocrx_word' id='word_1_40' title='bbox 192 534 365 577; x_wconf 82' lang='lat' dir='ltr'><strong>superior</strong></span> <span class='ocrx_word' id='word_1_41' title='bbox 378 537 554 577; x_wconf 83' lang='lat' dir='ltr'><strong>praecepta</strong></span> <span class='ocrx_word' id='word_1_42' title='bbox 572 533 685 577; x_wconf 85' lang='lat' dir='ltr'><strong>possit</strong></span> <span class='ocrx_word' id='word_1_43' title='bbox 703 533 902 578; x_wconf 77' lang='lat' dir='ltr'><strong>imponere,</strong></span> <span class='ocrx_word' id='word_1_44' title='bbox 917 537 980 569; x_wconf 87' lang='lat' dir='ltr'><strong>aut</strong></span> <span class='ocrx_word' id='word_1_45' title='bbox 990 534 1086 582; x_wconf 76' lang='lat' dir='ltr'><strong>leges</strong></span> <span class='ocrx_word' id='word_1_46' title='bbox 1096 538 1183 566; x_wconf 83' lang='lat' dir='ltr'><strong>oon-</strong></span> 
     </span>
     <span class='ocr_line' id='line_1_9' title="bbox 195 585 365 624; baseline 0 -6"><span class='ocrx_word' id='word_1_47' title='bbox 195 585 291 624; x_wconf 77' lang='lat' dir='ltr'><strong>dere,</strong></span> <span class='ocrx_word' id='word_1_48' title='bbox 317 585 365 618; x_wconf 90' lang='lat' dir='ltr'><strong>ib.</strong></span> 
     </span>
    </p>
   </div>
   <div class='ocr_carea' id='block_1_4' title="bbox 151 633 1180 874">
    <p class='ocr_par' dir='ltr' id='par_1_4' title="bbox 151 633 1180 874">
     <span class='ocr_line' id='line_1_10' title="bbox 152 633 727 677; baseline 0.003 -9"><span class='ocrx_word' id='word_1_49' title='bbox 152 633 241 669; x_wconf 82' lang='lat' dir='ltr'><strong>vide</strong></span> <span class='ocrx_word' id='word_1_50' title='bbox 253 635 434 677; x_wconf 83' lang='lat' dir='ltr'><strong>Praelatus,</strong></span> <span class='ocrx_word' id='word_1_51' title='bbox 447 636 484 670; x_wconf 78' lang='lat' dir='ltr'><strong>et</strong></span> <span class='ocrx_word' id='word_1_52' title='bbox 494 634 727 677; x_wconf 73' lang='lat' dir='ltr'><strong>Praeceptum.</strong></span> 
     </span>
     <span class='ocr_line' id='line_1_11' title="bbox 615 718 714 745; baseline -0.01 0"><span class='ocrx_word' id='word_1_53' title='bbox 615 718 714 745; x_wconf 74' lang='lat' dir='ltr'><strong>unm.</strong></span> 
     </span>
     <span class='ocr_line' id='line_1_12' title="bbox 151 778 1180 816; baseline 0.001 -1"><span class='ocrx_word' id='word_1_54' title='bbox 151 781 276 816; x_wconf 87' lang='lat' dir='ltr'><strong>Libros</strong></span> <span class='ocrx_word' id='word_1_55' title='bbox 296 779 369 814; x_wconf 88' lang='lat' dir='ltr'><strong>cito</strong></span> <span class='ocrx_word' id='word_1_56' title='bbox 387 782 423 814; x_wconf 87' lang='lat' dir='ltr'><strong>et</strong></span> <span class='ocrx_word' id='word_1_57' title='bbox 439 782 523 814; x_wconf 82' lang='lat' dir='ltr'><strong>ante</strong></span> <span class='ocrx_word' id='word_1_58' title='bbox 543 783 720 815; x_wconf 85' lang='lat' dir='ltr'><strong>maturam</strong></span> <span class='ocrx_word' id='word_1_59' title='bbox 744 781 932 815; x_wconf 88' lang='lat' dir='ltr'><strong>scientiam</strong></span> <span class='ocrx_word' id='word_1_60' title='bbox 954 780 1112 816; x_wconf 80' lang='lat' dir='ltr'><strong>scribere</strong></span> <span class='ocrx_word' id='word_1_61' title='bbox 1129 778 1180 816; x_wconf 81' lang='lat' dir='ltr'><strong>le—</strong></span> 
     </span>
     <span class='ocr_line' id='line_1_13' title="bbox 190 830 1176 874; baseline -0.003 -9"><span class='ocrx_word' id='word_1_62' title='bbox 190 831 247 865; x_wconf 86' lang='lat' dir='ltr'><strong>vis</strong></span> <span class='ocrx_word' id='word_1_63' title='bbox 265 833 317 864; x_wconf 90' lang='lat' dir='ltr'><strong>est</strong></span> <span class='ocrx_word' id='word_1_64' title='bbox 340 830 494 871; x_wconf 85' lang='lat' dir='ltr'><strong>insania,</strong></span> <span class='ocrx_word' id='word_1_65' title='bbox 509 839 552 864; x_wconf 85' lang='lat' dir='ltr'><strong>ex</strong></span> <span class='ocrx_word' id='word_1_66' title='bbox 565 831 604 864; x_wconf 88' lang='lat' dir='ltr'><strong>D.</strong></span> <span class='ocrx_word' id='word_1_67' title='bbox 622 831 852 874; x_wconf 81' lang='lat' dir='ltr'><strong>Hieronymo,</strong></span> <span class='ocrx_word' id='word_1_68' title='bbox 868 835 912 865; x_wconf 87' lang='lat' dir='ltr'><strong>tr.</strong></span> <span class='ocrx_word' id='word_1_69' title='bbox 934 835 986 872; x_wconf 84' lang='grc' dir='ltr'><strong>1ο,</strong></span> <span class='ocrx_word' id='word_1_70' title='bbox 1006 830 1030 865; x_wconf 86' lang='lat' dir='ltr'><strong>l.</strong></span> <span class='ocrx_word' id='word_1_71' title='bbox 1048 834 1080 873; x_wconf 70' lang='lat'><strong>⁸,</strong></span> <span class='ocrx_word' id='word_1_72' title='bbox 1097 837 1130 865; x_wconf 80' lang='lat' dir='ltr'><strong>c.</strong></span> <span class='ocrx_word' id='word_1_73' title='bbox 1143 831 1176 864; x_wconf 69' lang='lat'><strong>2.</strong></span> 
     </span>
    </p>
   </div>
   <div class='ocr_carea' id='block_1_5' title="bbox 144 879 1178 1127">
    <p class='ocr_par' dir='ltr' id='par_1_5' title="bbox 145 879 1178 925">
     <span class='ocr_line' id='line_1_14' title="bbox 145 879 1178 925; baseline -0.002 -11"><span class='ocrx_word' id='word_1_74' title='bbox 145 879 246 914; x_wconf 66' lang='lat' dir='ltr'><strong>libri</strong></span> <span class='ocrx_word' id='word_1_75' title='bbox 273 881 442 914; x_wconf 83' lang='lat' dir='ltr'><strong>obscoena</strong></span> <span class='ocrx_word' id='word_1_76' title='bbox 459 881 685 915; x_wconf 82' lang='lat' dir='ltr'><strong>continentes</strong></span> <span class='ocrx_word' id='word_1_77' title='bbox 706 890 814 924; x_wconf 87' lang='lat' dir='ltr'><strong>quam</strong></span> <span class='ocrx_word' id='word_1_78' title='bbox 836 881 1030 925; x_wconf 79' lang='lat' dir='ltr'><strong>perniciosi</strong></span> <span class='ocrx_word' id='word_1_79' title='bbox 1054 880 1178 924; x_wconf 80' lang='lat' dir='ltr'><strong>legen-</strong></span> 
     </span>
    </p>

    <p class='ocr_par' dir='ltr' id='par_1_6' title="bbox 146 931 832 1025">
     <span class='ocr_line' id='line_1_15' title="bbox 146 931 832 1025; baseline 0.004 -11"><span class='ocrx_word' id='word_1_80' title='bbox 146 931 345 1023; x_wconf 50' lang='lat' dir='ltr'><strong>niffiughg&#39;</strong></span> <span class='ocrx_word' id='word_1_81' title='bbox 357 936 497 1016; x_wconf 52' lang='lat' dir='ltr'><strong>{electu</strong></span> <span class='ocrx_word' id='word_1_82' title='bbox 514 982 659 1024; x_wconf 78' lang='lat' dir='ltr'><strong>tegendi</strong></span> <span class='ocrx_word' id='word_1_83' title='bbox 680 982 765 1025; x_wconf 77' lang='lat' dir='ltr'><strong>sint,</strong></span> <span class='ocrx_word' id='word_1_84' title='bbox 782 983 832 1017; x_wconf 76' lang='lat' dir='ltr'><strong>tn.</strong></span> 
     </span>
    </p>

    <p class='ocr_par' dir='ltr' id='par_1_7' title="bbox 144 1028 1178 1127">
     <span class='ocr_line' id='line_1_16' title="bbox 144 1028 1178 1076; baseline 0.001 -12"><span class='ocrx_word' id='word_1_85' title='bbox 144 1031 255 1066; x_wconf 82' lang='lat' dir='ltr'><strong>Liber</strong></span> <span class='ocrx_word' id='word_1_86' title='bbox 286 1033 546 1066; x_wconf 85' lang='lat' dir='ltr'><strong>Exercitiorum</strong></span> <span class='ocrx_word' id='word_1_87' title='bbox 582 1033 826 1076; x_wconf 79' lang='lat' dir='ltr'><strong>spiritualium</strong></span> <span class='ocrx_word' id='word_1_88' title='bbox 861 1031 1069 1073; x_wconf 76' lang='lat' dir='ltr'><strong>societatis,</strong></span> <span class='ocrx_word' id='word_1_89' title='bbox 1092 1028 1178 1067; x_wconf 62' lang='lat' dir='ltr'><strong>vide</strong></span> 
     </span>
     <span class='ocr_line' id='line_1_17' title="bbox 189 1082 592 1127; baseline 0.007 -12"><span class='ocrx_word' id='word_1_90' title='bbox 189 1082 364 1117; x_wconf 74' lang='lat' dir='ltr'><strong>Exercitia</strong></span> <span class='ocrx_word' id='word_1_91' title='bbox 379 1084 592 1127; x_wconf 86' lang='lat' dir='ltr'><strong>spiritualia.</strong></span> 
     </span>
    </p>
   </div>
   <div class='ocr_carea' id='block_1_6' title="bbox 584 1170 744 1196">
    <p class='ocr_par' dir='ltr' id='par_1_8' title="bbox 584 1170 744 1196">
     <span class='ocr_line' id='line_1_18' title="bbox 584 1170 744 1196; baseline 0.006 -1"><span class='ocrx_word' id='word_1_92' title='bbox 584 1170 744 1196; x_wconf 61' lang='lat' dir='ltr'><strong>nemun.</strong></span> 
     </span>
    </p>
   </div>
   <div class='ocr_carea' id='block_1_7' title="bbox 144 1231 1175 1526">
    <p class='ocr_par' dir='ltr' id='par_1_9' title="bbox 146 1231 1175 1315">
     <span class='ocr_line' id='line_1_19' title="bbox 146 1231 1175 1279; baseline 0.003 -13"><span class='ocrx_word' id='word_1_93' title='bbox 146 1233 308 1267; x_wconf 82' lang='lat' dir='ltr'><strong>Licentia</strong></span> <span class='ocrx_word' id='word_1_94' title='bbox 330 1231 370 1268; x_wconf 91' lang='lat' dir='ltr'><strong>in</strong></span> <span class='ocrx_word' id='word_1_95' title='bbox 393 1242 467 1278; x_wconf 84' lang='lat' dir='ltr'><strong>quo</strong></span> <span class='ocrx_word' id='word_1_96' title='bbox 488 1235 629 1269; x_wconf 85' lang='lat' dir='ltr'><strong>differat</strong></span> <span class='ocrx_word' id='word_1_97' title='bbox 652 1244 673 1269; x_wconf 90' lang='lat' dir='ltr'><strong>a</strong></span> <span class='ocrx_word' id='word_1_98' title='bbox 695 1235 1032 1278; x_wconf 83' lang='lat' dir='ltr'><strong>dispensatione,tr.</strong></span> <span class='ocrx_word' id='word_1_99' title='bbox 1047 1239 1079 1278; x_wconf 86' lang='lat'><strong>8,</strong></span> <span class='ocrx_word' id='word_1_100' title='bbox 1099 1235 1123 1271; x_wconf 87' lang='lat' dir='ltr'><strong>l.</strong></span> <span class='ocrx_word' id='word_1_101' title='bbox 1140 1239 1175 1279; x_wconf 78' lang='lat'><strong>2,</strong></span> 
     </span>
     <span class='ocr_line' id='line_1_20' title="bbox 188 1285 287 1315; baseline 0 -1"><span class='ocrx_word' id='word_1_102' title='bbox 188 1291 219 1315; x_wconf 90' lang='lat' dir='ltr'><strong>c.</strong></span> <span class='ocrx_word' id='word_1_103' title='bbox 237 1285 287 1315; x_wconf 79' lang='lat'><strong>12.</strong></span> 
     </span>
    </p>

    <p class='ocr_par' dir='ltr' id='par_1_10' title="bbox 144 1330 1174 1526">
     <span class='ocr_line' id='line_1_21' title="bbox 144 1330 1174 1376; baseline 0.003 -10"><span class='ocrx_word' id='word_1_104' title='bbox 144 1330 306 1368; x_wconf 75' lang='lat' dir='ltr'><strong>Licentia</strong></span> <span class='ocrx_word' id='word_1_105' title='bbox 344 1334 545 1367; x_wconf 85' lang='lat' dir='ltr'><strong>necessaria</strong></span> <span class='ocrx_word' id='word_1_106' title='bbox 589 1333 747 1376; x_wconf 84' lang='lat' dir='ltr'><strong>religiosi</strong></span> <span class='ocrx_word' id='word_1_107' title='bbox 781 1333 827 1368; x_wconf 88' lang='lat' dir='ltr'><strong>ad</strong></span> <span class='ocrx_word' id='word_1_108' title='bbox 867 1334 1125 1376; x_wconf 87' lang='lat' dir='ltr'><strong>egrediendum</strong></span> <span class='ocrx_word' id='word_1_109' title='bbox 1154 1340 1174 1368; x_wconf 87' lang='lat' dir='ltr'><strong>e</strong></span> 
     </span>
     <span class='ocr_line' id='line_1_22' title="bbox 187 1382 918 1424; baseline 0.003 -10"><span class='ocrx_word' id='word_1_110' title='bbox 187 1382 352 1422; x_wconf 85' lang='lat' dir='ltr'><strong>claustro,</strong></span> <span class='ocrx_word' id='word_1_111' title='bbox 370 1383 451 1416; x_wconf 89' lang='lat' dir='ltr'><strong>vide</strong></span> <span class='ocrx_word' id='word_1_112' title='bbox 465 1384 677 1424; x_wconf 83' lang='lat' dir='ltr'><strong>claustrum,</strong></span> <span class='ocrx_word' id='word_1_113' title='bbox 696 1387 730 1416; x_wconf 88' lang='lat' dir='ltr'><strong>et</strong></span> <span class='ocrx_word' id='word_1_114' title='bbox 743 1383 918 1417; x_wconf 85' lang='lat' dir='ltr'><strong>Monialis.</strong></span> 
     </span>
     <span class='ocr_line' id='line_1_23' title="bbox 185 1432 1173 1476; baseline 0.002 -10"><span class='ocrx_word' id='word_1_115' title='bbox 185 1432 237 1466; x_wconf 82' lang='lat' dir='ltr'><strong>Ad</strong></span> <span class='ocrx_word' id='word_1_116' title='bbox 261 1433 519 1466; x_wconf 86' lang='lat' dir='ltr'><strong>transeundum</strong></span> <span class='ocrx_word' id='word_1_117' title='bbox 541 1433 586 1466; x_wconf 87' lang='lat' dir='ltr'><strong>ad</strong></span> <span class='ocrx_word' id='word_1_118' title='bbox 608 1432 715 1466; x_wconf 86' lang='lat' dir='ltr'><strong>aliam</strong></span> <span class='ocrx_word' id='word_1_119' title='bbox 733 1434 960 1476; x_wconf 79' lang='lat' dir='ltr'><strong>religionem,</strong></span> <span class='ocrx_word' id='word_1_120' title='bbox 975 1433 1061 1469; x_wconf 81' lang='lat' dir='ltr'><strong>vide</strong></span> <span class='ocrx_word' id='word_1_121' title='bbox 1076 1432 1173 1470; x_wconf 76' lang='lat' dir='ltr'><strong>Reli-</strong></span> 
     </span>
     <span class='ocr_line' id='line_1_24' title="bbox 185 1480 925 1526; baseline 0.005 -13"><span class='ocrx_word' id='word_1_122' title='bbox 185 1480 305 1525; x_wconf 86' lang='lat' dir='ltr'><strong>giosus</strong></span> <span class='ocrx_word' id='word_1_123' title='bbox 323 1482 500 1516; x_wconf 88' lang='lat' dir='ltr'><strong>transiens</strong></span> <span class='ocrx_word' id='word_1_124' title='bbox 517 1482 563 1516; x_wconf 86' lang='lat' dir='ltr'><strong>ad</strong></span> <span class='ocrx_word' id='word_1_125' title='bbox 577 1482 684 1516; x_wconf 90' lang='lat' dir='ltr'><strong>aliam</strong></span> <span class='ocrx_word' id='word_1_126' title='bbox 700 1483 925 1526; x_wconf 77' lang='lat' dir='ltr'><strong>religionem.</strong></span> 
     </span>
    </p>
   </div>
   <div class='ocr_carea' id='block_1_8' title="bbox 143 1563 725 1695">
    <p class='ocr_par' dir='ltr' id='par_1_11' title="bbox 143 1563 725 1695">
     <span class='ocr_line' id='line_1_25' title="bbox 576 1563 725 1588; baseline 0.013 -2"><span class='ocrx_word' id='word_1_127' title='bbox 576 1563 725 1588; x_wconf 68' lang='lat' dir='ltr'><strong>Linum.</strong></span> 
     </span>
     <span class='ocr_line' id='line_1_26' title="bbox 143 1600 380 1639; baseline 0.013 -3"><span class='ocrx_word' id='word_1_128' title='bbox 143 1600 231 1638; x_wconf 80' lang='lat' dir='ltr'><strong>vide</strong></span> <span class='ocrx_word' id='word_1_129' title='bbox 249 1602 380 1639; x_wconf 83' lang='lat' dir='ltr'><strong>oratio.</strong></span> 
     </span>
     <span class='ocr_line' id='line_1_27' title="bbox 594 1671 708 1695; baseline 0.009 -1"><span class='ocrx_word' id='word_1_130' title='bbox 594 1671 708 1695; x_wconf 79' lang='lat' dir='ltr'>LUDUS.</span> 
     </span>
    </p>
   </div>
   <div class='ocr_carea' id='block_1_9' title="bbox 144 1726 1174 1823">
    <p class='ocr_par' dir='ltr' id='par_1_12' title="bbox 144 1726 1174 1823">
     <span class='ocr_line' id='line_1_28' title="bbox 144 1726 1174 1775; baseline 0.006 -15"><span class='ocrx_word' id='word_1_131' title='bbox 144 1726 234 1760; x_wconf 91' lang='lat' dir='ltr'><strong>Ludi</strong></span> <span class='ocrx_word' id='word_1_132' title='bbox 256 1726 344 1760; x_wconf 89' lang='lat' dir='ltr'><strong>alias</strong></span> <span class='ocrx_word' id='word_1_133' title='bbox 367 1736 409 1761; x_wconf 89' lang='lat' dir='ltr'><strong>ex</strong></span> <span class='ocrx_word' id='word_1_134' title='bbox 429 1728 509 1769; x_wconf 85' lang='lat' dir='ltr'><strong>jure</strong></span> <span class='ocrx_word' id='word_1_135' title='bbox 525 1737 599 1764; x_wconf 86' lang='lat' dir='ltr'><strong>non</strong></span> <span class='ocrx_word' id='word_1_136' title='bbox 616 1730 788 1772; x_wconf 84' lang='lat' dir='ltr'><strong>prohibiti</strong></span> <span class='ocrx_word' id='word_1_137' title='bbox 807 1731 1009 1774; x_wconf 83' lang='lat' dir='ltr'><strong>specialiter</strong></span> <span class='ocrx_word' id='word_1_138' title='bbox 1024 1731 1174 1775; x_wconf 71' lang='lat' dir='ltr'><strong>religio—</strong></span> 
     </span>
     <span class='ocr_line' id='line_1_29' title="bbox 182 1776 922 1823; baseline 0.007 -12"><span class='ocrx_word' id='word_1_139' title='bbox 182 1776 233 1811; x_wconf 78' lang='lat' dir='ltr'><strong>sis</strong></span> <span class='ocrx_word' id='word_1_140' title='bbox 254 1785 328 1811; x_wconf 88' lang='lat' dir='ltr'><strong>non</strong></span> <span class='ocrx_word' id='word_1_141' title='bbox 351 1778 601 1822; x_wconf 87' lang='lat' dir='ltr'><strong>prohibentur,</strong></span> <span class='ocrx_word' id='word_1_142' title='bbox 617 1783 662 1814; x_wconf 83' lang='lat' dir='ltr'><strong>tr.</strong></span> <span class='ocrx_word' id='word_1_143' title='bbox 682 1784 717 1821; x_wconf 92' lang='lat'><strong>8,</strong></span> <span class='ocrx_word' id='word_1_144' title='bbox 730 1781 754 1815; x_wconf 84' lang='lat'><strong>1.</strong></span> <span class='ocrx_word' id='word_1_145' title='bbox 772 1782 805 1823; x_wconf 80' lang='lat'><strong>1,</strong></span> <span class='ocrx_word' id='word_1_146' title='bbox 819 1788 852 1816; x_wconf 90' lang='lat' dir='ltr'><strong>c.</strong></span> <span class='ocrx_word' id='word_1_147' title='bbox 868 1784 922 1816; x_wconf 81' lang='lat'><strong>11.</strong></span> 
     </span>
    </p>
   </div>
   <div class='ocr_carea' id='block_1_10' title="bbox 635 1890 684 1943">
    <p class='ocr_par' dir='ltr' id='par_1_13' title="bbox 635 1890 684 1943">
     <span class='ocr_line' id='line_1_30' title="bbox 635 1890 684 1943; baseline 0 0"><span class='ocrx_word' id='word_1_148' title='bbox 635 1890 684 1943; x_wconf 76' lang='lat' dir='ltr'>M</span> 
     </span>
    </p>
   </div>
   <div class='ocr_carea' id='block_1_11' title="bbox 134 2010 826 2109">
    <p class='ocr_par' dir='ltr' id='par_1_14' title="bbox 134 2010 826 2109">
     <span class='ocr_line' id='line_1_31' title="bbox 479 2010 826 2042; baseline 0.017 -6"><span class='ocrx_word' id='word_1_149' title='bbox 479 2010 662 2037; x_wconf 67' lang='lat' dir='ltr'><strong>nummis</strong></span> <span class='ocrx_word' id='word_1_150' title='bbox 684 2011 826 2042; x_wconf 67' lang='lat' dir='ltr'><strong>murus-</strong></span> 
     </span>
     <span class='ocr_line' id='line_1_32' title="bbox 134 2071 593 2109; baseline 0.009 -4"><span class='ocrx_word' id='word_1_151' title='bbox 134 2071 227 2106; x_wconf 68' lang='lat' dir='ltr'><strong>Vide</strong></span> <span class='ocrx_word' id='word_1_152' title='bbox 247 2073 414 2108; x_wconf 67' lang='lat' dir='ltr'><strong>militares</strong></span> <span class='ocrx_word' id='word_1_153' title='bbox 434 2075 593 2109; x_wconf 80' lang='lat' dir='ltr'><strong>ordines.</strong></span> 
     </span>
    </p>
   </div>
   <div class='ocr_carea' id='block_1_12' title="bbox 510 2160 797 2188">
    <p class='ocr_par' dir='ltr' id='par_1_15' title="bbox 510 2160 797 2188">
     <span class='ocr_line' id='line_1_33' title="bbox 510 2160 797 2188; baseline 0.003 -1"><span class='ocrx_word' id='word_1_154' title='bbox 510 2160 542 2187; x_wconf 72' lang='grc' dir='ltr'><strong>Ι.</strong></span> <span class='ocrx_word' id='word_1_155' title='bbox 560 2160 663 2186; x_wconf 69' lang='lat' dir='ltr'><strong>unu</strong></span> <span class='ocrx_word' id='word_1_156' title='bbox 684 2161 797 2188; x_wconf 71' lang='lat' dir='ltr'>VIRGO.</span> 
     </span>
    </p>
   </div>
   <div class='ocr_carea' id='block_1_13' title="bbox 140 2220 1175 2315">
    <p class='ocr_par' dir='ltr' id='par_1_16' title="bbox 140 2220 1175 2315">
     <span class='ocr_line' id='line_1_34' title="bbox 140 2220 1175 2266; baseline 0.007 -13"><span class='ocrx_word' id='word_1_157' title='bbox 140 2220 264 2253; x_wconf 83' lang='lat' dir='ltr'><strong>Utrum</strong></span> <span class='ocrx_word' id='word_1_158' title='bbox 277 2220 313 2252; x_wconf 86' lang='lat' dir='ltr'><strong>B.</strong></span> <span class='ocrx_word' id='word_1_159' title='bbox 331 2220 439 2262; x_wconf 78' lang='lat' dir='ltr'><strong>Virgo</strong></span> <span class='ocrx_word' id='word_1_160' title='bbox 457 2220 566 2254; x_wconf 80' lang='lat' dir='ltr'><strong>Maria</strong></span> <span class='ocrx_word' id='word_1_161' title='bbox 588 2221 656 2254; x_wconf 89' lang='lat' dir='ltr'><strong>iter</strong></span> <span class='ocrx_word' id='word_1_162' title='bbox 679 2221 716 2255; x_wconf 90' lang='lat' dir='ltr'><strong>in</strong></span> <span class='ocrx_word' id='word_1_163' title='bbox 744 2223 926 2257; x_wconf 86' lang='lat' dir='ltr'><strong>Bethleem</strong></span> <span class='ocrx_word' id='word_1_164' title='bbox 948 2224 1057 2266; x_wconf 85' lang='lat' dir='ltr'><strong>pedes</strong></span> <span class='ocrx_word' id='word_1_165' title='bbox 1083 2230 1175 2262; x_wconf 82' lang='lat' dir='ltr'><strong>con-</strong></span> 
     </span>
     <span class='ocr_line' id='line_1_35' title="bbox 180 2269 1032 2315; baseline 0.007 -12"><span class='ocrx_word' id='word_1_166' title='bbox 180 2269 316 2311; x_wconf 75' lang='lat' dir='ltr'><strong>fecerit,</strong></span> <span class='ocrx_word' id='word_1_167' title='bbox 339 2278 385 2302; x_wconf 91' lang='lat' dir='ltr'><strong>an</strong></span> <span class='ocrx_word' id='word_1_168' title='bbox 405 2270 517 2304; x_wconf 86' lang='lat' dir='ltr'><strong>asinae</strong></span> <span class='ocrx_word' id='word_1_169' title='bbox 538 2271 713 2313; x_wconf 85' lang='lat' dir='ltr'><strong>insidens,</strong></span> <span class='ocrx_word' id='word_1_170' title='bbox 730 2275 774 2306; x_wconf 91' lang='lat' dir='ltr'><strong>tr.</strong></span> <span class='ocrx_word' id='word_1_171' title='bbox 797 2276 851 2315; x_wconf 86' lang='lat'><strong>10,</strong></span> <span class='ocrx_word' id='word_1_172' title='bbox 864 2273 890 2308; x_wconf 88' lang='lat'><strong>1.</strong></span> <span class='ocrx_word' id='word_1_173' title='bbox 904 2277 937 2314; x_wconf 77' lang='lat'><strong>9,</strong></span> <span class='ocrx_word' id='word_1_174' title='bbox 951 2282 983 2307; x_wconf 90' lang='lat' dir='ltr'><strong>c.</strong></span> <span class='ocrx_word' id='word_1_175' title='bbox 998 2276 1032 2309; x_wconf 71' lang='lat'><strong>⁸.</strong></span> 
     </span>
    </p>
   </div>
   <div class='ocr_carea' id='block_1_14' title="bbox 528 2354 770 2381">
    <p class='ocr_par' dir='ltr' id='par_1_17' title="bbox 528 2354 770 2381">
     <span class='ocr_line' id='line_1_36' title="bbox 528 2354 770 2381; baseline 0 -1"><span class='ocrx_word' id='word_1_176' title='bbox 528 2354 770 2381; x_wconf 67' lang='lat' dir='ltr'><strong>fluuitoumu.</strong></span> 
     </span>
    </p>
   </div>
   <div class='ocr_carea' id='block_1_15' title="bbox 106 2414 1174 3655">
    <p class='ocr_par' dir='ltr' id='par_1_18' title="bbox 135 2414 1174 2547">
     <span class='ocr_line' id='line_1_37' title="bbox 135 2414 1174 2461; baseline 0.004 -12"><span class='ocrx_word' id='word_1_177' title='bbox 135 2414 404 2449; x_wconf 72' lang='lat' dir='ltr'><strong>Matrimonium</strong></span> <span class='ocrx_word' id='word_1_178' title='bbox 418 2419 707 2451; x_wconf 86' lang='lat' dir='ltr'><strong>consummatum</strong></span> <span class='ocrx_word' id='word_1_179' title='bbox 723 2426 795 2459; x_wconf 80' lang='lat' dir='ltr'><strong>qua</strong></span> <span class='ocrx_word' id='word_1_180' title='bbox 811 2417 950 2451; x_wconf 86' lang='lat' dir='ltr'><strong>ratione</strong></span> <span class='ocrx_word' id='word_1_181' title='bbox 962 2417 1008 2452; x_wconf 92' lang='lat' dir='ltr'><strong>sit</strong></span> <span class='ocrx_word' id='word_1_182' title='bbox 1022 2419 1174 2461; x_wconf 84' lang='lat' dir='ltr'><strong>impedi-</strong></span> 
     </span>
     <span class='ocr_line' id='line_1_38' title="bbox 178 2465 1171 2513; baseline 0.006 -16"><span class='ocrx_word' id='word_1_183' title='bbox 178 2468 339 2498; x_wconf 86' lang='lat' dir='ltr'><strong>mentum</strong></span> <span class='ocrx_word' id='word_1_184' title='bbox 370 2465 417 2499; x_wconf 86' lang='lat' dir='ltr'><strong>ad</strong></span> <span class='ocrx_word' id='word_1_185' title='bbox 454 2466 655 2508; x_wconf 87' lang='lat' dir='ltr'><strong>ingressum</strong></span> <span class='ocrx_word' id='word_1_186' title='bbox 687 2467 898 2510; x_wconf 86' lang='lat' dir='ltr'><strong>societatis,</strong></span> <span class='ocrx_word' id='word_1_187' title='bbox 931 2471 976 2502; x_wconf 89' lang='lat' dir='ltr'><strong>tr.</strong></span> <span class='ocrx_word' id='word_1_188' title='bbox 1006 2471 1067 2508; x_wconf 82' lang='lat'><strong>1⁰,</strong></span> <span class='ocrx_word' id='word_1_189' title='bbox 1093 2470 1117 2503; x_wconf 91' lang='lat' dir='ltr'><strong>l.</strong></span> <span class='ocrx_word' id='word_1_190' title='bbox 1139 2473 1171 2513; x_wconf 80' lang='lat'><strong>2,</strong></span> 
     </span>
     <span class='ocr_line' id='line_1_39' title="bbox 178 2517 260 2547; baseline -0.024 0"><span class='ocrx_word' id='word_1_191' title='bbox 178 2522 208 2547; x_wconf 86' lang='lat' dir='ltr'><strong>c.</strong></span> <span class='ocrx_word' id='word_1_192' title='bbox 229 2517 260 2546; x_wconf 90' lang='lat'><strong>1.</strong></span> 
     </span>
    </p>

    <p class='ocr_par' dir='ltr' id='par_1_19' title="bbox 135 2562 1172 2657">
     <span class='ocr_line' id='line_1_40' title="bbox 135 2562 1172 2609; baseline 0.006 -13"><span class='ocrx_word' id='word_1_193' title='bbox 135 2562 401 2596; x_wconf 67' lang='lat' dir='ltr'><strong>Matrimonium</strong></span> <span class='ocrx_word' id='word_1_194' title='bbox 431 2566 545 2597; x_wconf 87' lang='lat' dir='ltr'><strong>ratum</strong></span> <span class='ocrx_word' id='word_1_195' title='bbox 569 2572 643 2599; x_wconf 91' lang='lat' dir='ltr'><strong>non</strong></span> <span class='ocrx_word' id='word_1_196' title='bbox 666 2565 875 2600; x_wconf 84' lang='lat' dir='ltr'><strong>dissolvitur</strong></span> <span class='ocrx_word' id='word_1_197' title='bbox 900 2574 966 2609; x_wconf 82' lang='lat' dir='ltr'><strong>per</strong></span> <span class='ocrx_word' id='word_1_198' title='bbox 982 2570 1064 2602; x_wconf 83' lang='lat' dir='ltr'><strong>vota</strong></span> <span class='ocrx_word' id='word_1_199' title='bbox 1082 2568 1172 2603; x_wconf 84' lang='lat' dir='ltr'><strong>sim-</strong></span> 
     </span>
     <span class='ocr_line' id='line_1_41' title="bbox 178 2612 900 2657; baseline 0.008 -13"><span class='ocrx_word' id='word_1_200' title='bbox 178 2612 287 2654; x_wconf 84' lang='lat' dir='ltr'><strong>plicia</strong></span> <span class='ocrx_word' id='word_1_201' title='bbox 307 2612 504 2655; x_wconf 81' lang='lat' dir='ltr'><strong>societatis,</strong></span> <span class='ocrx_word' id='word_1_202' title='bbox 526 2614 590 2655; x_wconf 88' lang='lat' dir='ltr'><strong>ib.,</strong></span> <span class='ocrx_word' id='word_1_203' title='bbox 611 2615 686 2648; x_wconf 83' lang='lat' dir='ltr'><strong>etl.</strong></span> <span class='ocrx_word' id='word_1_204' title='bbox 703 2618 736 2657; x_wconf 73' lang='lat'><strong>10,</strong></span> <span class='ocrx_word' id='word_1_205' title='bbox 756 2624 788 2649; x_wconf 89' lang='lat' dir='ltr'><strong>c.</strong></span> <span class='ocrx_word' id='word_1_206' title='bbox 807 2619 837 2649; x_wconf 78' lang='lat'><strong>2.</strong></span> <span class='ocrx_word' id='word_1_207' title='bbox 897 2646 900 2650; x_wconf 87' lang='lat'>.</span> 
     </span>
    </p>

    <p class='ocr_par' dir='ltr' id='par_1_20' title="bbox 135 2641 1167 2745">
     <span class='ocr_line' id='line_1_42' title="bbox 135 2641 1167 2710; baseline 0.008 -17"><span class='ocrx_word' id='word_1_208' title='bbox 135 2663 188 2695; x_wconf 80' lang='lat' dir='ltr'><strong>An</strong></span> <span class='ocrx_word' id='word_1_209' title='bbox 209 2662 399 2695; x_wconf 85' lang='lat' dir='ltr'><strong>dirimatur</strong></span> <span class='ocrx_word' id='word_1_210' title='bbox 415 2671 479 2704; x_wconf 89' lang='lat' dir='ltr'><strong>per</strong></span> <span class='ocrx_word' id='word_1_211' title='bbox 496 2641 622 2698; x_wconf 65' lang='lat' dir='ltr'><strong>eade⁷m</strong></span> <span class='ocrx_word' id='word_1_212' title='bbox 641 2665 866 2707; x_wconf 86' lang='lat' dir='ltr'><strong>subsequens</strong></span> <span class='ocrx_word' id='word_1_213' title='bbox 884 2666 1167 2710; x_wconf 84' lang='lat' dir='ltr'><strong>matrimonium,</strong></span> 
     </span>
     <span class='ocr_line' id='line_1_43' title="bbox 176 2711 434 2745; baseline 0 -1"><span class='ocrx_word' id='word_1_214' title='bbox 176 2711 258 2744; x_wconf 90' lang='lat' dir='ltr'><strong>vide</strong></span> <span class='ocrx_word' id='word_1_215' title='bbox 277 2711 434 2745; x_wconf 85' lang='lat' dir='ltr'><strong>castitas.</strong></span> 
     </span>
    </p>

    <p class='ocr_par' dir='ltr' id='par_1_21' title="bbox 134 2761 1170 2807">
     <span class='ocr_line' id='line_1_44' title="bbox 134 2761 1170 2807; baseline 0.007 -14"><span class='ocrx_word' id='word_1_216' title='bbox 134 2761 194 2794; x_wconf 83' lang='lat' dir='ltr'><strong>Val</strong></span> <span class='ocrx_word' id='word_1_217' title='bbox 200 2761 257 2794; x_wconf 87' lang='lat' dir='ltr'><strong>ide</strong></span> <span class='ocrx_word' id='word_1_218' title='bbox 278 2765 395 2795; x_wconf 89' lang='lat' dir='ltr'><strong>tamen</strong></span> <span class='ocrx_word' id='word_1_219' title='bbox 416 2762 505 2796; x_wconf 84' lang='lat' dir='ltr'><strong>fient</strong></span> <span class='ocrx_word' id='word_1_220' title='bbox 522 2763 609 2797; x_wconf 85' lang='lat' dir='ltr'><strong>talia</strong></span> <span class='ocrx_word' id='word_1_221' title='bbox 626 2769 707 2798; x_wconf 87' lang='lat' dir='ltr'><strong>vota</strong></span> <span class='ocrx_word' id='word_1_222' title='bbox 727 2768 806 2807; x_wconf 87' lang='lat' dir='ltr'><strong>post</strong></span> <span class='ocrx_word' id='word_1_223' title='bbox 819 2766 1093 2800; x_wconf 87' lang='lat' dir='ltr'><strong>matrimonium</strong></span> <span class='ocrx_word' id='word_1_224' title='bbox 1111 2776 1170 2801; x_wconf 90' lang='lat' dir='ltr'><strong>ra-</strong></span> 
     </span>
    </p>

    <p class='ocr_par' dir='ltr' id='par_1_22' title="bbox 118 2811 1172 2943">
     <span class='ocr_line' id='line_1_45' title="bbox 118 2811 1172 2858; baseline 0.008 -16"><span class='ocrx_word' id='word_1_225' title='bbox 118 2831 121 2833; x_wconf 91' lang='lat'><em>-</em></span> <span class='ocrx_word' id='word_1_226' title='bbox 174 2812 282 2848; x_wconf 71' lang='lat' dir='ltr'><strong>trum.</strong></span> <span class='ocrx_word' id='word_1_227' title='bbox 294 2811 401 2844; x_wconf 88' lang='lat' dir='ltr'><strong>etiam</strong></span> <span class='ocrx_word' id='word_1_228' title='bbox 415 2817 637 2854; x_wconf 83' lang='lat' dir='ltr'><strong>repugnante</strong></span> <span class='ocrx_word' id='word_1_229' title='bbox 654 2823 797 2856; x_wconf 81' lang='lat' dir='ltr'><strong>sponsa;</strong></span> <span class='ocrx_word' id='word_1_230' title='bbox 813 2823 894 2857; x_wconf 82' lang='lat' dir='ltr'><strong>quae</strong></span> <span class='ocrx_word' id='word_1_231' title='bbox 907 2819 1027 2849; x_wconf 87' lang='lat' dir='ltr'><strong>tamen</strong></span> <span class='ocrx_word' id='word_1_232' title='bbox 1045 2817 1172 2858; x_wconf 87' lang='lat' dir='ltr'><strong>poterit</strong></span> 
     </span>
     <span class='ocr_line' id='line_1_46' title="bbox 177 2862 1170 2907; baseline 0.009 -16"><span class='ocrx_word' id='word_1_233' title='bbox 177 2863 296 2900; x_wconf 79' lang='lat' dir='ltr'><strong>petere</strong></span> <span class='ocrx_word' id='word_1_234' title='bbox 317 2869 423 2893; x_wconf 89' lang='lat' dir='ltr'><strong>suum</strong></span> <span class='ocrx_word' id='word_1_235' title='bbox 439 2862 510 2903; x_wconf 83' lang='lat' dir='ltr'><strong>jus,</strong></span> <span class='ocrx_word' id='word_1_236' title='bbox 534 2866 570 2895; x_wconf 90' lang='lat' dir='ltr'><strong>et</strong></span> <span class='ocrx_word' id='word_1_237' title='bbox 585 2871 738 2906; x_wconf 90' lang='lat' dir='ltr'><strong>sponsus</strong></span> <span class='ocrx_word' id='word_1_238' title='bbox 754 2864 975 2907; x_wconf 88' lang='lat' dir='ltr'><strong>obligabitur</strong></span> <span class='ocrx_word' id='word_1_239' title='bbox 996 2866 1042 2900; x_wconf 92' lang='lat' dir='ltr'><strong>ad</strong></span> <span class='ocrx_word' id='word_1_240' title='bbox 1061 2867 1170 2901; x_wconf 88' lang='lat' dir='ltr'><strong>coha-</strong></span> 
     </span>
     <span class='ocr_line' id='line_1_47' title="bbox 176 2907 571 2950; baseline 0.008 -10"><span class='ocrx_word' id='word_1_241' title='bbox 176 2907 379 2950; x_wconf 88' lang='lat' dir='ltr'><strong>bitandum,</strong></span> <span class='ocrx_word' id='word_1_242' title='bbox 396 2910 420 2942; x_wconf 92' lang='lat' dir='ltr'><strong>l.</strong></span> <span class='ocrx_word' id='word_1_243' title='bbox 437 2913 470 2950; x_wconf 73' lang='lat'><strong>2,</strong></span> <span class='ocrx_word' id='word_1_244' title='bbox 494 2919 523 2943; x_wconf 90' lang='lat' dir='ltr'><strong>c.</strong></span> <span class='ocrx_word' id='word_1_245' title='bbox 540 2914 571 2944; x_wconf 86' lang='lat'><strong>1.</strong></span> 
     </span>
    </p>

    <p class='ocr_par' dir='ltr' id='par_1_23' title="bbox 120 2956 1167 3008">
     <span class='ocr_line' id='line_1_48' title="bbox 120 2956 1167 3008; baseline 0.008 -16"><span class='ocrx_word' id='word_1_246' title='bbox 120 2956 194 2992; x_wconf 78' lang='lat' dir='ltr'><strong>¹Sic</strong></span> <span class='ocrx_word' id='word_1_247' title='bbox 221 2959 367 2992; x_wconf 86' lang='lat' dir='ltr'><strong>rediens</strong></span> <span class='ocrx_word' id='word_1_248' title='bbox 388 2959 435 2994; x_wconf 86' lang='lat' dir='ltr'><strong>ad</strong></span> <span class='ocrx_word' id='word_1_249' title='bbox 455 2968 624 3002; x_wconf 87' lang='lat' dir='ltr'><strong>sponsam</strong></span> <span class='ocrx_word' id='word_1_250' title='bbox 651 2971 741 3004; x_wconf 81' lang='lat' dir='ltr'><strong>quas</strong></span> <span class='ocrx_word' id='word_1_251' title='bbox 763 2963 1002 3007; x_wconf 82' lang='lat' dir='ltr'><strong>obligationes</strong></span> <span class='ocrx_word' id='word_1_252' title='bbox 1020 2966 1167 3008; x_wconf 81' lang='lat' dir='ltr'><strong>deserat,</strong></span> 
     </span>
    </p>

    <p class='ocr_par' dir='ltr' id='par_1_24' title="bbox 106 3007 702 3051">
     <span class='ocr_line' id='line_1_49' title="bbox 106 3007 702 3051; baseline 0.01 -12"><span class='ocrx_word' id='word_1_253' title='bbox 106 3015 114 3020; x_wconf 72' lang='grc'><em>”</em></span> <span class='ocrx_word' id='word_1_254' title='bbox 175 3007 248 3041; x_wconf 76' lang='lat' dir='ltr'><strong>nisi</strong></span> <span class='ocrx_word' id='word_1_255' title='bbox 270 3007 323 3040; x_wconf 88' lang='lat' dir='ltr'><strong>illi</strong></span> <span class='ocrx_word' id='word_1_256' title='bbox 340 3011 422 3042; x_wconf 80' lang='lat' dir='ltr'><strong>vota</strong></span> <span class='ocrx_word' id='word_1_257' title='bbox 434 3009 631 3051; x_wconf 78' lang='lat' dir='ltr'><strong>irrltentur</strong></span> <span class='ocrx_word' id='word_1_258' title='bbox 653 3011 702 3045; x_wconf 89' lang='lat' dir='ltr'><strong>ib.</strong></span> 
     </span>
    </p>

    <p class='ocr_par' dir='ltr' id='par_1_25' title="bbox 135 3058 1170 3104">
     <span class='ocr_line' id='line_1_50' title="bbox 135 3058 1170 3104; baseline 0.007 -11"><span class='ocrx_word' id='word_1_259' title='bbox 135 3058 224 3093; x_wconf 85' lang='lat' dir='ltr'><strong>Cum</strong></span> <span class='ocrx_word' id='word_1_260' title='bbox 251 3059 384 3100; x_wconf 85' lang='lat' dir='ltr'><strong>quihus</strong></span> <span class='ocrx_word' id='word_1_261' title='bbox 411 3060 683 3095; x_wconf 84' lang='lat' dir='ltr'><strong>conditionibus</strong></span> <span class='ocrx_word' id='word_1_262' title='bbox 709 3066 789 3104; x_wconf 87' lang='lat' dir='ltr'><strong>post</strong></span> <span class='ocrx_word' id='word_1_263' title='bbox 814 3064 1085 3099; x_wconf 87' lang='lat' dir='ltr'><strong>matrimonium</strong></span> <span class='ocrx_word' id='word_1_264' title='bbox 1110 3075 1170 3101; x_wconf 83' lang='lat' dir='ltr'><strong>ra—</strong></span> 
     </span>
    </p>

    <p class='ocr_par' dir='ltr' id='par_1_26' title="bbox 175 3110 1044 3157">
     <span class='ocr_line' id='line_1_51' title="bbox 175 3110 1044 3157; baseline 0.009 -15"><span class='ocrx_word' id='word_1_265' title='bbox 175 3112 252 3143; x_wconf 81' lang='lat' dir='ltr'><strong>tum</strong></span> <span class='ocrx_word' id='word_1_266' title='bbox 267 3110 406 3143; x_wconf 87' lang='lat' dir='ltr'><strong>admitti</strong></span> <span class='ocrx_word' id='word_1_267' title='bbox 424 3111 536 3153; x_wconf 87' lang='lat' dir='ltr'><strong>possit</strong></span> <span class='ocrx_word' id='word_1_268' title='bbox 553 3112 706 3154; x_wconf 70' lang='lat' dir='ltr'><strong>aliquis*</strong></span> <span class='ocrx_word' id='word_1_269' title='bbox 698 3122 735 3146; x_wconf 83' lang='lat' dir='ltr'><strong>in</strong></span> <span class='ocrx_word' id='word_1_270' title='bbox 752 3114 974 3157; x_wconf 84' lang='lat' dir='ltr'><strong>Societatem,</strong></span> <span class='ocrx_word' id='word_1_271' title='bbox 994 3116 1044 3150; x_wconf 83' lang='lat' dir='ltr'><strong>ib.</strong></span> 
     </span>
    </p>

    <p class='ocr_par' dir='ltr' id='par_1_27' title="bbox 133 3158 1169 3294">
     <span class='ocr_line' id='line_1_52' title="bbox 133 3158 1169 3206; baseline 0.007 -11"><span class='ocrx_word' id='word_1_272' title='bbox 133 3158 178 3195; x_wconf 76' lang='lat' dir='ltr'><strong>ut</strong></span> <span class='ocrx_word' id='word_1_273' title='bbox 197 3160 280 3202; x_wconf 86' lang='lat' dir='ltr'><strong>quis</strong></span> <span class='ocrx_word' id='word_1_274' title='bbox 302 3161 340 3194; x_wconf 88' lang='lat' dir='ltr'><strong>in</strong></span> <span class='ocrx_word' id='word_1_275' title='bbox 366 3160 540 3195; x_wconf 86' lang='lat' dir='ltr'><strong>Societate</strong></span> <span class='ocrx_word' id='word_1_276' title='bbox 562 3163 770 3197; x_wconf 82' lang='lat' dir='ltr'><strong>admittatur</strong></span> <span class='ocrx_word' id='word_1_277' title='bbox 794 3168 874 3206; x_wconf 89' lang='lat' dir='ltr'><strong>post</strong></span> <span class='ocrx_word' id='word_1_278' title='bbox 898 3166 1169 3202; x_wconf 83' lang='lat' dir='ltr'><strong>matrimonium</strong></span> 
     </span>
     <span class='ocr_line' id='line_1_53' title="bbox 177 3210 1166 3261; baseline 0.009 -19"><span class='ocrx_word' id='word_1_279' title='bbox 177 3214 305 3250; x_wconf 88' lang='lat' dir='ltr'><strong>ratum,</strong></span> <span class='ocrx_word' id='word_1_280' title='bbox 329 3210 448 3243; x_wconf 85' lang='lat' dir='ltr'><strong>statim</strong></span> <span class='ocrx_word' id='word_1_281' title='bbox 466 3210 569 3245; x_wconf 90' lang='lat' dir='ltr'><strong>finito</strong></span> <span class='ocrx_word' id='word_1_282' title='bbox 591 3212 767 3247; x_wconf 88' lang='lat' dir='ltr'><strong>novitiatu</strong></span> <span class='ocrx_word' id='word_1_283' title='bbox 783 3214 944 3248; x_wconf 83' lang='lat' dir='ltr'><strong>emittere</strong></span> <span class='ocrx_word' id='word_1_284' title='bbox 962 3215 1068 3250; x_wconf 83' lang='lat' dir='ltr'><strong>dehet</strong></span> <span class='ocrx_word' id='word_1_285' title='bbox 1085 3226 1166 3261; x_wconf 89' lang='lat' dir='ltr'><strong>pro-</strong></span> 
     </span>
     <span class='ocr_line' id='line_1_54' title="bbox 178 3258 578 3302; baseline 0.005 -10"><span class='ocrx_word' id='word_1_286' title='bbox 178 3258 384 3301; x_wconf 76' lang='lat' dir='ltr'><strong>sessionem,</strong></span> <span class='ocrx_word' id='word_1_287' title='bbox 405 3260 431 3293; x_wconf 91' lang='lat' dir='ltr'><strong>l.</strong></span> <span class='ocrx_word' id='word_1_288' title='bbox 448 3262 480 3302; x_wconf 73' lang='lat'><strong>⁴,</strong></span> <span class='ocrx_word' id='word_1_289' title='bbox 501 3269 533 3294; x_wconf 89' lang='lat' dir='ltr'><strong>c.</strong></span> <span class='ocrx_word' id='word_1_290' title='bbox 546 3265 578 3294; x_wconf 73' lang='lat'>2</span> 
     </span>
    </p>

    <p class='ocr_par' dir='ltr' id='par_1_28' title="bbox 135 3309 1164 3402">
     <span class='ocr_line' id='line_1_55' title="bbox 135 3309 1164 3356; baseline 0.008 -13"><span class='ocrx_word' id='word_1_291' title='bbox 135 3309 213 3343; x_wconf 75' lang='lat' dir='ltr'><strong>An</strong></span> <span class='ocrx_word' id='word_1_292' title='bbox 198 3318 242 3342; x_wconf 82' lang='lat' dir='ltr'><strong>in</strong></span> <span class='ocrx_word' id='word_1_293' title='bbox 257 3318 300 3343; x_wconf 92' lang='lat' dir='ltr'><strong>eo</strong></span> <span class='ocrx_word' id='word_1_294' title='bbox 317 3317 402 3344; x_wconf 82' lang='lat' dir='ltr'><strong>casu</strong></span> <span class='ocrx_word' id='word_1_295' title='bbox 417 3310 689 3354; x_wconf 80' lang='lat' dir='ltr'><strong>transigendum</strong></span> <span class='ocrx_word' id='word_1_296' title='bbox 707 3313 754 3347; x_wconf 86' lang='lat' dir='ltr'><strong>sit</strong></span> <span class='ocrx_word' id='word_1_297' title='bbox 773 3313 952 3356; x_wconf 83' lang='lat' dir='ltr'><strong>integrum</strong></span> <span class='ocrx_word' id='word_1_298' title='bbox 972 3315 1164 3352; x_wconf 79' lang='lat' dir='ltr'><strong>biennium</strong></span> 
     </span>
     <span class='ocr_line' id='line_1_56' title="bbox 177 3359 1141 3406; baseline 0.011 -15"><span class='ocrx_word' id='word_1_299' title='bbox 177 3359 371 3393; x_wconf 82' lang='lat' dir='ltr'><strong>novitiatus</strong></span> <span class='ocrx_word' id='word_1_300' title='bbox 392 3360 589 3404; x_wconf 81' lang='lat' dir='ltr'><strong>societatis,</strong></span> <span class='ocrx_word' id='word_1_301' title='bbox 611 3371 657 3395; x_wconf 86' lang='lat' dir='ltr'><strong>an</strong></span> <span class='ocrx_word' id='word_1_302' title='bbox 673 3363 767 3397; x_wconf 84' lang='lat' dir='ltr'><strong>unus</strong></span> <span class='ocrx_word' id='word_1_303' title='bbox 782 3366 922 3398; x_wconf 84' lang='lat' dir='ltr'><strong>tantum</strong></span> <span class='ocrx_word' id='word_1_304' title='bbox 940 3374 1070 3406; x_wconf 86' lang='lat' dir='ltr'><strong>annus,</strong></span> <span class='ocrx_word' id='word_1_305' title='bbox 1092 3367 1141 3402; x_wconf 90' lang='lat' dir='ltr'><strong>ih.</strong></span> 
     </span>
    </p>

    <p class='ocr_par' dir='ltr' id='par_1_29' title="bbox 133 3403 1164 3454">
     <span class='ocr_line' id='line_1_57' title="bbox 133 3403 1164 3454; baseline 0.011 -14"><span class='ocrx_word' id='word_1_306' title='bbox 133 3403 227 3448; x_wconf 77' lang='lat' dir='ltr'><strong>Quid</strong></span> <span class='ocrx_word' id='word_1_307' title='bbox 242 3408 271 3442; x_wconf 92' lang='lat' dir='ltr'><strong>si</strong></span> <span class='ocrx_word' id='word_1_308' title='bbox 286 3412 368 3443; x_wconf 90' lang='lat' dir='ltr'><strong>vota</strong></span> <span class='ocrx_word' id='word_1_309' title='bbox 381 3409 560 3452; x_wconf 89' lang='lat' dir='ltr'><strong>simplicia</strong></span> <span class='ocrx_word' id='word_1_310' title='bbox 573 3411 734 3454; x_wconf 82' lang='lat' dir='ltr'><strong>ejusdem</strong></span> <span class='ocrx_word' id='word_1_311' title='bbox 750 3413 937 3448; x_wconf 76' lang='lat' dir='ltr'><strong>societatis</strong></span> <span class='ocrx_word' id='word_1_312' title='bbox 949 3416 1164 3453; x_wconf 79' lang='lat' dir='ltr'><strong>antecedens</strong></span> 
     </span>
    </p>

    <p class='ocr_par' dir='ltr' id='par_1_30' title="bbox 103 3458 1164 3559">
     <span class='ocr_line' id='line_1_58' title="bbox 175 3458 1163 3507; baseline 0.01 -16.253"><span class='ocrx_word' id='word_1_313' title='bbox 175 3458 444 3493; x_wconf 84' lang='lat' dir='ltr'><strong>matrimonium</strong></span> <span class='ocrx_word' id='word_1_314' title='bbox 471 3463 588 3495; x_wconf 83' lang='lat' dir='ltr'><strong>ratum</strong></span> <span class='ocrx_word' id='word_1_315' title='bbox 619 3461 824 3505; x_wconf 84' lang='lat' dir='ltr'><strong>irritarent,</strong></span> <span class='ocrx_word' id='word_1_316' title='bbox 855 3465 1163 3507; x_wconf 75' lang='lat' dir='ltr'><strong>expectandumne</strong></span> 
     </span>
     <span class='ocr_line' id='line_1_59' title="bbox 175 3508 1164 3559; baseline 0.009 -18"><span class='ocrx_word' id='word_1_317' title='bbox 175 3510 266 3542; x_wconf 64' lang='lat' dir='ltr'><strong>esset</strong></span> <span class='ocrx_word' id='word_1_318' title='bbox 305 3508 484 3552; x_wconf 82' lang='lat' dir='ltr'><strong>integrum</strong></span> <span class='ocrx_word' id='word_1_319' title='bbox 517 3511 712 3546; x_wconf 81' lang='lat' dir='ltr'><strong>novitiatus</strong></span> <span class='ocrx_word' id='word_1_320' title='bbox 741 3512 935 3547; x_wconf 86' lang='lat' dir='ltr'><strong>biennium</strong></span> <span class='ocrx_word' id='word_1_321' title='bbox 971 3518 1164 3559; x_wconf 86' lang='lat' dir='ltr'><strong>antequam</strong></span> 
     </span>
    </p>

    <p class='ocr_par' dir='ltr' id='par_1_31' title="bbox 119 3558 1118 3605">
     <span class='ocr_line' id='line_1_60' title="bbox 119 3558 1118 3605; baseline 0.009 -15"><span class='ocrx_word' id='word_1_322' title='bbox 119 3571 134 3577; x_wconf 43' lang='grc' dir='ltr'><strong>-ν</strong></span> <span class='ocrx_word' id='word_1_323' title='bbox 175 3558 433 3601; x_wconf 76' lang='lat' dir='ltr'><strong>emitterentur,</strong></span> <span class='ocrx_word' id='word_1_324' title='bbox 451 3568 499 3594; x_wconf 80' lang='lat' dir='ltr'><strong>an</strong></span> <span class='ocrx_word' id='word_1_325' title='bbox 516 3569 614 3595; x_wconf 83' lang='lat' dir='ltr'><strong>unus</strong></span> <span class='ocrx_word' id='word_1_326' title='bbox 630 3563 770 3596; x_wconf 83' lang='lat' dir='ltr'><strong>tantum</strong></span> <span class='ocrx_word' id='word_1_327' title='bbox 785 3571 914 3604; x_wconf 88' lang='lat' dir='ltr'><strong>annus,</strong></span> <span class='ocrx_word' id='word_1_328' title='bbox 937 3563 962 3597; x_wconf 91' lang='lat' dir='ltr'><strong>l.</strong></span> <span class='ocrx_word' id='word_1_329' title='bbox 979 3567 1012 3605; x_wconf 72' lang='lat'><strong>2,</strong></span> <span class='ocrx_word' id='word_1_330' title='bbox 1035 3572 1067 3598; x_wconf 86' lang='lat' dir='ltr'><strong>e.</strong></span> <span class='ocrx_word' id='word_1_331' title='bbox 1087 3568 1118 3599; x_wconf 74' lang='grc' dir='ltr'><strong>ι.</strong></span> 
     </span>
    </p>

    <p class='ocr_par' dir='ltr' id='par_1_32' title="bbox 133 3603 1165 3655">
     <span class='ocr_line' id='line_1_61' title="bbox 133 3603 1165 3655; baseline 0.01 -15"><span class='ocrx_word' id='word_1_332' title='bbox 133 3603 349 3643; x_wconf 70' lang='lat' dir='ltr'><strong>Hatrimonfi</strong></span> <span class='ocrx_word' id='word_1_333' title='bbox 360 3614 625 3646; x_wconf 77' lang='lat' dir='ltr'><strong>sacramentum</strong></span> <span class='ocrx_word' id='word_1_334' title='bbox 641 3611 847 3648; x_wconf 82' lang='lat' dir='ltr'><strong>ministrare</strong></span> <span class='ocrx_word' id='word_1_335' title='bbox 859 3621 934 3648; x_wconf 89' lang='lat' dir='ltr'><strong>non</strong></span> <span class='ocrx_word' id='word_1_336' title='bbox 948 3617 1098 3655; x_wconf 75' lang='lat' dir='ltr'><strong>possum</strong></span> <span class='ocrx_word' id='word_1_337' title='bbox 1107 3622 1165 3650; x_wconf 86' lang='lat' dir='ltr'><strong>re-</strong></span> 
     </span>
    </p>
   </div>
   <div class='ocr_carea' id='block_1_16' title="bbox 1234 281 2267 526">
    <p class='ocr_par' dir='ltr' id='par_1_33' title="bbox 1234 281 2267 526">
     <span class='ocr_line' id='line_1_62' title="bbox 1275 281 2266 328; baseline 0.006 -12"><span class='ocrx_word' id='word_1_338' title='bbox 1275 282 1396 326; x_wconf 78' lang='lat' dir='ltr'><strong>ligiosi</strong></span> <span class='ocrx_word' id='word_1_339' title='bbox 1426 281 1611 319; x_wconf 78' lang='lat' dir='ltr'><strong>societatis</strong></span> <span class='ocrx_word' id='word_1_340' title='bbox 1639 282 1776 327; x_wconf 76' lang='lat' dir='ltr'><strong>absque</strong></span> <span class='ocrx_word' id='word_1_341' title='bbox 1803 284 1952 328; x_wconf 75' lang='lat' dir='ltr'><strong>parochi</strong></span> <span class='ocrx_word' id='word_1_342' title='bbox 1983 285 2168 327; x_wconf 61' lang='lat' dir='ltr'><strong>incultae,</strong></span> <span class='ocrx_word' id='word_1_343' title='bbox 2187 286 2217 321; x_wconf 79' lang='lat'><strong>1.</strong></span> <span class='ocrx_word' id='word_1_344' title='bbox 2233 289 2266 322; x_wconf 65' lang='grc' dir='ltr'><strong>ιο</strong></span> 
     </span>
     <span class='ocr_line' id='line_1_63' title="bbox 1234 335 2267 429; baseline 0.003 -13"><span class='ocrx_word' id='word_1_345' title='bbox 1234 335 1358 416; x_wconf 44' lang='lat' dir='ltr'><strong>Uti-’uni</strong></span> <span class='ocrx_word' id='word_1_346' title='bbox 1382 382 1421 416; x_wconf 89' lang='lat' dir='ltr'><strong>in</strong></span> <span class='ocrx_word' id='word_1_347' title='bbox 1451 383 1574 426; x_wconf 84' lang='lat' dir='ltr'><strong>aliquo</strong></span> <span class='ocrx_word' id='word_1_348' title='bbox 1601 383 1727 418; x_wconf 88' lang='lat' dir='ltr'><strong>saltem</strong></span> <span class='ocrx_word' id='word_1_349' title='bbox 1749 384 1828 420; x_wconf 87' lang='lat' dir='ltr'><strong>loco</strong></span> <span class='ocrx_word' id='word_1_350' title='bbox 1848 385 1906 421; x_wconf 87' lang='lat' dir='ltr'><strong>vel</strong></span> <span class='ocrx_word' id='word_1_351' title='bbox 1927 394 2013 420; x_wconf 89' lang='lat' dir='ltr'><strong>casu</strong></span> <span class='ocrx_word' id='word_1_352' title='bbox 2033 385 2172 429; x_wconf 79' lang='lat' dir='ltr'><strong>possint</strong></span> <span class='ocrx_word' id='word_1_353' title='bbox 2190 383 2267 422; x_wconf 70' lang='lat' dir='ltr'><strong>vir-</strong></span> 
     </span>
     <span class='ocr_line' id='line_1_64' title="bbox 1278 433 1900 477; baseline 0.005 -12"><span class='ocrx_word' id='word_1_354' title='bbox 1278 435 1352 466; x_wconf 90' lang='lat' dir='ltr'><strong>tute</strong></span> <span class='ocrx_word' id='word_1_355' title='bbox 1371 441 1519 466; x_wconf 87' lang='lat' dir='ltr'><strong>suorum</strong></span> <span class='ocrx_word' id='word_1_356' title='bbox 1541 433 1826 477; x_wconf 74' lang='lat' dir='ltr'><strong>pr1vilegiorum,</strong></span> <span class='ocrx_word' id='word_1_357' title='bbox 1851 435 1900 469; x_wconf 89' lang='lat' dir='ltr'><strong>ib.</strong></span> 
     </span>
     <span class='ocr_line' id='line_1_65' title="bbox 1234 479 2014 526; baseline 0.008 -12"><span class='ocrx_word' id='word_1_358' title='bbox 1234 479 1302 515; x_wconf 91' lang='lat' dir='ltr'><strong>Pro</strong></span> <span class='ocrx_word' id='word_1_359' title='bbox 1318 482 1561 525; x_wconf 87' lang='lat' dir='ltr'><strong>matrimonio,</strong></span> <span class='ocrx_word' id='word_1_360' title='bbox 1584 483 1668 518; x_wconf 81' lang='lat' dir='ltr'><strong>vide</strong></span> <span class='ocrx_word' id='word_1_361' title='bbox 1685 484 1834 526; x_wconf 83' lang='lat' dir='ltr'><strong>conjux,</strong></span> <span class='ocrx_word' id='word_1_362' title='bbox 1851 488 1888 519; x_wconf 90' lang='lat' dir='ltr'><strong>et</strong></span> <span class='ocrx_word' id='word_1_363' title='bbox 1907 484 2014 526; x_wconf 83' lang='lat' dir='ltr'><strong>ordo,</strong></span> 
     </span>
    </p>
   </div>
   <div class='ocr_carea' id='block_1_17' title="bbox 1233 569 1845 642">
    <p class='ocr_par' dir='ltr' id='par_1_34' title="bbox 1233 569 1845 642">
     <span class='ocr_line' id='line_1_66' title="bbox 1656 569 1845 597; baseline -0.011 0"><span class='ocrx_word' id='word_1_364' title='bbox 1656 569 1845 597; x_wconf 61' lang='lat' dir='ltr'><strong>mimimo.</strong></span> 
     </span>
     <span class='ocr_line' id='line_1_67' title="bbox 1233 603 1476 642; baseline 0 -2"><span class='ocrx_word' id='word_1_365' title='bbox 1233 603 1325 640; x_wconf 79' lang='lat' dir='ltr'><strong>Vide</strong></span> <span class='ocrx_word' id='word_1_366' title='bbox 1345 605 1476 642; x_wconf 87' lang='lat' dir='ltr'><strong>Oratio.</strong></span> 
     </span>
    </p>
   </div>
   <div class='ocr_carea' id='block_1_18' title="bbox 1594 675 1844 702">
    <p class='ocr_par' dir='ltr' id='par_1_35' title="bbox 1594 675 1844 702">
     <span class='ocr_line' id='line_1_68' title="bbox 1594 675 1844 702; baseline 0 -1"><span class='ocrx_word' id='word_1_367' title='bbox 1594 678 1605 692; x_wconf 81' lang='lat'>⁸</span> <span class='ocrx_word' id='word_1_368' title='bbox 1650 675 1844 702; x_wconf 65' lang='grc' dir='ltr'><strong>ΙΠΠΠΟΑΠΕ.</strong></span> 
     </span>
    </p>
   </div>
   <div class='ocr_carea' id='block_1_19' title="bbox 1220 728 2270 2174">
    <p class='ocr_par' dir='ltr' id='par_1_36' title="bbox 1229 728 2270 814">
     <span class='ocr_line' id='line_1_69' title="bbox 1229 728 2270 782; baseline 0.01 -16"><span class='ocrx_word' id='word_1_369' title='bbox 1229 728 1275 766; x_wconf 72' lang='lat' dir='ltr'><strong>ot</strong></span> <span class='ocrx_word' id='word_1_370' title='bbox 1291 730 1422 774; x_wconf 86' lang='lat' dir='ltr'><strong>religio</strong></span> <span class='ocrx_word' id='word_1_371' title='bbox 1438 730 1485 765; x_wconf 87' lang='lat' dir='ltr'><strong>sit</strong></span> <span class='ocrx_word' id='word_1_372' title='bbox 1503 732 1717 767; x_wconf 84' lang='lat' dir='ltr'><strong>mendicans</strong></span> <span class='ocrx_word' id='word_1_373' title='bbox 1732 735 1822 776; x_wconf 87' lang='lat' dir='ltr'><strong>quid</strong></span> <span class='ocrx_word' id='word_1_374' title='bbox 1836 737 2053 781; x_wconf 85' lang='lat' dir='ltr'><strong>requiratur,</strong></span> <span class='ocrx_word' id='word_1_375' title='bbox 2070 739 2119 774; x_wconf 79' lang='lat' dir='ltr'><strong>tr.</strong></span> <span class='ocrx_word' id='word_1_376' title='bbox 2133 741 2169 782; x_wconf 78' lang='grc' dir='ltr'><strong>ο,</strong></span> <span class='ocrx_word' id='word_1_377' title='bbox 2187 736 2217 776; x_wconf 71' lang='lat'><strong>².</strong></span> <span class='ocrx_word' id='word_1_378' title='bbox 2231 738 2270 782; x_wconf 68' lang='lat' dir='ltr'><strong>ss,</strong></span> 
     </span>
     <span class='ocr_line' id='line_1_70' title="bbox 1273 784 1358 814; baseline -0.012 0"><span class='ocrx_word' id='word_1_379' title='bbox 1273 788 1304 814; x_wconf 77' lang='lat' dir='ltr'><strong>c.</strong></span> <span class='ocrx_word' id='word_1_380' title='bbox 1326 784 1358 814; x_wconf 83' lang='lat'><strong>8.</strong></span> 
     </span>
    </p>

    <p class='ocr_par' dir='ltr' id='par_1_37' title="bbox 1231 829 2082 877">
     <span class='ocr_line' id='line_1_71' title="bbox 1231 829 2082 877; baseline 0.008 -14"><span class='ocrx_word' id='word_1_381' title='bbox 1231 829 1321 870; x_wconf 81' lang='lat' dir='ltr'><strong>Quot</strong></span> <span class='ocrx_word' id='word_1_382' title='bbox 1342 831 1415 864; x_wconf 88' lang='lat' dir='ltr'><strong>sint</strong></span> <span class='ocrx_word' id='word_1_383' title='bbox 1435 831 1534 865; x_wconf 87' lang='lat' dir='ltr'><strong>modi</strong></span> <span class='ocrx_word' id='word_1_384' title='bbox 1555 831 1745 874; x_wconf 84' lang='lat' dir='ltr'><strong>religionis</strong></span> <span class='ocrx_word' id='word_1_385' title='bbox 1760 834 2016 877; x_wconf 84' lang='lat' dir='ltr'><strong>mendicantis,</strong></span> <span class='ocrx_word' id='word_1_386' title='bbox 2033 836 2082 870; x_wconf 90' lang='lat' dir='ltr'><strong>ib.</strong></span> 
     </span>
    </p>

    <p class='ocr_par' dir='ltr' id='par_1_38' title="bbox 1231 880 2268 1176">
     <span class='ocr_line' id='line_1_72' title="bbox 1231 880 2266 929; baseline 0.007 -16"><span class='ocrx_word' id='word_1_387' title='bbox 1231 880 1471 915; x_wconf 87' lang='lat' dir='ltr'><strong>Mendicantes</strong></span> <span class='ocrx_word' id='word_1_388' title='bbox 1497 885 1531 915; x_wconf 87' lang='lat' dir='ltr'><strong>et</strong></span> <span class='ocrx_word' id='word_1_389' title='bbox 1556 890 1681 916; x_wconf 90' lang='lat' dir='ltr'><strong>eorum</strong></span> <span class='ocrx_word' id='word_1_390' title='bbox 1709 883 1836 916; x_wconf 87' lang='lat' dir='ltr'><strong>novitii</strong></span> <span class='ocrx_word' id='word_1_391' title='bbox 1862 884 1994 918; x_wconf 89' lang='lat' dir='ltr'><strong>habent</strong></span> <span class='ocrx_word' id='word_1_392' title='bbox 2017 886 2266 929; x_wconf 78' lang='lat' dir='ltr'><strong>privilegium,</strong></span> 
     </span>
     <span class='ocr_line' id='line_1_73' title="bbox 1272 932 2268 981; baseline 0.007 -17"><span class='ocrx_word' id='word_1_393' title='bbox 1272 934 1313 964; x_wconf 90' lang='lat' dir='ltr'><strong>ut</strong></span> <span class='ocrx_word' id='word_1_394' title='bbox 1327 932 1437 965; x_wconf 88' lang='lat' dir='ltr'><strong>semel</strong></span> <span class='ocrx_word' id='word_1_395' title='bbox 1457 932 1496 964; x_wconf 92' lang='lat' dir='ltr'><strong>in</strong></span> <span class='ocrx_word' id='word_1_396' title='bbox 1514 932 1589 966; x_wconf 88' lang='lat' dir='ltr'><strong>vita</strong></span> <span class='ocrx_word' id='word_1_397' title='bbox 1610 933 1842 981; x_wconf 75' lang='lat' dir='ltr'><strong>absolvantur</strong></span> <span class='ocrx_word' id='word_1_398' title='bbox 1859 935 1905 967; x_wconf 89' lang='lat' dir='ltr'><strong>ab</strong></span> <span class='ocrx_word' id='word_1_399' title='bbox 1925 935 2047 977; x_wconf 82' lang='lat' dir='ltr'><strong>aliquo</strong></span> <span class='ocrx_word' id='word_1_400' title='bbox 2065 936 2268 971; x_wconf 78' lang='lat' dir='ltr'><strong>confessore</strong></span> 
     </span>
     <span class='ocr_line' id='line_1_74' title="bbox 1273 982 2268 1025; baseline 0.005 -9"><span class='ocrx_word' id='word_1_401' title='bbox 1273 988 1346 1016; x_wconf 87' lang='lat' dir='ltr'><strong>suae</strong></span> <span class='ocrx_word' id='word_1_402' title='bbox 1366 982 1552 1025; x_wconf 84' lang='lat' dir='ltr'><strong>religionis</strong></span> <span class='ocrx_word' id='word_1_403' title='bbox 1568 983 1614 1017; x_wconf 88' lang='lat' dir='ltr'><strong>de</strong></span> <span class='ocrx_word' id='word_1_404' title='bbox 1631 983 1805 1018; x_wconf 90' lang='lat' dir='ltr'><strong>omnibus</strong></span> <span class='ocrx_word' id='word_1_405' title='bbox 1823 985 1967 1019; x_wconf 84' lang='lat' dir='ltr'><strong>casibus</strong></span> <span class='ocrx_word' id='word_1_406' title='bbox 1985 989 2020 1019; x_wconf 88' lang='lat' dir='ltr'><strong>et</strong></span> <span class='ocrx_word' id='word_1_407' title='bbox 2033 987 2195 1021; x_wconf 83' lang='lat' dir='ltr'><strong>censuris</strong></span> <span class='ocrx_word' id='word_1_408' title='bbox 2208 995 2268 1021; x_wconf 91' lang='lat' dir='ltr'><strong>re—</strong></span> 
     </span>
     <span class='ocr_line' id='line_1_75' title="bbox 1270 1033 2268 1079; baseline 0.006 -14"><span class='ocrx_word' id='word_1_409' title='bbox 1270 1033 1432 1074; x_wconf 83' lang='lat' dir='ltr'><strong>servatis,</strong></span> <span class='ocrx_word' id='word_1_410' title='bbox 1458 1033 1530 1067; x_wconf 90' lang='lat' dir='ltr'><strong>imo</strong></span> <span class='ocrx_word' id='word_1_411' title='bbox 1552 1037 1587 1067; x_wconf 85' lang='lat' dir='ltr'><strong>et</strong></span> <span class='ocrx_word' id='word_1_412' title='bbox 1604 1037 1643 1067; x_wconf 90' lang='lat' dir='ltr'><strong>ut</strong></span> <span class='ocrx_word' id='word_1_413' title='bbox 1662 1034 1918 1077; x_wconf 80' lang='lat' dir='ltr'><strong>dispensentur</strong></span> <span class='ocrx_word' id='word_1_414' title='bbox 1942 1037 1979 1069; x_wconf 92' lang='lat' dir='ltr'><strong>in</strong></span> <span class='ocrx_word' id='word_1_415' title='bbox 1997 1037 2158 1079; x_wconf 84' lang='lat' dir='ltr'><strong>qualibet</strong></span> <span class='ocrx_word' id='word_1_416' title='bbox 2176 1037 2268 1071; x_wconf 88' lang='lat' dir='ltr'><strong>irre·-</strong></span> 
     </span>
     <span class='ocr_line' id='line_1_76' title="bbox 1273 1082 2268 1126; baseline 0.007 -11"><span class='ocrx_word' id='word_1_417' title='bbox 1273 1082 1470 1124; x_wconf 82' lang='lat' dir='ltr'><strong>gularitate,</strong></span> <span class='ocrx_word' id='word_1_418' title='bbox 1495 1087 1641 1126; x_wconf 89' lang='lat' dir='ltr'><strong>excepto</strong></span> <span class='ocrx_word' id='word_1_419' title='bbox 1668 1085 1867 1119; x_wconf 87' lang='lat' dir='ltr'><strong>homicidio</strong></span> <span class='ocrx_word' id='word_1_420' title='bbox 1892 1088 1927 1120; x_wconf 86' lang='lat' dir='ltr'><strong>et</strong></span> <span class='ocrx_word' id='word_1_421' title='bbox 1949 1087 2175 1121; x_wconf 89' lang='lat' dir='ltr'><strong>mutilatione</strong></span> <span class='ocrx_word' id='word_1_422' title='bbox 2201 1093 2268 1122; x_wconf 74' lang='lat' dir='ltr'><strong>vo·-</strong></span> 
     </span>
     <span class='ocr_line' id='line_1_77' title="bbox 1271 1132 1775 1176; baseline 0.006 -11"><span class='ocrx_word' id='word_1_423' title='bbox 1271 1132 1439 1175; x_wconf 87' lang='lat' dir='ltr'><strong>luntaria,</strong></span> <span class='ocrx_word' id='word_1_424' title='bbox 1462 1137 1506 1167; x_wconf 90' lang='lat' dir='ltr'><strong>tr.</strong></span> <span class='ocrx_word' id='word_1_425' title='bbox 1525 1138 1555 1175; x_wconf 86' lang='lat'><strong>8,</strong></span> <span class='ocrx_word' id='word_1_426' title='bbox 1574 1135 1597 1168; x_wconf 94' lang='lat' dir='ltr'><strong>l.</strong></span> <span class='ocrx_word' id='word_1_427' title='bbox 1617 1138 1647 1176; x_wconf 80' lang='lat'><strong>2,</strong></span> <span class='ocrx_word' id='word_1_428' title='bbox 1673 1143 1703 1168; x_wconf 92' lang='lat' dir='ltr'><strong>c.</strong></span> <span class='ocrx_word' id='word_1_429' title='bbox 1725 1139 1775 1168; x_wconf 84' lang='lat'><strong>19.</strong></span> 
     </span>
    </p>

    <p class='ocr_par' dir='ltr' id='par_1_39' title="bbox 1229 1181 2269 1323">
     <span class='ocr_line' id='line_1_78' title="bbox 1229 1181 2269 1231; baseline 0.008 -16"><span class='ocrx_word' id='word_1_430' title='bbox 1229 1181 1338 1216; x_wconf 85' lang='lat' dir='ltr'><strong>Debet</strong></span> <span class='ocrx_word' id='word_1_431' title='bbox 1358 1186 1475 1216; x_wconf 87' lang='lat' dir='ltr'><strong>tamen</strong></span> <span class='ocrx_word' id='word_1_432' title='bbox 1491 1184 1572 1217; x_wconf 87' lang='lat' dir='ltr'><strong>talis</strong></span> <span class='ocrx_word' id='word_1_433' title='bbox 1587 1184 1770 1220; x_wconf 82' lang='lat' dir='ltr'><strong>confessor</strong></span> <span class='ocrx_word' id='word_1_434' title='bbox 1784 1193 1860 1221; x_wconf 85' lang='lat' dir='ltr'><strong>esse</strong></span> <span class='ocrx_word' id='word_1_435' title='bbox 1874 1194 1917 1219; x_wconf 89' lang='lat' dir='ltr'><strong>ex</strong></span> <span class='ocrx_word' id='word_1_436' title='bbox 1932 1187 2135 1229; x_wconf 83' lang='lat' dir='ltr'><strong>approbatis</strong></span> <span class='ocrx_word' id='word_1_437' title='bbox 2153 1188 2269 1231; x_wconf 83' lang='lat' dir='ltr'><strong>Supe-</strong></span> 
     </span>
     <span class='ocr_line' id='line_1_79' title="bbox 1270 1233 2267 1278; baseline 0.006 -13"><span class='ocrx_word' id='word_1_438' title='bbox 1270 1233 1365 1266; x_wconf 90' lang='lat' dir='ltr'><strong>riore</strong></span> <span class='ocrx_word' id='word_1_439' title='bbox 1388 1234 1432 1266; x_wconf 86' lang='lat' dir='ltr'><strong>ad</strong></span> <span class='ocrx_word' id='word_1_440' title='bbox 1455 1235 1655 1269; x_wconf 88' lang='lat' dir='ltr'><strong>audiendas</strong></span> <span class='ocrx_word' id='word_1_441' title='bbox 1674 1235 1924 1278; x_wconf 88' lang='lat' dir='ltr'><strong>religiosorum</strong></span> <span class='ocrx_word' id='word_1_442' title='bbox 1947 1237 2156 1270; x_wconf 88' lang='lat' dir='ltr'><strong>monasterii</strong></span> <span class='ocrx_word' id='word_1_443' title='bbox 2177 1245 2267 1271; x_wconf 83' lang='lat' dir='ltr'><strong>con·</strong></span> 
     </span>
     <span class='ocr_line' id='line_1_80' title="bbox 1270 1282 1526 1323; baseline 0.004 -7"><span class='ocrx_word' id='word_1_444' title='bbox 1270 1282 1456 1323; x_wconf 81' lang='lat' dir='ltr'><strong>sessiones,</strong></span> <span class='ocrx_word' id='word_1_445' title='bbox 1478 1284 1526 1318; x_wconf 86' lang='lat' dir='ltr'><strong>ib.</strong></span> 
     </span>
    </p>

    <p class='ocr_par' dir='ltr' id='par_1_40' title="bbox 1227 1332 2267 1523">
     <span class='ocr_line' id='line_1_81' title="bbox 1227 1332 2266 1380; baseline 0.006 -15"><span class='ocrx_word' id='word_1_446' title='bbox 1227 1332 1512 1367; x_wconf 86' lang='lat' dir='ltr'><strong>Mendicantibus</strong></span> <span class='ocrx_word' id='word_1_447' title='bbox 1534 1334 1743 1368; x_wconf 85' lang='lat' dir='ltr'><strong>conceditur</strong></span> <span class='ocrx_word' id='word_1_448' title='bbox 1765 1335 1804 1369; x_wconf 91' lang='lat' dir='ltr'><strong>in</strong></span> <span class='ocrx_word' id='word_1_449' title='bbox 1830 1335 1982 1370; x_wconf 85' lang='lat' dir='ltr'><strong>articulo</strong></span> <span class='ocrx_word' id='word_1_450' title='bbox 2004 1337 2130 1371; x_wconf 91' lang='lat' dir='ltr'><strong>mortis</strong></span> <span class='ocrx_word' id='word_1_451' title='bbox 2152 1336 2266 1380; x_wconf 82' lang='lat' dir='ltr'><strong>quili-</strong></span> 
     </span>
     <span class='ocr_line' id='line_1_82' title="bbox 1269 1383 2266 1431; baseline 0.006 -15"><span class='ocrx_word' id='word_1_452' title='bbox 1269 1383 1328 1416; x_wconf 83' lang='lat' dir='ltr'><strong>bet</strong></span> <span class='ocrx_word' id='word_1_453' title='bbox 1351 1384 1532 1426; x_wconf 86' lang='lat' dir='ltr'><strong>legitimus</strong></span> <span class='ocrx_word' id='word_1_454' title='bbox 1563 1385 1747 1419; x_wconf 84' lang='lat' dir='ltr'><strong>confessor</strong></span> <span class='ocrx_word' id='word_1_455' title='bbox 1776 1395 1837 1421; x_wconf 88' lang='lat' dir='ltr'><strong>eos</strong></span> <span class='ocrx_word' id='word_1_456' title='bbox 1867 1387 2052 1421; x_wconf 84' lang='lat' dir='ltr'><strong>absolvere</strong></span> <span class='ocrx_word' id='word_1_457' title='bbox 2082 1389 2193 1431; x_wconf 85' lang='lat' dir='ltr'><strong>possit</strong></span> <span class='ocrx_word' id='word_1_458' title='bbox 2220 1388 2266 1423; x_wconf 81' lang='lat' dir='ltr'><strong>ab</strong></span> 
     </span>
     <span class='ocr_line' id='line_1_83' title="bbox 1268 1434 2267 1474; baseline 0.007 -8"><span class='ocrx_word' id='word_1_459' title='bbox 1268 1434 1439 1467; x_wconf 90' lang='lat' dir='ltr'><strong>omnibus</strong></span> <span class='ocrx_word' id='word_1_460' title='bbox 1461 1435 1603 1468; x_wconf 87' lang='lat' dir='ltr'><strong>casibus</strong></span> <span class='ocrx_word' id='word_1_461' title='bbox 1619 1439 1653 1468; x_wconf 87' lang='lat' dir='ltr'><strong>et</strong></span> <span class='ocrx_word' id='word_1_462' title='bbox 1671 1437 1846 1474; x_wconf 85' lang='lat' dir='ltr'><strong>censuris,</strong></span> <span class='ocrx_word' id='word_1_463' title='bbox 1871 1445 1913 1470; x_wconf 89' lang='lat' dir='ltr'><strong>ac</strong></span> <span class='ocrx_word' id='word_1_464' title='bbox 1932 1438 1962 1471; x_wconf 92' lang='lat' dir='ltr'><strong>si</strong></span> <span class='ocrx_word' id='word_1_465' title='bbox 1985 1442 2077 1472; x_wconf 89' lang='lat' dir='ltr'><strong>esset</strong></span> <span class='ocrx_word' id='word_1_466' title='bbox 2098 1439 2267 1473; x_wconf 89' lang='lat' dir='ltr'><strong>Summus</strong></span> 
     </span>
     <span class='ocr_line' id='line_1_84' title="bbox 1270 1483 1518 1523; baseline 0 -7"><span class='ocrx_word' id='word_1_467' title='bbox 1270 1483 1444 1523; x_wconf 84' lang='lat' dir='ltr'><strong>Pontifex,</strong></span> <span class='ocrx_word' id='word_1_468' title='bbox 1471 1484 1518 1517; x_wconf 87' lang='lat' dir='ltr'><strong>ib.</strong></span> 
     </span>
    </p>

    <p class='ocr_par' dir='ltr' id='par_1_41' title="bbox 1226 1532 2267 1628">
     <span class='ocr_line' id='line_1_85' title="bbox 1226 1532 2267 1580; baseline 0.006 -13"><span class='ocrx_word' id='word_1_469' title='bbox 1226 1532 1324 1567; x_wconf 77' lang='lat' dir='ltr'><strong>ldem</strong></span> <span class='ocrx_word' id='word_1_470' title='bbox 1342 1534 1527 1567; x_wconf 86' lang='lat' dir='ltr'><strong>confessor</strong></span> <span class='ocrx_word' id='word_1_471' title='bbox 1549 1535 1756 1568; x_wconf 87' lang='lat' dir='ltr'><strong>auctoritate</strong></span> <span class='ocrx_word' id='word_1_472' title='bbox 1773 1537 1960 1570; x_wconf 85' lang='lat' dir='ltr'><strong>Pontificia</strong></span> <span class='ocrx_word' id='word_1_473' title='bbox 1978 1537 2031 1571; x_wconf 92' lang='lat' dir='ltr'><strong>eis</strong></span> <span class='ocrx_word' id='word_1_474' title='bbox 2047 1541 2162 1580; x_wconf 86' lang='lat' dir='ltr'><strong>potest</strong></span> <span class='ocrx_word' id='word_1_475' title='bbox 2177 1545 2267 1575; x_wconf 76' lang='lat' dir='ltr'><strong>cou-</strong></span> 
     </span>
     <span class='ocr_line' id='line_1_86' title="bbox 1267 1583 1992 1628; baseline 0.007 -13"><span class='ocrx_word' id='word_1_476' title='bbox 1267 1583 1393 1616; x_wconf 87' lang='lat' dir='ltr'><strong>cedere</strong></span> <span class='ocrx_word' id='word_1_477' title='bbox 1417 1584 1679 1626; x_wconf 85' lang='lat' dir='ltr'><strong>indulgentiam</strong></span> <span class='ocrx_word' id='word_1_478' title='bbox 1704 1586 1918 1628; x_wconf 81' lang='lat' dir='ltr'><strong>plenariam,</strong></span> <span class='ocrx_word' id='word_1_479' title='bbox 1944 1587 1992 1620; x_wconf 87' lang='lat' dir='ltr'><strong>ib.</strong></span> 
     </span>
    </p>

    <p class='ocr_par' dir='ltr' id='par_1_42' title="bbox 1224 1632 2265 1826">
     <span class='ocr_line' id='line_1_87' title="bbox 1225 1632 2265 1680; baseline 0.006 -15"><span class='ocrx_word' id='word_1_480' title='bbox 1225 1632 1306 1666; x_wconf 78' lang='lat' dir='ltr'><strong>Haec</strong></span> <span class='ocrx_word' id='word_1_481' title='bbox 1331 1633 1556 1675; x_wconf 82' lang='lat' dir='ltr'><strong>probabilius</strong></span> <span class='ocrx_word' id='word_1_482' title='bbox 1586 1635 1735 1668; x_wconf 88' lang='lat' dir='ltr'><strong>concedi</strong></span> <span class='ocrx_word' id='word_1_483' title='bbox 1761 1640 1909 1678; x_wconf 88' lang='lat' dir='ltr'><strong>possunt</strong></span> <span class='ocrx_word' id='word_1_484' title='bbox 1932 1637 2049 1670; x_wconf 88' lang='lat' dir='ltr'><strong>eidem</strong></span> <span class='ocrx_word' id='word_1_485' title='bbox 2073 1636 2240 1679; x_wconf 88' lang='lat' dir='ltr'><strong>religioso</strong></span> <span class='ocrx_word' id='word_1_486' title='bbox 2255 1664 2265 1680; x_wconf 89' lang='lat'><strong>,</strong></span> 
     </span>
     <span class='ocr_line' id='line_1_88' title="bbox 1267 1683 2191 1728; baseline 0.005 -13"><span class='ocrx_word' id='word_1_487' title='bbox 1267 1683 1407 1724; x_wconf 85' lang='lat' dir='ltr'><strong>quoties</strong></span> <span class='ocrx_word' id='word_1_488' title='bbox 1430 1683 1467 1715; x_wconf 91' lang='lat' dir='ltr'><strong>in</strong></span> <span class='ocrx_word' id='word_1_489' title='bbox 1488 1684 1650 1725; x_wconf 84' lang='lat' dir='ltr'><strong>periculo</strong></span> <span class='ocrx_word' id='word_1_490' title='bbox 1673 1685 1853 1719; x_wconf 89' lang='lat' dir='ltr'><strong>moriendi</strong></span> <span class='ocrx_word' id='word_1_491' title='bbox 1878 1687 2119 1728; x_wconf 88' lang='lat' dir='ltr'><strong>constituitur,</strong></span> <span class='ocrx_word' id='word_1_492' title='bbox 2143 1687 2191 1720; x_wconf 88' lang='lat' dir='ltr'><strong>ib.</strong></span> 
     </span>
     <span class='ocr_line' id='line_1_89' title="bbox 1224 1731 2264 1779; baseline 0.006 -14"><span class='ocrx_word' id='word_1_493' title='bbox 1224 1731 1296 1766; x_wconf 88' lang='lat' dir='ltr'><strong>Hoc</strong></span> <span class='ocrx_word' id='word_1_494' title='bbox 1328 1732 1582 1774; x_wconf 81' lang='lat' dir='ltr'><strong>privilegium,</strong></span> <span class='ocrx_word' id='word_1_495' title='bbox 1618 1739 1689 1767; x_wconf 85' lang='lat' dir='ltr'><strong>tam</strong></span> <span class='ocrx_word' id='word_1_496' title='bbox 1717 1737 1835 1776; x_wconf 86' lang='lat' dir='ltr'><strong>quoad</strong></span> <span class='ocrx_word' id='word_1_497' title='bbox 1863 1737 2126 1770; x_wconf 85' lang='lat' dir='ltr'><strong>absolutionem</strong></span> <span class='ocrx_word' id='word_1_498' title='bbox 2155 1746 2264 1779; x_wconf 84' lang='lat' dir='ltr'><strong>quam</strong></span> 
     </span>
     <span class='ocr_line' id='line_1_90' title="bbox 1267 1782 2265 1826; baseline 0.006 -12"><span class='ocrx_word' id='word_1_499' title='bbox 1267 1782 1386 1823; x_wconf 85' lang='lat' dir='ltr'><strong>quoad</strong></span> <span class='ocrx_word' id='word_1_500' title='bbox 1409 1782 1683 1826; x_wconf 84' lang='lat' dir='ltr'><strong>indulgentiam,</strong></span> <span class='ocrx_word' id='word_1_501' title='bbox 1705 1786 1908 1819; x_wconf 86' lang='lat' dir='ltr'><strong>extenditur</strong></span> <span class='ocrx_word' id='word_1_502' title='bbox 1923 1787 1968 1820; x_wconf 89' lang='lat' dir='ltr'><strong>ad</strong></span> <span class='ocrx_word' id='word_1_503' title='bbox 1985 1786 2141 1821; x_wconf 89' lang='lat' dir='ltr'><strong>novitios</strong></span> <span class='ocrx_word' id='word_1_504' title='bbox 2158 1795 2265 1820; x_wconf 86' lang='lat' dir='ltr'><strong>men-</strong></span> 
     </span>
    </p>

    <p class='ocr_par' dir='ltr' id='par_1_43' title="bbox 1267 1831 1554 1870">
     <span class='ocr_line' id='line_1_91' title="bbox 1267 1831 1554 1870; baseline 0.003 -6"><span class='ocrx_word' id='word_1_505' title='bbox 1267 1831 1479 1870; x_wconf 87' lang='lat' dir='ltr'><strong>dicantium,</strong></span> <span class='ocrx_word' id='word_1_506' title='bbox 1507 1832 1554 1865; x_wconf 86' lang='lat' dir='ltr'><strong>ib.</strong></span> 
     </span>
    </p>

    <p class='ocr_par' dir='ltr' id='par_1_44' title="bbox 1220 1876 2264 2023">
     <span class='ocr_line' id='line_1_92' title="bbox 1220 1876 2263 1927; baseline 0.008 -16"><span class='ocrx_word' id='word_1_507' title='bbox 1220 1876 1340 1916; x_wconf 75' lang='lat' dir='ltr'><strong>Semel</strong></span> <span class='ocrx_word' id='word_1_508' title='bbox 1370 1881 1418 1913; x_wconf 89' lang='lat' dir='ltr'><strong>ita</strong></span> <span class='ocrx_word' id='word_1_509' title='bbox 1441 1881 1624 1915; x_wconf 88' lang='lat' dir='ltr'><strong>absolutus</strong></span> <span class='ocrx_word' id='word_1_510' title='bbox 1648 1882 1685 1915; x_wconf 90' lang='lat' dir='ltr'><strong>in</strong></span> <span class='ocrx_word' id='word_1_511' title='bbox 1709 1883 1871 1925; x_wconf 90' lang='lat' dir='ltr'><strong>periculo</strong></span> <span class='ocrx_word' id='word_1_512' title='bbox 1893 1884 2041 1924; x_wconf 83' lang='lat' dir='ltr'><strong>mortis,</strong></span> <span class='ocrx_word' id='word_1_513' title='bbox 2070 1885 2099 1918; x_wconf 93' lang='lat' dir='ltr'><strong>si</strong></span> <span class='ocrx_word' id='word_1_514' title='bbox 2124 1885 2263 1927; x_wconf 87' lang='lat' dir='ltr'><strong>evadat,</strong></span> 
     </span>
     <span class='ocr_line' id='line_1_93' title="bbox 1266 1930 2264 1975; baseline 0.007 -14"><span class='ocrx_word' id='word_1_515' title='bbox 1266 1933 1398 1973; x_wconf 86' lang='lat' dir='ltr'><strong>potest,</strong></span> <span class='ocrx_word' id='word_1_516' title='bbox 1425 1930 1554 1964; x_wconf 88' lang='lat' dir='ltr'><strong>iterum</strong></span> <span class='ocrx_word' id='word_1_517' title='bbox 1587 1936 1794 1966; x_wconf 89' lang='lat' dir='ltr'><strong>recurrente</strong></span> <span class='ocrx_word' id='word_1_518' title='bbox 1826 1934 1898 1966; x_wconf 88' lang='lat' dir='ltr'><strong>alio</strong></span> <span class='ocrx_word' id='word_1_519' title='bbox 1928 1934 2090 1975; x_wconf 86' lang='lat' dir='ltr'><strong>periculo</strong></span> <span class='ocrx_word' id='word_1_520' title='bbox 2113 1936 2264 1975; x_wconf 77' lang='lat' dir='ltr'><strong>mortis,</strong></span> 
     </span>
     <span class='ocr_line' id='line_1_94' title="bbox 1266 1980 1774 2023; baseline 0.008 -12"><span class='ocrx_word' id='word_1_521' title='bbox 1266 1980 1394 2012; x_wconf 87' lang='lat' dir='ltr'><strong>eodem</strong></span> <span class='ocrx_word' id='word_1_522' title='bbox 1417 1981 1525 2014; x_wconf 90' lang='lat' dir='ltr'><strong>modo</strong></span> <span class='ocrx_word' id='word_1_523' title='bbox 1548 1982 1701 2023; x_wconf 80' lang='lat' dir='ltr'><strong>absolvi,</strong></span> <span class='ocrx_word' id='word_1_524' title='bbox 1726 1983 1774 2015; x_wconf 89' lang='lat' dir='ltr'><strong>ib.</strong></span> 
     </span>
    </p>

    <p class='ocr_par' dir='ltr' id='par_1_45' title="bbox 1222 2026 2265 2126">
     <span class='ocr_line' id='line_1_95' title="bbox 1222 2026 2265 2078; baseline 0.007 -16"><span class='ocrx_word' id='word_1_525' title='bbox 1222 2026 1316 2072; x_wconf 75' lang='lat' dir='ltr'><strong>Quid</strong></span> <span class='ocrx_word' id='word_1_526' title='bbox 1332 2030 1400 2062; x_wconf 90' lang='lat' dir='ltr'><strong>hoc</strong></span> <span class='ocrx_word' id='word_1_527' title='bbox 1415 2031 1644 2072; x_wconf 82' lang='lat' dir='ltr'><strong>privilegium</strong></span> <span class='ocrx_word' id='word_1_528' title='bbox 1665 2033 1784 2073; x_wconf 83' lang='lat' dir='ltr'><strong>quoad</strong></span> <span class='ocrx_word' id='word_1_529' title='bbox 1804 2033 2068 2067; x_wconf 86' lang='lat' dir='ltr'><strong>absolutionem</strong></span> <span class='ocrx_word' id='word_1_530' title='bbox 2084 2039 2265 2078; x_wconf 84' lang='lat' dir='ltr'><strong>operetur,</strong></span> 
     </span>
     <span class='ocr_line' id='line_1_96' title="bbox 1266 2078 2218 2126; baseline 0.007 -15"><span class='ocrx_word' id='word_1_531' title='bbox 1266 2086 1347 2111; x_wconf 84' lang='lat' dir='ltr'><strong>cum</strong></span> <span class='ocrx_word' id='word_1_532' title='bbox 1368 2078 1406 2111; x_wconf 90' lang='lat' dir='ltr'><strong>in</strong></span> <span class='ocrx_word' id='word_1_533' title='bbox 1426 2080 1577 2113; x_wconf 85' lang='lat' dir='ltr'><strong>articulo</strong></span> <span class='ocrx_word' id='word_1_534' title='bbox 1602 2082 1726 2114; x_wconf 85' lang='lat' dir='ltr'><strong>mortis</strong></span> <span class='ocrx_word' id='word_1_535' title='bbox 1749 2083 1848 2115; x_wconf 89' lang='lat' dir='ltr'><strong>nulla</strong></span> <span class='ocrx_word' id='word_1_536' title='bbox 1868 2083 1914 2115; x_wconf 85' lang='lat' dir='ltr'><strong>sit</strong></span> <span class='ocrx_word' id='word_1_537' title='bbox 1934 2085 2140 2126; x_wconf 69' lang='lat' dir='ltr'><strong>reservatio,</strong></span> <span class='ocrx_word' id='word_1_538' title='bbox 2167 2085 2218 2118; x_wconf 86' lang='lat' dir='ltr'><strong>ib.</strong></span> 
     </span>
    </p>

    <p class='ocr_par' dir='ltr' id='par_1_46' title="bbox 1222 2126 2264 2174">
     <span class='ocr_line' id='line_1_97' title="bbox 1222 2126 2264 2174; baseline 0.008 -13"><span class='ocrx_word' id='word_1_539' title='bbox 1222 2126 1436 2169; x_wconf 54' lang='lat' dir='ltr'><strong>mendicare,</strong></span> <span class='ocrx_word' id='word_1_540' title='bbox 1456 2139 1515 2171; x_wconf 86' lang='lat' dir='ltr'><strong>an,</strong></span> <span class='ocrx_word' id='word_1_541' title='bbox 1538 2140 1609 2172; x_wconf 86' lang='lat' dir='ltr'><strong>qua</strong></span> <span class='ocrx_word' id='word_1_542' title='bbox 1628 2132 1776 2172; x_wconf 88' lang='lat' dir='ltr'><strong>ratione,</strong></span> <span class='ocrx_word' id='word_1_543' title='bbox 1794 2137 1826 2165; x_wconf 88' lang='lat' dir='ltr'><strong>et</strong></span> <span class='ocrx_word' id='word_1_544' title='bbox 1842 2134 1987 2174; x_wconf 82' lang='lat' dir='ltr'><strong>quando</strong></span> <span class='ocrx_word' id='word_1_545' title='bbox 2005 2135 2160 2168; x_wconf 87' lang='lat' dir='ltr'><strong>debeant</strong></span> <span class='ocrx_word' id='word_1_546' title='bbox 2176 2136 2264 2170; x_wconf 85' lang='lat' dir='ltr'><strong>reli-</strong></span> 
     </span>
    </p>
   </div>
   <div class='ocr_carea' id='block_1_20' title="bbox 1682 2268 1799 2294">
    <p class='ocr_par' dir='ltr' id='par_1_47' title="bbox 1682 2268 1799 2294">
     <span class='ocr_line' id='line_1_98' title="bbox 1682 2268 1799 2294; baseline 0.017 -2"><span class='ocrx_word' id='word_1_547' title='bbox 1682 2268 1799 2294; x_wconf 73' lang='lat' dir='ltr'><strong>umus-</strong></span> 
     </span>
    </p>
   </div>
   <div class='ocr_carea' id='block_1_21' title="bbox 1226 2323 2261 2373">
    <p class='ocr_par' dir='ltr' id='par_1_48' title="bbox 1226 2323 2261 2373">
     <span class='ocr_line' id='line_1_99' title="bbox 1226 2323 2261 2373; baseline 0.012 -17"><span class='ocrx_word' id='word_1_548' title='bbox 1226 2323 1335 2357; x_wconf 73' lang='lat' dir='ltr'><strong>Metus</strong></span> <span class='ocrx_word' id='word_1_549' title='bbox 1355 2325 1486 2359; x_wconf 87' lang='lat' dir='ltr'><strong>cadens</strong></span> <span class='ocrx_word' id='word_1_550' title='bbox 1510 2327 1548 2359; x_wconf 89' lang='lat' dir='ltr'><strong>in</strong></span> <span class='ocrx_word' id='word_1_551' title='bbox 1572 2327 1691 2361; x_wconf 90' lang='lat' dir='ltr'><strong>virum</strong></span> <span class='ocrx_word' id='word_1_552' title='bbox 1715 2332 1958 2373; x_wconf 85' lang='lat' dir='ltr'><strong>constantem,</strong></span> <span class='ocrx_word' id='word_1_553' title='bbox 1982 2341 2027 2366; x_wconf 90' lang='lat' dir='ltr'><strong>an</strong></span> <span class='ocrx_word' id='word_1_554' title='bbox 2049 2332 2163 2367; x_wconf 89' lang='lat' dir='ltr'><strong>irritet</strong></span> <span class='ocrx_word' id='word_1_555' title='bbox 2183 2337 2261 2369; x_wconf 82' lang='lat' dir='ltr'><strong>vota</strong></span> 
     </span>
    </p>
   </div>
   <div class='ocr_carea' id='block_1_22' title="bbox 1269 2374 2261 2471">
    <p class='ocr_par' dir='ltr' id='par_1_49' title="bbox 1269 2374 2261 2463">
     <span class='ocr_line' id='line_1_100' title="bbox 1269 2374 2261 2427; baseline 0.013 -21"><span class='ocrx_word' id='word_1_556' title='bbox 1269 2374 1447 2416; x_wconf 85' lang='lat' dir='ltr'><strong>simplicia</strong></span> <span class='ocrx_word' id='word_1_557' title='bbox 1471 2385 1534 2418; x_wconf 86' lang='lat' dir='ltr'><strong>per</strong></span> <span class='ocrx_word' id='word_1_558' title='bbox 1557 2386 1636 2419; x_wconf 85' lang='lat' dir='ltr'><strong>quae</strong></span> <span class='ocrx_word' id='word_1_559' title='bbox 1667 2379 1873 2413; x_wconf 83' lang='lat' dir='ltr'><strong>scholastici</strong></span> <span class='ocrx_word' id='word_1_560' title='bbox 1897 2382 2080 2416; x_wconf 80' lang='lat' dir='ltr'><strong>societatis</strong></span> <span class='ocrx_word' id='word_1_561' title='bbox 2104 2384 2261 2427; x_wconf 79' lang='lat' dir='ltr'><strong>religiosi</strong></span> 
     </span>
     <span class='ocr_line' id='line_1_101' title="bbox 1269 2425 1890 2471; baseline 0.012 -15"><span class='ocrx_word' id='word_1_562' title='bbox 1269 2425 1547 2469; x_wconf 81' lang='lat' dir='ltr'><strong>constituuntur,</strong></span> <span class='ocrx_word' id='word_1_563' title='bbox 1571 2429 1890 2471; x_wconf 66' lang='grc' dir='ltr'><strong>ῑν.1ο,1,Μ,ο·5.</strong></span> 
     </span>
    </p>
   </div>
   <div class='ocr_carea' id='block_1_23' title="bbox 1575 2513 1918 2542">
    <p class='ocr_par' dir='ltr' id='par_1_50' title="bbox 1575 2513 1918 2542">
     <span class='ocr_line' id='line_1_102' title="bbox 1575 2513 1918 2542; baseline 0.012 -6"><span class='ocrx_word' id='word_1_564' title='bbox 1575 2513 1750 2540; x_wconf 65' lang='lat' dir='ltr'><strong>munitas</strong></span> <span class='ocrx_word' id='word_1_565' title='bbox 1771 2516 1918 2542; x_wconf 72' lang='lat' dir='ltr'><strong>onnmsss.</strong></span> 
     </span>
    </p>
   </div>
   <div class='ocr_carea' id='block_1_24' title="bbox 1226 2568 2262 2652">
    <p class='ocr_par' dir='ltr' id='par_1_51' title="bbox 1226 2568 2262 2652">
     <span class='ocr_line' id='line_1_103' title="bbox 1226 2568 2262 2623; baseline 0.013 -21"><span class='ocrx_word' id='word_1_566' title='bbox 1226 2568 1387 2604; x_wconf 78' lang='lat' dir='ltr'><strong>militaris</strong></span> <span class='ocrx_word' id='word_1_567' title='bbox 1412 2571 1500 2606; x_wconf 90' lang='lat' dir='ltr'><strong>ordo</strong></span> <span class='ocrx_word' id='word_1_568' title='bbox 1527 2582 1612 2608; x_wconf 84' lang='lat' dir='ltr'><strong>vera</strong></span> <span class='ocrx_word' id='word_1_569' title='bbox 1642 2576 1769 2619; x_wconf 86' lang='lat' dir='ltr'><strong>religio</strong></span> <span class='ocrx_word' id='word_1_570' title='bbox 1794 2586 1872 2612; x_wconf 88' lang='lat' dir='ltr'><strong>esse</strong></span> <span class='ocrx_word' id='word_1_571' title='bbox 1898 2582 2023 2622; x_wconf 88' lang='lat' dir='ltr'><strong>potest,</strong></span> <span class='ocrx_word' id='word_1_572' title='bbox 2046 2583 2088 2614; x_wconf 89' lang='lat' dir='ltr'><strong>tr.</strong></span> <span class='ocrx_word' id='word_1_573' title='bbox 2105 2583 2162 2623; x_wconf 87' lang='lat'><strong>10,</strong></span> <span class='ocrx_word' id='word_1_574' title='bbox 2185 2579 2210 2615; x_wconf 94' lang='lat' dir='ltr'><strong>l.</strong></span> <span class='ocrx_word' id='word_1_575' title='bbox 2227 2583 2262 2623; x_wconf 82' lang='lat'><strong>1,</strong></span> 
     </span>
     <span class='ocr_line' id='line_1_104' title="bbox 1268 2624 1346 2652; baseline 0 0"><span class='ocrx_word' id='word_1_576' title='bbox 1268 2627 1298 2652; x_wconf 85' lang='lat' dir='ltr'><strong>c.</strong></span> <span class='ocrx_word' id='word_1_577' title='bbox 1317 2624 1346 2652; x_wconf 87' lang='lat'><strong>6.</strong></span> 
     </span>
    </p>
   </div>
   <div class='ocr_carea' id='block_1_25' title="bbox 1225 2667 2261 2760">
    <p class='ocr_par' dir='ltr' id='par_1_52' title="bbox 1225 2667 2261 2760">
     <span class='ocr_line' id='line_1_105' title="bbox 1225 2667 2261 2760; baseline 0.012 -60"><span class='ocrx_word' id='word_1_578' title='bbox 1225 2667 1480 2760; x_wconf 48' lang='lat' dir='ltr'><strong>Quomodloiin</strong></span> <span class='ocrx_word' id='word_1_579' title='bbox 1507 2678 1550 2705; x_wconf 91' lang='lat' dir='ltr'><strong>eo</strong></span> <span class='ocrx_word' id='word_1_580' title='bbox 1581 2674 1676 2707; x_wconf 87' lang='lat' dir='ltr'><strong>statu</strong></span> <span class='ocrx_word' id='word_1_581' title='bbox 1702 2675 1872 2709; x_wconf 77' lang='lat' dir='ltr'><strong>tendatur</strong></span> <span class='ocrx_word' id='word_1_582' title='bbox 1899 2676 1944 2710; x_wconf 89' lang='lat' dir='ltr'><strong>ad</strong></span> <span class='ocrx_word' id='word_1_583' title='bbox 1977 2676 2261 2722; x_wconf 79' lang='lat' dir='ltr'><strong>perfectionem,</strong></span> 
     </span>
     <span class='ocr_line' id='line_1_106' title="bbox 1280 2722 1559 2754; baseline 0.015 -4"><span class='ocrx_word' id='word_1_584' title='bbox 1280 2727 1297 2750; x_wconf 87' lang='lat' dir='ltr'><strong>r</strong></span> <span class='ocrx_word' id='word_1_585' title='bbox 1326 2722 1344 2750; x_wconf 85' lang='lat'><em>9</em></span> <span class='ocrx_word' id='word_1_586' title='bbox 1476 2728 1506 2753; x_wconf 83' lang='lat' dir='ltr'><strong>c.</strong></span> <span class='ocrx_word' id='word_1_587' title='bbox 1529 2725 1559 2754; x_wconf 74' lang='lat'><strong>3.</strong></span> 
     </span>
    </p>
   </div>
   <div class='ocr_carea' id='block_1_26' title="bbox 1223 2767 2262 3016">
    <p class='ocr_par' dir='ltr' id='par_1_53' title="bbox 1224 2767 2262 2863">
     <span class='ocr_line' id='line_1_107' title="bbox 1224 2767 2262 2814; baseline 0.013 -15"><span class='ocrx_word' id='word_1_588' title='bbox 1224 2767 1391 2801; x_wconf 87' lang='lat' dir='ltr'><strong>Militares</strong></span> <span class='ocrx_word' id='word_1_589' title='bbox 1415 2770 1561 2804; x_wconf 88' lang='lat' dir='ltr'><strong>ordines</strong></span> <span class='ocrx_word' id='word_1_590' title='bbox 1578 2771 1674 2814; x_wconf 88' lang='lat' dir='ltr'><strong>,qui</strong></span> <span class='ocrx_word' id='word_1_591' title='bbox 1696 2780 1795 2807; x_wconf 90' lang='lat' dir='ltr'><strong>nunc</strong></span> <span class='ocrx_word' id='word_1_592' title='bbox 1817 2774 1984 2813; x_wconf 85' lang='lat' dir='ltr'><strong>existunt.</strong></span> <span class='ocrx_word' id='word_1_593' title='bbox 2008 2783 2055 2811; x_wconf 89' lang='lat' dir='ltr'><strong>an</strong></span> <span class='ocrx_word' id='word_1_594' title='bbox 2073 2777 2147 2810; x_wconf 89' lang='lat' dir='ltr'><strong>sint</strong></span> <span class='ocrx_word' id='word_1_595' title='bbox 2167 2785 2262 2812; x_wconf 82' lang='lat' dir='ltr'><strong>verae</strong></span> 
     </span>
     <span class='ocr_line' id='line_1_108' title="bbox 1266 2818 1600 2863; baseline 0.006 -13"><span class='ocrx_word' id='word_1_596' title='bbox 1266 2818 1471 2860; x_wconf 81' lang='lat' dir='ltr'><strong>religiones,</strong></span> <span class='ocrx_word' id='word_1_597' title='bbox 1489 2828 1519 2852; x_wconf 83' lang='lat' dir='ltr'><strong>c.</strong></span> <span class='ocrx_word' id='word_1_598' title='bbox 1536 2823 1566 2852; x_wconf 70' lang='lat'><strong>4.</strong></span> <span class='ocrx_word' id='word_1_599' title='bbox 1596 2862 1600 2863; x_wconf 59' lang='lat'>.</span> 
     </span>
    </p>

    <p class='ocr_par' dir='ltr' id='par_1_54' title="bbox 1226 2867 2260 2963">
     <span class='ocr_line' id='line_1_109' title="bbox 1226 2867 2260 2915; baseline 0.012 -16"><span class='ocrx_word' id='word_1_600' title='bbox 1226 2867 1350 2900; x_wconf 87' lang='lat' dir='ltr'><strong>Clerici</strong></span> <span class='ocrx_word' id='word_1_601' title='bbox 1376 2868 1438 2910; x_wconf 81' lang='lat' dir='ltr'><strong>qui</strong></span> <span class='ocrx_word' id='word_1_602' title='bbox 1464 2870 1527 2902; x_wconf 90' lang='lat' dir='ltr'><strong>has</strong></span> <span class='ocrx_word' id='word_1_603' title='bbox 1550 2869 1743 2912; x_wconf 87' lang='lat' dir='ltr'><strong>religiones</strong></span> <span class='ocrx_word' id='word_1_604' title='bbox 1764 2873 1989 2915; x_wconf 83' lang='lat' dir='ltr'><strong>profitentur,</strong></span> <span class='ocrx_word' id='word_1_605' title='bbox 2011 2882 2086 2909; x_wconf 87' lang='lat' dir='ltr'><strong>non</strong></span> <span class='ocrx_word' id='word_1_606' title='bbox 2108 2875 2260 2911; x_wconf 86' lang='lat' dir='ltr'><strong>dubium</strong></span> 
     </span>
     <span class='ocr_line' id='line_1_110' title="bbox 1266 2918 1791 2963; baseline 0.014 -13"><span class='ocrx_word' id='word_1_607' title='bbox 1266 2918 1432 2959; x_wconf 87' lang='lat' dir='ltr'><strong>quinveri</strong></span> <span class='ocrx_word' id='word_1_608' title='bbox 1455 2919 1527 2952; x_wconf 91' lang='lat' dir='ltr'><strong>sint</strong></span> <span class='ocrx_word' id='word_1_609' title='bbox 1547 2921 1719 2963; x_wconf 81' lang='lat' dir='ltr'><strong>religiosi,</strong></span> <span class='ocrx_word' id='word_1_610' title='bbox 1742 2922 1791 2957; x_wconf 84' lang='lat' dir='ltr'><strong>ib</strong></span> 
     </span>
    </p>

    <p class='ocr_par' dir='ltr' id='par_1_55' title="bbox 1223 2965 2113 3016">
     <span class='ocr_line' id='line_1_111' title="bbox 1223 2965 2113 3016; baseline 0.01 -17"><span class='ocrx_word' id='word_1_611' title='bbox 1223 2965 1307 3000; x_wconf 85' lang='lat' dir='ltr'><strong>ltcm</strong></span> <span class='ocrx_word' id='word_1_612' title='bbox 1328 2968 1458 3001; x_wconf 89' lang='lat' dir='ltr'><strong>milites</strong></span> <span class='ocrx_word' id='word_1_613' title='bbox 1475 2970 1660 3004; x_wconf 86' lang='lat' dir='ltr'><strong>Maltenscs</strong></span> <span class='ocrx_word' id='word_1_614' title='bbox 1673 2972 1748 3005; x_wconf 87' lang='lat' dir='ltr'><strong>veri</strong></span> <span class='ocrx_word' id='word_1_615' title='bbox 1767 2975 1850 3006; x_wconf 90' lang='lat' dir='ltr'><strong>sunt</strong></span> <span class='ocrx_word' id='word_1_616' title='bbox 1867 2974 2039 3016; x_wconf 87' lang='lat' dir='ltr'><strong>religiosi,</strong></span> <span class='ocrx_word' id='word_1_617' title='bbox 2063 2974 2113 3009; x_wconf 88' lang='lat' dir='ltr'><strong>ib.</strong></span> 
     </span>
    </p>
   </div>
   <div class='ocr_carea' id='block_1_27' title="bbox 608 0 2352 269">
    <p class='ocr_par' dir='ltr' id='par_1_56' title="bbox 608 0 2352 269">
     <span class='ocr_line' id='line_1_112' title="bbox 608 0 2352 52; baseline -0.002 -24"><span class='ocrx_word' id='word_1_618' title='bbox 608 0 750 28; x_wconf 55' lang='lat' dir='ltr'><strong>&#39;mu</strong></span> <span class='ocrx_word' id='word_1_619' title='bbox 874 0 925 17; x_wconf 43' lang='grc' dir='ltr'><strong>νὴ·</strong></span> <span class='ocrx_word' id='word_1_620' title='bbox 1018 6 1043 23; x_wconf 48' lang='lat' dir='ltr'><strong>a</strong></span> <span class='ocrx_word' id='word_1_621' title='bbox 1371 0 1387 11; x_wconf 65' lang='lat'><em>-</em></span> <span class='ocrx_word' id='word_1_622' title='bbox 1741 0 1764 27; x_wconf 58' lang='lat' dir='ltr'><strong>:r</strong></span> <span class='ocrx_word' id='word_1_623' title='bbox 1831 2 1846 10; x_wconf 65' lang='lat'>²</span> <span class='ocrx_word' id='word_1_624' title='bbox 1928 0 2131 33; x_wconf 35' lang='grc' dir='ltr'><strong>ἥ</strong></span> <span class='ocrx_word' id='word_1_625' title='bbox 2237 0 2352 52; x_wconf 55' lang='lat'><strong>1553</strong></span> 
     </span>
     <span class='ocr_line' id='line_1_113' title="bbox 635 45 2352 82; baseline 0.016 -31"><span class='ocrx_word' id='word_1_626' title='bbox 635 45 734 82; x_wconf 50' lang='lat'><strong>**.</strong></span> <span class='ocrx_word' id='word_1_627' title='bbox 1778 51 1782 58; x_wconf 89' lang='lat'><em>·</em></span> <span class='ocrx_word' id='word_1_628' title='bbox 1859 50 1862 57; x_wconf 95' lang='lat'>·</span> <span class='ocrx_word' id='word_1_629' title='bbox 1952 48 2034 53; x_wconf 31' lang='grc' dir='ltr'><strong>ἢ·</strong></span> <span class='ocrx_word' id='word_1_630' title='bbox 2118 51 2352 79; x_wconf 58' lang='grc' dir='ltr'><strong>εκ</strong></span> 
     </span>
     <span class='ocr_line' id='line_1_114' title="bbox 1069 205 2271 269; baseline 0.009 -17"><span class='ocrx_word' id='word_1_631' title='bbox 1069 214 1383 255; x_wconf 68' lang='lat' dir='ltr'><strong>mmm,</strong></span> <span class='ocrx_word' id='word_1_632' title='bbox 2159 205 2271 269; x_wconf 61' lang='lat'><strong>3187</strong></span> 
     </span>
    </p>
   </div>
   <div class='ocr_carea' id='block_1_28' title="bbox 1224 3015 2293 3064">
    <p class='ocr_par' dir='ltr' id='par_1_57' title="bbox 1224 3015 2293 3064">
     <span class='ocr_line' id='line_1_115' title="bbox 1224 3015 2293 3064; baseline 0.01 -15"><span class='ocrx_word' id='word_1_633' title='bbox 1224 3015 1408 3052; x_wconf 68' lang='lat' dir='ltr'><strong>Maltenses</strong></span> <span class='ocrx_word' id='word_1_634' title='bbox 1425 3022 1548 3052; x_wconf 80' lang='lat' dir='ltr'><strong>votum</strong></span> <span class='ocrx_word' id='word_1_635' title='bbox 1569 3021 1730 3055; x_wconf 87' lang='lat' dir='ltr'><strong>solemne</strong></span> <span class='ocrx_word' id='word_1_636' title='bbox 1746 3023 1916 3057; x_wconf 81' lang='lat' dir='ltr'><strong>castitatis</strong></span> <span class='ocrx_word' id='word_1_637' title='bbox 1937 3024 2114 3064; x_wconf 87' lang='lat' dir='ltr'><strong>emittunt,</strong></span> <span class='ocrx_word' id='word_1_638' title='bbox 2136 3028 2170 3059; x_wconf 89' lang='lat' dir='ltr'><strong>et</strong></span> <span class='ocrx_word' id='word_1_639' title='bbox 2191 3025 2260 3059; x_wconf 88' lang='lat' dir='ltr'><strong>hoc</strong></span> <span class='ocrx_word' id='word_1_640' title='bbox 2286 3032 2293 3040; x_wconf 92' lang='lat'><strong>·</strong></span> 
     </span>
    </p>
   </div>
   <div class='ocr_carea' id='block_1_29' title="bbox 1213 3069 2258 3662">
    <p class='ocr_par' dir='ltr' id='par_1_58' title="bbox 1264 3069 1928 3115">
     <span class='ocr_line' id='line_1_116' title="bbox 1264 3069 1928 3115; baseline 0.011 -15.279"><span class='ocrx_word' id='word_1_641' title='bbox 1264 3071 1387 3101; x_wconf 91' lang='lat' dir='ltr'><strong>votum</strong></span> <span class='ocrx_word' id='word_1_642' title='bbox 1408 3069 1681 3105; x_wconf 88' lang='lat' dir='ltr'><strong>matrimonium</strong></span> <span class='ocrx_word' id='word_1_643' title='bbox 1702 3072 1853 3115; x_wconf 86' lang='lat' dir='ltr'><strong>dirimit,</strong></span> <span class='ocrx_word' id='word_1_644' title='bbox 1879 3074 1928 3108; x_wconf 89' lang='lat' dir='ltr'><strong>ib.</strong></span> 
     </span>
    </p>

    <p class='ocr_par' dir='ltr' id='par_1_59' title="bbox 1222 3114 2258 3202">
     <span class='ocr_line' id='line_1_117' title="bbox 1222 3114 2258 3166; baseline 0.006 -14"><span class='ocrx_word' id='word_1_645' title='bbox 1222 3114 1349 3152; x_wconf 87' lang='lat' dir='ltr'><strong>Milites</strong></span> <span class='ocrx_word' id='word_1_646' title='bbox 1376 3118 1439 3152; x_wconf 92' lang='lat' dir='ltr'><strong>alii</strong></span> <span class='ocrx_word' id='word_1_647' title='bbox 1469 3129 1490 3153; x_wconf 90' lang='lat' dir='ltr'><strong>a</strong></span> <span class='ocrx_word' id='word_1_648' title='bbox 1520 3121 1751 3156; x_wconf 82' lang='lat' dir='ltr'><strong>Maltensibus</strong></span> <span class='ocrx_word' id='word_1_649' title='bbox 1773 3131 1899 3158; x_wconf 88' lang='lat' dir='ltr'><strong>verum</strong></span> <span class='ocrx_word' id='word_1_650' title='bbox 1922 3127 2049 3157; x_wconf 90' lang='lat' dir='ltr'><strong>statum</strong></span> <span class='ocrx_word' id='word_1_651' title='bbox 2072 3123 2258 3166; x_wconf 83' lang='lat' dir='ltr'><strong>religionis</strong></span> 
     </span>
     <span class='ocr_line' id='line_1_118' title="bbox 1265 3167 1481 3210; baseline 0.01 -10"><span class='ocrx_word' id='word_1_652' title='bbox 1265 3167 1409 3210; x_wconf 81' lang='lat' dir='ltr'><strong>habent,</strong></span> <span class='ocrx_word' id='word_1_653' title='bbox 1432 3169 1481 3202; x_wconf 90' lang='lat' dir='ltr'><strong>ib.</strong></span> 
     </span>
    </p>

    <p class='ocr_par' dir='ltr' id='par_1_60' title="bbox 1219 3215 2256 3363">
     <span class='ocr_line' id='line_1_119' title="bbox 1219 3215 2255 3264; baseline 0.007 -14"><span class='ocrx_word' id='word_1_654' title='bbox 1219 3215 1348 3251; x_wconf 76' lang='lat' dir='ltr'><strong>Votum</strong></span> <span class='ocrx_word' id='word_1_655' title='bbox 1373 3219 1539 3253; x_wconf 87' lang='lat' dir='ltr'><strong>emittunt</strong></span> <span class='ocrx_word' id='word_1_656' title='bbox 1568 3221 1738 3255; x_wconf 85' lang='lat' dir='ltr'><strong>castitatis</strong></span> <span class='ocrx_word' id='word_1_657' title='bbox 1765 3221 1982 3264; x_wconf 80' lang='lat' dir='ltr'><strong>conJugalis3</strong></span> <span class='ocrx_word' id='word_1_658' title='bbox 2015 3224 2051 3255; x_wconf 88' lang='lat' dir='ltr'><strong>et</strong></span> <span class='ocrx_word' id='word_1_659' title='bbox 2076 3222 2255 3264; x_wconf 87' lang='lat' dir='ltr'><strong>quomodo</strong></span> 
     </span>
     <span class='ocr_line' id='line_1_120' title="bbox 1260 3267 2256 3312; baseline 0.005 -11"><span class='ocrx_word' id='word_1_660' title='bbox 1260 3267 1328 3302; x_wconf 86' lang='lat' dir='ltr'><strong>hoc</strong></span> <span class='ocrx_word' id='word_1_661' title='bbox 1342 3272 1465 3302; x_wconf 87' lang='lat' dir='ltr'><strong>votum</strong></span> <span class='ocrx_word' id='word_1_662' title='bbox 1478 3270 1523 3304; x_wconf 85' lang='lat' dir='ltr'><strong>ad</strong></span> <span class='ocrx_word' id='word_1_663' title='bbox 1533 3270 1663 3304; x_wconf 86' lang='lat' dir='ltr'><strong>Christi</strong></span> <span class='ocrx_word' id='word_1_664' title='bbox 1683 3271 1846 3312; x_wconf 85' lang='lat' dir='ltr'><strong>consilia,</strong></span> <span class='ocrx_word' id='word_1_665' title='bbox 1867 3274 1902 3305; x_wconf 85' lang='lat' dir='ltr'><strong>et</strong></span> <span class='ocrx_word' id='word_1_666' title='bbox 1917 3280 2041 3309; x_wconf 84' lang='lat' dir='ltr'><strong>verum</strong></span> <span class='ocrx_word' id='word_1_667' title='bbox 2054 3275 2182 3305; x_wconf 89' lang='lat' dir='ltr'><strong>statum</strong></span> <span class='ocrx_word' id='word_1_668' title='bbox 2201 3280 2256 3306; x_wconf 83' lang='lat' dir='ltr'><strong>re-</strong></span> 
     </span>
     <span class='ocr_line' id='line_1_121' title="bbox 1261 3317 1833 3363; baseline 0.007 -13"><span class='ocrx_word' id='word_1_669' title='bbox 1261 3317 1411 3361; x_wconf 84' lang='lat' dir='ltr'><strong>ligionis</strong></span> <span class='ocrx_word' id='word_1_670' title='bbox 1432 3321 1614 3362; x_wconf 88' lang='lat' dir='ltr'><strong>pertinere</strong></span> <span class='ocrx_word' id='word_1_671' title='bbox 1637 3322 1757 3363; x_wconf 82' lang='lat' dir='ltr'><strong>possit,</strong></span> <span class='ocrx_word' id='word_1_672' title='bbox 1783 3321 1833 3354; x_wconf 87' lang='lat' dir='ltr'><strong>ib.</strong></span> 
     </span>
    </p>

    <p class='ocr_par' dir='ltr' id='par_1_61' title="bbox 1216 3367 2254 3460">
     <span class='ocr_line' id='line_1_122' title="bbox 1216 3367 2254 3412; baseline 0.005 -11"><span class='ocrx_word' id='word_1_673' title='bbox 1216 3367 1289 3402; x_wconf 74' lang='lat' dir='ltr'><strong>Hoc</strong></span> <span class='ocrx_word' id='word_1_674' title='bbox 1306 3373 1430 3402; x_wconf 89' lang='lat' dir='ltr'><strong>votum</strong></span> <span class='ocrx_word' id='word_1_675' title='bbox 1449 3370 1610 3404; x_wconf 85' lang='lat' dir='ltr'><strong>solemne</strong></span> <span class='ocrx_word' id='word_1_676' title='bbox 1633 3378 1706 3404; x_wconf 91' lang='lat' dir='ltr'><strong>non</strong></span> <span class='ocrx_word' id='word_1_677' title='bbox 1730 3374 1793 3412; x_wconf 87' lang='lat' dir='ltr'><strong>est,</strong></span> <span class='ocrx_word' id='word_1_678' title='bbox 1818 3378 1886 3405; x_wconf 89' lang='lat' dir='ltr'><strong>nec</strong></span> <span class='ocrx_word' id='word_1_679' title='bbox 1908 3371 2048 3405; x_wconf 91' lang='lat' dir='ltr'><strong>dirimit</strong></span> <span class='ocrx_word' id='word_1_680' title='bbox 2067 3371 2254 3407; x_wconf 83' lang='lat' dir='ltr'><strong>matrimo-</strong></span> 
     </span>
     <span class='ocr_line' id='line_1_123' title="bbox 1259 3418 1451 3460; baseline 0.01 -9"><span class='ocrx_word' id='word_1_681' title='bbox 1259 3418 1375 3460; x_wconf 89' lang='lat' dir='ltr'><strong>nium,</strong></span> <span class='ocrx_word' id='word_1_682' title='bbox 1401 3419 1451 3453; x_wconf 88' lang='lat' dir='ltr'><strong>ib.</strong></span> 
     </span>
    </p>

    <p class='ocr_par' dir='ltr' id='par_1_62' title="bbox 1213 3465 2254 3561">
     <span class='ocr_line' id='line_1_124' title="bbox 1213 3465 2254 3514; baseline 0.005 -13"><span class='ocrx_word' id='word_1_683' title='bbox 1213 3465 1426 3510; x_wconf 63' lang='lat' dir='ltr'><strong>Huiusmodi</strong></span> <span class='ocrx_word' id='word_1_684' title='bbox 1442 3469 1577 3502; x_wconf 89' lang='lat' dir='ltr'><strong>milites</strong></span> <span class='ocrx_word' id='word_1_685' title='bbox 1593 3468 1774 3510; x_wconf 74' lang='lat' dir='ltr'><strong>coniugati</strong></span> <span class='ocrx_word' id='word_1_686' title='bbox 1797 3469 2005 3512; x_wconf 88' lang='lat' dir='ltr'><strong>religiosum</strong></span> <span class='ocrx_word' id='word_1_687' title='bbox 2025 3469 2172 3514; x_wconf 87' lang='lat' dir='ltr'><strong>quidem</strong></span> <span class='ocrx_word' id='word_1_688' title='bbox 2190 3470 2254 3507; x_wconf 72' lang='lat' dir='ltr'><strong>ha-</strong></span> 
     </span>
     <span class='ocr_line' id='line_1_125' title="bbox 1259 3516 1952 3561; baseline 0.004 -11"><span class='ocrx_word' id='word_1_689' title='bbox 1259 3516 1346 3552; x_wconf 84' lang='lat' dir='ltr'><strong>bent</strong></span> <span class='ocrx_word' id='word_1_690' title='bbox 1363 3522 1505 3559; x_wconf 83' lang='lat' dir='ltr'><strong>statum,</strong></span> <span class='ocrx_word' id='word_1_691' title='bbox 1526 3525 1606 3552; x_wconf 82' lang='lat' dir='ltr'><strong>non</strong></span> <span class='ocrx_word' id='word_1_692' title='bbox 1622 3521 1742 3552; x_wconf 89' lang='lat' dir='ltr'><strong>tamen</strong></span> <span class='ocrx_word' id='word_1_693' title='bbox 1761 3527 1880 3561; x_wconf 90' lang='lat' dir='ltr'><strong>usum,</strong></span> <span class='ocrx_word' id='word_1_694' title='bbox 1901 3518 1952 3553; x_wconf 82' lang='lat' dir='ltr'><strong>ib.</strong></span> 
     </span>
    </p>

    <p class='ocr_par' dir='ltr' id='par_1_63' title="bbox 1219 3567 2252 3662">
     <span class='ocr_line' id='line_1_126' title="bbox 1219 3567 2252 3615; baseline 0.001 -12"><span class='ocrx_word' id='word_1_695' title='bbox 1219 3567 1310 3604; x_wconf 73' lang='lat' dir='ltr'><strong>Sunt</strong></span> <span class='ocrx_word' id='word_1_696' title='bbox 1325 3572 1443 3602; x_wconf 88' lang='lat' dir='ltr'><strong>autem</strong></span> <span class='ocrx_word' id='word_1_697' title='bbox 1459 3575 1620 3612; x_wconf 85' lang='lat' dir='ltr'><strong>personae</strong></span> <span class='ocrx_word' id='word_1_698' title='bbox 1638 3568 1900 3610; x_wconf 76' lang='lat' dir='ltr'><strong>ecclesiasticae,</strong></span> <span class='ocrx_word' id='word_1_699' title='bbox 1917 3571 1954 3604; x_wconf 83' lang='lat' dir='ltr'><strong>et</strong></span> <span class='ocrx_word' id='word_1_700' title='bbox 1969 3569 2128 3612; x_wconf 75' lang='lat' dir='ltr'><strong>gaudent</strong></span> <span class='ocrx_word' id='word_1_701' title='bbox 2141 3569 2252 3615; x_wconf 82' lang='lat' dir='ltr'><strong>privi-</strong></span> 
     </span>
     <span class='ocr_line' id='line_1_127' title="bbox 1256 3616 1750 3662; baseline 0.002 -11"><span class='ocrx_word' id='word_1_702' title='bbox 1256 3616 1361 3662; x_wconf 70' lang='lat' dir='ltr'><strong>legio</strong></span> <span class='ocrx_word' id='word_1_703' title='bbox 1373 3618 1526 3652; x_wconf 81' lang='lat' dir='ltr'><strong>canonis</strong></span> <span class='ocrx_word' id='word_1_704' title='bbox 1542 3620 1579 3651; x_wconf 88' lang='lat' dir='ltr'><strong>et</strong></span> <span class='ocrx_word' id='word_1_705' title='bbox 1595 3616 1682 3661; x_wconf 68' lang='lat' dir='ltr'><strong>fori,</strong></span> <span class='ocrx_word' id='word_1_706' title='bbox 1700 3617 1750 3652; x_wconf 81' lang='lat' dir='ltr'><strong>ib.</strong></span> 
     </span>
    </p>
   </div>
  </div>
 </body>
</html>
