2352 3880
23 269 38 320 ’ἓ
52 311 54 315 ,
71 291 81 332 3·
112 272 119 275 ’
132 288 139 316 ε
149 271 451 329 iter-dicendum
460 282 536 326 est,
549 276 877 329 jurisdictionem
890 277 998 317 hauc
1009 286 1108 316 con-

97 338 251 390 §erari
267 349 397 390 posse,
419 337 486 378 vel
510 343 633 390 prout
650 339 787 378 existit
805 339 849 378 in
879 337 1107 378 communi-

70 425 80 449 ;
95 419 100 430 ι
139 413 163 442 e
178 396 316 452 'aliqua
333 399 556 447 Societatis,
574 399 640 438 vel
653 398 698 438 in
715 399 990 450 singularibus
1015 409 1106 451 pcr-

90 455 106 470 ²¹
156 460 188 502 is
209 471 222 512 3
250 465 423 512 utroque
449 460 560 500 enim
583 460 703 499 modo
731 464 864 511 potest
878 459 1104 512 jiirisdictio

62 519 98 570 ᾗ·
146 522 345 562 lesiastica
364 521 674 562 communicari.
696 521 798 570 Im0‚
810 534 893 561 una
907 527 947 561 et
962 521 1104 562 eadem

63 582 306 644 ¹⁴ifinrisdictio
325 587 457 635 potest
474 594 585 622 nunc
606 594 690 622 esse
710 583 754 621 in
782 583 982 634 singulari
1014 595 1103 636 per-

71 647 192 697 bona,
212 651 253 685 et
271 649 411 697 postea
431 645 475 683 in
490 645 784 684 communitate
806 645 957 696 aliqua,
979 648 1025 684 ut
1038 644 1103 695 ju-

63 704 254 752 bisdictio
273 706 518 758 Episcopalis
531 706 735 746 ordinarie
753 711 811 746 est
830 707 873 746 in
893 707 1102 759 Episcopo,

51 767 114 814 fot
131 769 224 809 sede
239 771 411 807 vacante
425 768 469 806 in
487 767 685 819 Capitulo.
709 769 885 820 Uterque
908 781 1005 820 ergo
1018 780 1104 807 mo-

70 828 148 873 dus
165 829 344 868 habendi
360 828 681 880 jurisdictionem
703 830 746 869 in
775 830 976 869 Societate
992 841 1104 881 repe-

63 890 191 940 ¹ritur,
212 891 316 930 sicut
336 890 380 928 in
400 890 489 929 aliis
503 890 628 930 etiam
645 891 928 942 religionibus.
950 893 1018 930 Est
1031 902 1102 930 au-

67 954 153 994 tem
188 951 266 991 hoc
298 952 502 1003 peculiare
526 953 735 993 Societatis
769 958 816 992 ut
846 953 959 992 nulla
991 964 1103 992 com-

68 1014 252 1056 munitas
272 1014 359 1065 ejus
379 1014 526 1054 habeat
544 1015 749 1066 propriam
774 1015 1101 1066 jiirisdictionem

66 1074 397 1129 gubernativam,
409 1076 489 1114 nisi
504 1075 589 1115 sola
607 1076 876 1126 Congregatio
901 1074 1101 1126 generalis

66 1136 193 1177 totius
229 1137 439 1176 Societatis
455 1147 468 1187 3
502 1148 598 1176 nam
624 1137 892 1188 provinciales
924 1135 1100 1187 Congre-

65 1198 252 1251 gationes
272 1197 379 1237 hanc
407 1198 735 1247 jurisdictionem
765 1210 847 1236 non
871 1197 1040 1244 habent,
1059 1201 1100 1236 et

64 1259 198 1301 multo
217 1259 353 1298 minus
372 1259 563 1310 quaelibet
583 1259 808 1298 inferiores.
839 1259 935 1298 Dico
958 1263 1098 1298 autem

66 1331 151 1363 non
169 1320 319 1360 habere
339 1322 545 1372 proprIam
574 1320 902 1371 jurisdictionem
929 1320 982 1360 ad
1023 1333 1099 1372 gu-

66 1378 340 1430 hernandum‚
361 1382 456 1432 quia
474 1386 516 1421 et
533 1381 802 1432 Congregatio
841 1381 1100 1433 provincialis

65 1440 190 1485 hahet
201 1443 268 1493 jus
287 1443 479 1494 eligendi,
494 1443 559 1482 vel
578 1444 885 1482 Procuratorem
904 1445 954 1482 ad
974 1455 1099 1494 gene-

65 1504 195 1547 ralem
219 1505 480 1553 mittendum,
501 1505 566 1544 vel
584 1517 652 1544 eos
690 1506 761 1556 qui
797 1517 892 1543 cum
931 1506 1096 1543 Provin-

64 1566 159 1608 ciali
172 1567 222 1605 ad
242 1567 477 1618 generalem
498 1567 868 1618 Congregationem
904 1566 1098 1605 mittendi

64 1632 176 1676 mut,
197 1632 242 1667 ut
256 1632 413 1668 constat
429 1640 479 1668 ex
516 1632 656 1667 octava
688 1633 801 1679 parte
835 1628 1098 1667 Constitutio-

64 1699 185 1739 num,
207 1702 242 1729 c.
266 1692 305 1737 3,
329 1691 426 1730 etin
443 1690 466 1741 ξ
483 1693 521 1738 ’1,
543 1693 582 1728 et
599 1702 687 1741 cap.
710 1692 751 1738 5,
773 1690 851 1741 §3,
879 1694 919 1728 et
949 1702 998 1728 ex
1018 1690 1098 1728 for-

63 1751 180 1793 mula
195 1751 527 1802 Congregationis
538 1751 821 1802 provincialis3
842 1751 943 1789 illud
959 1755 1097 1790 autem

61 1810 132 1865 Jus
150 1813 327 1864 eligendi
356 1825 449 1851 cum
471 1813 660 1851 omnibus
679 1825 770 1864 quae
807 1812 908 1850 illud
936 1825 1100 1851 concer-

64 1880 186 1922 nunt,
207 1874 436 1924 cujusmodi
464 1878 560 1911 sunt
587 1873 804 1912 electiones
834 1874 1099 1912 definitorum

63 1945 206 1976 earum
238 1946 393 1981 rerum,
426 1945 518 1985 quae
560 1933 603 1972 in
639 1934 726 1984 ipsa
773 1933 1098 1983 Congregatione

63 1994 301 2050 provinciali
322 1994 547 2034 tractandae
564 1998 675 2042 sunt,
707 1999 745 2034 et
765 1995 977 2033 secretarii
994 1995 1098 2045 ejus-

65 2056 160 2098 dem
175 2056 523 2108 Congregationis,
546 2068 628 2094 non
662 2060 922 2107 computatur
950 2069 1060 2095 nunc
1077 2067 1102 2095 a

65 2118 185 2159 nohis
216 2118 259 2157 in
291 2118 455 2169 propria
484 2117 780 2167 jurisdictione,
815 2118 866 2156 de
900 2130 982 2168 qua
1015 2118 1102 2168 agi-

66 2188 170 2227 mus,
197 2191 330 2230 neque
351 2178 435 2217 ulla
456 2179 706 2228 expositione
747 2179 920 2228 indiget,
955 2183 1102 2229 praeter

66 2250 175 2286 eam,
208 2251 299 2290 quae
332 2240 375 2277 in
406 2239 513 2277 dicta
548 2239 725 2277 formula
763 2240 1102 2289 Congregatiouis

66 2300 328 2355 'provincialis
346 2299 592 2339 sufficienter
611 2300 761 2339 tradita
781 2304 853 2337 est.

69 2358 78 2372 ”’
122 2364 158 2402 3.
195 2360 405 2412 Subjectac
445 2365 573 2401 tamen
607 2361 869 2414 Conyreqatz'o
904 2362 1102 2412 yeneralz‘s

62 2424 206 2467 ‘multis
226 2423 367 2471 medix,
406 2434 451 2466 ac
470 2423 569 2463 sola.
591 2444 643 2451 —
662 2423 931 2473 Congregatio
965 2428 1102 2462 autem

66 2484 267 2538 generalis
309 2486 396 2523 sine
430 2484 553 2522 dubio
586 2484 711 2522 habet
757 2484 1099 2533 jurisdictionem,

68 2540 240 2595 'eamque
258 2545 479 2583 maximam
502 2545 545 2582 in
568 2546 789 2590 Societate;
806 2546 1026 2582 maximam
1045 2545 1102 2582 di-

66 2610 116 2647 to
135 2607 350 2652 intensive,
366 2618 447 2643 non
463 2609 600 2644 autem
618 2605 825 2644 extensive
843 2606 902 2655 (ut
918 2607 974 2644 ita
995 2618 1105 2644 nuno

47 2663 246 2708 ‘breviter
270 2666 502 2717 loquamur,
532 2670 671 2716 postea
689 2666 798 2704 enim
828 2678 851 2704 a
872 2679 912 2704 n.
936 2667 961 2705 8
983 2667 1103 2705 latius

68 2720 112 2771 hi
145 2727 478 2779 explicabimus);
509 2727 598 2766 dico
630 2728 740 2766 enim
779 2739 861 2766 esse
902 2729 1102 2768 intensive

67 2787 317 2838 <maximam
341 2800 436 2827 nam
461 2789 596 2840 primo
617 2793 746 2840 potest
767 2789 1006 2828 Generalem
1031 2790 1102 2828 eli-

46 2865 51 2899 1
68 2856 181 2906 gere,
203 2851 268 2890 cui
286 2855 576 2902 consequenter
592 2852 864 2890 communicat
892 2855 1020 2889 totam
1037 2852 1102 2902 ju-

46 2908 343 2956 tfisdictionem
367 2913 590 2963 quamipse
618 2912 754 2952 habet.
784 2913 984 2959 Secundo,
1006 2914 1102 2963 quia

46 2972 193 3015 ¹{tiam
215 2978 304 3024 post
320 2973 437 3011 iilum
454 2973 625 3012 electum
653 2978 792 3012 manet
819 2974 878 3012 illi
898 2975 1099 3025 superior,

48 3024 120 3089 ι’,ᾒΐ
137 3047 259 3086 supra
290 3034 423 3073 visum
454 3037 529 3082 est,
567 3034 612 3071 in
639 3045 673 3072 c.
704 3035 745 3082 2,
771 3046 812 3074 n.
849 3036 887 3083 7,
924 3037 1102 3087 satisque

42 3086 197 3136 sutiam
217 3097 324 3135 inter
341 3096 422 3136 alia
435 3095 661 3135 indicatum
687 3100 746 3134 est
774 3096 818 3135 in
838 3103 984 3147 quarta
1001 3097 1102 3135 Con-

46 3154 53 3160 ”
76 3155 107 3214 -ἱζ,
125 3158 311 3208 egatione
331 3157 528 3208 generali,
561 3158 721 3196 decreto
740 3159 805 3206 20,
839 3157 919 3196 illis
953 3157 1099 3206 verbis,

39 3235 44 3273 f
88 3217 402 3271 Ὀοηρνεραιὶο
430 3218 652 3270 Praeposito
686 3220 857 3264 mandet,
888 3222 964 3258 etc.
988 3219 1102 3258 Unde

81 3279 208 3318 'test
229 3291 310 3318 nou
325 3280 452 3318 solum
466 3280 581 3318 illum
602 3280 782 3330 obligare
801 3280 883 3318 suis
899 3279 1104 3329 legibuset

44 3392 46 3394 v
70 3348 77 3361 ⁴
102 3339 305 3394 sss4lcepti8‚
334 3339 400 3379 sed
431 3341 555 3379 etiam
574 3352 666 3379 eum
691 3341 853 3392 punire,
887 3339 952 3379 vel
983 3340 1104 3378 inter-

136 3404 175 3440 m
195 3401 414 3453 deponere,
435 3401 469 3439 si
483 3412 614 3440 causae
631 3401 824 3452 legitimae
837 3401 1104 3448 intercedant,

76 3480 78 3483 ·
100 3469 132 3492 i»
157 3463 236 3501 tat
257 3475 311 3511 c.,
333 3473 442 3500 nona
462 3465 576 3513 parte
587 3461 944 3500 Constitutionum.
972 3461 1108 3500 Tertio

98 3519 204 3573 ''jv-t
234 3527 476 3574 potestatem
511 3521 717 3561 statuendi
749 3522 816 3573 jus
849 3526 1107 3574 perpetuum,

353 218 357 220 “
389 210 480 248 mn·
501 212 560 250 IV.
581 211 637 248 DE
655 207 846 249 summm
865 207 1103 247 vo'msmffl
1123 209 1438 246 mmsmcwoms
1458 210 1502 246 m
1521 209 1748 248 soen-:Tam
1766 209 1878 250 :ssu-

2085 211 2190 252 1073
2211 185 2222 191 ’

1160 275 1292 318 videri
1338 282 1471 331 potest
1510 277 1724 319 decretum
1764 279 1821 320 ’16
1855 275 2191 330 congregationis

1160 339 1357 390 septimae.
1380 340 1547 388 Quarto,
1567 338 1695 379 habet
1725 342 1967 392 potestatem
1985 340 2191 382 alienandi

1158 400 1223 438 vel
1237 400 1480 440 dissolvendi
1497 401 1684 452 collegia,
1701 405 1774 440 aut
1787 401 1930 441 domos
1946 402 2072 442 semel
2081 414 2192 444 erec-

1158 464 1220 499 tas
1239 465 1280 500 et
1299 465 1544 513 acceptataS,
1559 464 1678 511 juxta
1691 474 1728 501 c.
1749 462 1789 510 3,
1810 475 1919 502 nona
1941 468 2055 515 parte
2071 465 2192 506 Cons-

1156 522 1414 570 titutionum,
1429 522 1452 574 ἓ
1468 524 1518 561 17
1532 527 1574 560 et
1590 525 1656 572 18,
1673 526 1713 562 et
1728 525 1753 562 4
1766 536 1806 575 p.
1823 524 2188 576 Constitutionum,

1157 594 1194 623 c.
1218 585 1257 629 2,
1283 583 1307 636 ξ
1328 585 1367 632 3,
1387 587 1429 622 et
1447 582 1621 622 habetur
1635 583 1678 630 in
1701 584 1829 623 Bullis
1851 585 1964 624 Pauli
1986 587 2039 626 111
2067 591 2108 627 et
2121 588 2189 629 Ju-

1155 643 1200 683 lii
1220 645 1284 683 111.
1307 646 1439 696 Atque
1460 643 1504 682 hi
1521 647 1635 683 actus
1653 645 1710 683 ita
1726 649 1822 684 sunt
1841 648 1995 698 proprii
2015 650 2184 700 Congre-

1157 707 1334 757 gationis
1353 705 1572 758 generalis,
1594 700 1640 744 iit
1656 706 1887 757 jurisdictio
1906 708 1957 746 ad
1987 721 2055 747 eos
2075 723 2125 749 ex
2151 723 2181 748 r·-

1159 768 1306 807 cendos
1327 769 1371 807 in
1388 767 1502 806 nulla
1520 766 1722 817 singulari
1739 779 1915 820 persona
1936 770 2180 821 invematur,

1156 833 1204 868 ut
1216 842 1266 869 ex
1285 830 1438 869 eisdem
1456 829 1554 868 locis
1574 833 1744 870 constat.

1209 893 1249 930 4.
1279 891 1339 930 Ad
1360 891 1546 929 eamdem
1566 893 1705 929 autem
1735 890 2105 941 Congregationem
2128 903 2188 931 so-

1154 950 1237 991 lam
1262 953 1358 1003 (per
1378 964 1419 990 se
1438 951 1664 1003 loquendo)
1683 955 1834 1003 spectat
1856 952 2102 991 Assistentes
2118 952 2189 992 Ge-

1156 1013 1307 1052 neralis
1326 1013 1492 1063 eligere,
1509 1017 1556 1052 ut
1576 1017 1733 1052 constat
1753 1025 1800 1053 ex
1823 1026 1931 1052 nona
1952 1019 2065 1064 parte
2089 1014 2189 1053 Con-

1153 1075 1430 1122 stitutionum,
1450 1087 1537 1126 cap.
1555 1076 1594 1122 5,
1614 1074 1638 1126 ξ
1654 1076 1691 1114 3.
1716 1075 1800 1113 Hoc
1819 1080 1957 1113 autem
1987 1087 2071 1114 non
2089 1075 2189 1116 adeo

1154 1136 1430 1175 necessarium
1452 1140 1534 1182 est,
1557 1137 1658 1187 quin
1687 1135 1908 1187 aliquando
1944 1138 2072 1187 possit
2102 1135 2191 1177 haee

1155 1197 1299 1236 electio
1326 1197 1415 1236 fieri
1441 1197 1594 1247 absque
1625 1197 1951 1247 Congregatione
1979 1197 2190 1247 generali,

1154 1260 1319 1311 quando
1356 1259 1575 1297 necessitas
1607 1258 1745 1309 aliqua
1783 1261 2004 1298 occurrerit
2044 1260 2190 1299 subro-v

1153 1321 1278 1371 gandi
1308 1320 1489 1371 aliquem
1521 1318 1565 1357 in
1596 1319 1733 1357 locum
1763 1319 1930 1358 alterius
1959 1320 2190 1371 demortui,

1153 1382 1219 1421 vel
1236 1382 1485 1420 sufficienter
1504 1381 1689 1431 impediti
1705 1393 1714 1430 3
1733 1384 1832 1420 tunc
1852 1382 1961 1420 enim
1983 1381 2192 1421 Generalis

1153 1444 1300 1495 poterit
1321 1444 1438 1481 illum
1458 1443 1703 1482 substituere
1722 1473 1734 1491 ,
1770 1444 2104 1482 concurrentibus
2130 1448 2193 1482 ta-

1154 1518 1250 1544 men
1278 1505 1487 1554 suffragiis
1517 1505 1701 1543 decisivis
1734 1506 1921 1544 omnium
1960 1505 2192 1543 Provincia-

1151 1566 1254 1605 lium
1273 1567 1459 1617 Europae,
1483 1565 1549 1604 vel
1578 1566 1744 1616 maJ'oris
1765 1567 1891 1616 partis
1911 1578 2069 1614 corum,
2089 1567 2192 1604 utin

1152 1628 1295 1667 eadem
1325 1627 1624 1666 Constitutione
1651 1628 1822 1675 dicitur;
1843 1632 1964 1677 atque
1994 1627 2103 1665 idem
2131 1627 2191 1665 di-

1152 1689 1327 1728 cendum
1346 1689 1507 1726 videtur
1529 1689 1578 1728 de
1599 1688 1795 1727 electione
1813 1689 2090 1727 Admonitoris
2109 1688 2189 1728 Ge-

1154 1749 1305 1789 neralis
1323 1759 1335 1799 3
1356 1761 1452 1789 nam
1482 1750 1553 1789 illa
1584 1750 1708 1789 etiam
1739 1750 1790 1788 ad
1820 1749 2190 1800 Congregationem

1154 1811 1386 1863 generalem
1400 1816 1567 1861 spectat,
1582 1815 1628 1848 ut
1639 1811 1846 1860 colligitur
1858 1822 1907 1848 ex
1920 1810 2061 1847 eadem
2077 1821 2131 1847 no
2139 1820 2191 1847 na

1155 1878 1270 1925 parte
1302 1872 1661 1916 Constitutionum‚
1682 1883 1715 1909 c.
1737 1873 1776 1918 4,
1798 1871 1821 1921 ξ
1839 1873 1879 1917 4,
1908 1871 1963 1907 ibi
1982 1881 1992 1907 :
2012 1872 2095 1909 Per
2117 1869 2192 1910 So-

1155 1936 1333 1975 ciecatem
1355 1935 1586 1986 designatus
1604 1943 1617 1981 ;
1639 1933 1814 1971 Societas
1835 1933 1945 1969 enim
1967 1931 2022 1968 ihi
2055 1942 2192 1969 neces-

1153 1996 1261 2035 sario
1292 1996 1481 2041 sumitur,
1504 1998 1626 2045 prout
1653 1995 1696 2032 in
1723 1994 2047 2044 Congregatione
2071 2004 2191 2042 gene-

1156 2057 1235 2096 rali
1255 2056 1481 2095 necessario
1501 2055 1639 2094 existit
1667 2059 1707 2094 et
1737 2059 2064 2106 repraesentatur.
2088 2053 2190 2102 Quia

1157 2131 1232 2157 nec
1252 2122 1335 2157 tota
1358 2119 1536 2156 Societas
1557 2116 1781 2155 formaliter
1799 2117 1867 2165 (ut
1886 2116 1942 2153 sic
1970 2116 2130 2164 dicam)
2154 2119 2190 2154 et

1155 2191 1228 2231 per
1248 2180 1421 2229 seipsam
1441 2182 1572 2230 potest
1591 2178 1707 2215 illum
1728 2177 1942 2226 designare
1957 2206 1966 2222 ,
1990 2188 2063 2214 nec
2098 2187 2190 2226 sup-

1154 2241 1323 2291 ponitur
1344 2239 1481 2288 aliqua
1512 2239 1592 2276 alia
1620 2239 1890 2289 Congregatio
1910 2237 1975 2276 vel
2003 2248 2189 2288 persona,

1173 2299 1421 2338 cuiSocietas
1441 2299 1515 2336 hoc
1543 2311 1693 2337 munus
1714 2299 1987 2346 commiserit3
2014 2298 2191 2336 maxime

1157 2361 1267 2398 enim
1285 2365 1389 2398 esset
1410 2361 1581 2410 ipsemet
1594 2361 1838 2410 praepositus
1853 2359 2085 2408 Generalis3
2102 2357 2192 2396 nul-

1157 2421 1230 2460 libi
1252 2426 1387 2459 autem
1412 2421 1587 2471 legimus
1608 2422 1684 2459 hoc
1704 2432 1854 2458 munus
1875 2421 1933 2458 illi
1968 2432 2052 2458 esse
2085 2430 2191 2458 com-

1158 2484 1342 2522 missum.
1368 2484 1520 2520 Poterit
1541 2486 1693 2528 antem,
1712 2487 1758 2519 ut
1775 2482 1961 2520 existimo
1981 2479 2193 2533 (quamvis

1157 2545 1200 2583 in
1229 2544 1591 2582 Constitutionibus
1626 2555 1810 2593 expresse
1845 2555 1929 2581 non
1971 2543 2135 2591 legatur
2160 2542 2190 2591 ),

1158 2618 1251 2644 cum
1273 2617 1431 2644 necesse
1452 2605 1589 2652 fuerit,
1612 2604 1856 2643 substituere
1878 2604 2190 2642 Admonitorem

1157 2667 1200 2705 in
1244 2678 1340 2704 casu
1379 2666 1514 2715 aliquo
1554 2666 1803 2704 necessitatis
1848 2677 1941 2703 cnm
1986 2664 2192 2713 suffragiis

1158 2727 1490 2774 provincialium,
1520 2727 1625 2764 sicut
1644 2726 1693 2764 de
1713 2726 2001 2764 Assistentibus
2035 2725 2190 2763 dictum

1156 2794 1217 2828 est
1236 2800 1247 2836 ;
1269 2793 1391 2839 atque
1424 2790 1481 2826 ita
1514 2787 1766 2825 declaratum
1787 2792 1846 2826 est
1874 2788 1917 2825 in
1938 2788 2057 2825 tertia
2088 2785 2191 2824 Con«

1156 2851 1407 2900 gregatione,
1431 2860 1522 2886 can.
1547 2850 1612 2895 19,
1638 2853 1678 2886 et
1701 2849 2024 2900 Congregatione
2044 2855 2192 2898 quarta

1157 2911 1352 2961 generali,
1372 2922 1462 2948 can.
1488 2910 1538 2947 94
1557 2913 1596 2948 et
1612 2911 1678 2948 ⁶25.

1207 2974 1247 3011 5.
1263 2971 1401 3011 Tertia
1412 2970 1601 3009 assertio:
1610 2969 1846 3020 jurisdictio
1858 2970 2029 3009 existens
2037 2970 2079 3007 in
2093 2967 2193 3007 Con-

1153 3034 1382 3086 yreqacz'one
1398 3032 1589 3084 generali,
1612 3031 1775 3070 dicenda
1797 3030 2037 3080 simpliciter
2058 3032 2191 3067 ecetra-

1157 3094 1586 3143 ordinaria—Atque
1605 3092 1693 3131 haec
1720 3092 1883 3130 suntad
1911 3103 2000 3141 qnae
2029 3087 2190 3138 proprie

1156 3155 1388 3194 extenditur
1404 3154 1633 3204 jurisdictio
1654 3153 1879 3199 Societatis,
1911 3154 2031 3201 prout
2058 3148 2107 3186 ab
2132 3149 2191 3198 ip-

1157 3220 1287 3254 samet
1306 3216 1350 3254 in
1370 3216 1695 3265 Congregatioue
1715 3213 1893 3265 generali
1909 3210 2190 3249 existenteim-

1157 3278 1333 3317 mediate
1367 3278 1547 3316 exerceri
1574 3277 1675 3316 solet
1705 3281 1746 3315 et
1774 3274 1906 3312 debet.
1939 3274 2002 3309 An
2029 3282 2122 3309 vero
2142 3267 2191 3307 ad

1159 3339 1259 3378 alios
1278 3339 1402 3377 etiam
1421 3343 1534 3377 actus
1552 3337 1739 3389 ampliari
1758 3335 1899 3387 possit,
1923 3332 2043 3384 paulo
2064 3333 2152 3382 post
2168 3340 2191 3366 a

1159 3411 1202 3439 n.
1218 3402 1243 3440 8
1260 3399 1500 3438 videbimus.
1524 3398 1717 3448 Quamvis
1739 3400 1877 3434 autem
1898 3396 1983 3433 haec
2006 3390 2192 3442 jurisdic-

1160 3461 1219 3499 tio
1246 3461 1583 3511 Congregationis
1607 3458 1815 3498 ordinaria
1846 3457 1912 3502 sit,
1943 3459 2061 3505 prout
2087 3448 2194 3489 ordi-

1161 3521 1279 3560 naria
1306 3533 1332 3559 a
1360 3521 1547 3571 delegata
1577 3519 1857 3568 distinguitur,
1888 3517 2016 3565 potest
2053 3515 2192 3550 tamen

1162 3582 1243 3623 dici
1277 3581 1615 3626 extraordinaria.
1635 3583 1756 3626 prout
1774 3576 2041 3624 distinguitur
2066 3571 2118 3612 ab
2145 3581 2192 3612 en
