2352 3880
337 201 429 239 cAP.
450 202 508 238 lx.
530 202 586 237 m:
604 201 716 238 MODO
735 202 887 239 mmm!
908 203 951 238 m
970 202 1194 239 socmTA'rE
1214 204 1544 240 DENUNTIATIONE
1563 205 1833 247 EVANGELch,
1854 206 1946 240 E‘l'c.

76 263 83 300 ?
90 264 290 325 provenit,
318 272 364 308 ut
382 272 593 321 peccatum
612 269 734 309 unius
751 270 931 321 religiosi
946 269 991 310 in
1006 268 1112 309 infa-

59 330 62 333 ’
89 331 214 373 miam
248 329 370 369 totius
398 330 605 382 religionis
624 331 690 371 vel
720 331 956 371 monasterii
981 330 1108 380 cedat,

88 391 308 446 praesertim
324 393 431 442 apud
443 393 604 444 vulgus,
617 392 724 443 quod
741 397 907 444 propter
918 403 1108 444 magnam

87 453 181 493 vitae
199 453 508 492 similitudinem
526 454 662 492 statim
677 453 884 492 existimat
902 454 1003 493 tales
1023 463 1108 494 csse

85 512 276 564 reliquos,
297 514 458 564 qualem
486 525 617 553 unum
636 514 815 564 aliquem
837 515 1043 567 conspicit,
1063 517 1109 555 ut

85 576 237 625 optime
256 575 359 614 dixit
378 576 638 627 Augustinus,
653 576 771 627 epist.
793 576 891 622 437;
914 581 955 616 et
973 577 1014 617 S.
1035 576 1107 615 Bo-

82 641 333 684 naventura,
365 648 486 687 super
509 636 694 686 regulam
709 668 721 687 ,
754 641 893 688 quaest.
931 639 994 678 16.
1026 636 1108 677 Hac

84 709 183 748 ergo
203 699 374 744 ratione,
393 697 602 749 quodlibet
627 704 836 749 peccatum
870 710 993 748 grave
1013 697 1106 738 reli-

59 807 62 809 >
83 759 183 810 giosi
204 770 418 798 commune
436 763 499 797 est
515 758 804 799 detrimentum
821 760 1043 811 religionis,
1058 770 1106 799 ac

83 823 295 872 propterea
317 820 368 860 ad
390 819 602 860 Praelatum
619 851 631 870 ,
661 822 732 872 qui
763 821 862 861 boni
881 821 1106 861 communis

83 892 223 921 curam
243 881 369 934 gerit,
391 882 569 921 maxime
588 887 738 934 spectat
756 882 852 922 huic
869 882 993 922 modo
1010 881 1107 922 sub·

83 943 246 990 venire.;
279 954 327 982 ac
355 947 567 995 propterea
599 944 808 984 moraliter
833 943 1106 983 necessarium

81 1007 142 1045 est
158 1009 204 1042 ut
223 1004 314 1053 ojus
329 1005 515 1044 notitiam
533 1003 694 1052 habeat,
708 1010 752 1044 ut
765 1005 882 1045 famae
897 1003 1106 1055 religionis

79 1066 310 1117 prospicere
326 1066 462 1116 possit,
483 1077 574 1116 quae
590 1066 719 1105 multo
730 1067 895 1117 majoris
907 1063 1106 1104 momenti

78 1129 155 1177 est,
171 1138 251 1178 qua
261 1138 299 1166 m
314 1127 424 1167 fama
438 1127 561 1166 unius
572 1127 750 1180 religiosi
767 1129 873 1168 cirea
884 1125 1103 1168 Praelatum

78 1197 214 1226 suum.

131 1250 196 1289 14.
231 1247 380 1297 Quinta
416 1252 538 1291 ratio.
565 1270 618 1282 --·
637 1250 792 1291 Ultimo
827 1260 881 1291 ex
913 1247 1104 1291 omnibus

79 1311 320 1362 conjecturis
338 1316 379 1351 et
397 1313 710 1352 circumstantiis
735 1313 930 1352 hactenus
952 1312 1104 1351 adduc·

79 1371 144 1419 tis,
165 1371 287 1411 simul
307 1375 508 1423 spectatis,
538 1374 742 1423 colligitur
766 1373 886 1414 valde
912 1375 1107 1425 expedire

77 1432 126 1472 ad
147 1445 365 1473 commune
383 1434 538 1474 bonum
568 1439 696 1474 status
719 1434 916 1484 religiosi,
944 1438 991 1473 ut
1018 1435 1102 1476 sin·

77 1493 160 1546 guli
191 1506 331 1534 eorum
354 1494 599 1545 intelligant,
623 1506 764 1545 graves
795 1495 947 1548 lapsus,
968 1497 1102 1546 quiin

76 1556 135 1595 eis
165 1555 368 1596 observati
396 1557 572 1604 fuerint,
605 1556 814 1608 Superiori
845 1569 931 1597 esse
964 1558 1100 1599 statim

74 1616 398 1666 denuntiandos3
419 1629 517 1656 nam
530 1618 605 1657 hoc
617 1618 746 1657 fraeno
764 1618 962 1657 cautiores
979 1618 1099 1668 fiunt,

74 1678 285 1729 magisque
304 1678 586 1718 formidabunt
602 1679 833 1731 hujusmodi
854 1680 1003 1731 lapsus,
1025 1679 1101 1719 sal·

76 1741 157 1778 tem
176 1743 341 1790 propter
355 1740 546 1779 timorem
565 1741 629 1780 sui
656 1742 833 1780 nominis
852 1752 949 1791 erga
973 1741 1099 1791 supe«-

74 1799 241 1849 riorem,
258 1805 299 1840 et
320 1806 485 1852 propter
511 1804 598 1853 ejus
617 1803 936 1854 correptionem3
959 1813 1100 1853 possu-

75 1871 244 1912 musque
278 1863 467 1914 exemplo
503 1866 787 1903 reservationis
824 1875 994 1903 casuum
1021 1863 1098 1903 hoe

75 1920 278 1962 declarare
296 1952 307 1970 ,
336 1934 428 1973 quae
459 1923 551 1963 ideo
570 1925 623 1963 ab
642 1925 818 1964 Ecclesia
851 1926 1019 1963 inventa
1040 1928 1099 1964 est

74 1994 147 2035 pro
165 1985 421 2034 gravioribus
448 1985 598 2036 culpis,
632 1989 680 2024 ut
707 1986 795 2037 ipsa
815 1985 1032 2024 difficultas
1059 1989 1101 2025 ct

72 2045 198 2084 timor
213 2045 431 2086 accedendi
446 2046 498 2085 ad
516 2047 770 2097 Superiorem
788 2048 1012 2086 contineret
1026 2047 1098 2086 ho-

73 2106 219 2147 mines.
243 2107 359 2155 Quod
384 2108 563 2146 maxime
582 2108 732 2147 factum
752 2115 812 2148 est
832 2111 877 2148 in
898 2108 978 2147 illis
1005 2120 1098 2160 pec-

74 2169 172 2208 catis
203 2179 295 2219 quae
332 2169 638 2220 Rempublicam
673 2171 851 2209 maxime
884 2170 1098 2209 offendunt

74 2233 144 2270 aut
162 2229 445 2269 scandalizant.
463 2231 527 2270 Sic
546 2242 644 2282 ergo
661 2231 742 2269 dici
759 2234 889 2282 potest
908 2231 1098 2270 Praelotzis

72 2290 281 2340 religionis
301 2291 600 2342 quodammodo
626 2303 831 2332 reservare
861 2291 936 2331 sihi
961 2303 1098 2332 emen-

73 2349 280 2392 dationem
314 2353 558 2391 delictorum
588 2353 633 2392 in
651 2355 733 2393 suis
753 2353 925 2392 subditis
940 2383 951 2401 ,
974 2354 1097 2393 etiam

74 2423 147 2465 per
168 2417 364 2453 secretam
382 2415 688 2463 correctionem,
707 2419 753 2454 ut
771 2415 841 2454 illo
859 2415 995 2456 medio
1014 2427 1096 2455 non

74 2474 207 2515 solum
226 2476 372 2515 melius
399 2477 587 2516 emendet
605 2477 752 2528 lapsos,
771 2477 842 2516 sed
862 2478 987 2517 etiam
1005 2478 1099 2517 reli-

74 2547 176 2587 quos
209 2540 416 2576 contineat
434 2549 482 2576 ac
498 2543 731 2589 praeservat.
759 2538 832 2578 Vel
863 2540 997 2590 potius
1016 2539 1098 2578 dici

75 2601 220 2649 potest,
242 2599 501 2638 consideratis
520 2599 818 2638 conditionibus
837 2600 927 2639 talis
953 2604 1094 2647 etaim,

75 2668 126 2698 ex
142 2664 290 2699 natura
307 2661 366 2698 rei
384 2660 462 2699 hoc
489 2671 640 2700 munus
668 2662 870 2712 pertinere
893 2661 1095 2713 adipsum

74 2720 310 2767 rraelamm,
325 2721 443 2772 eique
462 2720 729 2761 deferendum
748 2734 848 2768 esse,
869 2722 980 2775 quia,
1012 2733 1099 2761 mo-

73 2780 214 2822 raliter
243 2782 467 2832 loquendo,
494 2794 577 2822 non
599 2787 729 2834 potest
750 2783 866 2822 aliter
890 2783 1099 2823 communi

75 2836 183 2882 bono
216 2843 426 2893 religionis
460 2847 501 2883 et
529 2844 786 2895 singulorum
817 2845 1099 2896 religiosorum

77 2904 196 2944 saluti
226 2908 267 2943 et
291 2904 531 2956 perfectioni
558 2907 654 2945 satis
686 2904 863 2953 consuli;
886 2907 1024 2956 itaque
1048 2904 1100 2947 ob

77 2974 271 3016 magnam
291 2966 570 3006 diversitatem
596 2972 725 3007 status
751 2968 929 3019 religiosi
947 2981 973 3008 a
991 2980 1099 3008 com·

77 3027 194 3066 muni
216 3031 325 3065 statu
346 3026 527 3066 fidelium
541 3056 554 3076 ,
584 3026 664 3067 dici
691 3032 824 3079 potest
845 3029 996 3069 mutari
1014 3040 1101 3071 ma-

80 3088 184 3128 teria
206 3088 316 3127 illius
335 3089 419 3127 sive
445 3089 660 3141 praeeepti,
680 3090 766 3129 sive
791 3090 947 3130 consilii
967 3090 1100 3130 Evan-

75 3149 216 3202 genai,
237 3154 359 3200 atque
384 3149 484 3189 adeo
514 3151 746 3191 immediate
765 3152 939 3192 transire
954 3150 1100 3194 frater-

78 3203 180 3251 ham
198 3211 463 3250 monitionem
485 3211 529 3252 in
555 3216 780 3264 paternam.

134 3273 199 3313 15.
221 3272 413 3314 Rationes
435 3273 620 3315 hactenus
634 3277 777 3326 posztoe
796 3273 1107 3318 maximiacum

78 3328 226 3374 labent
259 3334 303 3373 in
339 3334 551 3375 Societace.
569 3357 622 3365 —
638 3332 697 3375 Ex
725 3337 787 3376 his
823 3342 985 3385 autem,
1017 3350 1107 3390 quae

78 3381 321 3463 {communia
340 3399 435 3434 sunt
454 3397 578 3435 statui
595 3397 798 3447 religioso,
819 3399 871 3437 ad
889 3399 1107 3439 minimum

82 3439 289 3505 'colligum
308 3457 449 3496 morali
472 3458 646 3509 quadam
664 3459 866 3500 evidentia
887 3460 958 3512 (ut
974 3460 1109 3500 existi-

131 3527 153 3554 ο
169 3516 198 3566 ),
222 3517 300 3556 hoc
316 3519 464 3569 saepius
477 3519 811 3566 esselicit11n1;si
829 3531 925 3572 ergo
941 3520 1111 3562 ulterius

82 3577 386 3621 confideremus
411 3591 460 3619 ea
477 3591 569 3632 quae
586 3580 797 3621 societatis
811 3582 977 3637 propria
997 3585 1109 3635 sunt,

2083 206 2192 246 {109

1164 268 1286 323 plane
1305 270 1606 319 concludemus,
1623 272 1831 311 moraliter
1849 271 2066 323 loquendo,
2087 285 2104 310 s
2123 287 2190 309 Δ--ςυ-

1164 341 1239 382 per
1269 343 1316 370 ac
1336 331 1386 372 de
1407 332 1514 371 facto
1532 333 1608 372 hoc
1626 332 1749 372 licere
1771 338 1812 372 et
1838 333 2027 385 expedire
2041 363 2054 382 ,
2076 333 2188 385 quia,

1164 391 1247 432 fere
1270 393 1312 432 in
1333 393 1521 432 omnibus
1536 395 1850 434 circumstantiis
1877 408 1978 447 quas
2009 394 2191 435 conside-

1163 454 1361 502 ravimus,
1379 459 1438 494 est
1453 455 1606 504 aliquid
1623 457 1794 507 speciale
1813 457 1857 495 in
1875 456 1950 495 hac
1978 456 2188 508 religione,

1162 519 1328 565 propter
1349 514 1459 565 qnod
1476 515 1569 554 talis
1585 517 1848 556 Praelatornm
1867 518 2124 568 providentia
2144 518 2190 558 in

1161 573 1397 626 hujusmodi
1426 574 1605 626 lapsibus
1631 577 1883 616 subditorum
1913 581 2092 618 maxime
2120 591 2190 619 ne·

1162 636 1334 675 cessaria
1350 640 1433 686 est3
1450 637 1653 688 praecipue
1669 649 1765 677 vero
1781 644 1944 690 propter
1963 641 2188 680 ministeria

1161 697 1371 739 Societatis
1389 698 1495 737 circa
1511 698 1733 750 proximos,
1756 705 1796 739 et
1811 703 1942 740 varias
1959 704 2187 744 occasiones

1159 757 1204 799 in
1220 760 1368 812 quibus
1385 760 1543 799 ratione
1562 760 1724 799 illorum
1753 761 2070 802 ministeriorum
2099 775 2186 815 pos·

1159 826 1254 861 sunt
1278 821 1458 873 religiosi
1486 834 1514 862 a
1535 822 1619 862 suis
1638 820 1819 862 Praelatis
1848 826 2053 862 constitui.
2086 826 2185 865 Item

1159 887 1324 934 propter
1345 884 1540 934 majorem
1558 883 1873 935 dependentiam
1895 896 2019 935 quam
2037 885 2186 926 subditi

1158 943 1173 983 1
1193 943 1313 982 abent
1330 955 1358 984 a
1375 944 1457 983 suis
1474 944 1667 993 Praelatis,
1687 956 1773 984 non
1790 945 1918 985 solum
1939 947 1981 985 in
2005 946 2186 985 muueri-

1157 1003 1236 1044 ius
1251 1009 1292 1045 et
1310 1005 1548 1044 ministeriis
1573 1006 1671 1050 suis,
1695 1005 1766 1045 sed
1783 1006 1907 1045 etiam
1931 1007 1976 1046 in
1999 1008 2186 1058 operibus

1158 1066 1427 1118 soenitentiae,
1450 1066 1772 1106 mortificationis
1791 1072 1831 1107 et
1854 1068 2072 1117 orationis,
2099 1068 2187 1121 qui-

1158 1127 1177 1167 }ss
1193 1128 1295 1167 usin
1314 1127 1550 1179 hujusmodi
1567 1128 1846 1168 occasionibus
1862 1130 1998 1180 juvari
2019 1130 2184 1170 debent.

1159 1187 1361 1230 Praeterea
1375 1220 1388 1240 ,
1407 1194 1574 1242 propter
1590 1191 1804 1241 specialem
1835 1192 2056 1243 quamdam
2077 1203 2186 1232 com·

1158 1251 1479 1291 municationem
1513 1254 1554 1290 et
1583 1251 1807 1291 fraternam
1826 1254 2037 1299 unionem,
2062 1266 2186 1305 quam

1157 1310 1244 1351 Paec
1261 1313 1406 1363 religio
1422 1311 1651 1365 profitetur,
1667 1314 1824 1352 ratione
1843 1315 1958 1365 cujus
1977 1320 2186 1366 peecatum

1158 1385 1177 1412 ’ξ
1190 1374 1278 1413 nius
1297 1374 1429 1426 magis
1448 1378 1583 1425 posset
1600 1373 1701 1414 alios
1723 1373 1902 1423 inficere,
1925 1376 2002 1414 nisi
2025 1388 2186 1417 summa

1156 1435 1372 1484 vigilantia
1398 1435 1706 1486 praeveniretur.
1740 1436 1906 1476 Accedit
1936 1438 2041 1488 quod
2064 1439 2184 1490 Juxta

1157 1494 1280 1548 huJ'us
1308 1496 1516 1547 religionis
1542 1497 1776 1535 institutum
1825 1499 2099 1537 necessarium
2127 1506 2186 1540 est

1158 1556 1208 1597 ab
1240 1557 1510 1596 adolescentia
1538 1561 1577 1597 et
1601 1558 1818 1609 juventute
1836 1558 2048 1608 religiosos
2074 1561 2118 1599 in
2137 1571 2183 1600 ea

1156 1618 1322 1659 educari
1343 1623 1384 1659 et
1403 1618 1583 1665 institui;
1610 1622 1732 1670 atque
1748 1620 1807 1658 ita
1825 1630 1974 1670 magna
1997 1631 2046 1660 ex
2072 1625 2184 1672 parte

1155 1679 1365 1730 religiosos
1384 1692 1468 1719 esse
1496 1679 1783 1728 adolescentes,
1801 1683 1845 1720 in
1866 1694 1947 1732 qua
1966 1685 2084 1720 aetate
2102 1694 2184 1722 ma-

1155 1743 1218 1793 gis
1250 1741 1438 1791 indigent
1460 1741 1718 1792 providentia
1748 1745 1788 1780 et
1806 1742 2020 1792 disciplina,
2041 1743 2184 1783 Prazla-

1155 1805 1316 1851 torum3
1347 1803 1391 1842 in
1426 1802 1507 1842 illis
1538 1814 1634 1853 ergo
1654 1802 1896 1854 regulariter
1918 1804 2004 1843 haec
2038 1806 2183 1845 notitia

1160 1862 1424 1904 Praelatorum
1442 1865 1669 1903 necessaria
1690 1869 1773 1914 est3
1806 1866 1850 1904 in
1871 1866 1960 1903 aliis
1979 1879 2090 1914 vero,
2113 1866 2183 1918 qui

1152 1924 1239 1976 jam
1261 1931 1357 1964 sunt
1383 1926 1646 1976 provectioris
1665 1926 1809 1966 aetatis.
1836 1925 1988 1976 diuque
2006 1927 2121 1966 fuere
2140 1927 2187 1967 in‘

1155 1987 1353 2036 religione
1384 1987 1571 2039 probati,
1615 1986 1849 2038 bonumque
1882 1988 1945 2026 sui
1979 1990 2182 2039 specimen

1155 2047 1354 2087 dederunt
1372 2078 1382 2095 ,
1411 2059 1502 2087 raro
1524 2059 1619 2086 cum
1636 2048 1778 2086 diviua
1803 2051 1933 2099 gratia
1953 2052 2031 2089 erit
2049 2053 2187 2090 neces?

1155 2110 1308 2149 sarium
1342 2108 1419 2149 hoc
1438 2109 1699 2160 providentiae
1718 2120 1870 2159 genus;
1892 2114 2055 2158 tamen,
2087 2113 2183 2162 quia

1155 2181 1314 2221 semper
1330 2171 1375 2208 in
1394 2170 1585 2221 periculis
1601 2180 1825 2217 versamur,
1840 2174 1880 2209 et
1893 2171 1988 2221 quia
2008 2183 2091 2210 non
2110 2171 2185 2212 ha·'

1154 2231 1296 2271 bemus
1315 2231 1447 2270 locum
1474 2231 1604 2270 fixum
1634 2237 1676 2271 et
1700 2235 1872 2280 certum,
1904 2238 1943 2270 et
1973 2234 2070 2283 quia
2098 2234 2186 2274 non'

1155 2304 1315 2344 semper
1334 2291 1444 2332 domi
1478 2291 1738 2331 continemur
1756 2296 1796 2332 et
1822 2292 2097 2345 includimur,
2112 2294 2181 2335 sed

1155 2359 1319 2407 propter
1341 2354 1514 2392 salutem
1532 2355 1813 2405 proximorum
1843 2366 1917 2405 per
1950 2358 2061 2395 varia
2091 2356 2181 2396 loca

1153 2415 1487 2467 peregrinamur,
1524 2426 1571 2454 ac
1600 2414 1774 2466 denique
1800 2416 1897 2465 quia
1917 2416 2186 2468 Superiorum'

1153 2476 1410 2528 providentia
1427 2473 1477 2515 ad
1500 2486 1640 2514 omnes
1658 2476 1862 2526 generalis
1881 2487 1967 2516 esse
1985 2478 2121 2527 debet,
2141 2483 2181 2518 et

1154 2549 1237 2577 non
1264 2549 1406 2576 omnes
1435 2541 1530 2576 sunt
1563 2548 1678 2588 aeque
1707 2542 1938 2578 constantes
1964 2550 2012 2579 ac
2038 2539 2149 2580 firmi
2165 2541 2185 2591 ,²

1154 2599 1245 2639 idco
1263 2598 1508 2650 generaliter
1526 2600 1727 2649 optimum
1750 2605 1823 2646 est,
1845 2605 1893 2638 ut
1912 2602 2019 2640 circa
2040 2600 2185 2641 omnes'

1152 2658 1221 2702 hic
1245 2661 1389 2699 modus
1413 2660 1606 2699 custodiae
1635 2672 1684 2699 ac
1703 2661 1969 2712 providentiae
1993 2661 2182 2703 observe-

1153 2725 1233 2761 tur.
1252 2722 1452 2769 Tandem,
1486 2725 1640 2772 quanto
1658 2721 1745 2761 haec
1762 2723 1905 2770 religio
1939 2725 2069 2773 magis
2087 2735 2181 2775 erga

1152 2783 1359 2836 proximos
1376 2789 1574 2829 versatur,
1602 2787 1719 2822 tanto
1747 2785 1878 2833 magis
1898 2785 2054 2835 indiget
2074 2786 2182 2826 hono

1153 2845 1319 2884 nornine
1340 2847 1381 2883 et
1405 2843 1516 2882 fama
1534 2845 1642 2895 apud
1662 2844 1766 2893 illos,
1784 2849 1872 2883 tum
1889 2850 1936 2884 ut
1954 2847 2031 2897 ipsi
2050 2844 2186 2897 proxi-³

1153 2905 1213 2945 mi
1231 2905 1376 2956 majori
1394 2917 1487 2944 cum
1506 2905 1656 2945 fiducia
1676 2911 1716 2944 et
1735 2907 1948 2945 securitate
1971 2908 2187 2946 conscien-'

1153 2967 1232 3007 tias
1260 2978 1353 3006 suas
1384 2967 1581 3018 operariis
1616 2966 1827 3006 Societatis
1857 2968 2042 3020 aperiant
2058 2978 2071 3018 3
2093 2973 2182 3007 tum

1154 3033 1203 3070 ut
1227 3040 1278 3068 ex
1300 3033 1413 3081 parte
1433 3030 1631 3068 sociorum
1656 3030 1883 3068 ministeria
1911 3042 2006 3070 cum
2038 3030 2183 3081 majori

1154 3090 1288 3130 fructu
1302 3095 1342 3129 et
1354 3090 1528 3130 efficacia
1538 3102 1630 3142 pera
1636 3095 1786 3141 gantur
1793 3106 1805 3140 3
1818 3091 1867 3131 ad
1884 3096 2033 3130 Utrum(
2036 3103 2102 3142 1ue
2113 3100 2183 3130 au-

1154 3157 1239 3193 tem
1256 3153 1380 3192 finem
1400 3154 1577 3193 maxime
1595 3158 1770 3205 oportet,
1792 3159 1839 3193 ut
1858 3155 2011 3192 bonum
2030 3162 2183 3193 nomen

1159 3226 1243 3256 non
1258 3214 1402 3255 fictum
1420 3220 1460 3255 et
1478 3215 1660 3255 fucatum
1680 3216 1759 3263 sit,
1780 3216 1847 3255 sed
1865 3215 1908 3253 in
1928 3226 2025 3254 vera
2048 3225 2097 3254 ac
2120 3225 2184 3254 so·

1159 3275 1242 3317 lida
1270 3277 1422 3317 virtute
1453 3277 1695 3325 fundatum3
1727 3276 1835 3328 quod
1865 3277 1936 3315 vix
1971 3279 2044 3315 aut
2072 3273 2184 3315 nullo

1161 3337 1283 3378 modo
1302 3337 1393 3378 fieri
1423 3343 1494 3379 aut
1514 3340 1745 3379 conservari
1764 3340 1920 3388 potest,
1944 3337 2024 3377 nisi
2054 3337 2185 3389 Supe-

1160 3400 1246 3439 rior
1264 3411 1428 3439 suorum
1448 3400 1702 3440 subditorum
1721 3399 1900 3438 defectus
1918 3402 2122 3450 agnoscat,
2137 3399 2190 3437 ut

1161 3472 1423 3514 unumquem
1427 3475 1497 3515 pie
1515 3461 1688 3515 applicet
1708 3460 1756 3497 ad
1779 3472 1867 3499 eam
1883 3472 1993 3503 rem,
2014 3459 2079 3496 cui
2096 3457 2184 3498 sine

1155 3532 1228 3559 suo
1243 3520 1491 3558 detrimento
1506 3523 1546 3557 et
1563 3516 1848 3569 proximorum
1860 3513 2050 3553 seandalo
2063 3513 2192 3565 possit

1155 3581 1375 3623 deservire
1400 3584 1441 3621 et
1471 3583 1518 3619 ut
1548 3589 1671 3630 quem
1698 3576 1911 3617 infirmum
1930 3588 2015 3616 esse
2035 3587 2188 3628 cogno-
