2352 3880
265 229 268 236 '
289 212 293 227 ’
403 236 507 275 w.
528 234 695 274 antina
713 228 857 272 vorsu
875 200 1234 270 misoscum
1253 230 1539 267 criscecum
1558 229 2258 290 tusculana-1
2279 271 2305 290 2

1147 296 1397 354 obligariad
1423 309 1512 360 non
1526 294 1835 350 acceptandum
1856 294 1906 345 in
1932 294 2054 351 cmii
2080 278 2182 348 casn
2235 290 2244 308 ³
2266 302 2274 306 “
2310 292 2352 349 J

258 384 280 402 ι
284 370 361 413 :et
374 364 445 405 alii
458 364 582 416 plene
602 362 758 404 simnes
769 362 902 402 videri
922 361 1097 470 possunt
1145 369 1232 398 non
1248 361 1472 410 precepto.

99 335 163 355 ‚2
193 275 465 354 ἰ’.Ἄιὶαιόνᾶἰοιῆ
485 313 540 344 ex
557 301 740 343 Concilio
759 298 979 350 meldensi,
992 307 1091 350 nep.

20 511 27 531 =.
43 486 55 531 'J
73 493 113 538 'g
115 489 178 533 Μ
194 489 286 540 quis
305 489 439 539 Papa,
457 487 502 526 d.
522 488 600 536 393
615 489 662 525 et
680 485 723 524 in
741 446 922 524 Concilio
942 444 1094 524 Roma-

0 572 2 605 3
88 559 106 585 ⁸«
123 549 211 592 sub
232 548 472 589 Innocentio
487 549 539 593 11,
549 551 592 586 et
602 559 641 586 c.
661 545 909 597 Apo-stoma,
924 547 966 593 8,
976 556 1023 597 q.
1040 546 1090 594 ¹;

27 606 35 662 ’χ
52 630 61 652 a
120 610 376 652 concordant
393 609 519 649 etiam
540 609 636 660 jura
656 607 810 654 civilia,
831 611 877 646 ut
898 611 1038 658 patet
1033 616 1092 645 ex

0 661 138 730 subg,
163 672 398 719 Sancimus,
418 670 463 710 C.
473 669 535 709 ad
550 669 707 720 Legem
725 668 879 708 Juliam
894 672 1092 720 repetun-

0 762 2 767 .
32 735 220 787 {flu-um,
241 745 367 784 quam
388 731 513 772 refer-t
532 731 657 771 etiam
678 731 915 780 Gratianus,
927 734 967 779 1,
982 742 1028 782 q.
1050 732 1090 780 7,

32 807 150 848 φωρ.
173 794 419 841 Saucz‘ms;
449 797 491 833 et
513 793 631 844 plura
652 793 704 833 de
729 793 808 833 hac
831 793 1007 832 materia
1032 791 1094 833 vi·

0 855 145 905 ’ἐπὶ
164 855 365 906 possunt
355 867 397 894 in
419 854 685 904 Simanquas‚
706 854 778 895 lib.
817 856 843 894 2
873 854 926 894 de
958 855 1094 905 Repu·

0 942 2 945 -
28 907 178 965 Q,
207 928 299 968 cap.
329 928 456 964 nono,
483 916 648 956 decimo
680 920 724 957 et
757 928 877 968 seq.;
905 917 1092 957 Joannes

55 979 270 1027 Uatienzm
302 979 345 1017 in
385 979 556 1030 Dialogo
595 979 810 1028 Relatoris,
846 980 909 1026 4,
907 990 1005 1029 cap.
1041 979 1090 1028 4;

33 1040 290 1084 Alexander
315 1039 370 1083 ab
391 1041 634 1091 Alexandr„
653 1042 727 1085 lib
746 1043 792 1093 3,
810 1052 902 1095 cap.
929 1039 1092 1084 decimo

38 1102 246 1159 'teptimm

425 1241 596 1284 CAPUT
623 1241 724 1282 vm.

53 1390 110 1426 AR
134 1391 271 1422 VOTUM
288 1391 366 1422 NON
389 1390 632 1421 AGCEPTANDI
650 1388 916 1421 EPISCOPATUM
942 1389 1093 1424 ABSQUE

106 1453 330 1485 SUPERIORIS
354 1452 574 1491 PRAEGEPTQ
603 1450 906 1485 GONVENIENTER
931 1451 1026 1482 FIAT
1052 1450 1094 1481 IN

107 1514 334 1547 SOGOETATE.

110 1646 148 1687 1.
181 1645 430 1697 Explicatur
465 1645 630 1686 tertium
665 1648 799 1686 vatum
835 1642 1021 1696 simplex.
1040 1663 1094 1674 -

55 1707 242 1747 Tertium
262 1711 404 1746 votum
427 1706 617 1758 simplex,
643 1706 755 1757 quod
783 1705 829 1744 fit
843 1717 872 1745 a
894 1703 1092 1743 Professis

58 1768 288 1817 Societatis,
321 1769 430 1808 ultra
449 1780 500 1807 ea
521 1779 614 1818 quae
646 1767 826 1807 diximus
860 1767 903 1805 in
936 1777 1094 1817 praece-

55 1830 171 1871 denti
201 1841 313 1882 cap„
344 1830 396 1868 de
425 1829 737 1880 praelationibus
765 1832 879 1867 extra
911 1828 1092 1867 Societa-

58 1896 154 1940 tem,
179 1889 351 1930 includit
370 1895 533 1942 partem
552 1891 693 1936 aliam,
710 1901 803 1939 quae
820 1889 898 1927 sub
915 1888 980 1927 his
1001 1900 1093 1927 ver-

53 1953 120 1994 his
137 1952 373 2004 profertur:
403 1951 491 1994 Nec
509 1961 790 1992 consensurum
807 1951 855 1989 ¹iu
889 1950 966 1989 mei
996 1949 1092 1989 eleo-

56 2015 215 2062 iiouem,
231 2015 422 2065 quautam
439 2013 483 2052 in
498 2024 558 2053 me
573 2013 718 2061 suerit,
733 2012 816 2050 nisi
832 2013 992 2051 coactus
1008 2009 1092 2050 obe·

55 2075 206 2118 aientia
227 2076 327 2126 ejus,
350 2076 419 2126 qui
437 2075 538 2115 milti
552 2074 769 2126 praecipere
785 2076 912 2123 potest
928 2072 998 2112 sub
1007 2083 1094 2123 ρω-

55 2138 290 2190 napeocati.
315 2137 392 2175 Per
417 2147 509 2187 quae
537 2135 663 2174 verba
683 2133 957 2184 amplificatur
976 2134 1092 2183 prius

54 2202 211 2245 vntum,
230 2202 271 2237 et
287 2197 407 2248 quasi
419 2209 574 2236 novum
585 2200 728 2235 votum
748 2195 962 2241 emittitur,
984 2196 1094 2245 ejus-

55 2271 137 2312 que
155 2260 332 2314 materia
353 2259 634 2310 praelationem
656 2269 823 2296 omnem
845 2261 885 2295 et
915 2257 1095 2308 dignita-

55 2325 142 2363 tem
178 2323 296 2361 extra
333 2321 582 2361 Societatem
620 2318 958 2370 comprehendit3
997 2329 1092 2357 eam

55 2393 152 2424 vero
171 2381 215 2420 in
233 2382 352 2421 titulo
373 2382 517 2433 capitis
534 2381 703 2420 nomine
732 2381 1008 2432 Episcopatus
1039 2378 1092 2418 si·

25 2437 28 2440 ⁴
56 2442 362 2496 gnificavimus,
395 2443 492 2494 quia
529 2443 574 2481 in
604 2442 676 2481 illo
711 2441 872 2480 facilius
909 2441 1092 2480 cernitur

54 2505 275 2548 difficultas
305 2504 430 2555 hujus
449 2504 548 2551 voti,
570 2507 616 2541 ut
634 2502 894 2550 videbimus;
927 2507 969 2542 et
993 2502 1092 2543 inde

32 2558 34 2560 ¹
54 2566 179 2607 facile
198 2570 334 2618 potest
354 2566 542 2605 doctrina
567 2565 622 2604 ad
653 2565 836 2616 reliquas
867 2565 1092 2616 dignitates

45 2628 273 2681 ⁵applicari.
294 2627 437 2673 Quoad
462 2626 748 2678 praelationem
771 2638 866 2664 vero
882 2626 991 2664 intra
1015 2624 1091 2664 So-

51 2693 267 2739 cietatem,
287 2701 372 2727 non
402 2689 479 2727 fuit
500 2687 916 2728 conveniens'facere'
947 2687 1092 2737 hujus-

50 2745 167 2799 ssmodi
183 2751 510 2804 ampliationem,
532 2750 629 2801 quia
648 2749 820 2788 intentio
838 2748 1092 2788 instituentis

51 2825 130 2861 seu
147 2814 393 2861 fundatoris,
411 2824 497 2852 non
519 2812 596 2851 fuit
621 2815 667 2850 ut
700 2811 962 2862 praelationes
980 2812 1090 2850 intra

49 2875 303 2919 ‘Societatem
323 2887 408 2914 non
432 2874 667 2913 habeantur
675 2884 689 2923 3
710 2873 792 2912 hoc
824 2874 935 2912 enim
966 2885 1090 2924 repu-

51 2941 201 2991 genet
219 2936 509 2988 gubernationi
524 2935 655 2987 ipsius
676 2935 907 2982 Societatis,
927 2939 969 2974 et
992 2935 1089 2974 ideo

14 3014 17 3015 ⁷
48 3003 140 3042 §nun
157 2999 337 3050 oportuit
356 2997 596 3050 promittere
620 2997 712 3036 illas
743 3008 827 3035 non
851 3001 1084 3048 acceptare,

51 3059 276 3106 findsolum
285 3071 370 3099 non
387 3058 661 3111 proetendere.
684 3058 777 3098 Fuit
795 3061 937 3097 autem
951 3058 1088 3098 inten-

0 3138 15 3146 -’
47 3119 322 3172 ,ὑψωθῶ
341 3120 608 3167 instituentis,
631 3121 806 3159 utvextra
838 3119 1089 3160 Societatem

12 3185 19 3190 '
159 3182 228 3221 'no
248 3193 332 3222 non
350 3181 599 3230 habeantur,
612 3181 758 3234 quoad
778 3180 869 3219 fieri
885 3181 1031 3232 possit,
1048 3185 1091 3222 et

127 3254 153 3282 o
170 3242 299 3282 voluit
315 3246 361 3282 ut
374 3242 548 3294 professi
565 3243 866 3295 obligarentur,
882 3246 1086 3292 quantum

115 3307 243 3352 ssent,
263 3303 314 3342 ad
335 3315 422 3342 non
439 3305 720 3355 acceptandas
747 3304 858 3344 illas.
891 3305 983 3344 Non
1012 3316 1088 3355 pn-

192 3371 230 3404 t
253 3367 395 3404 autem
414 3364 600 3416 >obligari
625 3366 866 3417 simpliciter
890 3369 936 3404 et
967 3365 1088 3405 ahso-

150 3455 161 3476 ,
178 3425 281 3476 quia
310 3436 397 3464 non
413 3429 588 3477 possunt
613 3425 723 3467 licite
754 3427 951 3471 resistere
982 3437 1089 3477 prae-

165 3504 173 3521 ι
204 3485 447 3538 Superioris,
469 3490 516 3526 et
529 3489 675 3526 votum
692 3498 786 3527 esse
808 3487 934 3527 debet
959 3486 1017 3526 (10
1039 3498 1090 3528 re

205 3549 328 3588 Extra
352 3558 497 3588 casum
517 3550 661 3587 autem
690 3547 889 3599 praenepti
915 3551 1090 3599 possunt

161 3632 164 3634 -
204 3619 293 3652 non
305 3613 542 3664 acceptare,
559 3610 603 3654 et
612 3607 707 3651 ideo
723 3612 951 3663 potuerunt
961 3609 1090 3655 etiam

1200 420 1242 458 2.
1272 418 1476 471 Arquitwr
1484 418 1580 470 jam
1594 428 1670 470 pro
1685 422 1804 490 pur&
1825 423 2006 492 manta.
2027 438 2083 453 ·-
2096 395 2185 466 Att-

1142 481 1325 534 sumenti
1345 479 1477 530 major
1492 479 1686 529 probatur
1711 493 1930 532 prmo.—
1876 482 2064 523 -Hiuc
2083 493 2185 527 vero

1145 541 1277 580 oritur
1295 539 1540 579 difficultas:
1556 539 1656 591 quia
1673 545 1818 582 votum
1838 555 1923 584 non
1942 544 2077 584 solum
2092 556 2185 585 esse

1144 601 1271 641 debet
1289 601 1343 641 de
1364 612 1411 641 re
1431 600 1560 648 licita,
1586 612 1662 640 seu
1674 613 1760 641 non
1779 604 1906 653 mala,
1929 605 2007 649 sm}
2023 600 2187 657 oportet

1144 666 1195 703 ut
1212 663 1264 702 sit
1285 662 1339 702 de
1358 662 1520 701 meliori
1541 661 1676 710 bono;
1701 663 1776 703 sed
1797 664 1878 704 hoc
1896 670 2035 705 votum
2052 671 2116 707 est
2131 666 2185 707 de

1145 735 1192 765 re
1210 735 1305 776 quae
1326 723 1500 774 impedit
1520 723 1656 774 majus
1674 723 1860 772 bonum;
1878 736 1963 764 non
1983 727 2110 776 igitur
2123 730 2187 767 est

1146 785 1346 830 validum,
1368 797 1448 824 nec
1466 783 1720 824 conveniens
1739 788 1899 825 votum.
1926 786 2062 826 Minor
2092 798 2186 838 pro-

1145 845 1270 886 batur
1287 846 1438 897 primo,
1454 844 1553 898 quia
1571 846 1723 887 melius
1739 851 1804 887 est
1822 847 1994 887 obedire
2009 848 2187 898 simplici

1145 907 1274 947 verbo
1311 908 1498 956 Praelati,
1532 919 1658 958 quam
1691 910 1915 960 expectare
1949 909 2187 959 rigni-osum

1146 973 1401 1021 praeceptum
1416 970 1527 1020 ejus.
1545 970 1607 1009 lta
1627 969 1738 1008 enim
1758 969 1974 1022 distinguit
1991 971 2189 1011 obedien-

1147 1033 1249 1071 tiam
1277 1030 1505 1082 perfectam
1525 1043 1550 1071 a
1581 1032 1820 1072 necessasia
1850 1034 1901 1072 D.
1933 1033 2186 1083 Bernardus,

1147 1092 1219 1133 lib.
1242 1093 1295 1132 de
1322 1094 1529 1144 Praecepto
1548 1097 1588 1132 et
1609 1094 1852 1144 dispensat„
1872 1106 1911 1134 0.
1940 1097 1990 1134 12
2012 1098 2053 1133 et
2068 1105 2157 1144 seq.
2167 1105 2186 1141 .;

1149 1159 1191 1195 et
1209 1155 1255 1194 D.
1279 1155 1427 1194 Thom.
1449 1157 1488 1195 2.
1509 1157 1551 1203 2,
1573 1168 1617 1207 q.
1639 1157 1733 1204 104,
1754 1159 1831 1195 art.
1847 1157 1888 1204 5,
1910 1156 1964 1195 ad
1979 1157 2031 1203 3;
2054 1159 2095 1195 et
2114 1156 2189 1195 do-

1148 1217 1234 1258 cuit
1254 1218 1379 1256 etiam
1402 1218 1450 1256 B.
1484 1218 1684 1268 Ignatius,
1704 1222 1821 1258 sexta
1846 1223 1961 1271 parte
1982 1219 2187 1258 Constitu-

1146 1278 1323 1328 tionum,
1346 1290 1437 1331 cap.
1461 1281 1500 1326 1,
1522 1279 1544 1330 ἓ
1567 1282 1606 1328 1,
1623 1291 1785 1330 nosque
1808 1280 1852 1318 in
1871 1279 1946 1319 lib.
1965 1282 2006 1329 4,
2021 1280 2186 1329 agendo

1147 1339 1201 1379 (10
1236 1341 1488 1389 obedientia,
1527 1341 1860 1392 perstrinximus.
1889 1343 2000 1393 Ergo
2032 1354 2186 1381 vovere

1147 1412 1234 1441 non
1255 1402 1426 1442 obedire
1464 1403 1639 1442 Praelato
1655 1432 1667 1453 ,
1705 1403 1786 1442 nisi
1816 1403 2004 1454 rigorose
2040 1403 2188 1454 praeci-

1146 1465 1292 1516 pienti,
1317 1469 1380 1503 est
1397 1468 1541 1503 votum
1562 1465 1847 1515 impeditivum
1868 1465 2039 1516 majoris
2062 1466 2184 1511 boni;

1147 1530 1344 1576 essetque
1365 1526 1446 1565 hoc
1463 1528 1608 1564 'votum
1626 1527 1954 1577 reprehensibile
1982 1527 2024 1565 in
2057 1526 2190 1577 quoti,-

1147 1585 1219 1626 bet
1237 1587 1450 1638 religioso,
1470 1591 1668 1638 respectu
1685 1588 1748 1626 sui
1766 1589 1946 1627 Praelati.
1962 1589 2102 1628 Simile
2116 1601 2188 1627 au—

1146 1651 1233 1688 tem
1252 1649 1419 1688 videtur
1451 1660 1542 1688 esse
1565 1649 1610 1687 in
1636 1650 1853 1700 praesenti3
1883 1662 1981 1688 nam
2010 1662 2085 1700 per
2106 1650 2191 1690 hoc

1147 1716 1292 1748 votum
1339 1710 1496 1749 tollitur
1534 1710 1705 1749 libertas
1740 1711 1962 1750 obediendi
2001 1711 2190 1751 Pontifici

1148 1771 1391 1822 simpliciter
1413 1772 1630 1810 mandanti
1657 1772 1846 1823 accipere
1877 1773 2186 1823 Episcopatum,

1147 1832 1282 1871 donec
1314 1844 1410 1872 cum
1445 1834 1583 1883 rigore
1605 1833 1832 1883 praecipiat.
1857 1833 1974 1879 Quod
1999 1834 2088 1884 pari
2122 1846 2190 1872 ra—

1145 1893 1260 1932 tione
1277 1898 1344 1932 est
1362 1897 1510 1933 contra
1528 1893 1828 1945 perfectionem
1847 1894 2095 1934 obedientiae
2114 1894 2189 1934 de-

1143 1954 1244 1993 bitae
1265 1954 1470 1993 Pontifici.

1198 2016 1238 2054 3.
1271 2015 1478 2054 Probatur
1509 2015 1641 2056 eadem
1671 2017 1806 2056 minor
1833 2017 2014 2057 secundo:
2035 2037 2088 2048 -—
2111 2018 2188 2058 Se-

1143 2076 1285 2116 cundo
1306 2080 1443 2128 potest
1463 2076 1587 2115 etiam
1607 2077 1677 2116 alii
1705 2077 1829 2116 modo
1853 2078 1930 2116 hoc
1949 2083 2089 2117 votum
2113 2079 2187 2118 im-

1148 2137 1292 2189 pedire
1311 2138 1448 2188 majus
1464 2138 1637 2185 bonum,
1660 2138 1759 2188 quia
1778 2139 1987 2178 interdum
2009 2140 2087 2179 erit
2100 2153 2186 2179 ma-

1143 2200 1214 2249 jus
1233 2198 1306 2238 Dei
1336 2198 1584 2249 obsequium
1620 2203 1837 2250 acceptare
1874 2201 2181 2252 Episcopatum,

1148 2261 1309 2300 etiamsi
1330 2259 1519 2299 Pontifex
1547 2272 1631 2299 non
1655 2261 1893 2312 praecipiat;
1917 2274 2017 2313 ergo
2054 2263 2087 2301 si
2114 2276 2185 2302 vo-

1146 2326 1235 2362 tum
1246 2321 1421 2373 impedit
1436 2326 1533 2361 tunc
1549 2322 1895 2372 acceptationem,
1909 2323 2082 2375 impedit
2096 2338 2185 2365 ma-

1141 2385 1212 2434 jus
1241 2384 1425 2431 bonum;
1462 2396 1564 2435 ergo
1601 2384 1886 2434 imprudenter
1921 2385 1967 2424 fit
2000 2398 2093 2425 cum
2115 2388 2183 2426 illa

1146 2446 1434 2497 generalitate,
1455 2445 1531 2484 sed
1545 2445 1735 2484 limitatio
1758 2458 1849 2485 esse
1870 2446 2082 2488 debuisset
2099 2461 2183 2488 non

1144 2507 1404 2558 acceptandi,
1426 2508 1510 2547 uisi
1535 2507 1603 2547 ubz'
1635 2511 1785 2548 certum
1812 2513 1910 2549 esset
1939 2511 2074 2560 majus
2104 2511 2183 2550 Dei

1146 2569 1382 2619 obsequium.
1417 2567 1679 2607 Antecedens
1707 2573 1836 2620 patet,
1857 2570 1972 2620 quia,
1992 2571 2183 2610 conside-

1143 2634 1234 2669 rato
1257 2629 1434 2680 objecto,
1455 2633 1496 2668 et
1512 2630 1835 2669 circumstantiis
1852 2643 1942 2680 quae
1963 2643 2181 2673 occurrere

1145 2694 1334 2741 possunt,
1357 2690 1536 2728 dubitari
1555 2702 1641 2729 non
1662 2693 1813 2742 potest,
1829 2692 1931 2742 quin
1946 2704 2062 2743 vsaepe
2076 2706 2179 2732 con-

1145 2751 1306 2802 tingere
1320 2751 1448 2802 possit
1466 2763 1602 2800 casus,
1618 2752 1661 2790 in
1681 2763 1764 2802 quo
1783 2754 1918 2804 maJ'us
1932 2755 2181 2794 sacrificium

1145 2814 1230 2852 Deo
1259 2813 1313 2851 sit
1331 2817 1550 2863 acceptare
1575 2824 1702 2862 quam
1719 2814 1940 2864 repudiare
1957 2817 2182 2868 Episcopa-

1143 2879 1245 2921 tum‚
1268 2878 1314 2913 ut
1334 2874 1459 2913 etiam
1479 2879 1643 2914 constat
1661 2887 1713 2915 ex
1732 2875 1851 2915 dictis
1868 2877 1914 2915 in
1927 2877 2180 2927 ,praecedenti

1142 2947 1233 2987 cap.
1259 2937 1350 2975 Non
1381 2941 1444 2975 est
1471 2941 1612 2975 autem
1630 2949 1803 2976 necesse
1831 2941 1878 2978 ut
1910 2938 1955 2977 in
1986 2939 2180 2979 omnibus

1139 2997 1206 3037 his
1243 2998 1408 3037 casibus
1447 2997 1635 3037 Pontifex
1671 2998 1872 3051 adjungat
1906 3005 2179 3052 praeceptum,

1142 3057 1241 3111 quia
1261 3059 1339 3098 hoc
1365 3059 1520 3110 pendet
1538 3071 1590 3099 ex
1608 3060 1737 3100 libera
1770 3062 1981 3102 voluntate
2013 3064 2118 3114 ejus,
2139 3067 2180 3101 et

1142 3121 1266 3160 variae
1294 3121 1478 3160 rationes
1515 3133 1734 3162 occurrere
1759 3128 1950 3174 possunt,
1979 3123 2038 3163 ob
2075 3136 2179 3173 quas

1144 3182 1247 3222 nolit
1266 3182 1455 3222 absolute
1470 3183 1712 3234 proecipere,
1724 3183 1822 3224 licet
1831 3185 1984 3232 valeat,
2002 3184 2076 3223 sed
2093 3190 2179 3223 tan-

1139 3247 1228 3283 tum
1249 3244 1412 3284 offerre.
1446 3245 1550 3293 Imo,
1581 3245 1806 3296 aliquando
1833 3250 1970 3297 potest
1991 3246 2177 3285 accidere

1140 3308 1187 3344 ut
1205 3310 1422 3357 acceptare
1436 3307 1730 3358 Episcopatum
1742 3307 1795 3347 sit
1813 3308 1989 3347 materia
2002 3305 2175 3353 consilii,

1141 3371 1184 3407 et
1218 3379 1305 3408 non
1334 3369 1546 3420 praeoepti,
1580 3369 1698 3420 quod
1730 3369 1905 3421 proinde
1933 3381 2018 3408 non
2048 3368 2179 3418 possit

1143 3429 1270 3469 etiam
1298 3439 1327 3468 a
1363 3429 1560 3470 Pontifice
1591 3430 1763 3482 imponi.
1788 3431 1891 3479 Quia
1923 3434 2052 3469 status
2071 3427 2177 3467 adeo

1140 3490 1348 3543 poitectus
1361 3503 1447 3531 non
1468 3495 1606 3542 potest
1616 3491 1785 3543 praecipi
1799 3491 1887 3530 sine
1901 3489 2018 3539 graevi
2030 3499 2178 3528 neces-

1141 3550 1286 3601 sitate3
1302 3555 1442 3603 potest
1451 3556 1592 3592 autem
1603 3551 1764 3592 consuli
1781 3553 1948 3602 propter
1954 3549 2093 3600 maj-us
2102 3549 2177 3590 nei

1142 3611 1405 3668 obsequium,
1412 3613 1705 3667 maioremque
1724 3611 2177 3666 pei-teotmempmxi·
