2352 3880
81 234 198 281 muni
224 230 517 278 Ecclesiastico
547 232 670 284 jure,
706 241 759 272 ac
794 227 1111 278 consuetudine,

0 281 29 356 ἶ(
81 286 188 339 nior
205 306 289 335 non
306 297 442 346 potest
458 292 651 345 compelli
667 290 720 330 ad
734 289 1040 342 expectandum
1053 286 1115 327 ni·

2 353 23 362 ‘⁷
80 357 118 400 si
138 368 215 409 per
234 367 391 402 annum
409 358 503 407 post
518 352 799 406 receptionem
817 351 1000 398 habitus,
1020 359 1114 402 quae

23 455 26 457 Α
81 420 208 462 etiam
226 430 313 459 non
335 421 472 470 potest
489 415 596 456 ultra
613 415 720 455 duos
743 423 912 454 menses
929 411 1081 454 differri
1098 424 1110 460 ς

81 493 182 534 ergo
224 483 396 533 propter
425 477 651 531 specialem
689 474 908 517 Societatis
945 473 1115 515 modum

23 557 26 560 ’
81 543 191 584 circa
233 541 526 595 probationem
557 539 822 585 novitiorum,
856 548 940 578 non
980 539 1116 589 potest

79 618 186 646 uxor
200 604 326 644 invita
341 603 432 654 cogi
450 602 502 641 ad
524 599 846 653 expectandum3
870 610 1040 639 necesse
1055 601 1117 638 est

16 691 20 694 -
81 678 183 720 ergo
202 669 248 705 ut
265 665 330 704 vel
350 665 440 716 ipsa
460 662 706 711 consentiat,
721 662 786 701 vel
806 661 989 701 Societas
1003 659 1047 699 in
1065 668 1114 699 eo

79 733 266 780 tempore
277 726 505 778 dispenset,
528 724 640 778 quod
654 736 704 764 ex
715 724 830 775 justa
849 724 974 763 etiam
990 732 1116 762 causa

79 789 216 830 facere
230 791 379 840 potest.
402 789 504 835 Quae
521 786 660 825 omnia
682 798 760 825 usu
775 786 898 825 etiam
914 785 1005 836 ipso
1021 796 1117 823 con-

79 851 312 897 firmantur,
331 861 411 901 quo
425 849 520 900 jura
535 852 646 888 recte
661 848 998 899 interpretamur,
1017 856 1117 884 nam

79 915 251 967 propter
273 914 360 952 haec
376 911 640 951 incommoda
661 909 845 957 vitanda,
868 914 908 949 et
927 908 1023 960 quia
1039 907 1118 947 dis-

81 975 270 1029 pensatio
283 975 326 1013 in
343 979 528 1025 tempore
542 971 699 1013 biennii
714 976 808 1011 ante
817 970 1117 1022 professionem

83 1037 314 1078 solemnem
346 1035 557 1075 rarissime
577 1035 620 1074 in
641 1035 720 1073 hac
746 1032 950 1084 religione
970 1035 1056 1079 est,
1077 1034 1118 1071 et

82 1098 153 1138 vix
171 1098 302 1138 semel
320 1100 392 1137 aut
408 1098 555 1137 iterum
573 1106 782 1142 concessa,
804 1093 898 1132 ideo
915 1104 994 1131 usu
1013 1103 1118 1131 sem-

83 1171 160 1212 per
189 1163 399 1200 servatum
435 1162 510 1206 est,
547 1160 594 1195 ut
615 1166 740 1194 nemo
770 1155 926 1205 ligatus
951 1154 1116 1194 vinculo

84 1220 335 1261 matrImonii
355 1219 433 1259 rati
450 1220 491 1257 in
515 1218 763 1256 Societatem
787 1217 1035 1267 recipiatur3
1059 1217 1118 1254 in-

85 1282 292 1323 tellectum
315 1279 439 1325 enim,
463 1281 507 1316 ut
524 1276 663 1323 credo,
685 1280 745 1316 est
772 1277 984 1316 vinculum
1018 1276 1120 1316 illud

86 1356 168 1383 non
182 1353 303 1395 posse
315 1339 483 1380 dissolvi
497 1339 655 1390 absque
674 1337 948 1390 professione,
962 1340 1001 1376 et
1017 1337 1119 1375 alio-

87 1402 155 1454 qui
187 1406 354 1442 cautum
393 1404 454 1441 est
495 1412 553 1440 ne
585 1399 789 1452 professio
822 1402 916 1438 ante
953 1402 1118 1450 tempus

82 1464 366 1517 praescriptum
383 1464 518 1511 detur,
536 1460 614 1501 nisi
632 1473 681 1501 ex
696 1459 950 1513 gravissimis
965 1460 1117 1507 causis,

85 1537 174 1578 quae
193 1526 246 1564 ad
266 1524 504 1578 hujusmodi
522 1523 805 1576 receptionem
815 1534 910 1565 raro
927 1525 999 1563 aut
1015 1532 1121 1564 nun-

83 1598 211 1640 quam
231 1591 470 1627 occurrunt.

138 1650 206 1691 214.
236 1649 305 1690 Aa
323 1650 486 1691 tertiam
510 1642 848 1698 confirmationem
874 1646 919 1687 in
937 1646 1018 1687 eod.
1047 1655 1122 1686 nu-

85 1720 189 1752 mero
208 1713 248 1751 2.
264 1732 318 1740 -
334 1709 396 1750 Ad
420 1710 585 1751 tertiam
601 1707 981 1756 confirmationem,
1007 1706 1042 1747 si
1069 1708 1119 1747 il-

85 1773 183 1813 latio
205 1772 315 1813 bona
335 1776 459 1819 esset,
495 1772 617 1812 etiam
648 1770 846 1822 probaret
876 1782 901 1809 a
932 1774 1121 1821 tempore

87 1834 146 1873 Pii
165 1834 200 1873 V
217 1834 306 1873 haec
323 1837 418 1873 vota
437 1833 670 1872 reddidisse
693 1832 899 1870 inhabiles
920 1842 1122 1882 personas

85 1895 138 1935 ad
157 1895 482 1941 matrimonium,
497 1898 621 1945 atque
635 1892 818 1932 irritasse
832 1893 1118 1939 subsecutum

85 1956 182 2009 quia
199 1956 287 1995 haec
308 1957 431 1995 etiam
454 1960 515 1995 est
533 1953 864 2007 dispositiojuris
887 1954 1119 1993 communis

83 2017 320 2059 favorabilis
338 2018 543 2069 religioni,
569 2022 609 2056 et
627 2015 729 2068 ipsis
755 2014 973 2068 religiosis,
999 2020 1045 2055 ut
1076 2015 1119 2054 in

85 2090 160 2121 suo
180 2082 287 2118 statu
307 2080 439 2131 magis
452 2078 578 2130 quieti
591 2077 686 2117 sint.
702 2079 870 2118 Constat
885 2082 1025 2117 autem
1040 2077 1119 2118 hoc

84 2152 169 2182 non
189 2153 279 2181 esse
294 2153 456 2190 verum,
472 2153 549 2180 nec
562 2140 678 2191 sequi
693 2151 702 2187 ;
717 2151 816 2190 ergo
828 2150 904 2179 nec
921 2140 1117 2190 primum.

84 2203 266 2254 Negatur
288 2215 388 2254 ergo
410 2202 723 2253 consequentia,
745 2205 833 2240 tum
854 2202 950 2252 quia
973 2201 1067 2240 Pius
1086 2200 1122 2241 V

85 2275 171 2303 non
190 2264 372 2315 loquitur
397 2264 450 2304 de
486 2263 792 2303 conditionibus
814 2263 986 2302 annexis
1019 2262 1118 2314 ipsis

86 2324 206 2373 votis,
231 2326 304 2364 sed
329 2325 382 2365 de
413 2325 638 2377 privilegiis
669 2329 710 2364 et
742 2326 882 2377 gratiis
910 2324 1120 2364 concessis

85 2385 185 2438 ipsis
215 2387 428 2437 personis3
452 2391 540 2426 tum
562 2387 685 2426 etiam
722 2387 818 2437 quia
845 2398 929 2425 non
959 2386 1043 2439 agit
1067 2386 1120 2426 de

86 2447 425 2499 dispositionibus
441 2448 546 2499 juris
570 2448 802 2486 communis
819 2478 828 2495 ,
851 2459 943 2498 quae
971 2448 1118 2486 alienae

85 2514 183 2549 sunt
200 2510 266 2548 vel
286 2513 568 2561 repugnantes
589 2509 754 2561 speciali
770 2510 867 2560 juri,
892 2513 933 2548 et
958 2509 1121 2548 institu-

84 2569 184 2611 tioni
203 2570 441 2621 approbatae
467 2571 509 2608 in
528 2571 748 2620 Societate,
769 2570 843 2611 sed
860 2571 912 2612 de
931 2571 1010 2611 illis
1026 2582 1121 2621 quae

81 2631 277 2687 religioso
301 2632 424 2674 statui
443 2643 688 2674 communes
705 2636 815 2674 sunt.

473 2768 640 2810 CAPUT
665 2768 730 2813 ΙΙΙ.

82 2890 221 2930 QUIBUS
240 2887 377 2924 mnus
401 2892 526 2923 mvnr
554 2891 736 2922 somnus
764 2890 946 2925 stmmros
971 2892 1025 2926 AD
1048 2891 1119 2926 vo-

294 2955 379 2984 ·rmr
404 2954 627 2985 cAsr1TAT1s
655 2955 907 2987 SERVANDUM.

141 3065 184 3106 1:
215 3062 340 3115 Quam
356 3068 567 3118 perfectam
586 3067 809 3108 castitatem
827 3066 1045 3110 Societatis
1057 3069 1117 3111 in-

91 3124 275 3168 stitutum
305 3127 487 3170 intendit.
501 3151 555 3159 —
574 3130 657 3168 Nec
677 3128 728 3169 de
754 3129 1004 3182 obligatione
1031 3131 1118 3183 agi-

91 3199 202 3237 mus,
222 3199 300 3228 nec
319 3189 370 3229 de
385 3203 478 3230 usu.
495 3192 598 3231 Nam
612 3192 663 3231 de
682 3192 810 3244 priori
822 3193 908 3244 Jam
927 3192 968 3232 in
988 3193 1058 3233 lib.
1077 3195 1114 3243 1,

91 3260 184 3301 cap.
206 3250 245 3295 3,
262 3249 413 3289 dictum
433 3255 508 3300 est,
531 3264 620 3293 esse
641 3255 863 3294 maximam
894 3267 1019 3306 quam
1054 3265 1119 3295 es-

86 3320 139 3351 se
173 3314 331 3362 potest,
369 3314 453 3350 tam
482 3312 694 3364 intensive,
724 3329 848 3369 quam
881 3317 1114 3366 extensive3

92 3374 136 3412 et
152 3369 250 3411 ideo
274 3372 412 3424 quoad
440 3373 545 3412 banc
563 3380 720 3424 partem
751 3380 907 3418 nullam
939 3380 1121 3420 declara-

91 3431 250 3478 tionem
271 3434 458 3485 requirit,
479 3438 525 3474 ut
545 3434 644 3476 dixit
661 3439 707 3479 B.
725 3440 768 3480 P.
787 3442 985 3493 Ignatius,
1007 3445 1122 3481 sexta

93 3495 211 3546 parte
238 3495 598 3547 Constitutionum',
621 3509 712 3550 cap.
743 3502 784 3550 1,
809 3501 872 3554 §1
904 3503 1040 3543 statim
1071 3503 1124 3543 ci-

39 3619 42 3622 *
92 3555 237 3599 tando.
271 3558 479 3600 Posterior
509 3563 650 3601 autem
681 3571 767 3602 non
800 3562 853 3603 ad
866 3563 951 3615 ,ius‚
972 3564 1048 3608 sed
1069 3564 1123 3609 ad

39 3704 69 3724 ,¹¹3

0 3746 22 3778 ῑζ
32 3735 69 3880 i,-

0 3782 12 3790 ..

0 3796 26 3820 :¹9
82 3804 86 3812 v

0 3821 29 3880 ἑ·
98 3826 103 3835 ι

477 166 569 201 mr.
591 165 648 200 111.
671 149 821 206 aumas
837 161 981 197 iniansv
996 150 1193 197 somnus
1213 162 1342 199 Juvm·
1363 163 1465 199 suos
1485 164 1694 208 sunniros,
1717 163 1808 200 nro.

2125 163 2207 207 709

1167 226 1323 268 factum
1340 230 1536 280 pertinet,
1555 231 1668 283 quod
1690 231 1758 271 hic
1786 228 1942 271 referre
1960 240 2040 271 nec
2071 224 2204 275 nostri
2270 274 2278 277 ι
2330 256 2333 258 -

1168 286 1342 330 instituti
1366 293 1451 336 est,
1473 303 1611 342 neque
1630 294 1683 333 ad
1703 294 1932 334 doctrinam
1955 291 2205 334 tradend⁰m

1168 354 1229 392 est
1249 352 1546 400 necessarium,
1560 355 1633 393 sed
1653 355 1952 408 invigilandum
1970 367 2136 408 semper
2150 368 2205 397 ne

1170 413 1382 464 religionis
1403 414 1600 464 splendor
1614 415 1694 455 hac
1714 418 1758 456 in
1787 422 1903 469 parte
1922 416 2203 457 obnubiletur.

1169 475 1314 515 Solum
1330 487 1430 528 ergo
1451 476 1694 528 explicanda
1709 481 1771 516 est
1786 479 2042 529 providentia
2059 482 2100 519 et
2111 491 2205 530 per-

1169 535 1291 578 fectio
1314 538 1528 578 Societatis
1548 538 1687 589 quoad
1708 539 1815 578 hanc
1829 544 2003 590 partem.
2025 542 2116 580 Duo
2133 553 2206 581 au-

1170 602 1249 640 tem
1272 600 1316 639 in
1337 601 1414 639 hoc
1435 600 1612 652 spectari
1634 603 1824 651 possunt,
1846 601 2016 648 scilicet,
2034 603 2130 642 finis
2163 606 2206 643 et

1166 660 1322 701 media.
1357 662 1414 700 De
1446 661 1529 701 fine
1554 660 1764 700 sufficiunt
1780 661 1907 700 verba
1940 664 2128 712 ejusdem
2155 664 2204 704 B.

1170 723 1214 762 P.
1233 722 1400 774 Ignatii,
1422 723 1514 762 loco
1539 723 1684 762 citato:
1711 722 1806 771 Qaoe
1823 723 1876 763 ad
1889 726 2020 762 votum
2040 726 2207 768 castita-

1170 783 1223 824 tis
1234 786 1447 835 pertinent,
1466 786 1797 837 interpretatione
1806 797 1884 824 non
1900 785 2100 834 indicent,
2119 798 2207 827 cnm

1171 849 1320 886 constet
1344 858 1464 899 quam
1493 848 1551 887 sit
1579 849 1750 898 perfecte
1777 847 2043 895 observanda,
2074 858 2209 900 nempe

1171 907 1349 948 enitendo
1373 908 1592 959 angelicam
1610 910 1833 959 puritatem
1854 908 2038 955 imitari,
2068 911 2106 948 et
2126 919 2210 948 cor-

1167 969 1281 1022 poris
1302 973 1339 1010 et
1368 970 1510 1010 mentis
1537 973 1686 1010 nostroe
1717 970 1931 1010 munditia.
1956 969 2053 1015 Quae
2081 969 2209 1009 verba

1168 1031 1257 1083 jam
1277 1032 1383 1071 dicto
1398 1033 1440 1070 in
1456 1033 1576 1082 libro,
1594 1045 1683 1084 cap.
1701 1033 1838 1079 tertio,
1856 1044 2031 1071 numero
2045 1035 2207 1083 quarto,

1173 1094 1399 1145 attigimus,
1414 1098 1453 1134 et
1466 1095 1722 1133 ostendimus
1741 1106 1866 1145 quam
1885 1095 1966 1133 sint
1983 1093 2212 1133 conformia

1172 1155 1370 1196 doctrinae
1407 1160 1450 1196 et
1481 1157 1680 1209 exemplis
1713 1157 1982 1208 antiquorum
2023 1156 2208 1195 Patrum.

1172 1218 1403 1257 Intenditur
1422 1231 1521 1270 ergo
1552 1219 1689 1271 (quod
1708 1218 1760 1257 ad
1781 1219 1907 1257 finem
1928 1216 2102 1268 attinet)
2123 1229 2213 1256 ma-

1172 1279 1282 1318 xima
1303 1280 1517 1331 perfectio,
1540 1285 1743 1332 quantum
1759 1280 1801 1318 in
1820 1281 1897 1319 hac
1918 1283 2035 1330 parte
2051 1278 2212 1318 deside—

1173 1342 1268 1386 rari,
1302 1346 1342 1383 et
1372 1342 1582 1381 ordinaria
1605 1343 1700 1394 lege
1722 1342 1953 1393 comparari
1974 1344 2123 1392 potest.
2154 1341 2214 1379 De

1173 1401 1321 1440 mediis
1343 1402 1467 1440 etiam
1487 1403 1644 1454 aliquid
1664 1404 1786 1441 citato
1815 1415 1906 1453 cap.
1940 1402 2060 1441 tertio
2081 1402 2216 1453 attigi·

1173 1474 1294 1510 mus;
1322 1467 1463 1502 tamen
1487 1464 1539 1502 ad
1559 1464 1696 1515 majus
1719 1464 1915 1502 doctrinae
1936 1464 2216 1513 complemen-

1175 1527 1276 1571 tum,
1299 1527 1338 1563 et
1363 1528 1407 1563 ut
1428 1525 1736 1564 observationes
1757 1525 1980 1563 nonnullas
1999 1523 2217 1563 Societatis

1176 1586 1308 1625 obiter
1328 1586 1597 1640 explicemus,
1617 1587 1756 1639 aliqua
1772 1587 1816 1626 in
1834 1586 2073 1640 particulari
2091 1585 2216 1625 adde-

1175 1659 1283 1686 mus.

1229 1710 1269 1748 2.
1302 1707 1488 1750 Primum
1509 1709 1681 1749 medinm
1709 1710 1762 1749 ad
1791 1709 1860 1750 hoc
1886 1709 2098 1757 intentum,
2128 1718 2218 1750 ora-

1176 1769 1297 1813 tionis
1314 1775 1348 1811 et
1366 1771 1635 1811 meditationis
1654 1783 1826 1811 iesnS.—-
1849 1770 2032 1808 Primum
2053 1782 2151 1820 ergo
2169 1782 2218 1810 ac

1175 1833 1436 1886 praecipuum
1457 1832 1642 1870 medium
1671 1836 1732 1871 est
1766 1831 1965 1882 frequens
1996 1831 2141 1877 oratio,
2178 1834 2217 1871 et

1178 1895 1454 1945 spiritualium
1473 1905 1611 1932 rerum
1630 1893 1868 1942 meditati0;
1890 1905 1990 1930 nam
2005 1893 2073 1931 illa
2091 1893 2218 1931 maxi-

1173 1967 1242 1995 me
1260 1954 1497 1995 necessaria
1529 1958 1591 1994 est
1625 1955 1678 1994 ad
1712 1954 1894 1993 divinam
1916 1955 2091 2005 gratiam
2114 1954 2217 1993 obti-

1175 2019 1372 2066 nendam,
1390 2017 1478 2056 sine
1500 2029 1581 2067 qna
1598 2020 1739 2055 votum
1760 2018 1839 2056 hoc
1860 2017 2017 2055 servari
2037 2029 2122 2055 non
2142 2028 2217 2067 po-

1174 2084 1268 2129 test,
1301 2081 1420 2132 juxta
1452 2079 1555 2118 illud
1583 2078 1767 2129 Sapient.
1797 2080 1851 2117 8:
1878 2077 1995 2118 Scioi
2029 2077 2216 2130 quoniam

1176 2143 1295 2183 aliter
1312 2153 1390 2182 non
1406 2153 1559 2194 possem
1578 2152 1659 2180 esse
1679 2141 1896 2188 continens,
1916 2138 1997 2179 nisi
2014 2140 2122 2178 Dens
2136 2139 2213 2187 det,

1172 2207 1211 2247 et
1231 2205 1301 2245 hoc
1321 2205 1454 2257 ipsum
1489 2206 1576 2243 erat
1599 2202 1808 2254 sapientiae
1831 2202 1950 2249 scire,
1980 2200 2096 2251 cujas
2118 2203 2217 2240 esset

1173 2265 1244 2307 hoo
1262 2266 1418 2306 donum.
1446 2266 1540 2303 Haec
1558 2277 1656 2303 vero
1675 2264 1795 2303 valde
1824 2263 1935 2301 utilis
1966 2266 2029 2301 est
2057 2262 2109 2300 ad
2138 2262 2214 2301 Dei

1173 2327 1364 2367 timorem
1388 2330 1428 2366 et
1449 2338 1633 2365 amorem
1655 2325 1698 2364 in
1733 2325 1871 2364 animo
1907 2323 2212 2375 generandum,

1174 2401 1351 2441 quorum
1385 2388 1577 2440 praesidio
1601 2387 1781 2426 maxime
1814 2390 2003 2426 servatur
2029 2386 2212 2433 castitas,

1175 2454 1217 2490 et
1233 2451 1332 2489 vitia
1353 2450 1410 2488 illi
1432 2449 1638 2489 contraria
1658 2449 1896 2487 vincuntur.
1921 2447 2127 2494 Quantum
2143 2459 2214 2485 au-

1173 2514 1260 2551 tem
1278 2517 1318 2550 et
1339 2511 1459 2561 quale
1482 2511 1534 2550 sit
1559 2510 1773 2561 spirituale
1794 2510 1874 2548 hoc
1899 2508 2140 2547 exercitium
2170 2507 2212 2546 in

1174 2573 1396 2619 Societate,
1433 2573 1477 2610 in
1508 2571 1793 2622 superioribus
1826 2570 1961 2609 visum
1995 2573 2076 2616 est,
2107 2569 2212 2608 libro

1170 2635 1324 2686 primo,
1346 2645 1436 2684 cap.
1458 2632 1594 2679 tertio,
1618 2645 1641 2670 a
1659 2643 1834 2670 numero
1857 2635 2000 2669 octavo
2015 2661 2024 2677 ,
2046 2642 2141 2669 cum
2158 2630 2212 2670 de

1172 2695 1428 2749 perfectione
1446 2694 1619 2732 instituti
1642 2705 1877 2744 ageremus,
1899 2696 1940 2731 et
1958 2692 2061 2730 libro
2080 2703 2209 2740 nono,

1175 2769 1266 2808 cap.
1292 2756 1483 2807 septimo,
1525 2754 1681 2805 aliquid
1706 2754 1977 2804 attingemus,
2000 2765 2049 2792 ac
2078 2752 2212 2792 videri

1171 2822 1308 2871 potest
1326 2817 1515 2863 Basilius,
1531 2816 1582 2855 de
1598 2815 1813 2856 Constitut.
1835 2818 2032 2862 monast„
2047 2825 2082 2854 c.
2101 2816 2141 2865 2,
2157 2813 2210 2853 de

1171 2878 1355 2921 efficacia
1376 2878 1574 2918 orationis
1595 2877 1648 2916 ad
1666 2877 1778 2916 hunc
1798 2876 2006 2915 effectum.

1226 2944 1264 2982 3.
1287 2941 1530 2987 Secundam,
1546 2938 1823 2989 manifestatio
1846 2934 2111 2984 conscientiae,
2129 2937 2206 2974 etc.

1171 3023 1226 3035 -·
1252 3004 1362 3045 Unus
1384 3003 1521 3041 modus
1554 3001 1690 3042 utendi
1718 3001 1788 3040 lenc
1820 2998 1960 3039 medio.
1982 3020 2027 3027 —
2055 2998 2212 3037 Secun-

1170 3064 1272 3105 dum
1298 3064 1480 3104 medium
1502 3066 1586 3110 est,
1618 3066 1662 3100 ut
1690 3060 1907 3100 inferiores
1932 3072 1955 3098 a
1977 3058 2061 3097 suis
2081 3060 2210 3109 Supe-

1172 3127 1348 3167 rioribus
1373 3126 1572 3178 juventur
1592 3123 1646 3162 ad
1665 3122 1922 3174 superandas
1948 3121 2210 3160 difficultates

1173 3201 1341 3234 omneS‚
1362 3192 1402 3227 et
1421 3186 1604 3238 pericula
1637 3197 1728 3236 quae
1751 3184 1859 3223 circa
1885 3183 2010 3234 hujus
2034 3182 2115 3220 voti
2137 3180 2210 3219 ob-

1172 3251 1449 3292 servationem
1475 3259 1693 3288 occurrere
1726 3246 1873 3285 solent.
1894 3246 1998 3284 Nam
2033 3245 2125 3295 post
2146 3238 2206 3278 di-

1172 3315 1316 3355 vinum
1349 3311 1617 3363 adjutorium,
1644 3308 1805 3347 nullum
1835 3307 1974 3346 utilius
2002 3308 2040 3344 et
2073 3301 2205 3341 effica-

1175 3377 1262 3416 cius
1281 3375 1453 3415 inveniri
1474 3376 1622 3425 potest.
1656 3372 1760 3419 Imo,
1780 3369 1876 3420 quia
1897 3370 2006 3406 Dens
2026 3363 2113 3402 vult
2136 3360 2210 3410 hof

1175 3441 1310 3481 mines
1342 3438 1582 3479 hominibus
1617 3434 1763 3486 subjici
1784 3435 1953 3484 propter
1970 3438 2065 3466 eum
2080 3455 2091 3474 ,
2113 3423 2208 3464 ideo

1176 3515 1289 3555 saepe
1317 3513 1392 3554 per
1419 3501 1500 3540 boc
1533 3498 1720 3537 medium
1754 3504 1871 3533 suum
1905 3488 2056 3540 praebet
2087 3496 2212 3539 pecu-

1178 3565 1280 3607 liare
1297 3563 1513 3612 auxilium,
1525 3559 1638 3613 quod
1649 3558 1823 3598 fortasse
1839 3561 1924 3591 non
1944 3547 2207 3594 concederet,
