2352 3880
293 0 317 12 ³„
340 0 348 14 3
371 0 415 14 ···',
499 0 502 3 .
547 0 579 8 .,
632 1 644 4 -
859 2 862 6 .
894 0 899 7 f

330 14 420 44 ²40*ss
470 16 498 46 -,'
627 14 629 19 ⁴
896 20 903 33 ι

209 78 235 99 ,.
275 74 286 84 .›
361 82 380 95 ,ν

1072 89 1093 108 ‘v

463 354 628 396 CAPUT
653 355 687 395 Ι.

61 479 200 515 mm
227 481 370 511 STATUS
397 479 548 513 Amoms
566 477 786 508 animosus
813 475 867 506 An
889 474 1082 507 Lt'r‘rmus

111 542 397 575 PERDISCENDAS
436 541 476 571 m
506 539 723 570 sommam
757 538 908 569 miano
950 537 1082 570 DESTI-

108 604 241 636 merua
254 597 270 634 3

110 719 150 758 1.
170 718 306 758 Error
323 715 597 756 hereticorum
617 714 662 755 in
689 715 763 755 bac
788 713 1016 766 quoestione.
1031 733 1082 741 —

43 777 241 820 Primum
267 777 352 828 ejus
368 777 668 823 fundamentum
690 777 736 816 ab
756 776 994 816 auctoritate
1014 783 1083 813 seu

54 839 257 891 exemplis.
273 859 323 867 —
345 837 625 884 Quorumdam
650 850 765 877 error
784 837 875 883 fuit,
901 835 1082 875 studium

53 899 281 940 litterarum
300 899 481 937 alienum
503 911 593 938 esse
608 899 660 938 ab
681 903 790 938 statu
807 898 1016 949 religioso,
1038 899 1083 934 ut

53 961 181 1001 refert
201 963 244 1000 D.
263 962 456 1008 Thomas,
475 973 615 1012 opusc.
642 963 706 1008 18,
732 974 767 1000 c.
792 962 858 1006 26,
879 964 920 998 et
940 970 1080 1010 opusc.

54 1024 122 1070 19,
146 1035 182 1061 c.
216 1024 279 1061 11.
305 1022 473 1061 Videtur
501 1024 610 1062 enim
638 1023 704 1061 hic
723 1034 836 1061 error
869 1022 975 1060 circa
994 1021 1084 1071 ejus

53 1088 256 1135 tempora,
279 1095 354 1122 seu
371 1083 416 1123 D.
437 1085 639 1124 Dominici
655 1088 833 1122 exortus.
858 1083 1083 1120 Praecesse-

52 1147 118 1185 rat
139 1145 249 1184 enim
270 1156 383 1184 error
404 1145 621 1195 Wiclephi,
643 1145 711 1195 qui
733 1143 983 1195 generaliter
999 1146 1084 1181 stu-

54 1205 122 1246 dia
162 1206 483 1244 Christianorum
513 1206 753 1252 damnabat,
788 1209 930 1244 contra
958 1216 1082 1255 quem

54 1267 306 1318 aliquainfra
331 1267 594 1318 attingemus,
618 1279 707 1317 cap.
731 1270 891 1316 quarto.
918 1266 965 1304 Hi
984 1277 1081 1304 vero

52 1328 367 1379 impugnatores
388 1328 598 1379 religionis
629 1328 724 1367 licet
758 1340 842 1366 non
879 1331 1083 1379 negarent

54 1391 188 1431 studia
230 1389 476 1429 secularium
509 1401 600 1428 esse
635 1389 923 1428 convenientia
940 1419 951 1437 ,
979 1389 1084 1426 dice-

52 1451 154 1492 bant
167 1455 307 1490 tamen
324 1451 366 1489 in
386 1454 494 1489 statu
514 1451 798 1501 religioso,vel
816 1462 906 1489 esse
929 1449 1081 1496 illicita,

53 1513 119 1553 vel
139 1517 247 1552 certe
283 1524 365 1551 non
396 1524 487 1551 esse
508 1513 832 1563 proportionata.
855 1513 1085 1560 Utrumque

55 1575 165 1614 enim
184 1574 241 1613 illi
258 1574 484 1613 asseruisse
513 1574 719 1620 videntur,
740 1577 942 1623 quantum
964 1585 1014 1611 ex
1034 1573 1081 1611 D.

54 1635 199 1674 Thom.
234 1635 452 1685 colligitur.
485 1635 663 1674 Fundari
692 1638 831 1674 autem
861 1638 1085 1685 potuerunt

54 1697 187 1747 primo
207 1696 251 1734 in
268 1696 435 1746 antiqua
450 1696 748 1735 consuetudine
766 1697 1081 1744 monachorum,

55 1757 107 1797 de
130 1757 277 1808 quibus
295 1757 575 1806 Cassiodorus,
592 1758 661 1796 lib.
691 1760 710 1796 1
727 1757 968 1808 Tripartitae,
990 1767 1080 1806 cap.

55 1819 292 1866 undecimo,
315 1831 363 1857 ex
384 1820 627 1865 Sozomeno,
646 1819 715 1857 lib.
741 1822 779 1866 1,
805 1831 894 1869 cap.
927 1818 1082 1857 duode-

55 1880 175 1927 cimo,
198 1881 255 1919 sic
277 1881 330 1918 ait
350 1895 358 1918 :
382 1880 647 1930 Multiplicem
667 1880 926 1919 scientiarum
948 1880 1082 1931 coqui-

55 1943 213 1989 tionem,
230 1946 267 1980 et
291 1945 476 1992 arqutam
493 1940 710 1981 disserendi
729 1941 1006 1988 subtilitatem,
1018 1953 1080 1981 ‘oe-

54 2001 133 2043 luti
147 2015 228 2041 rem
247 2013 590 2054 supervacaneam,
602 2005 636 2042 et
655 2003 794 2050 otium,
808 2003 911 2053 quod
924 2003 965 2041 in
977 2013 1080 2054 proe-

54 2065 317 2105 stantioribus
337 2062 482 2103 studiis
498 2064 718 2115 ponendum
743 2069 812 2110 est,
837 2064 913 2102 sibi
952 2064 1086 2103 surri-

51 2126 238 2176 pientem,
261 2129 296 2164 et
333 2125 386 2163 ad
403 2125 526 2164 vitam
550 2127 652 2164 recte
672 2124 960 2165 instituendam
981 2125 1086 2164 nihil

56 2188 287 2238 afferentem
309 2186 544 2235 adjumenti,
561 2186 720 2236 penitus
743 2188 1008 2226 contemnunt.
1038 2187 1086 2224 Et

57 2258 93 2285 c.
117 2247 180 2292 13,
209 2247 318 2285 idem
340 2247 606 2294 Sozomenus,
624 2247 807 2285 referens
839 2248 884 2285 D.
918 2246 1085 2285 Antonii

56 2306 182 2346 vitam
201 2311 241 2345 et
260 2308 444 2354 virtutes,
461 2307 596 2346 addit:
621 2308 799 2347 Litteras
820 2320 938 2360 neque
957 2309 1084 2356 novit,

56 2377 178 2419 neque
206 2369 341 2419 ‘maqni
370 2368 608 2415 oestimavit,·
638 2370 707 2409 sed
732 2381 879 2420 puram
902 2373 1083 2418 mentem,

57 2433 192 2482 utpote
226 2429 374 2469 litteris
396 2431 672 2480 antiquiorem,
688 2435 723 2470 et
744 2443 879 2470 earum
890 2431 1086 2470 inrentri-

58 2500 139 2530 cem
160 2491 343 2529 laudavit
368 2490 600 2541 plurimum.
620 2492 668 2528 Et
690 2491 928 2540 Gregorius,
949 2494 971 2530 02
992 2492 1086 2530 Dia-

58 2550 161 2601 log.‚
184 2551 225 2588 in
248 2551 465 2598 Prooemio,
488 2551 537 2589 de
554 2552 598 2589 B.
614 2552 835 2590 Benedicto
857 2554 913 2591 sic
929 2553 1082 2602 inquit:

58 2610 194 2652 Romee
214 2612 443 2652 liberalibus
462 2613 611 2653 studiis
645 2614 821 2653 traditus
840 2616 994 2662 suerat,
1019 2616 1087 2654 sed

58 2683 147 2714 cum
166 2674 208 2711 in
231 2674 286 2712 eis
321 2673 466 2713 multos
500 2673 559 2713 ire
582 2687 656 2725 per
696 2676 867 2725 abrupta
898 2677 1086 2716 vitiorum

59 2737 249 2781 cerneret,
271 2745 370 2780 eum,
397 2746 508 2784 quem
541 2736 657 2786 quasi
676 2737 720 2775 in
743 2737 928 2785 inqressu
949 2737 1087 2776 mundi

54 2798 259 2848 posuerat,
277 2796 451 2835 retraxit
476 2797 621 2847 pedem,
644 2808 691 2836 ne
717 2798 754 2837 si
775 2798 872 2848 quid
901 2798 944 2837 de
960 2799 1087 2838 scien-

58 2853 119 2897 tia
137 2856 221 2907 ejus
238 2857 338 2896 attin
343 2860 464 2908 qeret,
478 2858 562 2908 ipse
578 2869 723 2910 quoque
742 2859 786 2897 in
802 2858 971 2898 immane
983 2871 1086 2911 proe-

59 2915 244 2969 cipitium
262 2921 365 2956 totus
379 2918 470 2958 iret.
490 2919 692 2969 Despectis
709 2920 840 2970 itaque
857 2921 1086 2960 litterarum

59 2978 222 3027 studiis,
239 2979 380 3018 relicta
397 2980 718 3032 dom0,rebusque
735 2982 902 3033 patriis,
917 2981 994 3020 soli
1006 2982 1085 3020 Deo

57 3037 212 3090 placere
251 3040 492 3088 desiderans,
512 3045 660 3081 sancire
687 3042 997 3082 conversationis
1017 3043 1087 3082 aa·

61 3098 187 3138 bitum
207 3101 406 3150 quaesivit.
434 3102 610 3142 Recessit
628 3102 772 3155 iqitur,
799 3106 967 3143 scienter
999 3114 1089 3143 nes-

62 3158 184 3205 ciens,
204 3162 240 3198 ct
259 3162 459 3210 sapienter
477 3165 680 3215 iqnorans.
704 3166 753 3203 Et
780 3166 826 3204 D.
854 3164 1027 3203 Basilius
1044 3164 1087 3203 in

61 3219 208 3270 regula
222 3221 314 3268 235,
331 3233 381 3259 ex
394 3222 664 3274 brevioribus,
682 3225 768 3265 fere
787 3226 838 3264 ad
854 3227 960 3264 hanc
977 3238 1088 3280 quae-

67 3280 246 3320 stionem
279 3283 551 3332 respondem,
590 3287 660 3335 ait,
696 3288 776 3335 Itis,
816 3289 884 3340 qui
908 3291 1090 3339 praesunt

67 3342 284 3388 convenire,
317 3346 364 3381 ut
401 3343 606 3385 scientiam
643 3348 822 3396 babeant,
846 3349 897 3388 de
933 3349 1090 3387 caeteris

68 3413 167 3442 vero
217 3402 428 3455 subjungit
446 3417 455 3442 ε
494 3405 764 3461 Unusquisque
797 3423 885 3450 vero
925 3410 1092 3459 (memor

68 3462 272 3504 verborum
302 3465 464 3504 illorum
497 3464 689 3517 Apostoli,
721 3481 798 3509 non
827 3472 921 3518 plus
958 3481 1093 3522 sapere

36 3543 40 3546 ·
69 3532 189 3576 suam
203 3527 353 3576 oportet
363 3527 595 3576 sapere‚sed
608 3539 745 3580 sapere
760 3531 813 3570 ad
827 3532 1089 3578 sobrietatem,

69 3583 284 3640 minuique
313 3587 420 3629 sicut
442 3587 552 3629 Deus
578 3587 720 3631 divisit
746 3594 986 3642 mensuram)
1007 3603 1094 3645 quoe

284 3663 370 3694 ΧΠ.

427 227 517 262 mr:
539 225 646 261 ιῖΑΝ
666 225 706 261 m
728 190 1069 260 soemmifs'ffsu
1087 222 1246 258 sris-rus
1266 225 1429 266 moins
1447 225 1699 268 animosus
1719 225 1812 260 mc.

1120 34 1175 89 „dt

1139 289 1268 339 officii
1303 294 1398 330 sunt
1426 291 1600 330 studiose
1638 293 1783 339 discat,
1812 292 1851 332 et
1887 296 2167 344 persequatur,

1136 361 1259 402 neque
1270 352 1422 391 curiose
1436 351 1609 391 ulterius
1627 353 1839 404 quidquam
1851 352 2049 405 inquirat.
2065 354 2170 397 Hine

1137 409 1318 462 denique
1338 410 1500 450 videtur
1519 411 1670 451 dixisse
1692 413 1985 465 Hieronymus,
2003 414 2057 454 ad
2087 415 2166 458 Tit.

1137 473 1176 518 1,
1201 476 1242 511 et
1264 472 1442 511 refertur
1458 472 1501 509 in
1522 483 1613 522 cap.
1639 471 1759 520 Olim,
1779 474 1819 513 d.
1844 477 1921 515 95:
1946 474 2170 529 Antequam

1134 532 1333 573 instinctu
1353 532 1496 573 diaboli
1514 532 1650 572 studia
1668 534 1712 572 in
1731 534 1920 587 reliqione
1935 539 2090 588 fierent.

1189 595 1230 633 2.
1269 594 1357 634 Una
1375 595 1482 634 ratio
1498 605 1571 646 pro
1588 594 1716 633 eodem
1736 606 1866 634 errore
1879 619 1930 624 —
1942 598 2102 640 Altera.
2116 619 2172 630 —

1140 654 1560 694 Tertia.—Rationes
1580 655 1632 710 ad
1659 655 1770 693 hunc
1790 667 1974 695 errorem
1994 660 2171 700 suaden-

1136 714 1235 754 dum
1254 727 1343 754 esse
1364 720 1552 766 possunt,
1570 716 1721 767 primo,
1739 715 1835 766 quia
1854 717 1989 755 studia
2009 724 2050 758 et
2065 725 2171 760 tem-

1135 786 1213 826 pus
1242 781 1462 827 occupant,
1487 780 1528 815 et
1555 781 1739 815 mentem
1770 777 2003 817 distrahunt
2026 791 2050 818 a
2076 792 2173 830 pro-

1134 837 1234 887 priis
1269 838 1557 888 religiosorum
1592 838 1802 877 institutis.
1838 839 2043 887 Secundo,
2074 840 2173 889 quia

1136 899 1335 949 perfectio
1356 900 1550 950 religiosa
1579 899 1642 950 (ut
1666 899 1723 938 ait
1742 900 1995 939 Sozomenus
2025 902 2172 951 supra)

1138 960 1178 998 in
1199 960 1405 999 bonorum
1434 972 1609 999 numero
1628 973 1711 999 non
1732 961 1844 999 ducit
1863 973 1928 1009 ea,
1950 973 2041 1011 quae
2068 961 2175 1000 inter

1136 1021 1279 1060 vitium
1300 1026 1339 1060 et
1356 1023 1549 1061 virtutem
1570 1022 1706 1060 media
1729 1026 1838 1070 sunt,
1856 1022 1952 1072 quia
1973 1035 2059 1061 non
2076 1022 2175 1061 satis

1138 1086 1255 1133 putat
1275 1095 1359 1121 non
1382 1095 1470 1122 esse
1497 1083 1674 1131 malum,
1697 1084 1773 1121 nisi
1796 1083 2008 1123 hominem
2029 1083 2177 1123 reddat

1138 1143 1294 1182 bonum
1318 1148 1357 1183 et
1376 1145 1615 1190 meliorem;
1642 1148 1682 1182 at
1701 1145 1932 1183 litterarum
1958 1144 2093 1183 studia
2113 1144 2177 1183 in-

1137 1207 1199 1245 ter
1221 1206 1357 1244 media
1394 1207 1503 1244 hona
1525 1210 1838 1256 computantur3
1871 1219 1985 1256 ergo.
2021 1206 2175 1255 Tertio,

1138 1267 1233 1316 quia
1258 1267 1401 1318 religio
1431 1267 1535 1317 fugit
1559 1267 1731 1317 gloriam
1756 1267 1882 1312 illam,
1908 1279 1999 1316 quae
2030 1267 2082 1305 ab
2102 1268 2178 1306 ho-

1140 1328 1319 1366 minibus
1341 1328 1475 1377 colligi
1506 1328 1633 1374 solet,
1656 1339 1793 1377 neque
1826 1327 2019 1366 virtutem
2042 1331 2180 1366 osten-

1139 1392 1218 1434 tat,
1248 1388 1320 1426 sed
1344 1392 1528 1436 exercet;
1553 1392 1593 1426 at
1613 1387 1784 1426 scientia
1806 1400 1880 1438 per
1901 1401 1944 1426 se
1966 1389 2104 1436 inflat,
2138 1391 2180 1427 et

1140 1449 1406 1487 ostentationi
1436 1449 1569 1499 magis
1590 1460 1715 1498 quam
1738 1448 1878 1486 virtuti
1898 1449 2090 1494 inservit;
2115 1461 2180 1487 er-

1140 1522 1206 1561 go.
1239 1511 1334 1557 Quae
1369 1510 1549 1548 rationes
1586 1521 1679 1547 cum
1714 1509 1964 1559 generaliter
2000 1510 2178 1560 probare

1138 1572 1370 1619 videantur,
1394 1571 1472 1609 hoc
1494 1582 1626 1621 genus
1654 1570 1779 1608 studii
1807 1583 1889 1608 non
1914 1583 2005 1608 esse
2031 1571 2180 1609 admit-

1138 1633 1309 1671 tendum
1334 1633 1375 1670 in
1408 1633 1601 1683 religioso
1635 1632 1846 1679 instituto,
1881 1633 2011 1670 multo
2045 1632 2179 1683 magis
2209 1658 2212 1661 -

1138 1694 1331 1733 videntur
1359 1694 1580 1732 convenire
1610 1705 1694 1731 non
1714 1705 1834 1743 posse
1858 1705 1947 1731 esse
1968 1693 2095 1732 finem
2115 1705 2180 1732 re-

1138 1755 1271 1806 ligiosi
1294 1759 1444 1801 status;
1467 1755 1562 1804 quia
1583 1754 1662 1792 hoc
1679 1754 1803 1792 modo
1823 1754 1957 1803 magis
1976 1757 2180 1804 repugnat

1136 1817 1276 1855 debito
1298 1817 1453 1861 ordiui;
1474 1828 1572 1866 ergo
1594 1827 1678 1853 non
1696 1819 1807 1853 recte
1829 1820 1890 1853 est
1909 1816 2121 1854 institutus
2137 1816 2177 1853 in

1138 1878 1342 1918 Societate
1369 1877 1588 1927 peculiaris
1624 1876 1776 1926 gradus
1809 1876 2100 1926 religiosorum
2126 1876 2181 1914 ad

1137 1940 1246 1978 hunc
1269 1938 1395 1976 finem
1427 1939 1581 1976 litteras
1614 1937 1868 1974 addiscendi.
1896 1937 2013 1976 Unde
2044 1937 2179 1975 novis-

1138 2000 1241 2039 sime
1280 1999 1509 2038 Kemnitius
1547 1998 1765 2036 haereticus
1808 1998 2178 2048 reprehensionem

1137 2062 1245 2100 hanc
1266 2064 1409 2100 contra
1426 2060 1672 2100 Societatem
1690 2059 1967 2109 exaggeravit,
1988 2064 2031 2097 ut
2051 2059 2178 2098 refert

1140 2125 1292 2174 Payva,
1316 2123 1367 2161 de
1402 2122 1560 2172 origine
1593 2122 1825 2166 Societatis;
1849 2125 1888 2158 et
1918 2121 2010 2159 ideo
2032 2120 2178 2170 antiJe-

1140 2184 1287 2224 suitam
1310 2183 1426 2221 illum
1449 2187 1568 2221 vocat
1589 2183 1827 2232 Spentoeus,
1851 2181 1922 2220 lib.
1949 2183 1967 2220 1
1998 2181 2050 2220 de
2073 2182 2178 2221 Con-

1139 2246 1333 2291 tinentia,
1355 2245 1487 2294 capite
1510 2244 1668 2294 quinto.

1194 2308 1231 2346 3.
1252 2307 1416 2345 Certum
1437 2305 1704 2343 nihilominus
1723 2303 1924 2354 imprimis
1946 2305 2022 2350 est,
2042 2302 2177 2342 studia

1139 2367 1366 2407 litterarum
1402 2367 1548 2405 saltem
1584 2377 1794 2404 sacrarum
1827 2365 2018 2415 religioso
2054 2365 2176 2404 statui

1138 2429 1316 2468 maxime
1350 2440 1595 2478 congruere.
1628 2428 1743 2466 Hanc
1777 2426 1993 2464 veritatem
2025 2437 2174 2464 censeo

1140 2502 1230 2530 esse
1252 2491 1401 2539 dogma
1422 2489 1533 2534 fidei,
1559 2488 1670 2538 quod
1690 2489 1737 2526 D.
1761 2487 1938 2526 Thomas
1959 2487 2176 2524 confirmat

1141 2564 1191 2591 ex
1210 2551 1278 2589 illo
1302 2551 1450 2588 Psalmi
1474 2552 1572 2588 118:
1588 2549 1833 2595 Bonitatem,
1849 2553 1886 2587 et
1903 2547 2172 2597 disciplinam,

1140 2616 1177 2654 et
1196 2611 1400 2653 scientiam
1431 2612 1519 2650 doce
1547 2621 1634 2656 me;
1657 2621 1754 2647 nam
1780 2609 1875 2646 inde
1896 2613 2070 2655 constat,
2090 2619 2174 2646 non

1139 2675 1272 2713 solum
1309 2673 1550 2718 bonitatem,
1578 2670 1650 2709 sed
1683 2670 1806 2709 etiam
1841 2669 2054 2707 scientiam
2083 2681 2174 2708 esse

1141 2734 1455 2775 convenientem
1474 2733 1525 2771 ad
1553 2731 1701 2770 animae
1724 2731 2033 2782 perfectionem.
2057 2730 2174 2770 Unde

1141 2797 1252 2836 Isaiae
1273 2797 1296 2834 5
1319 2795 1466 2833 dicitur
1487 2807 1495 2832 :
1519 2794 1740 2843 Propterea
1759 2793 1939 2843 captivus
1959 2794 2098 2832 (luctus
2117 2794 2175 2832 est

1138 2858 1309 2910 populus
1334 2868 1464 2902 meus,
1491 2857 1586 2906 quia
1612 2867 1688 2893 non
1716 2855 1856 2893 babuit
1884 2853 2103 2893 seientiam.
2126 2854 2176 2891 Et

1140 2919 1254 2958 Oseae
1275 2920 1300 2957 4
1317 2928 1326 2955 :
1349 2917 1546 2957 Conticuit
1562 2915 1750 2967 populus,
1767 2928 1805 2954 eo
1827 2916 1929 2966 quod
1943 2927 2019 2952 non
2038 2914 2176 2954 habu&

1140 2982 1199 3021 rit
1218 2981 1424 3020 scientiam
1438 2995 1452 3025 ,·
1479 2979 1575 3030 quia
1594 2982 1638 3016 tu
1661 2978 1868 3016 scientiam
1896 2975 2096 3026 repulisti,
2117 2987 2177 3014 re-

1138 3042 1284 3093 pellam
1303 3045 1350 3080 te.
1376 3040 1620 3090 Quanquam
1649 3038 1759 3076 enim
1781 3038 1865 3076 haec
1893 3037 1982 3075 loca
2006 3041 2045 3075 et
2065 3035 2177 3074 simi-

1140 3103 1194 3142 lia
1213 3102 1363 3152 exponi
1388 3101 1544 3151 possint
1563 3100 1613 3138 de
1635 3098 1805 3138 scientia
1826 3098 2004 3149 practica
2021 3109 2176 3148 praece-

1141 3168 1307 3216 ptorum
1326 3163 1415 3209 Dei,
1437 3167 1576 3200 tamen
1597 3161 1649 3199 ad
1669 3160 1847 3198 litteram
1873 3160 2027 3209 optime
2058 3158 2178 3196 intel-

1142 3227 1327 3277 liguntur
1353 3225 1404 3262 de
1426 3223 1610 3270 scientia,
1634 3234 1723 3272 quae
1745 3221 1966 3271 opponitur
1986 3220 2176 3270 ignoran-

1145 3289 1210 3328 tiae
1233 3287 1464 3326 divinarum
1487 3286 1732 3329 litterarum,
1749 3295 1840 3333 quae.
1863 3283 1978 3321 radix
1994 3286 2055 3320 est
2071 3281 2177 3318 mul-

1142 3353 1279 3388 torum
1308 3348 1500 3386 vitiorum
1512 3357 1525 3395 3
1548 3350 1588 3384 et
1614 3345 1707 3383 ideo
1737 3344 1852 3382 lsaiae
1874 3345 1911 3390 3,
1934 3343 1986 3381 ob
2007 3342 2174 3391 peccata

1144 3409 1286 3462 populi
1312 3409 1585 3448 comminatur
1606 3407 1716 3445 Deus
1740 3419 1748 3443 :
1771 3405 1966 3451 Auferam
1989 3403 2032 3441 de
2049 3400 2177 3439 Jeru-

1145 3473 1269 3512 salem
1294 3476 1330 3511 et
1353 3471 1476 3510 Judoe
1507 3466 1805 3512 consiliarium,
1827 3469 1863 3503 et
1890 3465 2104 3513 sapientem
2130 3459 2176 3500 de

1147 3531 1391 3578 architectis,
1408 3535 1444 3570 et
1454 3530 1687 3582 prudentem
1704 3525 1848 3575 eloquii
1863 3521 2038 3571 mystici.
2055 3517 2173 3560 Unde

1147 3593 1396 3640 Bernartius,
1412 3602 1537 3631 serm.
1559 3591 1610 3629 36
1626 3589 1672 3627 in
1691 3585 1881 3625 Cantica:
1902 3583 1998 3675 Aan
2017 3591 2133 3636 aqna*

1920 3652 1940 3675 ἑ)
