2352 3880
0 0 101 118 ξ’,
140 5 141 8 ¹

63 51 83 61 ·›

0 83 2 92 ι

0 119 33 143 ΠὸῚ

30 176 53 186 ··
119 171 200 224 7ιέ

563 16 565 19 ,
619 0 698 34 ,νγ
866 0 1030 41 3'·,“'<‘'«‘-

562 48 565 50 .
911 69 925 83 ο
951 68 987 104 v·

118 252 190 293 lib.
210 252 251 302 ’1,
277 250 396 303 epist.
418 249 484 298 39,
511 252 552 288 et
576 246 756 287 refertur
772 247 816 288 in
844 259 937 302 cap.
968 249 1152 303 Legitur,

71 350 74 351 γ
120 315 168 354 81
192 314 232 354 d.
257 313 444 364 Denique
464 312 512 349 D.
535 308 825 361 Hieronymus,
843 309 889 350 in
907 312 1054 363 regula
1066 311 1155 353 Μο-

120 377 350 416 nachorum
370 373 422 412 ad
442 371 705 411 Eustochium
725 370 865 425 (quam
891 373 1018 425 aliqui
1044 373 1155 413 illius

102 427 212 487 iesse
232 450 315 476 non
336 437 505 487 negant,
524 437 565 474 et
585 445 730 475 omnes
743 445 795 474 ex
817 434 925 475 illius
940 435 1154 476 sententiis

119 500 334 540 collectam
352 509 444 536 esse
457 496 671 547 fatentur),
688 507 724 536 c.
737 497 784 536 4:
802 497 976 540 Matrem
994 496 1153 551 (inquit)

118 562 181 603 ita
200 562 300 606 cide,
321 571 369 600 ne
381 571 453 612 per
473 559 588 602 illam
615 559 725 599 alias
754 560 886 600 videre
904 561 1078 611 coyaris.
1103 561 1152 600 Et

116 622 250 662 infra:
283 621 373 665 Volo
391 633 458 673 eyo
478 624 515 662 te
537 624 703 675 propter
722 620 796 661 lias
815 631 959 661 causas
981 632 1059 661 non
1078 621 1150 663 Ita-

119 685 246 726 bitare
264 695 351 724 cum
375 686 524 731 matre,
548 685 587 722 et
608 682 700 728 alia,
725 693 818 733 quae
841 682 992 732 optime
1011 695 1154 733 prose-

118 746 270 798 quitur3
294 744 527 796 specialiter
549 755 647 783 vero
660 744 772 783 addit
791 743 985 783 inferius:
1008 744 1155 786 Crebra

117 808 350 848 munuscula
366 811 402 848 et
417 807 546 847 dulces
562 806 763 847 litterulas
775 809 938 846 sanctus·
954 817 1064 846 amor
1076 817 1156 847 non

115 870 244 910 habet
263 869 379 916 Quod
399 872 609 919 sumptum
626 867 788 907 videtur
801 878 851 905 ex
869 867 1041 918 epistola
1060 870 1085 909 2
1100 867 1153 908 ad

115 932 404 983 Nepotianum.
432 930 547 975 Quod
582 929 705 968 etiam
738 928 993 979 prospiciens
1020 929 1065 968 B.
1106 930 1150 969 P.

52 1017 56 1021 -
114 993 162 1033 N.
193 993 403 1044 Ignatius,
445 991 585 1030 statuit
615 994 661 1029 ut
697 990 845 1030 litterae
877 991 1150 1041 feminarum,

115 1055 255 1106 quoad
285 1054 373 1094 fieri
409 1053 558 1104 possit,
586 1056 824 1100 caveantur,
849 1056 888 1092 et
911 1053 951 1091 in
988 1052 1154 1093 univer·

115 1130 207 1157 sum
228 1129 280 1155 ne
304 1116 447 1154 litterae
473 1114 561 1152 sine
585 1114 779 1153 facultate
800 1114 1029 1165 Superioris
1061 1116 1151 1155 mit-

114 1182 254 1220 tantur
274 1181 344 1216 aut
364 1176 628 1227 recipiantur,
646 1175 696 1214 de
713 1188 794 1226 qua
814 1176 960 1227 regula
981 1176 1151 1216 inferius

114 1241 224 1281 circa
260 1242 398 1277 votum
432 1237 688 1289 paupertatis
721 1237 926 1277 dicemus.
963 1239 1149 1289 Denique

113 1302 194 1340 huc
217 1301 339 1339 etiam
362 1305 533 1350 spectat,
556 1300 667 1350 quod
686 1299 851 1339 semime
874 1300 1048 1351 collegia
1079 1304 1152 1340 aut

114 1363 262 1402 domus
274 1361 487 1401 Societatis
508 1362 669 1414 ingredi
687 1362 963 1412 permittinon
980 1361 1148 1410 debent,

113 1427 158 1462 ut
186 1423 377 1462 statuitur
393 1423 511 1462 tertia
539 1427 654 1473 parte
673 1423 1036 1468 Constitutionurn,
1057 1432 1150 1473 cap.

116 1484 274 1523 decimo
296 1487 459 1533 quarto,
480 1487 519 1522 et
539 1483 580 1521 in
598 1483 776 1534 propriis
799 1482 1066 1533 Superiorum
1086 1495 1152 1523 re-

114 1545 235 1596 gulis,
259 1545 370 1595 quod
399 1557 525 1595 quam
547 1544 597 1582 sit
619 1548 949 1583 cousentaneum
971 1544 1152 1596 antiquis

114 1611 155 1646 et
172 1606 289 1645 novis
320 1606 516 1645 Ecclesiae
546 1604 734 1654 decretis,
756 1618 806 1645 ex
825 1606 1008 1644 tractatis
1030 1606 1070 1645 in
1092 1610 1154 1647 to-

113 1681 179 1707 mo
198 1668 402 1718 superiori
434 1668 487 1709 de
506 1666 709 1720 religione
731 1668 774 1706 in
805 1667 1015 1711 communi
1053 1667 1152 1709 satis

113 1733 286 1769 constat.

165 1793 204 1831 9.
239 1789 428 1839 Quintum
451 1789 640 1838 medium,
666 1788 820 1833 cautela
850 1786 1153 1839 familiaritatis

123 1853 383 1904 hamanaque
416 1850 608 1892 amicitiae
639 1851 744 1891 inter
779 1850 988 1902 reliyiosos
1024 1849 1154 1892 Socie-

113 1915 228 1962 tatis,
252 1913 611 1964 manimejucenes.
634 1934 684 1940 ——
706 1912 868 1958 Quinto,
889 1913 940 1950 ad
962 1913 1051 1951 haec
1066 1923 1152 1951 me-

115 1976 181 2015 dia
203 1976 396 2027 pertinet,
421 1978 466 2012 ut
490 1974 623 2012 omnis
643 1973 771 2011 nimia
809 1973 1080 2022 familiaritas,
1111 1974 1151 2013 et

114 2036 338 2088 singularis
354 2048 401 2074 ac
423 2036 607 2073 humana
628 2035 805 2073 amicitia
844 2034 949 2073 inter
975 2035 1153 2085 juvenes

112 2097 339 2151 praesertim
361 2100 567 2135 caveatur.
585 2095 698 2141 Quod
712 2096 753 2133 in
771 2096 972 2135 Societate
988 2108 1153 2136 summa

113 2157 326 2212 diligentia
351 2159 606 2204 observatur,
632 2157 734 2196 sicut
755 2157 795 2195 in
818 2158 928 2196 omni
969 2170 1152 2197 commu-

113 2222 238 2262 nitate
262 2221 455 2272 religiosa
474 2219 781 2259 observandum
800 2232 890 2259 esse
911 2219 1050 2259 docuit
1071 2221 1147 2259 Ba-

113 2284 243 2331 silius,
265 2283 308 2321 in
330 2282 541 2329 Asceticis,
565 2293 688 2319 serm.
719 2283 757 2329 1,
790 2281 841 2320 de
877 2281 1150 2321 Abdicatione

113 2357 268 2391 rerum,
307 2348 401 2395 post
434 2343 619 2382 medium
643 2354 654 2380 z
689 2343 861 2383 Juvenis
882 2343 1046 2394 (inquit)
1067 2344 1151 2384 sive

113 2406 335 2451 amasim
352 2405 483 2445 animo
500 2405 643 2453 fueris,
663 2404 877 2455 aequalium
893 2407 1050 2444 tuorem
1063 2415 1150 2445 con-

113 2469 354 2510 suetudinem
373 2468 563 2517 defuqitO,
576 2467 622 2506 ab
642 2466 800 2518 illisque
815 2469 851 2506 te
867 2478 943 2505 non
959 2478 1068 2508 secus
1089 2471 1151 2508 at-

112 2542 184 2583 que
211 2530 257 2569 ab
293 2529 581 2569 ardentissima
618 2529 785 2580 stamma
824 2530 977 2569 contine
991 2545 1009 2576 ‚·
1038 2529 1148 2580 quod

112 2591 281 2642 optime,
301 2594 341 2628 et
361 2589 618 2628 descendeus
640 2589 692 2627 ad
714 2589 853 2628 omnia
883 2591 1146 2641 particularia

112 2651 389 2705 prosequitur,
406 2663 453 2689 ac
469 2651 636 2690 tandem
650 2650 877 2690 concludit:
893 2651 1011 2692 Crede
1027 2656 1143 2704 milii,

110 2715 296 2767 quoniam
314 2715 491 2758 fr‘aterne
510 2713 597 2760 tibi,
629 2716 665 2752 et
684 2723 731 2751 ea:
748 2712 890 2751 intimo
917 2725 1073 2755 recessu
1092 2718 1144 2755 Zo-

111 2786 223 2827 quor.
246 2775 435 2813 Etserm.
474 2773 512 2819 1,
537 2772 587 2811 de
618 2773 794 2811 Institut.
827 2774 1140 2824 Monachorum,

106 2835 218 2875 ‘circa
238 2836 364 2875 finem
390 2847 399 2872 z
421 2835 551 2874 Porro
569 2834 724 2886 (inquit)
745 2834 786 2873 in
811 2835 1038 2885 hujusmodi
1057 2849 1146 2878 con-

112 2897 304 2944 interrito,
325 2896 552 2946 neutiquam
570 2897 732 2948 patitur
752 2896 966 2936 charitatis
988 2898 1051 2937 Zeoe
1065 2900 1147 2938 ali-

110 2969 210 3010 quas
230 2956 331 2998 coiri
349 2968 523 2997 seorsum
546 2961 616 2997 aut
644 2956 844 2997 amicitias
861 2962 932 2999 aut
954 2960 1144 3002 sodalita-

1267 0 1613 30 νυν
1657 9 1684 34 π
1760 0 1827 31 ,ψ

1234 43 1241 47 .
1272 28 1273 31 ¹
1371 38 1374 40 -
1417 40 1440 42 --
1486 39 1490 42 -
1528 30 1565 47 x
1591 0 1900 79 ·,ἰὲτ,ναῂ,,

1291 68 1302 74 v,
1397 67 1418 75 -⁴
1612 60 1620 71 ι
1782 59 1799 74 ι,
1831 67 1834 70 .

1514 117 1523 124 ·
1601 104 1644 138 0

1018 35 1177 85 ·οι-.“.ν

470 182 551 219 un.
571 182 627 218 1v.
651 181 705 217 na
725 179 848 217 vous
867 179 1119 220 sumemus
1140 183 1382 230 camuris
1402 185 1456 222 Er
1475 158 1775 233 rauranum,
1794 186 1886 226 nm.

1840 47 1957 82 ἶ
1989 34 2099 87 aas&
2166 78 2174 84 .

1805 113 1809 121 .
1883 75 1954 124 θ’

1900 132 1931 176 0
1974 174 1978 180 ,
2035 142 2044 149 ”
2104 164 2107 169 »
2142 144 2195 193 'f'
2292 141 2299 151 “

2091 210 2104 224 -
2129 216 2161 243 „f

1207 250 1277 293 sed
1294 252 1438 296 seditio
1448 255 1492 295 'et
1502 253 1664 302 divisio,
1685 256 1722 295 et
1740 265 1890 304 eorum,
1907 243 1981 307 qui
1993 239 2241 308 sinoponus:

1206 311 1482 366 improbitatis
1507 314 1714 356 indicium.
1743 311 1807 354 Ad
1832 315 2008 367 huiusce
2030 311 2131 369 ergo
2164 317 2242 358 hu·

1206 386 1354 415 manas
1382 375 1679 431 sammaritates
1701 376 1904 424 vitandas,
1928 379 2078 428 praeter
2102 382 2243 421 actua-

1206 437 1288 477 lem
1308 436 1575 488 Superiorum
1589 438 1844 490 vigilantiam
1861 442 1957 478 sunt
1976 439 2021 478 in
2037 440 2244 486 societate

1206 499 1359 550 regulae
1381 511 1473 550 quae
1487 501 1680 540 continue
1699 511 1748 540 ac
1766 500 1893 540 veluti
1919 499 2182 543 habitualiter
2194 501 2261 542 ἰΙω

1205 560 1267 600 las
1286 561 1539 611 impediunt;
1561 562 1792 614 cujusmodi
1811 566 1872 602 est
1889 562 2033 613 regula
2055 564 2121 611 33,
2133 563 2246 604 inter

1207 635 1465 671 communes,
1494 623 1546 663 de
1585 629 1730 676 aperta
1753 624 1932 664 cubiculi
1960 625 2104 675 janua,
2144 624 2245 664 dum
2278 634 2281 638 ⁴

1209 696 1318 724 unus
1341 685 1382 722 in
1403 684 1572 724 alterius
1591 685 1826 725 cubiculum
1837 685 1890 724 ad
1905 685 2242 736 colloquendum,

1207 746 1332 786 etiam
1354 745 1405 785 de
1424 746 1588 785 licentia
1608 747 1840 798 Superioris
1865 747 2004 794 intrat,
2034 751 2075 788 et
2095 747 2162 795 34,
2189 745 2243 786 de

1207 820 1291 848 non
1314 820 1357 846 se
1376 807 1602 858 tangendo,
1625 809 1751 848 etiam
1772 820 1849 860 per
1858 809 2018 859 jocum.

1262 872 1327 911 10.
1357 870 1551 911 Ultimum
1569 871 1755 920 medium,
1771 872 1959 922 frequens
1972 880 2071 910 usus
2088 867 2243 919 confes-

1206 930 1329 972 sionis
1348 935 1383 971 et
1399 931 1701 973 communionis.
1718 953 1770 962 -
1790 932 1939 972 Ultimo
1973 932 2080 970 inter
2102 930 2241 970 omnia

1206 994 1361 1043 media,
1383 1005 1476 1045 quae
1503 995 1694 1044 spectant
1712 993 1764 1033 ad
1782 1006 1901 1044 opus,
1922 998 1969 1033 ut
1998 994 2056 1034 sic
2087 993 2237 1040 dicam,

1208 1055 1433 1106 operantis,
1453 1055 1741 1094 efficacissima
1764 1055 1888 1094 etiam
1916 1059 2012 1094 sunt
2042 1066 2135 1104 quae
2158 1054 2241 1094 vir-

1206 1121 1337 1156 tutem
1352 1117 1507 1156 habent
1528 1128 1578 1156 ex
1600 1128 1726 1168 opere
1752 1120 1944 1168 operato;
1981 1116 2119 1166 qualia
2155 1127 2244 1154 ma-

1204 1179 1315 1218 xime
1337 1183 1432 1218 sunt
1458 1180 1774 1219 Sacramentum
1801 1178 2076 1218 confessionis
2102 1180 2142 1216 et
2167 1177 2245 1215 Eu-

1206 1240 1422 1289 charistiae,
1461 1253 1553 1291 quae
1590 1241 1685 1280 licet
1712 1241 1764 1279 ad
1797 1252 1964 1279 omnem
1994 1239 2170 1290 gratiam
2203 1241 2245 1277 et

1206 1303 1398 1342 virtutem
1419 1302 1648 1347 conferant,
1670 1300 1903 1352 specialiter
1922 1304 2063 1338 tamen
2088 1299 2142 1338 ad
2155 1311 2245 1338 cas-

1206 1364 1332 1402 titatis
1348 1362 1654 1401 observantiam
1670 1362 1858 1401 conferre
1870 1366 2120 1407 censentun
2139 1361 2246 1401 Con-

1205 1424 1331 1463 fessio
1361 1423 1545 1474 quidem,
1567 1425 1719 1474 praeter
1750 1421 2095 1462 sacramentalem
2125 1425 2166 1460 et
2184 1422 2245 1460 in·

1206 1489 1371 1524 ternam
1389 1485 1578 1536 gratiam,
1602 1488 1772 1536 propter
1799 1484 2019 1525 consilium
2053 1487 2093 1523 et
2131 1482 2245 1521 auxi-

1207 1547 1310 1586 lium
1347 1546 1609 1594 confessoris,
1643 1547 1714 1597 qui
1745 1545 1781 1585 si
1822 1557 1897 1585 suo
1926 1556 2101 1584 munere
2136 1544 2244 1583 bene

1207 1611 1360 1656 utatur,
1386 1609 1646 1660 etpoenitens
1668 1619 1749 1646 non
1768 1607 1955 1655 obsistat,
1990 1605 2244 1645 credendum

1209 1672 1270 1710 est
1284 1671 1415 1710 Deum
1434 1669 1602 1721 speciali
1622 1669 1775 1708 auxilio
1795 1669 1974 1719 dirigere
1988 1667 2244 1707 etillumina-

1206 1744 1268 1781 re,
1290 1736 1334 1771 ut
1350 1732 1621 1783 poenitentem
1640 1731 1682 1769 in
1701 1731 2009 1771 difficultatibus
2044 1729 2151 1768 circa
2171 1729 2244 1767 ob-

1206 1794 1485 1836 servationem
1529 1793 1724 1833 castitatis
1762 1792 2075 1833 occurrentibus
2119 1803 2244 1841 supe-

1206 1856 1348 1896 randis
1371 1856 1552 1906 adjuvet.
1584 1854 1840 1894 Eucharistia
1870 1866 1984 1901 vero,
2022 1853 2119 1903 quia
2150 1863 2244 1903 pro·

1205 1918 1342 1970 prium
1365 1917 1454 1968 ejus
1475 1920 1550 1964 est,
1571 1920 1743 1967 propter
1764 1915 2079 1954 mundissimam
2096 1912 2241 1952 Christi

1206 1990 1373 2018 caruem
1404 1981 1444 2017 et
1478 1978 1742 2029 sanguinem,
1768 1977 1949 2029 virgines
1989 1975 2239 2027 germinare,

1206 2045 1251 2080 ut
1268 2040 1415 2079 dicitur
1436 2040 1604 2079 Zachar.
1630 2040 1670 2087 9,
1705 2042 1746 2078 et
1771 2038 1939 2091 exponit
1961 2037 2013 2075 ibi
2035 2037 2241 2086 Hierony-

1205 2113 1313 2150 mus,
1331 2106 1370 2142 et
1392 2101 1651 2147 Paschasius,
1674 2100 1745 2138 lib.
1783 2098 1835 2138 de
1872 2099 2051 2149 Corpore
2075 2100 2116 2136 et
2146 2108 2242 2135 san-

1205 2165 1332 2215 guine
1353 2163 1529 2210 Domini,
1553 2174 1643 2214 cap.
1666 2161 1869 2212 vigesimo
1890 2160 2038 2210 primo.
2062 2160 2112 2198 Et
2136 2159 2239 2197 Lau-

1203 2229 1309 2265 rent.
1332 2225 1569 2272 Justinian„
1592 2224 1663 2263 lib.
1700 2222 1753 2262 de
1785 2221 2007 2272 Disciplina
2043 2220 2237 2267 Monast..,

1204 2299 1295 2339 cap.
1319 2286 1478 2325 decimo
1502 2297 1629 2332 nono,
1662 2285 1758 2323 huic
1779 2284 2047 2322 Sacramento
2083 2281 2240 2332 specia-

1202 2349 1295 2388 liter
1316 2348 1458 2387 tribuit
1477 2347 1630 2386 somitis
1669 2345 1983 2396 mitigationem.
2024 2344 2071 2382 Et
2093 2343 2235 2393 plures

1200 2412 1305 2451 alios
1330 2411 1450 2449 retuli
1485 2411 1527 2449 in
1549 2411 1573 2449 3
1592 2414 1692 2448 tom.
1727 2408 1860 2448 tertiae
1900 2405 2042 2458 partis,
2080 2405 2232 2456 disput.

1203 2472 1464 2524 sexagesima
1489 2472 1625 2518 tertia,
1654 2473 1753 2510 sect.
1778 2469 1955 2516 decima,
1979 2467 2086 2518 disp.
2123 2478 2238 2506 sexa-

1205 2534 1361 2585 gesima
1384 2537 1545 2584 quarta,
1585 2534 1683 2572 sect.
1721 2534 1758 2571 i.
1799 2531 1968 2582 Propter
1999 2528 2110 2580 quod
2138 2527 2239 2567 dixit

1203 2596 1450 2642 Bernardus,
1474 2607 1598 2634 serm.
1620 2594 1672 2633 de
1690 2593 1815 2632 Coena
1837 2590 1995 2630 Domini
2018 2602 2028 2628 z
2057 2590 2154 2636 Quis
2168 2601 2237 2639 po·

1201 2659 1297 2699 terit
1325 2662 1406 2696 tam
1425 2659 1568 2707 efferos
1585 2657 1715 2694 motus
1733 2654 1923 2703 frua-aere
1942 2651 1958 2687 ?
1981 2651 2069 2700 quis
2098 2649 2236 2700 pruri-

1199 2723 1266 2760 tas
1281 2719 1428 2757 ulceris
1446 2717 1568 2766 liujus
1578 2717 1687 2764 ferre
1697 2716 1811 2765 queat
1828 2713 1846 2750 ἓ
1867 2711 2072 2763 Confidite,
2083 2711 2236 2762 quiam

1198 2779 1269 2818 Icoc
1281 2779 1419 2830 qratia
1435 2775 1629 2822 subvenit,
1642 2777 1678 2814 et
1697 2777 1740 2813 ut
1756 2774 1885 2814 securi
1903 2773 2010 2818 sitis,
2030 2772 2140 2812 sacri
2151 2771 2235 2811 Do-

1197 2839 1300 2879 mini
1320 2837 1507 2887 Corporis
1534 2839 1572 2876 et
1603 2835 1813 2889 sanquinis
1840 2833 2004 2887 pretiosi
2028 2833 2235 2873 investitu-

1199 2910 1286 2941 ram
1299 2899 1460 2939 habetis.
1482 2897 1571 2937 Duo
1586 2898 1687 2937 enim
1706 2897 1812 2936 illud
1824 2895 2131 2937 Sacramentum
2148 2905 2234 2946 ope-

1196 2965 1316 3001 ratur
1336 2962 1380 3000 in
1396 2960 1520 3008 nobis,
1541 2963 1598 3007 ut,
1621 2960 1818 3007 videlicet,
1835 2959 1992 2998 minuat
2014 2969 2170 2998 sensum
2188 2957 2232 2996 in

110 3022 180 3059 tes.
201 3017 319 3064 Quod
339 3029 462 3056 serm.
485 3019 509 3056 2
528 3018 679 3056 iterum
700 3019 861 3069 repetit,
890 3020 990 3058 etin
1007 3022 1138 3074 regul.
1193 3022 1392 3070 minimis,
1417 3026 1453 3062 et
1471 3021 1513 3060 in
1534 3022 1788 3073 pravioribus
1820 3020 1936 3060 tollat
1965 3018 2118 3058 omnino
2142 3029 2231 3058 con-

111 3081 177 3129 34,
200 3092 250 3119 ex
268 3079 506 3126 fusioribus,
527 3091 709 3118 amorem
730 3080 839 3120 hunc
860 3081 1052 3121 vitiosum
1072 3096 1141 3124 vo-
1192 3096 1365 3125 sensum.
1384 3085 1454 3123 llis
1475 3084 1599 3135 igitur
1624 3082 1819 3122 remediis
1846 3081 1972 3121 etiam
2006 3080 2134 3118 utitur
2157 3078 2231 3118 So-

113 3144 190 3189 eat,
219 3143 260 3180 et
274 3140 418 3179 vitium
432 3140 608 3180 maxime
629 3140 798 3180 infame.
822 3142 879 3181 Ac
898 3142 1077 3194 denique
1097 3145 1141 3183 in

1196 3146 1323 3185 cietas
1345 3158 1418 3197 per
1447 3146 1709 3196 frequentem
1747 3154 1870 3183 usum
1906 3143 2056 3182 horum
2094 3152 2232 3180 sacra·

111 3201 246 3242 Consi.
280 3201 472 3240 Monach.
491 3232 501 3250 ,
535 3213 571 3241 c.
606 3203 679 3242 3³:
707 3202 955 3244 Charitatem
983 3204 1139 3257 (inquit)
1191 3211 1446 3256 mentorum,
1478 3211 1523 3246 ut
1545 3210 1706 3245 constat
1728 3218 1779 3245 ex
1803 3202 1925 3245 tertia
1955 3206 2072 3255 parte
2103 3202 2232 3242 Cons-
2286 3227 2291 3230 -

114 3263 250 3304 habere
268 3263 374 3303 inter
389 3275 428 3303 se
446 3268 624 3303 mutuam
638 3265 792 3314 fratres
812 3266 957 3312 debent,
975 3279 1051 3306 non
1081 3268 1144 3309 ita

111 3327 240 3366 tamen
256 3327 302 3365 ut
317 3325 391 3366 duo
405 3328 531 3366 tresve
551 3336 575 3364 a
591 3326 744 3366 coeteris
765 3327 872 3367 inter
893 3339 934 3367 se
952 3328 1142 3370 sodalita-

110 3389 187 3426 tem
202 3389 336 3427 coeant
344 3403 362 3435 ,·
377 3387 688 3440 quandoquidem
698 3387 768 3428 hoc
781 3399 858 3428 non
874 3388 1053 3431 charitas
1063 3394 1139 3443 est,

110 3506 338 3608 Comrppnt.
374 3510 454 3561 29,
489 3513 531 3552 et
563 3509 772 3555 Joannem
804 3510 965 3562 Trullo,
985 3512 1057 3557 lib.
1095 3515 1141 3567 ά,

109 3578 200 3620 cap.
278 3599 286 3608 .

1195 3269 1447 3317 titutionum,
1481 3281 1571 3320 cap.
1606 3270 1643 3316 1,
1666 3267 1690 3320 ξ
1715 3269 1753 3316 3,
1784 3270 1825 3306 et
1855 3266 1898 3305 in
1930 3263 2227 3316 superioribus,

1194 3330 1266 3370 lib.
1293 3333 1330 3378 1,
1347 3343 1437 3383 cap.
1460 3332 1500 3379 3,
1530 3342 1705 3369 numero
1727 3332 1888 3381 quarto,
1915 3331 2069 3367 tactum
2087 3328 2162 3374 est,
2187 3327 2231 3364 et

1194 3393 1445 3444 explicatum
1480 3396 1633 3444 quanta
1663 3391 1876 3444 diligentia
1902 3389 2152 3429 adhibeatur
2183 3388 2230 3426 ut

1195 3454 1286 3494 haec
1301 3454 1534 3506 frequentia
1570 3466 1656 3494 non
1687 3454 1862 3501 minuat,
1883 3450 1958 3490 sed
1975 3450 2127 3500 augeat
2151 3457 2228 3498 po-

1195 3515 1277 3556 tius
1303 3516 1580 3556 reverentiam
1613 3518 1656 3555 et
1690 3515 1870 3556 fructum
1907 3512 2055 3551 horum
2088 3518 2228 3548 sacra-

1195 3580 1447 3622 mentorum.
1469 3578 1604 3631 Atque
1622 3577 1680 3619 ita
1712 3574 1883 3629 quidem
1912 3571 2103 3614 existimo
2136 3572 2228 3620 tan·>
