2352 3880
310 190 331 212 Φ

28 308 60 350 ⁹·
81 329 176 368 voto
193 326 452 374 obedientiae,
470 326 515 366 in
534 335 616 377 quo
641 321 816 375 aequales
842 324 939 360 sunt
968 332 1110 360 omnes

52 403 57 408 ’
79 389 258 439 religiosi
278 387 506 435 societatis,
525 386 571 425 111
588 395 846 438 quocumque
870 382 999 433 gradu
1023 381 1111 432 ejus

79 450 255 492 existant
263 461 277 502 ;
296 454 337 490 et
354 449 461 498 ideo,
482 447 577 487 licet
591 447 642 486 de
659 445 764 486 votis
781 444 1112 483 scholasticorum

54 522 57 530 ·
79 510 146 552 1110
166 512 396 564 specialiter
414 510 681 556 disseramus,
701 506 752 546 de
769 506 961 545 omnibus
977 515 1113 545 conse-

80 577 254 624 quenter
269 571 489 613 dicendum
509 574 584 618 est,
606 570 710 608 sicut
727 567 779 607 de
790 571 1031 620 paupertate
1051 565 1112 606 fe-

81 636 225 678 cimus,
253 636 341 675 Duo
374 637 512 674 autem
546 631 616 671 hic
646 630 942 670 consideranda
975 640 1116 670 occur-

79 701 193 747 runt,
218 697 384 744 scilicet,
397 694 498 746 quid
516 693 560 732 in
578 694 714 744 rigore
733 692 860 744 possit
877 691 1024 731 cadere
1038 689 1114 731 sub

79 762 328 811 praeceptum
342 757 388 796 in
409 756 486 796 hac
504 755 691 804 materia,
710 759 751 794 et
766 753 866 805 quid
886 753 962 792 sub
986 751 1115 793 consi-

79 818 147 859 lio.
171 819 268 866 Quae
288 819 370 858 duo
388 818 481 857 licet
497 816 689 856 omnibus
703 815 972 866 religionibus
996 825 1116 866 gene·

79 880 182 921 ralia
195 880 424 927 videantur,
438 879 572 919 solum
583 890 608 918 a
620 878 739 918 nobis
751 877 992 929 explicanda
1003 880 1114 926 sunt,

80 948 279 995 quatenus
298 942 343 983 111
367 942 565 982 Societate
581 940 736 980 habent
751 939 966 991 specialem
984 938 1117 978 deter-

80 1005 351 1045 minationem
382 1008 455 1044 001
485 1015 622 1043 usum.
657 1003 843 1042 Primum
876 1000 1045 1052 quidem
1072 1001 1116 1041 in

79 1067 269 1117 praesenti
282 1067 430 1118 capite,
446 1065 671 1106 secundum
682 1075 780 1104 vero
792 1064 839 1102 in
850 1062 1116 1114 sequentibus

78 1139 210 1179 usque
230 1128 283 1168 ad
299 1129 507 1167 decimum
527 1127 734 1178 quintum.

133 1192 176 1230 2.
208 1189 442 1242 Suppositio
457 1189 560 1241 quod
571 1188 615 1227 in
632 1186 837 1228 Societate
853 1187 967 1227 detur
982 1186 1048 1227 cui
1060 1186 1118 1227 ait

82 1251 344 1293 obediendum.
373 1272 426 1281 -—
444 1249 647 1297 Quoniam
680 1260 777 1288 vero
803 1248 999 1299 obligatio
1031 1259 1118 1288 non

81 1318 213 1365 potest
238 1325 285 1354 ex
310 1316 512 1364 praecepto
540 1310 653 1359 oriri,
676 1311 757 1349 nisi
787 1310 840 1349 sit
871 1314 1050 1361 potestas
1073 1310 1118 1348 111

82 1375 352 1427 praecipiente,
371 1374 461 1413 ideo
475 1374 518 1412 in
530 1373 605 1411 hac
617 1374 788 1412 materia
800 1372 1117 1424 supponendum

81 1448 140 1476 est
158 1438 306 1488 primo,
325 1437 369 1475 in
386 1435 566 1475 Praelatis
583 1435 796 1475 Societatis
812 1447 897 1474 esse
911 1445 1053 1473 veram
1068 1445 1118 1472 ac

80 1498 309 1549 legitimam
345 1501 588 1550 potestatem
621 1497 888 1548 praecipiendi
927 1495 1114 1535 subditis.

54 1576 56 1578 ·
81 1561 167 1599 Hoc
187 1561 283 1600 satis
311 1563 466 1599 constat
485 1571 536 1598 ex
552 1559 738 1598 tractatis
761 1559 805 1597 in
825 1557 1116 1609 superioribus,

81 1621 152 1662 lib.
182 1626 216 1670 t,
238 1634 327 1673 cap.
349 1622 499 1673 primo,
519 1619 592 1659 ubi
608 1624 816 1659 ostensum
837 1624 896 1658 est
912 1619 1021 1657 hanc
1035 1630 1120 1658 esse

82 1695 223 1723 veram
241 1684 483 1734 religionem
511 1694 536 1722 a
562 1682 744 1722 Summis
767 1681 1032 1720 Pontificibus
1050 1692 1121 1731 ap-

83 1745 322 1797 probatam3
343 1757 440 1784 vera
469 1744 581 1784 enim
612 1743 756 1794 religio
782 1743 870 1782 51110
887 1742 964 1781 1100
990 1745 1120 1793 potes-

82 1810 166 1846 tate
186 1806 404 1846 consistere
421 1818 505 1844 non
519 1810 664 1857 potest,
683 1809 728 1843 ut
742 1805 867 1844 etiam
885 1809 998 1843 tomo
1014 1815 1121 1854 prae-

82 1867 242 1907 cedenti
261 1871 478 1906 tractatum
501 1871 573 1906 est.
598 1867 785 1906 Diximus
802 1866 928 1905 etiam
947 1866 993 1905 111
1017 1865 1120 1904 Prae-

81 1928 165 1968 lato
185 1929 395 1980 religionis
414 1929 618 1979 duplicem
629 1940 716 1967 0550
730 1927 987 1979 potestatem,
999 1927 1121 1977 juxta

82 1997 326 2043 praesentem
359 1990 548 2030 Ecclesiae
582 1989 901 2028 institutionem.
932 1989 1023 2028 Una
1058 1991 1121 2027 est

81 2053 346 2099 dominativa‚
364 2064 490 2103 quam
506 2051 681 2102 acquirit
694 2051 889 2090 Praelatus
900 2062 952 2089 ex
968 2050 1011 2088 vi
1027 2061 1120 2101 pro·

81 2114 269 2153 fessionis
287 2113 504 2165 religiosae,
523 2117 727 2164 quatenus
742 2112 1008 2150 traditionem
1022 2114 1120 2150 voto

82 2176 324 2215 obedientiae
354 2176 639 2214 confirmatam
666 2174 851 2213 includlt.
874 2174 994 2222 Nam,
1027 2173 1120 2228 licet

84 2237 313 2276 dominium
326 2237 429 2276 illud
443 2236 680 2276 immediate
695 2236 900 2287 pertineat
918 2235 969 2275 ad
986 2239 1120 2275 totum

86 2310 230 2350 corpus
247 2298 469 2350 religionis,
489 2298 790 2338 administratio
809 2303 946 2336 autem
961 2301 1002 2336 et
1021 2309 1120 2337 usus

86 2361 175 2412 ejus
198 2362 406 2413 Superiori
424 2362 640 2401 commissa
666 2365 763 2400 sunt
781 2372 856 2412 per
875 2360 1119 2403 electionem

83 2423 211 2474 ipsius
228 2423 452 2474 religionis,
473 2435 546 2475 per
563 2433 869 2474 quemcumque
899 2422 1029 2461 alium
1061 2422 1119 2463 10-

84 2485 275 2535 gitimum
294 2485 465 2524 modum
482 2484 756 2524 constituendi
774 2484 956 2535 aliquem
977 2485 1019 2523 in
1042 2485 1122 2524 Su-

82 2547 287 2598 periorem
316 2547 361 2586 in
387 2546 462 2586 tali
491 2546 691 2597 religione
710 2545 962 2594 ordinatum,
986 2550 1027 2585 et
1047 2558 1120 2597 per

83 2608 230 2648 Sedem
258 2608 534 2660 Apostolicam
552 2607 854 2647 confirmatum.
878 2607 970 2646 Alia
990 2612 1121 2659 potes-

81 2673 143 2709 tas
162 2674 221 2709 est
234 2662 546 2721 jurisdictionis,
565 2680 691 2721 quam
706 2667 860 2708 habent
879 2669 1042 2707 Praelati
1058 2681 1120 2709 re-

81 2730 248 2783 ligionis
267 2743 293 2772 a
310 2731 413 2771 Sede
430 2730 682 2783 Apostolica,
711 2735 754 2769 et
769 2742 842 2782 per
857 2742 900 2770 se
917 2734 979 2770 est
999 2730 1119 2781 spiri-

82 2793 218 2844 tualis,
249 2793 402 2833 virtute
433 2793 648 2833 continens
678 2791 806 2832 etiam
825 2792 1092 2844 temporalem
1104 2821 1117 2841 ,

82 2862 283 2907 quatenus
316 2854 491 2896 includit
507 2858 751 2909 potestatem
779 2853 1044 2907 ,iudiciariam
1076 2858 1119 2894 et

82 2927 324 2957 coercivam.

134 2980 178 3019 3.
205 2979 262 3020 Id
277 2980 497 3022 ostenditur
521 2980 567 3021 de
578 2982 774 3038 potestate
788 2978 1050 3022 dominativa.
1063 3001 1117 3011 —

82 3041 164 3080 Has
180 3052 277 3092 ergo
294 3041 394 3081 duas
413 3045 631 3094 potestates
648 3042 774 3082 habet
792 3042 918 3083 etiam
937 3042 1117 3081 Societa-

83 3103 136 3141 tis
155 3102 362 3142 Praelatus.
379 3104 438 3143 De
456 3104 590 3156 prima
609 3103 766 3157 aliquid
780 3104 826 3145 in
841 3103 1119 3156 superioribus

86 3162 279 3212 diximus,
289 3163 396 3204 libro
412 3165 548 3214 tertio,
569 3177 659 3217 cap.
679 3167 1032 3217 quarto,'numero
1050 3165 1118 3205 de-

86 3223 192 3263 cimo
216 3228 377 3275 quarto,
397 3237 490 3266 cum
513 3227 764 3267 ostendimus
789 3227 1030 3267 Societatem
1049 3237 1117 3265 ac-

85 3285 250 3336 quirere
266 3297 414 3325 verum
446 3296 494 3326 ac
510 3289 725 3340 proprium
741 3290 809 3340 jus
837 3288 884 3328 in
901 3287 1119 3336 scholares,

86 3350 159 3400 qui
180 3347 219 3388 ei
254 3359 298 3388 se
329 3348 498 3388 tradunt
514 3361 588 3401 per
618 3352 700 3391 tria
717 3356 814 3391 vota
835 3350 1121 3390 substantialia

85 3408 318 3460 religionis;
336 3409 446 3449 unde
470 3421 496 3449 a
514 3410 671 3451 fortiori
690 3414 873 3462 sequitur
902 3412 1013 3451 idem
1034 3423 1122 3451 esse

87 3470 139 3510 de
156 3470 348 3522 professis
363 3475 404 3511 et
426 3471 478 3511 de
510 3471 827 3522 coadjutoribus.
861 3473 1015 3513 Deinde
1032 3472 1121 3512 haec

86 3535 267 3585 potestas
289 3532 471 3572 nascitur
485 3532 717 3573 radicaliter
734 3546 784 3574 ex
810 3535 908 3587 ipsis
924 3534 1097 3574 subditis
1106 3545 1119 3586 ;

88 3593 260 3644 requirit
276 3597 416 3634 autem
433 3594 755 3646 acceptationem
767 3597 1008 3635 auctoritate
1017 3596 1123 3647 Apo-

88 3654 233 3696 stolica
259 3655 426 3699 factam.
447 3656 674 3710 Utrumque
694 3660 834 3697 autem
851 3656 898 3697 in
925 3656 1123 3698 Societate

402 261 492 297 mr.
514 259 587 295 xn.
609 258 668 294 An
684 256 744 294 Ex
762 247 873 292 Vffl'o
894 253 1150 289 ommamm
1170 254 1361 291 onmem
1379 255 1549 293 Possm?
1568 257 1782 301 nummost.
1804 256 1894 293 mc.

1163 319 1411 363 intervenit:
1437 328 1498 362 est
1515 335 1614 376 ergo
1637 324 1684 365 in
1707 324 1798 376 ipsa
1816 322 2013 364 societate
2029 319 2107 361 hoc
2126 321 2200 360 do-

1164 383 1355 432 minium,
1393 385 1501 435 quod
1526 385 1614 435 ipsa
1633 398 1706 437 per
1727 386 1969 426 electionem
1987 383 2202 432 transfert„

1166 445 1298 497 quoad
1327 444 1740 496 administrationem,
1759 449 1805 487 in
1826 447 2090 500 Praepositum
2123 432 2203 517 Ge-{

1166 506 1370 553 neralem,
1395 518 1420 545 a
1457 518 1538 558 quo
1574 506 1627 545 ad
1663 508 1766 547 alios
1791 509 2027 561 Superiores
2061 512 2204 561 postea

1167 571 1344 608 emanat.
1366 568 1468 608 Nam
1488 579 1582 607 cum
1599 567 1667 607 hic
1685 569 1831 607 modus
1863 570 2202 610 communicatio-

1166 629 1293 669 1115111
1311 629 1677 669 constitutionibus
1690 629 1901 669 Societatis
1925 643 1950 670 a
1977 632 2079 672 Sede
2093 631 2203 683 Apo·

1165 692 1307 732 stolica
1338 691 1581 743 approbatis
1603 691 1862 731 contineatur
1875 722 1888 740 ,
1909 693 2034 732 etiam
2054 694 2203 733 modus

1167 753 1237 792 ille
1258 753 1590 793 communicandi
1607 753 1715 792 110110
1726 757 1970 805 potestatem
1986 754 2202 794 confirma-

1167 818 1235 855 tus
1256 819 1332 864 est,
1352 819 1393 855 et
1415 819 1711 866 consequenter
1726 819 1787 854 est
1804 816 1960 859 efficax.
1987 819 2035 854 ut
2054 815 2204 856 habeat

1168 877 1373 917 effectum.
1410 878 1468 917 De
1507 877 1637 916 altera
1671 867 1871 929 potestate
1904 876 2204 929 jurisdictionis

1169 943 1328 978 constat
1346 951 1397 978 ex
1416 939 1541 978 Bullis
1560 939 1797 987 Pontificiis,
1819 950 1893 991 per
1911 951 2013 991 quas
2034 938 2122 977 haec
2139 950 2203 978 re-

1168 1001 1267 1052 ligio
1296 1013 1324 1040 a
1355 1001 1641 1052 jurisdictione
1677 1001 1864 1040 omnium
1891 967 2208 1041 01111110110111111Ι

1168 1066 1359 1114 exempta
1377 1068 1453 1110 est,
1468 1067 1508 1102 et
1524 1067 1818 1115 consequenter
1836 1066 2077 1114 potestatem
2093 1073 2206 1101 acce-

1168 1125 1229 1176 pit
1244 1124 1296 1164 ab
1313 1125 1400 1176 ipso
1423 1126 1593 1164 Summo
1614 1125 1809 1164 pontifice
1832 1124 1885 1163 ad
1907 1136 1949 1163 50
1968 1124 2207 1174 gubernan-

1169 1187 1268 1226 dum
1282 1196 1294 1235 ;
1311 1198 1408 1237 ergo
1425 1190 1465 1225 et
1476 1191 1774 1238 competentem
1785 1186 2114 1237 jurisdictionem
2129 1186 2207 1225 im-

1170 1248 1410 1296 mediatam,
1433 1249 1521 1287 sine
1551 1261 1632 1299 qua
1654 1259 1738 1287 non
1760 1252 1895 1300 posset
1917 1247 2208 1287 convenienter

1171 1310 1405 1361 gubernari.
1438 1311 1507 1348 Est
1524 1315 1662 1348 autem
1680 1309 1768 1348 haec
1794 1314 1971 1361 potestas
2000 1309 2136 1360 primo
2167 1313 2210 1348 et

1170 1383 1244 1423 per
1268 1383 1310 1410 se
1335 1371 1380 1410 in
1411 1371 1498 1422 ipso
1531 1371 1720 1410 Generali
1731 1401 1745 1420 ,
1780 1382 1830 1410 eo
1862 1371 1952 1422 ipso
1983 1371 2093 1422 quod
2130 1371 2210 1410 rite

1170 1433 1320 1473 electus
1356 1436 1440 1482 est,
1461 1437 1630 1484 propter
1663 1432 1850 1473 eamdem
1887 1432 2091 1472 rationem
2115 1444 2210 1483 quae

1171 1508 1294 1547 supra
1326 1495 1438 1535 facta
1460 1500 1521 1535 est
1529 1510 1540 1543 3
1575 1507 1688 1544 nam,
1711 1507 1760 1536 00
1793 1495 1882 1547 ipso
1902 1496 2011 1546 quod
2045 1495 2212 1546 eligitur

1171 1557 1294 1597 modo
1321 1557 1373 1597 ab
1408 1559 1496 1609 ipso
1529 1557 1725 1597 Pontifice
1758 1557 1997 1609 approbato,
2019 1557 2142 1596 datur
2171 1555 2212 1595 01

1171 1620 1293 1671 plena
1308 1620 1562 1671 Jurisdictio,
1585 1631 1636 1659 ex
1656 1619 1867 1659 voluntate
1891 1619 2075 1670 ejusdem
2106 1619 2212 1658 Pon-

1171 1681 1306 1730 tificis,
1327 1682 1516 1733 quamvis
1542 1681 1749 1721 mediante
1769 1682 1858 1733 ipsa
1892 1681 2092 1732 religione
2114 1692 2213 1719 con-

1171 1743 1339 1783 feratur.
1362 1744 1457 1789 Quae
1476 1744 1616 1782 omnia
1634 1743 1778 1782 eadem
1799 1744 2062 1794 proportione
2077 1743 2122 1782 in
2142 1742 2214 1782 So·

1172 1806 1316 1845 cietate
1332 1805 1468 1845 locum
1480 1805 1649 1852 habent,
1665 1806 1804 1856 quain
1821 1805 1912 1844 aliis
1928 1804 2213 1856 religionibus,

1172 1873 1378 1919 quatenus
1396 1868 1440 1907 111
1466 1868 1678 1907 0001010111
1700 1867 1860 1906 ratione
1886 1866 2098 1917 religionis
2117 1877 2215 1906 con-e

1174 1929 1359 1976 veniunt,
1371 1933 1414 1967 et
1432 1929 1541 1967 circa
1556 1928 1669 1967 illam
1687 1928 1887 1979 explicata
1899 1940 1972 1966 suo
1990 1927 2080 1966 loco
2098 1930 2212 1966 sunt.

1174 1989 1318 2029 Solum
1335 1990 1380 2029 in
1398 1989 1545 2039 gradu,
1559 2001 1631 2028 seu
1650 1989 1879 2040 quantitate
1895 1989 2214 2039 jurisdictionis,

1172 2051 1239 2091 vel
1259 2051 1305 2092 in
1325 2051 1448 2091 modo
1475 2051 1689 2090 obtinendi
1719 2062 1791 2090 seu
1825 2050 2059 2102 applicandi
2080 2050 2213 2099 illam,

1173 2118 1305 2165 potest
1323 2126 1408 2153 esse
1428 2113 1656 2161 diversitas,
1674 2125 1764 2164 (111εο
1785 2124 1834 2152 ex
1861 2113 2035 2164 propriis
2055 2112 2215 2152 Consti-

1172 2175 1403 2215 tutionibus
1422 2179 1464 2215 et
1481 2175 1707 2226 privilegiis
1727 2174 1978 2214 attendenda
1999 2177 2072 2221 est,
2090 2178 2132 2214 et
2147 2174 2215 2213 in-

1171 2238 1300 2277 11010
1320 2237 1393 2277 lib.
1419 2239 1486 2286 10,
1506 2237 1720 2276 tractando
1746 2236 1799 2276 de
1829 2236 2116 2288 Superioribus
2142 2236 2215 2276 So-

1171 2299 1345 2346 cietatis,
1363 2299 1461 2351 quid
1482 2298 1543 2338 illi
1561 2299 1608 2339 in
1624 2298 1704 2338 hoc
1720 2310 1873 2350 genere
1891 2299 2110 2351 proprium
2141 2298 2212 2348 sit,

1171 2360 1482 2413 explicabimus.

1222 2425 1264 2464 4.
1279 2423 1552 2465 Corollarium
1561 2423 1758 2477 primum,
1780 2425 1881 2466 hanc
1892 2426 2126 2477 potestatem
2140 2433 2212 2464 va-

1172 2485 1251 2526 lere
1268 2486 1324 2525 ad
1338 2486 1593 2536 obligandum
1610 2486 1683 2526 sub
1700 2487 1817 2539 culpa
1836 2486 1956 2526 etiam
1975 2485 2143 2537 duplici.
2156 2473 2213 2514 —-'

1172 2547 1233 2585 Ex
1249 2546 1314 2585 his
1331 2559 1429 2597 ergo
1449 2547 1657 2598 principiis
1674 2547 1897 2598 colligitur,
1917 2547 2070 2599 duplici
2087 2546 2210 2586 titulo

1172 2620 1290 2660 posse
1309 2608 1502 2647 Praelatos
1521 2608 1732 2647 Societatis
1753 2610 1860 2648 sicut
1883 2612 1924 2648 et
1941 2609 2117 2647 aliarum
2146 2620 2210 2648 re-

1171 2669 1375 2720 ligionum
1394 2669 1618 2721 praecipere
1639 2669 1813 2709 subditis
1838 2669 1916 2709 sub
1943 2669 2063 2721 culpa
2081 2670 2211 2709 etiam

1171 2731 1287 2783 gravi
1299 2743 1373 2783 pro
1388 2733 1571 2771 materiae
1588 2731 1802 2783 qualitate,
1816 2731 1982 2780 scilicet,
2000 2743 2052 2772 ex
2066 2732 2108 2771 vi
2123 2731 2211 2771 voti

1170 2806 1246 2846 per
1267 2798 1511 2846 potestatem
1527 2793 1842 2843 dominativam,
1858 2797 1900 2833 et
1915 2793 2073 2833 ratione
2086 2794 2213 2844 juris·

1171 2856 1359 2895 dictionis
1382 2856 1500 2906 quasi
1518 2854 1785 2907 EpiscopaliS,
1807 2867 1933 2906 quam
1952 2855 1997 2894 in
2026 2855 2210 2895 subditos

1170 2916 1325 2957 habent
1331 2927 1345 2967 3
1375 2929 1425 2957 ex
1442 2928 1526 2969 qua
1544 2916 1700 2968 duplici
1718 2916 1877 2956 ratione
1904 2917 2035 2956 oritur
2052 2917 2208 2968 obliga-

1169 2979 1229 3018 tio
1247 2978 1420 3030 duplicis
1440 2978 1566 3018 etiam
1580 2978 1766 3018 rationis.
1778 2979 1838 3018 Ex
1849 2979 1975 3030 priori
1994 2979 2107 3018 enim
2126 2979 2211 3027 ori·¹

1169 3044 1240 3079 tur
1261 3040 1457 3092 obligatio
1484 3039 1720 3090 religionis;
1752 3052 1804 3081 ex
1829 3041 2044 3092 posteriori
2065 3030 2211 3081 autem*

1170 3102 1302 3142 oritur
1333 3101 1531 3152 obligatio
1550 3101 1811 3152 obedientiae,
1837 3103 1905 3142 vel
1937 3103 2108 3154 alicujus
2125 3098 2213 3156 vir-J

1170 3163 1271 3203 tutis
1289 3163 1490 3215 specialis,
1510 3164 1556 3202 111
1571 3176 1654 3216 qua
1668 3168 1780 3204 actus
1798 3169 2024 3216 praeceptus
2043 3157 2212 3216 ponitur

1169 3226 1331 3266 ratione
1360 3225 1560 3265 materiae.
1601 3226 1666 3265 An
1700 3237 1798 3265 vero
1833 3226 2126 3277 distinguenda
2155 3226 2211 3265 sit

1172 3289 1295 3327 tertia
1312 3288 1418 3327 ratio
1438 3287 1702 3339 obligationis
1715 3288 1924 3340 pertinens
1942 3288 1993 3326 ad
2006 3284 2211 3338 justitiam

1173 3349 1334 3389 ratione
1367 3349 1599 3388 traditionis
1629 3352 1672 3390 et
1706 3349 1882 3388 dominii
1910 3348 2099 3400 acquisiti
2131 3346 2211 3397 ipsi

1174 3411 1364 3462 religioni
1375 3421 1389 3461 ;
1423 3411 1547 3460 item,
1581 3422 1636 3451 an
1671 3422 1723 3451 ex
1758 3410 1831 3450 illa
1863 3410 2015 3462 duplici
2051 3407 2183 3446 ration

1175 3474 1332 3512 oriatur
1347 3472 1499 3524 duplex
1517 3472 1637 3524 culpa
1656 3485 1727 3512 seu
1746 3472 1902 3511 malitia
1923 3471 1968 3508 in
1986 3474 2212 3520 transgres-

1175 3535 1290 3573 sione
1306 3533 1488 3585 religiosi
1506 3534 1684 3574 nolentis
1703 3533 1868 3572 obedire
1899 3529 2085 3578 Praelato,
2107 3542 2211 3582 prae-

1175 3595 1337 3634 cedenti
1354 3599 1467 3634 tomo
1496 3595 1547 3635 de
1573 3595 1772 3645 religione
1796 3592 1842 3630 in
1870 3591 2079 3630 communi
2105 3572 2212 3631 trac-¹·

1175 3660 1311 3698 tatum
1330 3660 1419 3707 est3
1446 3659 1490 3697 et
1505 3656 1701 3696 resolutio
1721 3657 1798 3703 est,
1827 3651 1865 3692 si
1897 3651 2091 3693 Praelatus
2122 3656 2211 3695 tota
