2352 3880
88 255 94 259 ,
128 275 347 330 nqldituum
367 281 518 314 nomine
531 275 623 322 quid
631 274 765 318 veniat,
780 270 834 307 ib.

561 359 718 387 aecum.
974 357 979 363 ·
1007 356 1039 389 0

112 399 300 470 zegimen
319 424 605 463 monachicum,
621 430 694 465 quo
709 420 867 455 Societas
875 419 991 454 utitur
1000 423 1085 456 nou·
1095 417 1159 452 ad-

79 487 119 525 't
152 477 347 511 ‘mittendo
370 473 556 510 ordinarie
570 471 737 515 suffragia
757 469 926 509 decisiva,
941 468 1007 504 sed
1018 469 1156 503 tantum

167 527 383 569 consultiva,
400 526 576 569 optimum
595 530 684 563 esse,
701 524 745 555 tr.
767 521 856 561 10,1.
875 523 906 561 ³,
920 527 951 554 c.
967 522 1001 554 ’1.
1057 566 1067 574 ·
1122 566 1130 572 .

127 578 301 621 Regimen
321 576 505 610 societatis
516 577 568 608 est
579 570 852 606 monarchieum
868 569 1006 603 habens
1022 565 1161 610 ahquid

168 628 363 663 admistum
385 623 630 664 aristoni-atini,
651 623 675 656 l.
694 623 747 662 10,
763 629 793 655 c.
809 624 840 655 1.
1088 643 1091 647 .

169 679 222 713 Ad
238 681 326 719 quot
340 675 592 710 subordinatos
613 675 648 706 et
664 670 870 706 ordinarios
880 668 1093 713 Superiores
1104 674 1161 702 re·

169 727 332 764 ducatur,
350 731 384 758 et
406 724 556 767 quinam
574 722 628 755 illi
651 722 735 763 sint,
758 721 807 754 ib.

173 776 264 818 Quot
282 774 402 809 modis
420 772 705 809 aristocraticum
723 770 924 814 participet,
945 766 996 803 ib.

574 858 715 884 lineum.

127 922 271 967 Regtssae
285 922 444 966 acceptio
463 924 500 957 et
518 920 735 964 significatio
751 918 951 962 multiplex,
967 920 1011 952 tr.
1028 918 1060 960 8,
1077 915 1103 952 1.
1124 917 1158 958 1,

170 982 200 1008 c.
228 977 259 1007 1.

126 1023 269 1067 Begulae
292 1023 497 1068 approbatae
510 1024 664 1065 quatuor
685 1023 824 1053 tantum
846 1017 1155 1052 numerabantur.

168 1083 335 1117 quaenam
357 1074 448 1110 sint.
470 1076 505 1107 et
526 1079 607 1114 quae
629 1069 826 1112 religiones
850 1068 920 1102 sub
940 1066 1094 1109 sing-ulis
1111 1064 1159 1098 il-

167 1124 284 1158 larum
308 1124 414 1158 hodie
430 1123 598 1161 militent,
614 1121 663 1154 ib.

123 1173 262 1217 Regula
277 1179 311 1208 et
326 1173 532 1208 constitutio
548 1169 730 1214 quomodo
748 1167 927 1208 differant,
941 1165 991 1199 ib.

127 1223 301 1266 Regulam
326 1227 432 1257 totam
463 1227 523 1256 aut
554 1219 825 1254 constitutiones
861 1215 969 1250 simul
1001 1217 1160 1258 sumptas

167 1274 270 1308 nulla
291 1273 418 1316 religio
455 1271 600 1316 propria
627 1268 836 1304 auctoritate
864 1270 1003 1300 mutare
1031 1269 1161 1310 potest,

169 1322 221 1356 ib.

126 1372 260 1416 Regula
282 1371 390 1406 hahet
407 1371 584 1406 rationem
614 1375 709 1402 verae
734 1365 826 1409 legis
850 1374 892 1399 ex
908 1363 1159 1408 iurisdictione

168 1423 214 1457 ab
229 1423 386 1456 Ecclesia
409 1422 477 1464 ipsi
500 1419 682 1462 religioni,
712 1417 769 1452 vel
798 1416 958 1450 Praelatis
982 1415 1161 1457 religiosis

166 1473 329 1515 regulam
347 1470 586 1506 condentibus
615 1476 795 1508 concessa,
813 1470 847 1500 et
869 1474 944 1500 non
967 1474 1010 1500 cx
1036 1468 1161 1500 mutua

166 1523 418 1565 religiosorum
434 1519 686 1559 conventione,
703 1526 733 1552 c.
752 1519 785 1550 2.

125 1572 261 1615 Regula
283 1571 452 1614 religiosa
474 1571 554 1613 plus
570 1569 705 1610 obligat
720 1575 829 1610 quam
844 1566 1050 1607 consilium,
1073 1565 1124 1601 ib.

167 1622 348 1662 Quantum
371 1625 422 1654 est
445 1620 490 1654 de
509 1627 546 1654 se
569 1619 729 1660 obligare
752 1621 865 1660 potest
880 1617 926 1650 ad
951 1617 1113 1657 mortale,
1129 1616 1159 1651 si

167 1672 317 1705 materia
339 1671 386 1704 sit
406 1670 537 1713 gravis,
551 1673 586 1703 et
596 1670 763 1703 voluntas
784 1666 1051 1702 instituentium
1071 1674 1161 1701 con-

167 1726 299 1763 currat,
318 1722 368 1754 ib.

168 1772 285 1806 Potest
305 1771 390 1805 item
408 1770 569 1813 obligare
586 1767 703 1803 solum
722 1766 769 1803 ad
793 1767 948 1810 veniale,
971 1767 1056 1801 licet
1081 1775 1163 1802 ma-

168 1822 258 1856 teria
280 1821 325 1855 sit
345 1821 475 1864 gravis,
505 1819 535 1854 si
565 1818 757 1853 instituens
783 1818 822 1852 id
848 1817 965 1852 solum
985 1817 1160 1862 intendit,

170 1872 220 1905 ib.

166 1920 263 1960 Quin
288 1920 395 1953 etiam
413 1922 527 1961 potest
553 1918 712 1960 obligare
739 1918 784 1951 ad
805 1917 918 1951 solam
946 1923 1106 1959 poenam,
1125 1919 1163 1951 et

166 1977 242 2003 non
264 1970 309 2002 ad
331 1970 494 2011 culpam3
512 1969 574 2010 qui
602 1969 730 2001 modus
754 1976 894 2009 semper
921 1967 1075 2001 involvit
1089 1966 1162 2001 ali-

167 2028 275 2061 quam
296 2018 552 2060 obligationem
578 2018 615 2049 in
633 2016 866 2057 conscientia,
883 2015 932 2049 ib.

165 2069 336 2110 Quaenam
359 2069 405 2102 sit
425 2069 502 2102 haec
524 2067 708 2109 obligatio.
727 2067 775 2099 ib.

126 2119 261 2162 Regula
282 2119 448 2161 religiosa
471 2123 624 2160 quatuor
643 2117 761 2150 modis
785 2115 945 2158 obligare
964 2118 1089 2157 potest,
1110 2115 1162 2149 ib.

127 2170 262 2211 Regula
290 2169 457 2210 religiosa
491 2168 637 2210 quando
661 2166 879 2208 intelligatur
908 2166 1067 2206 obligare
1094 2167 1160 2199 sub

170 2219 310 2252 mortali
327 2222 388 2252 aut
405 2217 561 2258 veniali3
590 2217 697 2250 etiam
718 2217 763 2249 ad
789 2216 901 2249 solam
918 2224 1077 2257 poenam,
1096 2216 1159 2256 ib.‚

171 2274 205 2303 et
227 2278 258 2303 c.
284 2273 314 2302 3.

127 2320 262 2363 Regula
285 2319 452 2361 religiosa
474 2326 660 2359 nunquam
680 2316 860 2349 censenda
876 2318 928 2348 est
942 2315 1101 2357 obligare
1116 2316 1163 2349 ad

170 2371 332 2410 mortale,
351 2369 421 2402 nisi
440 2368 620 2402 contineat
647 2366 834 2399 materiam
855 2365 941 2405 voti,
959 2371 1016 2398 aut
1042 2366 1162 2407 aliquo

170 2419 318 2462 speciali
343 2419 446 2460 signo
467 2418 548 2451 talis
581 2416 752 2459 obligatio
774 2424 840 2458 per
867 2423 905 2449 se
927 2415 1162 2457 significetur,

172 2476 203 2502 c.
229 2474 260 2501 3.

127 2518 280 2561 Regula,
303 2518 343 2550 in
365 2525 437 2559 qua
467 2524 632 2559 expressa
653 2516 776 2558 aliqua
799 2514 970 2556 obligatio
999 2521 1074 2547 non
1096 2514 1163 2547 de-

171 2569 336 2607 claratur,
353 2567 487 2608 obligat
500 2566 567 2600 sub
584 2565 732 2607 veniali,
754 2565 824 2599 nisi
841 2573 883 2598 ex
902 2563 1111 2597 consuetudi

172 2618 271 2652 aliud
289 2620 436 2656 constet,
453 2616 501 2650 ib.

128 2665 276 2710 {tegulis
299 2667 496 2708 aliquando
525 2665 724 2699 miscentur
746 2663 922 2705 consilia,
950 2662 988 2699 et
1011 2670 1083 2705 qua
1102 2668 1164 2698 ra·

170 2717 271 2751 tione
294 2716 533 2750 discernenda
551 2715 635 2755 sint,
654 2715 702 2747 ib.

125 2799 129 2802 .
169 2766 263 2807 Quid
280 2775 322 2799 ea
339 2766 490 2799 consilia
510 2765 643 2807 regulis
666 2763 817 2797 admista
840 2765 1044 2804 operentur,
1065 2761 1116 2795 ih.

130 2815 275 2859 negulae
294 2816 540 2857 transgressio,
557 2824 620 2857 per
639 2822 675 2847 se
697 2813 888 2855 loquendo,
903 2812 982 2845 sine
1001 2812 1075 2845 ulla
1091 2811 1166 2845 eul-

172 2875 220 2909 pa
245 2874 320 2899 esse
350 2870 476 2907 potest,
501 2866 584 2900 licet
602 2873 666 2908 per
687 2865 856 2898 accidens
876 2863 1084 2905 frequenter
1104 2862 1167 2896 in-

173 2919 350 2954 curratur,
369 2915 419 2948 ib.

131 2962 301 3007 Regulam
327 2965 491 3006 frangere
520 2971 602 2997 cum
635 2962 758 2997 animo
795 2963 894 2996 illam
926 2961 1164 2996 conculcandi

175 3018 238 3048 aut
260 3013 490 3056 profanandi,
507 3021 550 3046 ex
567 3013 632 3054 ira,
651 3017 714 3047 aut
735 3013 819 3047 odio
839 3016 963 3046 contra
982 3021 1083 3046 suam
1107 3019 1167 3046 re-

176 3063 350 3105 ligionem
370 3063 426 3097 vel
445 3070 616 3105 personas
632 3063 722 3105 ejuS,
738 3065 790 3096 est
804 3067 988 3104 peccatum
1004 3062 1167 3105 mortale,

179 3121 210 3146 o.
228 3116 258 3145 lo.
379 3131 382 3135 ·

135 3161 280 3205 Regulae
299 3160 430 3203 subjici
450 3161 558 3202 nolle,
588 3160 674 3203 quia
699 3168 778 3194 eam
798 3159 869 3194 sibi
900 3160 939 3194 in
961 3160 1168 3204 particulari

179 3213 301 3246 minus
324 3212 447 3244 utilem
475 3211 611 3252 judicat
632 3210 831 3253 religiosus,
855 3211 1020 3253 quamvis
1045 3213 1092 3247 sit
1110 3221 1170 3256 pe-

180 3262 390 3298 riculosum.
407 3269 451 3295 ex
462 3269 527 3295 suo
541 3265 661 3294 tamen
678 3269 808 3303 genere
821 3264 1007 3303 peceatum
1021 3263 1171 3298 mortale

181 3319 257 3346 non
280 3314 344 3352 est,
361 3311 411 3345 ib.

181 3363 318 3395 Habere
353 3361 575 3404 propositum
611 3369 686 3394 non
709 3360 874 3397 servandi
906 3361 1067 3404 regulam
1087 3371 1171 3406 quae

181 3412 231 3446 ad
246 3412 394 3446 mortale
416 3419 491 3445 non
506 3410 652 3453 obliget,
671 3411 816 3453 quando
828 3414 865 3444 et
878 3411 1064 3453 quodnam
1085 3420 1171 3456 pee-

132 3479 149 3499 .·
179 3466 302 3497 zatum
320 3461 377 3503 sit,
393 3461 443 3495 ib.

142 3512 276 3555 Regula
297 3511 462 3553 obligans
490 3510 558 3544 sub
579 3508 721 3543 mortali
742 3509 916 3552 supponit
936 3513 1061 3544 votum
1083 3511 1173 3546 obe-

88 3558 91 3559 ’
134 3583 148 3589 ω
170 3561 349 3602 dicante,
366 3569 414 3594 an
433 3564 468 3594 et
486 3560 632 3594 inducat
653 3559 832 3594 diversam
854 3559 1111 3602 obligationem
1124 3561 1172 3597 ab

187 3611 406 3655 obligatione
418 3610 506 3652 voti,
520 3609 545 3652 l,
565 3612 599 3643 ι.
617 3617 649 3644 e.
667 3611 720 3643 12.
849 3616 869 3648 t,

1206 271 1341 313 Regula
1356 270 1552 315 approbata
1570 279 1592 306 a
1606 271 1792 315 Pontiflee,
1803 274 1968 308 statuens
1986 273 2127 317 aliquid
2149 282 2242 310 ωι-

1247 324 1304 355 m
1325 321 1384 362 jus
1396 329 1604 365 commune,
1627 322 1775 367 derogat
1792 323 2021 367 illamam
2034 324 2070 358 si
2097 331 2174 359 m
2191 324 2242 359 eit

1251 370 1460 413 approbata,
1478 379 1509 405 c.
1531 375 1562 405 5.

1209 420 1351 462 Regulae
1373 421 1549 464 religiosae
1569 423 1684 465 major
1703 423 1761 458 vel
1788 422 1911 459 minor
1938 424 2127 460 austeritas
2141 423 2244 460 uude

1251 470 1431 504 metienda
1453 471 1511 512 sit,
1524 475 1570 506 tr.
1589 474 1643 514 10,
1659 473 1684 505 l.
1697 476 1729 514 1,
1743 481 1775 507 c.
1794 477 1827 507 9.

1209 517 1343 560 Regula
1355 520 1389 552 S.
1406 521 1587 555 Francisci
1604 522 1737 565 obligat
1758 523 1825 557 sub
1842 524 1998 565 mortali,
2012 523 2160 570 quando
2174 531 2243 568 ap-

1252 568 1400 610 ponitur
1416 569 1570 604 verbum
1593 572 1779 615 Praecipio,
1799 574 1897 615 quod
1916 577 2037 608 tamen
2068 575 2108 608 in
2125 573 2244 609 uibus

1253 621 1392 652 tantum
1409 620 1552 654 casibus
1566 623 1724 664 ponitur,
1745 627 1788 656 tr.
1813 627 1843 664 8,
1866 624 1889 656 l.
1906 627 1937 666 1,
1957 632 1988 658 c.
2007 628 2038 657 3.

1255 668 1327 702 Cur
1345 669 1460 702 solum
1482 670 1588 704 dieta·
1596 673 1718 714 regula
1738 673 1786 707 ita
1801 674 1946 716 obliget,
1962 674 2012 708 ib.

1207 716 1343 761 Regula
1359 719 1543 753 societatis
1558 725 1611 754 est
1629 722 1775 764 pmpria
1797 723 1907 767 illius,
1928 727 1964 758 et
1980 732 2002 758 a
2023 724 2124 758 nulla
2145 723 2245 760 anti-

1249 769 1371 811 quiori
1386 769 1493 803 traxit
1508 770 1702 813 originem,
1719 779 1750 804 c.
1765 775 1797 804 1.

1250 819 1319 854 Nec
1340 821 1385 854 ad
1408 821 1570 863 mortale,
1600 829 1668 855 nec
1690 821 1735 855 ad
1752 822 1893 855 veniale
1909 823 2056 865 obligat,
2075 824 2140 859 sed
2158 826 2245 859 tan-

1250 872 1327 904 tum
1342 872 1387 905 ad
1404 880 1551 914 poenam
1565 881 1586 906 a
1598 872 1791 915 Superiore
1807 872 2074 915 imponendam.
2090 883 2121 908 c.
2137 877 2168 908 Ξ.

1251 920 1330 962 Ipsa
1353 922 1492 955 nullam
1511 931 1659 965 poenam
1682 925 1787 963 taxat,
1806 927 1840 957 et
1861 931 1984 964 quare,
2002 923 2051 956 ib.

1250 969 1310 1005 Est
1333 974 1452 1005 tamen
1479 972 1603 1015 regula
1632 973 1819 1007 societatis
1845 972 2058 1015 simpliciter
2073 974 2193 1008 stricta
2210 975 2249 1010 et

1252 1020 1428 1063 rigorosa,
1444 1025 1489 1055 tr.
1508 1025 1560 1064 10,
1584 1022 1607 1056 l.
1630 1026 1661 1062 1,
1683 1031 1714 1056 c.
1736 1026 1766 1055 9.

1249 1070 1303 1105 An
1322 1070 1564 1114 distinguatur
1587 1081 1608 1106 a
1631 1071 1956 1107 constitutionibus
1977 1073 2139 1117 ejusdem
2157 1071 2245 1108 reli-

1252 1120 1382 1162 gionis,
1403 1122 1428 1154 l.
1449 1125 1503 1164 10,
1517 1130 1548 1156 c.
1570 1125 1623 1155 14.

1252 1169 1466 1210 Quindecim
1483 1173 1662 1215 capitibus
1684 1172 1877 1215 praecipuis
1897 1175 1968 1207 tota
1993 1173 2117 1215 regula
2132 1174 2168 1207 et
2185 1172 2247 1207 in-

1252 1220 1416 1255 stitutum
1429 1222 1615 1256 societatis
1629 1223 1848 1263 continetur,
1859 1226 1893 1255 et
1903 1230 2070 1264 quaenam
2084 1223 2146 1257 illa
2159 1223 2244 1267 sint,

1255 1269 1305 1304 ib.

1211 1317 1355 1362 Regulae
1383 1320 1580 1362 societatis,
1602 1329 1682 1364 quae
1700 1322 1918 1356 Communes
1949 1323 2186 1367 appellantur,
2205 1322 2248 1358 in

1253 1377 1326 1411 quo
1347 1370 1515 1404 differant
1532 1380 1552 1405 a
1567 1372 1764 1406 summario
1780 1373 2095 1413 constitutionum,
2112 1373 2161 1407 ib.

1252 1419 1382 1454 Earum
1405 1421 1555 1455 materia
1571 1426 1605 1455 et
1621 1422 1819 1464 dispositio,
1845 1422 1894 1456 ib.

1210 1469 1363 1512 Regulas
1388 1472 1658 1513 particularium
1686 1472 1884 1506 officiorum
1905 1472 2068 1515 proprias
2091 1472 2248 1508 societas

1251 1521 1512 1555 convenienter
1543 1522 1719 1563 instituit;
1751 1526 1785 1556 et
1815 1531 1983 1565 quaenam
2014 1523 2089 1557 sint
2130 1522 2249 1557 officia

1253 1578 1408 1612 quorum
1431 1572 1587 1614 propriae
1610 1573 1742 1606 dantur
1760 1572 1905 1614 regulae,
1923 1572 1972 1606 ib.

1210 1618 1354 1662 Regulae
1385 1622 1565 1663 praepositi
1605 1622 1783 1664 generalis
1799 1636 1801 1638 ·
1820 1622 2003 1655 societatis
2043 1624 2127 1656 sunt
2160 1621 2248 1665 ipsae

1250 1669 1546 1712 constitutiones,
1568 1675 1602 1705 et
1624 1675 1736 1706 totum
1761 1672 1962 1705 institutum
1979 1671 2175 1715 societatis,
2195 1671 2248 1706 ib.

1250 1717 1467 1763 Dispensare
1483 1721 1522 1755 in
1540 1722 1674 1765 regula,
1691 1722 1775 1755 vide
1790 1722 2028 1764 Dispensatio.

1660 1806 1806 1832 nmmo.

1208 1867 1351 1914 Religio
1374 1874 1427 1906 est
1455 1874 1566 1906 status
1593 1872 1640 1906 ad
1662 1872 1922 1916 perfectionem
1946 1873 2112 1918 tendens,
2141 1876 2178 1909 et
2201 1873 2249 1910 ab

1255 1921 1413 1956 Ecclesia
1429 1923 1659 1965 approbatus,
1679 1926 1722 1956 tr.
1744 1927 1795 1963 10,
1812 1924 1837 1957 l.
1859 1927 1891 1966 1,
1907 1931 1939 1958 e.
1958 1926 1990 1957 1.

1211 1970 1411 2014 Religionis
1439 1973 1640 2006 substantia
1669 1972 1708 2005 in
1737 1981 1809 2015 quo
1837 1973 2021 2014 consistat,
2050 1974 2095 2007 tr.
2123 1975 2155 2014 9,
2173 1972 2247 2015 Li,

1256 2027 1290 2056 c.
1313 2025 1346 2054 1.

1253 2069 1330 2105 Non
1354 2070 1507 2111 requirit
1525 2079 1703 2105 summam
1723 2071 1980 2114 perfectionem
1996 2076 2174 2115 votorum,
2190 2075 2252 2107 aut

1255 2119 1410 2155 aliorum
1430 2121 1647 2162 mediorum,
1671 2122 1734 2156 sed
1753 2125 1890 2155 tantum
1922 2131 1987 2157 suo
2008 2123 2072 2156 fini
2097 2132 2250 2167 propor—

1256 2169 1442 2209 tionatam,
1468 2178 1497 2202 c.
1523 2172 1553 2202 4.

1258 2218 1467 2260 Speeialiter
1497 2220 1615 2261 quoad
1635 2222 1756 2253 votum
1781 2221 1950 2254 castitatis
1972 2229 2052 2263 quae
2077 2224 2249 2265 perfectio

1258 2270 1303 2302 ad
1321 2270 1556 2303 substantiam
1575 2271 1762 2313 religionis
1784 2272 1944 2311 sufficiat,
1962 2273 2011 2306 lb.

1258 2319 1341 2359 Quae
1362 2325 1576 2353 censeantur
1609 2330 1685 2354 esse
1708 2322 1752 2355 de
1773 2323 1972 2356 substantia
1987 2351 1995 2365 ,
2025 2326 2152 2366 praeter
2180 2323 2252 2360 tria

1259 2372 1340 2401 vota
1358 2370 1620 2410 substantialia,
1639 2374 1682 2404 tr.
1701 2374 1732 2413 8,
1750 2371 1775 2404 l.
1800 2375 1832 2414 2,
1849 2380 1879 2405 c.
1900 2375 1954 2407 12.

1213 2417 1442 2458 Religionum
1467 2419 1562 2461 finis,
1582 2421 1666 2454 vide
1684 2421 1793 2454 Finis.

1215 2468 1444 2510 Religionum
1461 2470 1645 2504 distinctio
1671 2470 1769 2504 unde
1789 2470 2023 2515 desumenda,
2051 2473 2098 2509 tr.
2116 2474 2151 2516 9,
2165 2472 2192 2508 1.
2213 2475 2251 2518 9

1257 2525 1289 2551 c.
1310 2521 1339 2549 ¹1.

1258 2568 1358 2602 Unde
1376 2567 1460 2601 item
1476 2568 1697 2603 desumenda
1712 2569 1844 2611 unitas,
1867 2569 1917 2605 ib.

1257 2616 1348 2651 Vide
1361 2618 1474 2650 Finis.

1215 2665 1354 2709 Religio
1377 2667 1519 2701 diversa
1541 2675 1614 2701 non
1637 2670 1690 2702 est
1707 2668 1771 2702 ubi
1791 2677 1864 2703 non
1882 2672 1935 2704 est
1952 2669 2096 2707 diversa
2109 2669 2252 2716 profes-

1259 2717 1325 2756 sio,
1342 2722 1383 2750 tr.
1400 2721 1431 2759 8,
1451 2718 1474 2750 l.
1495 2720 1526 2758 2,
1548 2725 1578 2750 e.
1599 2721 1628 2750 6.

1214 2763 1446 2808 Religionum
1466 2767 1620 2801 varietas
1638 2767 1684 2801 ab
1705 2767 1882 2802 haereticis
1898 2768 2141 2814 impugnatur,
2158 2773 2251 2815 tna,

1260 2817 1283 2850 l.
1305 2820 1336 2857 2,
1353 2825 1383 2850 c.
1402 2820 1432 2850 1.

1259 2866 1389 2900 Contra
1407 2873 1468 2899 eos
1487 2864 1708 2907 defenditur,
1728 2866 1753 2899 l.
1771 2870 1802 2907 1,
1817 2875 1849 2901 c.
1867 2871 1898 2901 1.

1259 2916 1370 2957 Hujus
1391 2915 1573 2948 varietatis
1589 2916 1842 2949 convenientia
1861 2917 2068 2952 auctoritate
2084 2918 2250 2955 Ecclesiae

1260 2965 1446 3006 munitur,
1463 2965 1562 2998 unde
1584 2967 1756 3008 tanquam
1773 2966 1817 3000 de
1837 2966 1907 3000 fide
1925 2967 2092 3002 habenda
2115 2972 2176 3009 est,
2197 2969 2247 3004 ib.

1259 3014 1359 3048 Ratio
1379 3015 1483 3048 dictae
1505 3015 1686 3049 varietatis
1701 3024 1795 3059 quae,
1811 3017 1860 3050 ib.

1219 3063 1356 3108 Religio
1376 3065 1565 3108 tripliciter
1588 3066 1703 3100 divini
1720 3071 1835 3111 potest
1853 3067 1893 3101 in
1913 3067 2077 3110 activam,
2093 3070 2250 3104 contem-

1258 3115 1442 3159 plativam,
1464 3123 1506 3149 ac
1523 3115 1679 3158 mistam,
1699 3125 1729 3151 c.
1749 3120 1781 3151 4.

1262 3165 1466 3208 Explicatur
1481 3166 1558 3199 haec
1577 3165 1722 3208 divisio,
1743 3170 1786 3200 tr.
1807 3167 1898 3207 10,1.
1917 3169 1948 3206 1,
1966 3174 1997 3200 c.
2020 3170 2053 3201 6.

1263 3215 1448 3255 Quomodo
1468 3215 1595 3259 religio
1614 3216 1719 3251 mista
1736 3215 1861 3251 efficiat
1879 3216 2080 3250 membrum
2099 3216 2251 3251 distinc-

1263 3269 1352 3307 tum,
1373 3270 1415 3299 tr.
1437 3269 1469 3307 9,
1490 3267 1564 3308 1.1,
1582 3273 1614 3300 ο.
1631 3270 1663 3300 5.

1223 3313 1360 3357 Religio
1382 3316 1488 3349 mista
1515 3324 1579 3359 per
1602 3325 1640 3349 se
1663 3314 1819 3349 intendit
1843 3315 2019 3349 actionem
2038 3318 2074 3349 et
2090 3319 2251 3350 contem·-

1265 3365 1461 3407 plationem
1484 3369 1656 3408 tanquam
1675 3364 1797 3404 finem,
1816 3371 1899 3398 cum
1920 3373 1992 3408 quo
2011 3368 2078 3399 stat
2091 3369 2128 3398 ut
2141 3364 2253 3408 possit

1265 3423 1377 3449 unam
1399 3416 1444 3450 ad
1467 3415 1613 3449 alteram
1636 3413 1816 3453 ordinare,
1833 3413 1881 3447 ih.

1265 3464 1360 3498 Talis
1392 3469 1512 3499 tamen
1541 3463 1668 3506 religio
1699 3462 1814 3506 magis
1843 3462 1977 3498 dicitur
2001 3463 2117 3500 activa
2141 3471 2252 3508 quan

1267 3514 1555 3558 contemplativa,
1577 3513 1624 3546 ib.

1225 3562 1363 3606 Religio
1383 3562 1660 3606 contemplativa
1676 3561 1869 3605 perfectior
1887 3563 1943 3597 eat
1967 3561 2143 3606 religione
2161 3569 2253 3607 pure

1267 3613 1382 3648 activa
1406 3616 1487 3655 ομ,
