2352 3880
1110 47 1141 83 ⁶

143 262 286 302 lariter
307 260 531 315 loquendo,
550 259 621 298 illa
641 257 819 299 conditio
835 258 980 298 referri
1000 258 1103 299 solet
1122 257 1176 297 ad

144 324 300 363 nudam
313 323 582 371 voluntatem,
602 324 643 360 et
655 321 748 361 ideo
764 321 998 374 exemplum
1013 333 1099 362 non
1113 324 1178 362 est

143 385 289 425 simile.

196 448 260 486 17.
279 445 346 484 Ad
354 444 528 495 primam
544 443 880 493 confirmationem
899 445 945 484 in
957 455 1117 484 numero
1131 443 1172 484 8.

139 506 265 546 —Ad
290 505 466 556 primam
499 505 853 545 confirmationem
875 517 927 545 ex
949 517 997 544 eo
1025 504 1175 556 princi-

138 567 208 619 pio
226 571 450 617 sumptam,
466 566 578 617 quod
598 567 766 606 irritatio
781 580 863 606 non
879 567 1063 617 requirat
1079 579 1174 605 cau-

139 641 243 676 sam,
259 628 535 680 respondetur
546 628 751 679 duplicem
773 641 862 668 esse
885 628 1169 676 irritationem,

137 702 264 729 unam
281 691 448 729 omnino
466 691 690 741 propriam,
707 703 798 742 quae
814 690 995 729 nascitur
1010 700 1056 729 ex
1071 689 1172 728 inef-

135 750 278 790 ficacia
292 751 498 790 inferioris
514 752 736 791 voluntatis
755 752 807 790 ad
823 764 866 790 se
883 750 1167 800 obligandum,

134 812 213 851 nisi
237 824 330 851 cum
350 813 630 864 dependentia
650 826 673 851 a
695 813 924 864 Superioris
940 813 1165 861 voluntate,

136 878 176 914 et
198 875 291 914 talis
323 875 495 914 irritatio
525 876 569 914 in
606 876 849 914 universum
882 887 961 913 non
995 875 1167 926 requirit

133 947 302 976 causam
330 941 375 975 ut
395 937 543 975 valeat.
568 937 656 975 Alia
688 949 786 975 vero
809 940 869 975 est
890 936 1059 975 irritatio
1093 937 1167 975 mi-

131 1009 211 1036 nus
230 998 395 1048 propria
417 1010 465 1036 ex
483 1002 599 1048 parte
618 999 801 1036 materiae
819 998 1007 1036 habentis
1029 999 1167 1036 condi-

134 1058 286 1097 tionem
310 1059 538 1097 imbibitam
567 1059 872 1110 dependentem
911 1072 960 1098 ex
997 1060 1164 1099 alterius

129 1119 355 1166 voluntate,
387 1124 427 1158 et
446 1120 497 1158 de
518 1121 596 1158 hac
615 1121 840 1159 irritatione
863 1133 946 1159 non
968 1123 1103 1171 potest
1122 1121 1167 1160 in

129 1180 368 1218 universum
391 1181 536 1231 negari
557 1182 668 1231 quod
690 1182 874 1232 requirat
892 1194 1071 1228 causam,
1095 1195 1169 1221 ne-

129 1253 209 1292 que
229 1242 351 1280 etiam
374 1242 583 1289 affirmari,
599 1243 671 1281 sed
693 1256 767 1293 pro
786 1243 945 1282 ratione
967 1244 1166 1282 conditio-

127 1302 204 1342 nis.
228 1302 413 1341 Praesens
429 1307 567 1342 autem
580 1304 750 1343 irritatio
772 1305 823 1342 ad
843 1304 1167 1355 huncposterio-

126 1375 216 1402 rem
237 1365 408 1403 modum
435 1369 614 1416 spectat3
641 1370 682 1404 et
713 1370 922 1404 ostensum
944 1371 1005 1404 est
1030 1367 1072 1403 in
1091 1378 1171 1404 nu-

125 1436 242 1463 mero
265 1425 426 1464 decimo
454 1427 591 1473 tertio,
621 1427 901 1465 conditionem
927 1426 1165 1477 implicitam

124 1497 210 1523 non
236 1486 372 1525 dicere
398 1487 681 1527 habitudinem
706 1487 758 1526 ad
791 1488 947 1526 nudam
981 1488 1167 1526 volunta-

124 1549 223 1593 tem,
246 1548 318 1586 sed
332 1548 445 1599 justa
473 1562 520 1588 ac
537 1554 649 1588 recta
678 1549 839 1588 ratione
856 1549 1104 1600 regulatam,
1127 1553 1166 1590 et

123 1606 218 1645 idco
235 1608 326 1646 talis
349 1610 520 1648 irritatio
541 1623 712 1649 causam
729 1611 916 1662 requirit.

179 1670 243 1708 18.
264 1669 333 1709 Ad
348 1672 557 1711 secundam
576 1673 907 1722 confirmationem
923 1671 1064 1711 ibidem
1076 1682 1167 1723 quo-

121 1731 306 1770 rumdam
334 1733 551 1782 responsio.
581 1753 634 1762 -—
656 1733 755 1773 Non
785 1734 946 1783 satisfit.
978 1754 1030 1761 -
1066 1733 1166 1774 Vera

122 1792 338 1843 responsio,
360 1814 413 1821 —
434 1793 497 1831 Ad
531 1793 758 1832 secundam
786 1793 1164 1843 confirmationem,

123 1852 243 1891 multi
260 1853 516 1891 contendunt
534 1854 575 1891 in
596 1855 673 1891 hac
692 1855 1023 1904 incorporatione
1046 1855 1165 1893 scho-

123 1911 273 1951 larium
308 1914 523 1952 Societatis
555 1915 717 1952 nullum
757 1927 846 1953 esse
886 1920 1159 1962 contractum,

124 1974 198 2012 sed
218 1974 347 2012 solam
366 1975 685 2025 promissionem
707 1979 745 2014 et
763 1976 1056 2025 obligationem
1077 1978 1159 2014 Deo

122 2033 290 2082 factam,
312 2048 363 2074 ex
387 2048 468 2086 qua
489 2037 605 2074 nulla
620 2037 748 2075 oritur
771 2037 964 2086 obligatio
980 2049 1028 2074 ex
1042 2041 1161 2087 parte

123 2097 346 2148 religionis,
370 2098 467 2148 quia
494 2097 582 2147 ipsa
614 2098 709 2136 licet
741 2101 927 2147 acceptet
947 2098 1159 2148 obligatio-

124 2169 237 2206 nem,
265 2170 349 2196 non
377 2162 516 2196 tamen
540 2158 687 2208 recipit
710 2170 961 2208 personam,
983 2163 1028 2197 ut
1066 2171 1161 2197 eam

123 2223 324 2270 perpetuo
347 2220 538 2265 retineat,
569 2219 645 2258 sed
665 2223 709 2257 ut
740 2220 910 2269 probet,
937 2220 1041 2258 sicut
1072 2220 1161 2259 aliae

123 2280 346 2330 religiones
367 2281 571 2331 recipiunt
587 2280 778 2328 novitios,
803 2287 846 2319 ut
865 2293 935 2319 eos
955 2282 1158 2332 probent;

125 2344 166 2380 et
187 2341 297 2389 ideo,
323 2341 417 2380 licet
439 2342 517 2392 ipsi
547 2341 721 2380 durante
755 2343 956 2381 novitiatu
978 2343 1083 2381 votis
1113 2355 1159 2382 se

124 2401 308 2453 obligent
339 2402 391 2440 ad
420 2403 772 2452 permanendum,
798 2408 1044 2442 nontamen
1063 2417 1160 2455 pro-

123 2465 266 2514 pterea
305 2462 509 2514 obligatur
546 2463 691 2514 religio
719 2464 771 2501 ad
795 2476 866 2502 eos
901 2465 1157 2504 retinendos.

125 2522 207 2562 Sed
223 2523 309 2561 haec
339 2525 462 2562 etiam
483 2525 687 2563 sententia
708 2523 806 2562 mihi
831 2537 1044 2576 nunquam
1061 2526 1159 2565 satis

123 2584 290 2636 probari
306 2586 452 2635 potuit,
474 2589 562 2624 tum
583 2586 679 2636 quia
699 2587 874 2625 multum
897 2587 1069 2638 derogat
1089 2599 1159 2626 ve-

125 2645 257 2692 ritati,
297 2650 337 2684 et
368 2647 609 2697 proprietati
648 2651 778 2686 status
800 2647 979 2699 religiosi
1010 2649 1158 2687 horum

126 2706 396 2754 scholarium,
426 2708 524 2746 dum
547 2708 716 2746 omnino
738 2708 876 2757 quoad
896 2709 972 2746 hoc
993 2719 1161 2758 compa-

125 2771 269 2806 rantur
289 2768 466 2815 novitiis,
496 2769 565 2818 qui
586 2769 693 2806 intra
719 2780 875 2806 annum
904 2768 1159 2819 probationis

126 2828 204 2866 tria
228 2832 321 2867 vota
349 2829 507 2879 privata
532 2830 774 2868 emiserunt.
805 2829 917 2867 Licet
946 2830 1057 2867 enim
1087 2830 1159 2868 ali-

127 2901 209 2941 quo
231 2890 355 2929 modo
379 2891 650 2937 conveniant,
677 2891 789 2941 quod
819 2891 1026 2929 scholares
1056 2903 1160 2929 sem-

127 2964 203 3003 per
241 2954 336 2990 sunt
369 2953 411 2990 in
450 2953 695 3003 probatione
731 2955 921 3003 respectu
953 2953 1159 2991 ulterioris

127 3012 295 3064 gradus,
317 3013 493 3051 multum
508 3018 645 3052 tamen
664 3013 858 3052 differunt
876 3014 917 3051 in
933 3015 1040 3052 statu
1060 3018 1099 3052 et
1114 3014 1160 3052 in

127 3074 247 3113 votis.
273 3075 376 3114 Nam
393 3075 590 3121 novitius,
605 3075 700 3113 licet
722 3079 881 3121 voveat,
902 3087 986 3113 non
1008 3086 1052 3113 se
1076 3077 1160 3114 tra-

130 3134 212 3183 dit,
234 3147 311 3175 nec
345 3136 505 3175 confert
528 3136 597 3186 jus
618 3136 832 3187 religioni;
865 3135 1062 3174 scholaris
1089 3148 1159 3175 311-

129 3200 215 3236 tem
238 3208 282 3236 se
305 3197 442 3243 tradit,
470 3201 510 3236 et
531 3197 690 3236 confert
719 3198 790 3248 jus
812 3197 1027 3248 religioni,
1051 3210 1156 3248 quae,

132 3258 299 3310 speciali
316 3260 518 3309 potestate
538 3271 562 3297 a
589 3259 694 3298 Sede
717 3258 951 3309 Apostolica
971 3258 1065 3297 data
1086 3271 1160 3298 seu

132 3318 374 3369 approbata,
396 3319 658 3359 traditionem
674 3323 714 3358 et
729 3324 823 3358 vota
839 3323 1038 3370 acceptat.
1055 3322 1160 3359 Tum

133 3379 258 3418 etiam
276 3380 372 3431 quia
391 3381 514 3420 nimis
532 3381 705 3420 liberam
725 3380 962 3420 facultatem
977 3381 1161 3421 attribuit

134 3440 324 3481 Societati
343 3442 396 3481 ad
415 3442 681 3482 dimittendos
714 3442 923 3482 scholares
957 3443 1161 3494 approba—

133 3504 218 3548 tos;
241 3503 420 3543 novitius
451 3504 562 3543 enim
598 3504 796 3556 quicquid
822 3504 910 3555 ipse
937 3504 1108 3552 voverit,
1127 3503 1160 3543 si

135 3563 380 3616 expellatur,
410 3565 536 3607 etiam
565 3565 653 3607 sine
679 3578 820 3616 causa,
838 3578 934 3606 vere
966 3566 1160 3618 expulsus

534 194 611 228 LlB.
635 194 690 228 111.
714 192 767 226 DE
789 190 1032 227 ADMISSIONE
1052 191 1312 227 SCHOLARIUM
1333 194 1389 228 AD
1409 193 1521 227 VOTA
1543 193 1757 235 SIMPLICIA,
1778 194 1871 228 Ere.

1230 263 1386 306 manet,
1405 259 1550 310 etipse
1572 260 1696 299 etiam
1715 258 1960 310 relinquitur
1976 259 2082 301 liber
2101 273 2175 300 seu
2193 236 2259 301 e}-

1230 324 1411 367 cusatus,
1434 321 1545 371 quod
1566 321 1616 360 de
1634 320 1891 359 scholaribus
1911 321 1988 360 dici
2002 332 2086 361 non
2103 324 2254 373 potest,

1229 386 1275 420 ut
1291 381 1562 429 ostendimus,
1583 387 1623 421 et
1650 382 1743 421 ideo
1766 393 1850 420 non
1870 386 1980 420 recte
2000 382 2258 433 aequiparan-

1229 446 1309 482 tur.
1330 442 1426 480 Dico
1449 455 1547 494 ergo
1565 443 1609 481 in
1632 444 1708 482 hac
1734 442 2065 493 incorporatione
2081 442 2258 483 interve-

1227 505 1317 543 nire
1337 504 1517 552 quuem
1537 505 1655 554 quasi
1678 508 1949 550 contractum,
1984 514 2034 541 ex
2055 514 2137 553 quo
2157 516 2260 543 non-

1227 566 1340 604 nulla
1363 565 1557 615 obligatio
1573 567 1613 604 in
1633 565 1878 605 Societatem
1896 563 2116 610 redundat,
2133 575 2259 614 quam

1228 640 1311 666 non
1330 626 1511 665 habebat
1529 627 1582 665 ad
1603 627 1793 666 eamdem
1813 637 2035 676 personam
2051 628 2135 663 toto
2158 628 2259 662 tem-

1225 699 1326 740 pore
1347 688 1590 736 novitiatus,
1614 689 1773 727 etiamsi
1795 688 1968 726 fortasse
1991 684 2256 737 particularia

1224 753 1318 789 vota
1351 749 1392 786 in
1425 748 1494 786 illo
1530 749 1747 788 emisisset.
1781 750 1875 787 Haec
1893 753 2033 787 autem
2060 746 2254 797 obligatio

1223 823 1307 849 non
1333 814 1392 849 est
1414 810 1467 847 ad
1487 811 1750 849 retinendum
1767 814 1981 861 perpetuo,
2008 810 2194 848 absolute
2215 811 2256 847 et

1224 872 1479 922 simpliciter,
1494 872 1567 910 sed
1584 873 1636 910 ad
1648 885 1730 910 non
1742 872 2030 911 dimittendum
2045 872 2131 909 sine
2143 871 2256 921 justa

1222 946 1360 973 causa.
1401 933 1497 979 Quae
1530 933 1724 983 obligatio
1759 938 1820 972 est
1841 935 1960 972 valde
1985 931 2252 977 rationabilis,

1223 995 1433 1045 supposita
1469 994 1691 1032 traditione
1721 1006 1846 1044 quam
1866 995 1954 1044 ipsa
1976 995 2159 1033 Societas
2183 999 2258 1031 30-’

1222 1060 1372 1106 ceptat‚
1399 1067 1491 1105 quae
1514 1058 1663 1093 natura
1683 1067 1757 1093 sua
1777 1055 1958 1106 postulat
1984 1056 2089 1093 hanc
2109 1054 2256 1092 saltem

1221 1117 1613 1164 immutabilitatem,
1637 1120 1682 1155 ut
1715 1128 1765 1154 ex
1797 1120 1947 1154 neutra
1982 1119 2099 1169 parte
2127 1114 2256 1164 possit

1221 1191 1295 1229 pro
1326 1191 1401 1216 5113
1435 1178 1646 1216 voluntate
1673 1177 1852 1215 dissolvi.
1878 1178 1925 1214 Et
1955 1175 2121 1213 aliunde
2154 1174 2256 1214 nihil

1222 1239 1393 1290 derogat
1406 1239 1768 1278 libertatinecessa
1778 1239 1846 1277 riae
1862 1238 2056 1277 Societati
2069 1237 2120 1275 ad
2138 1248 2256 1276 suam

1224 1302 1595 1345 conservationem,
1619 1301 1730 1351 quia,
1756 1312 1839 1338 non
1860 1300 2048 1338 obstante
2067 1299 2133 1336 illa
2154 1298 2256 1336 obli-

1224 1362 1403 1413 gatione,
1435 1363 1586 1400 retinet
1622 1366 1869 1412 potestatem
1897 1360 2126 1399 dimittendi
2154 1360 2257 1398 libe-

1222 1435 1304 1470 ros,
1323 1427 1361 1461 et
1376 1423 1464 1462 sine
1484 1423 1648 1462 vinculo
1668 1425 1878 1462 scholares
1899 1423 2027 1461 semel
2049 1422 2255 1472 approba-

1223 1488 1299 1530 tos,
1327 1485 1493 1535 quando
1512 1485 1588 1522 sibi
1612 1486 1804 1535 expedire
1833 1484 2062 1528 censuerit3
2086 1494 2169 1521 non
2192 1487 2256 1520 est

1223 1558 1321 1597 ergo
1349 1558 1423 1584 cur
1448 1547 1669 1585 timeamus
1691 1546 1798 1584 hanc
1822 1546 2114 1596 obligationem
2138 1554 2256 1581 reco-

1223 1620 1439 1658 gnoscere,
1463 1620 1554 1646 cum
1571 1608 1868 1657 perfectionem
1890 1606 2062 1645 instituti
2083 1617 2166 1642 non
2180 1604 2256 1643 im-

1221 1668 1377 1719 pediat,
1403 1668 1474 1706 sed
1497 1672 1666 1718 augeat,
1691 1673 1730 1707 et
1756 1669 1797 1706 in
1819 1669 1939 1706 bullis
1962 1666 2182 1706 Pontiticiis
2205 1677 2254 1704 30

1220 1730 1590 1768 Constitutionibus
1609 1741 1810 1780 magnum
1830 1741 1974 1767 revera
1994 1729 2145 1766 habeat
2160 1727 2254 1765 fun-

1220 1790 1479 1837 damentum,
1495 1795 1540 1828 ut
1560 1802 1674 1829 num.
1699 1790 1918 1829 undecimo
1939 1794 1978 1829 et
1998 1790 2155 1828 decimo
2179 1792 2254 1828 ter-

1218 1852 1273 1892 tio
1298 1853 1568 1891 ostendiinus.

1271 1915 1336 1952 19.
1371 1913 1432 1951 Ad
1454 1913 1639 1950 ultimam
1655 1911 2013 1949 confirmationem
2030 1911 2255 1961 responde-

1215 1978 1297 2023 tur,
1321 1974 1443 2012 simili
1464 1977 1707 2023 argumento
1738 1972 1903 2023 probari
1937 1984 2073 2022 posse,
2095 1972 2137 2010 in
2170 1973 2253 2011 dis-

1214 2036 1459 2087 pensatione
1480 2043 1667 2073 votorum
1686 2046 1769 2071 non
1798 2046 1886 2072 esse
1915 2045 2082 2071 causam
2117 2034 2252 2083 requi-

1214 2096 1389 2136 rendam
1419 2095 1471 2133 ad
1502 2096 1683 2133 valorem
1713 2095 1826 2145 ejus,
1848 2098 1893 2132 ut
1914 2094 2107 2132 tollantur
2141 2105 2253 2132 scru-

1215 2158 1302 2208 puli
1323 2161 1364 2195 et
1401 2156 1539 2194 dubia.
1562 2157 1650 2194 Non
1673 2159 1733 2193 est
1763 2167 1861 2205 ergo
1898 2156 1962 2193 hic
1999 2155 2251 2193 conveniens

1215 2219 1364 2257 modus
1379 2217 1551 2255 tollendi
1567 2216 1797 2267 scrupulos,
1815 2216 1886 2254 sed
1906 2216 2083 2266 optimus
2100 2216 2249 2254 modus

1215 2284 1278 2319 est
1300 2280 1462 2318 auferre
1496 2279 1772 2329 ignorantiam
1808 2281 1849 2315 et
1884 2278 2110 2325 malitiam3
2153 2288 2250 2315 nam

1212 2341 1395 2392 scrupuli
1409 2353 1516 2391 saepe
1535 2352 1584 2378 ex
1601 2339 1834 2390 ignorantia
1856 2340 2065 2384 oriuntur;
2088 2338 2251 2376 dubita-

1214 2403 1348 2441 tiones
1370 2406 1509 2440 autem
1526 2406 1617 2451 post
1632 2401 1784 2440 factum
1800 2400 1968 2450 aliquod
1988 2400 2081 2438 oriri
2101 2400 2246 2446 solent,

1216 2464 1312 2515 quia
1342 2476 1426 2502 non
1451 2464 1548 2501 satis
1568 2463 1678 2501 bona
1712 2463 1792 2501 fide
1814 2463 1968 2500 factum
1997 2465 2071 2499 est.
2106 2461 2245 2510 Igitur,

1217 2525 1404 2576 quamvis
1422 2537 1541 2563 causa
1557 2525 1667 2575 justa
1683 2523 1733 2562 sit
1752 2523 1986 2561 necessaria
2002 2522 2054 2560 ad
2067 2522 2248 2559 valorem

1216 2587 1340 2637 liujus
1362 2590 1494 2633 actus,
1514 2586 1547 2624 si
1567 2591 1708 2624 tamen
1731 2585 1925 2622 Praelatus
1946 2582 2159 2621 Societatis
2176 2582 2249 2619 bo-

1215 2660 1269 2686 na
1292 2648 1372 2686 fide
1394 2647 1607 2697 procedat,
1634 2649 1687 2692 et,
1718 2643 1824 2682 facta
1853 2643 1997 2681 morali
2018 2642 2245 2692 diligentia,

1216 2721 1264 2747 30
1284 2708 1421 2746 debita
1444 2706 1761 2752 consultatione,
1783 2703 1942 2754 judicet
1967 2703 2160 2753 expedire
2189 2706 2250 2741 ta-

1214 2769 1296 2808 lem
1329 2779 1553 2819 personam
1586 2766 1759 2804 liberam
1793 2765 2020 2811 dimittere,
2047 2767 2086 2802 et
2115 2764 2157 2801 in
2178 2764 2247 2803 tali

1216 2841 1314 2868 casu
1334 2832 1445 2867 recte
1475 2828 1535 2866 uti
1563 2839 1683 2879 posse
1705 2829 1904 2877 potestate
1936 2825 2010 2863 sibi
2033 2837 2056 2863 a
2083 2824 2249 2863 Pontifi-

1216 2891 1331 2929 cibus
1362 2902 1575 2936 concessa,
1598 2901 1681 2927 non
1717 2892 1777 2926 est
1807 2888 2080 2926 dubitandum
2100 2887 2152 2925 de
2179 2899 2248 2926 va-

1215 2952 1302 2990 lore
1330 2955 1460 2998 actus,
1484 2955 1523 2990 et
1548 2951 1602 2989 ita
1622 2953 1785 2989 cessant
1810 2948 1929 2987 facile
1961 2960 2106 2986 omnes
2137 2959 2248 2986 scru-

1214 3013 1299 3064 puli
1321 3016 1361 3051 et
1381 3012 1675 3050 dubitationes.
1701 3011 1787 3049 11110
1810 3010 1915 3048 addo
1947 3010 2114 3060 (posset
2133 3008 2246 3047 enim

1213 3074 1256 3112 in
1275 3073 1354 3113 hoc
1381 3085 1470 3112 esse
1503 3072 1703 3111 nonnulla
1734 3070 1947 3110 dubitandi
1967 3070 2110 3120 ratio),
2134 3067 2247 3120 quod

1213 3135 1310 3174 licet
1345 3139 1438 3185 post
1475 3134 1759 3172 dimissionem
1790 3132 2044 3183 intelligatur
2076 3141 2246 3169 causam

1214 3209 1299 3235 non
1326 3196 1451 3235 fuisse
1483 3200 1569 3234 tam
1600 3207 1792 3245 gravem,
1826 3197 1981 3243 quanta
2018 3192 2246 3231 existimata

1215 3257 1364 3305 fuerat,
1386 3259 1426 3296 et
1447 3257 1628 3307 aliquam
1649 3255 1938 3306 deceptionem
1955 3253 2243 3300 intervenisse,

1215 3319 1251 3358 si
1270 3322 1410 3358 tamen
1430 3319 1540 3357 bona
1559 3317 1641 3356 fide
1665 3329 1731 3356 res
1750 3321 1840 3356 acta
1861 3319 1938 3364 est,
1958 3318 1998 3354 et
2016 3326 2100 3353 non
2119 3318 2247 3353 teme-

1215 3392 1276 3428 re,
1301 3380 1372 3419 sed
1389 3379 1582 3431 prudenti
1602 3379 1738 3424 modo,
1773 3382 1826 3425 et,
1851 3382 1895 3417 ut
1923 3377 1980 3415 ita
2001 3376 2148 3423 dicam,
2183 3384 2246 3412 se-

1217 3442 1396 3481 cundum
1419 3441 1597 3492 allegata
1613 3444 1653 3479 et
1671 3440 1860 3491 probata,
1883 3437 1926 3476 id
1955 3437 2053 3475 satis
2079 3445 2168 3474 esse
2201 3436 2248 3474 ut

1216 3502 1398 3542 dimissio
1421 3506 1578 3551 teneat,
1599 3513 1678 3541 nec
1710 3505 1854 3552 postea
1881 3509 1971 3538 esse
2006 3495 2248 3547 scrupulum

1217 3577 1268 3606 ex
1283 3565 1480 3607 alterutra
1498 3566 1616 3616 parte
1637 3561 1955 3612 admittendum,
1967 3557 2164 3611 quicquid
2177 3557 2250 3597 de-

2336 263 2338 273 i
2350 271 2352 274 .

2336 280 2352 316 ’ἱ
