2352 3880
0 204 8 221 Ι

128 235 315 281 dundare
332 240 492 289 potest;
513 241 602 278 tum
624 238 749 278 etiam
765 237 864 292 quia
897 237 931 278 si
963 237 1006 277 in
1023 248 1107 276 una

0 351 3 356 .
5 247 219 343 &rare
235 302 389 357 posset,
410 299 454 340 in
472 298 656 353 qualibet
673 301 828 352 posset,
838 303 878 339 et
894 298 952 339 ita
968 298 1107 339 omnia

81 365 220 404 essem
251 360 426 411 incerta,
453 365 494 402 et
527 360 722 414 periculis
762 361 969 412 exposita,
1006 371 1106 412 ergo

11 460 15 462 ,
67 422 220 466 'idem'
208 436 251 464 m
269 423 459 476 praesenti
478 423 699 464 dicendum
720 426 795 471 est,
815 423 911 475 quia
926 434 1011 463 non
1029 423 1107 462 mi-

77 497 159 528 nus
175 497 299 538 grave
319 488 381 526 est
399 486 441 525 in
474 485 658 527 Ecclesia
677 484 908 537 approhare
934 497 1009 526 seu
1036 483 1108 525 de-

78 549 238 589 clarare
268 547 449 599 aliquem
467 551 632 596 statum,
658 551 705 587 ut
731 559 830 587 vere
863 559 913 588 ac
942 547 1108 600 proprie

78 609 332 661 religiosum,
354 620 403 649 ac
419 609 699 660 perfectionis,
716 620 841 660 quam
876 609 1107 662 approbare

78 672 338 724 religionem,
359 671 442 710 imo
460 682 592 711 unum
608 672 652 710 in
668 671 797 710 altero
818 670 976 711 includi
996 669 1109 710 vide-

77 735 159 786 tur.
181 733 229 773 Et
254 731 536 782 confirmatur,
553 733 650 784 quia
682 732 884 781 Pontifex,
901 733 945 772 in
975 731 1109 773 decla·

77 788 209 837 rando
226 794 365 846 aliquo
390 795 485 846 jure
514 806 568 834 an
586 794 773 834 divinum
792 795 843 834 sit
873 794 939 835 vel
962 793 1110 833 huma-

78 868 196 905 num,
230 856 486 897 infallibilem
522 856 649 897 habet
678 857 987 904 auctoritatem3
1015 855 1108 910 quis

81 917 192 960 enim
225 917 385 958 dubitet
417 919 648 959 Concilium
677 919 979 967 Tridentinum‚
1014 931 1109 959 cum

82 977 224 1020 definit
241 985 500 1020 sacramenta
518 981 657 1021 omnia
677 992 769 1023 esse
786 981 839 1021 de
856 982 953 1032 J‘ure
972 981 1109 1021 divino

82 1041 281 1091 instituta,
304 1046 373 1082 aut
409 1043 711 1083 confessionem
730 1055 781 1082 ex
814 1046 1022 1094 praecepto
1042 1042 1109 1083 di-

83 1103 178 1143 vino
198 1104 526 1155 praemittendam
541 1115 632 1144 esse
646 1108 742 1144 ante
757 1105 1107 1154 communionem,

84 1166 249 1218 quando
277 1166 495 1209 intercedit
510 1166 761 1207 conscientia
782 1167 938 1218 peccati
958 1171 1112 1207 morta-

84 1227 149 1275 lis,
170 1225 421 1270 infallibilem
451 1227 680 1267 doctrinam
699 1228 890 1269 tradere?
916 1230 998 1268 Aut
1017 1229 1111 1281 quis

82 1289 206 1342 neget
225 1290 438 1329 Summum
460 1289 698 1331 Pontificem
716 1290 872 1330 babere
900 1291 946 1332 in
971 1292 1112 1343 hujus-

83 1351 192 1394 modi
213 1351 396 1391 doctrina
416 1353 629 1392 tractanda
665 1353 871 1404 aequalem
900 1353 965 1393 vel
985 1357 1112 1406 maJo-

84 1424 168 1454 rem
182 1415 455 1465 potestatem?
478 1414 575 1454 Haec
597 1418 737 1454 autem
766 1415 989 1454 declaratio
1011 1416 1113 1454 nihil

83 1474 194 1516 aliud
217 1478 279 1515 est
294 1487 420 1527 quam
439 1475 655 1528 explicatio
671 1476 776 1528 juris
793 1475 918 1515 divini
939 1478 1004 1516 vel
1035 1478 1112 1516 hu-

82 1537 208 1585 mani,
231 1538 342 1589 quod
371 1537 477 1578 circa
502 1540 653 1578 statum
670 1538 910 1590 religiosum
932 1542 972 1578 et
998 1539 1113 1579 insti-

80 1599 283 1639 tutionem
303 1600 392 1650 ejus
411 1611 486 1652 per
502 1604 596 1640 vota
615 1599 815 1652 simplicia
830 1601 895 1640 vel
910 1600 1114 1641 solemnia

77 1656 326 1702 intervenit:
351 1674 450 1713 ergo
473 1674 567 1702 cum
586 1661 694 1702 facta
714 1662 765 1703 sit
782 1662 996 1703 Pontificia
1018 1674 1114 1704 auc-

78 1708 261 1793 peritate,
282 1723 538 1764 infallibilem
564 1725 690 1765 habet
707 1725 1011 1766 certitudinem.
1041 1726 1115 1766 De-

81 1785 209 1837 nique
225 1784 305 1824 alia
329 1785 508 1832 decreta,
527 1798 618 1838 quae
639 1787 857 1827 Pontifices
878 1787 1112 1834 ediderunt,

79 1838 328 1886 'declarando
345 1847 607 1898 palticularia
626 1848 809 1888 instituta
828 1849 1003 1888 aliarum
1024 1848 1115 1888 reli-

11 1904 18 1908 “
78 1891 268 1960 'gionum‚
284 1912 484 1960 tanquam
507 1914 619 1950 certa
636 1913 676 1950 et
695 1909 816 1950 firma
839 1923 865 1950 a
893 1910 1114 1950 Catholicis

82 1970 274 2010 omnibus
289 1971 557 2023 recipiuntur,
580 1975 624 2012 ut
646 1976 805 2011 constat
825 1984 875 2012 ex
903 1985 994 2024 cap.
1018 1972 1115 2013 Cum

82 2033 138 2073 ad
150 2034 453 2083 monasterium,
475 2039 515 2074 et
533 2047 623 2087 cap.
647 2035 799 2083 ultim„
818 2034 869 2074 de
892 2035 1009 2074 Statu
1027 2046 1116 2074 mo-

82 2095 269 2143 nachor„
289 2107 380 2148 quae
399 2100 577 2137 tractant
596 2097 647 2137 de
667 2097 867 2148 religione
885 2097 1022 2136 Sancti
1038 2098 1116 2137 Be-

83 2156 250 2204 nedicti,
268 2161 308 2196 et
328 2169 377 2197 ex
393 2170 430 2198 c.
447 2159 585 2206 Exiit,
609 2159 660 2197 de
681 2159 851 2198 Verbor.
875 2158 1113 2210 significat„

84 2217 129 2258 in
153 2219 194 2265 6,
227 2219 335 2258 etin
370 2220 567 2259 Clement.
599 2220 761 2268 Excivit,
799 2219 947 2259 eodem
979 2220 1112 2268 titulo,

86 2290 176 2328 quae
193 2280 400 2330 pertinent
429 2282 481 2321 ad
508 2281 751 2334 religionem
776 2281 998 2321 Minorum.
1024 2283 1114 2321 Non

86 2342 148 2378 est
164 2345 299 2380 autem
319 2343 488 2382 minoris
507 2343 760 2383 auctoritatis
782 2344 870 2382 haec
887 2343 1113 2382 declaratio

87 2401 309 2449 Pontificia,
323 2404 418 2453 quia
439 2416 516 2444 nec
533 2405 705 2444 materia
725 2405 861 2443 minus
882 2405 1019 2456 gravis
1036 2409 1112 2452 est,

85 2475 162 2503 nec
182 2469 362 2515 potestas
381 2466 529 2514 minor,
551 2479 628 2506 nec
646 2467 772 2507 verba
791 2467 928 2506 minus
945 2467 1057 2507 clara
1073 2471 1115 2505 et

85 2526 305 2574 evidentia,
329 2532 371 2567 ut
389 2529 473 2579 J'am
491 2528 644 2569 dicam.

135 2589 174 2629 8.
203 2588 383 2630 Alterum
409 2591 607 2641 effuyium
630 2589 804 2642 turpiter
832 2596 1046 2632 erroneum.
1062 2610 1117 2620 -

82 2649 335 2701 Recognovit
361 2652 471 2690 enlm
490 2651 598 2691 hanc
618 2650 873 2690 Pontificiam
894 2651 1115 2691 auctorita-

82 2714 168 2751 tem
190 2715 229 2751 et
248 2716 492 2763 potestatem
515 2712 684 2763 quidam
702 2712 905 2764 praedictae
931 2713 1115 2753 veritatis

85 2777 125 2812 et
157 2773 443 2815 declarationis
477 2775 755 2826 impugnator,
794 2775 911 2826 cujus
938 2775 1115 2814 mentio-

84 2847 177 2875 nem
200 2837 293 2876 fecit
318 2837 427 2878 idem
450 2838 636 2878 Pontifex
653 2837 875 2889 Gregorius
902 2838 945 2876 in
967 2837 1114 2878 consti-

84 2898 239 2939 tutione
256 2898 494 2940 Ascendente
526 2901 710 2940 Domino.
738 2901 787 2939 Et
811 2904 1047 2951 propterea,
1069 2904 1114 2939 ut

83 2959 234 2999 ibidem
256 2961 416 3010 dicitur,
441 2973 544 3000 ausu
571 2962 791 3001 temerario
821 2973 1018 3013 perverse
1051 2961 1112 3000 in-

85 3022 298 3073 terpretari
317 3026 498 3063 mentem
535 3023 742 3063 Pontificis
776 3035 999 3075 aggressus
1032 3027 1109 3073 est,

85 3081 168 3123 imo
188 3085 433 3124 sententiam
451 3086 540 3137 ejus
561 3086 749 3137 rejicere,
771 3085 928 3134 dicens,
950 3083 1111 3136 privato

90 3153 212 3186 sensu
228 3145 410 3187 locutum
427 3147 567 3197 fuisse,
592 3151 633 3188 et
662 3151 708 3189 ut
739 3147 945 3198 privatum
964 3147 1113 3188 Docto-

97 3213 179 3245 rem
198 3215 335 3249 errare
353 3209 554 3259 potuisse,
574 3213 615 3249 et
632 3222 683 3250 ex
700 3209 805 3248 falsa
822 3208 1112 3248 informatione

89 3277 264 3306 errasse.
286 3266 476 3313 Quamvis
496 3275 634 3314 autem
662 3272 705 3312 in
729 3273 808 3311 hac
828 3283 1004 3311 censura
1029 3274 1113 3310 tur-

87 3328 196 3379 piter
223 3332 266 3367 et
294 3329 510 3371 manifeste
538 3332 625 3384 ipse
649 3334 861 3384 erraverit,
898 3337 943 3373 ut
974 3333 1112 3374 statim

77 3390 322 3440 sistendam,
343 3403 368 3431 a
386 3403 428 3431 n.
452 3393 516 3439 12,
538 3393 638 3436 illud
665 3401 807 3437 tamen
825 3426 835 3445 ‚
861 3395 972 3448 quod
990 3395 1113 3437 tacite

87 3452 297 3504 supponit,
327 3451 503 3492 libenter
535 3457 770 3507 accipimus,
807 3457 1006 3498 nimirum
1028 3469 1114 3497 non

88 3513 269 3564 potuisse
289 3513 527 3554 Pontificem
554 3514 598 3554 in
617 3527 668 3555 ea
694 3518 879 3561 doctrina
899 3531 1055 3567 errare,
1076 3518 1114 3558 si

88 3583 173 3612 non
193 3578 238 3614 ut
254 3574 438 3627 privatus
458 3576 623 3627 nector,
641 3576 716 3618 sed
733 3582 779 3618 ut
794 3579 980 3624 Pontifex
997 3580 1113 3620 locu·

403 172 496 210 GAP.
518 172 574 210 lv.
597 170 853 209 coffoLLAmA
872 170 971 208 mm
991 170 1086 208 swa
1105 170 1407 209 consumentis
1425 172 1484 210 Ex
1503 173 1746 221 mmmmm,
1767 172 1858 212 mc.

1161 241 1229 278 tus
1244 237 1344 285 fuit;
1362 250 1447 278 non
1465 240 1576 280 enim
1595 241 1683 283 sine
1702 253 1826 281 causa
1838 241 2103 295 impugnator
2122 243 2191 286 ille

1163 298 1217 339 ad
1238 299 1443 352 privatum
1481 311 1650 341 sensum
1683 302 1871 360 Gregorii
1893 303 2098 350 divertere
2122 316 2194 349 co-

1161 364 1283 400 natus
1319 363 1398 410 est,
1433 372 1488 401 ne
1525 361 1781 404 Pontificiam
1814 365 2114 418 auctoritatem,
2151 371 2195 409 et

1163 433 1260 462 cum
1273 421 1342 460 illa
1360 421 1572 461 catholicae
1592 422 1789 467 doctrinae
1810 427 2099 470 certitudinem
2117 428 2195 468 im-

1159 494 1363 537 pugnare,
1388 487 1445 532 et,
1472 487 1675 536 quantum
1694 485 1737 523 in
1756 486 1846 532 ipso
1867 493 1991 539 esset,
2011 489 2196 532 labefac-

1160 546 1249 585 tare
1267 544 1493 586 videretur.

1213 608 1254 648 9.
1286 607 1402 648 Die-ti
1436 606 1588 648 erroris
1616 607 1775 656 fontes,
1806 611 1843 649 et
1873 608 2119 664 impuynatio
2148 626 2196 655 em

1161 668 1290 710 verbis
1310 667 1708 718 Pontificis.-·-Quid
1730 673 1910 720 operetur
1929 671 2064 722 dictio,
2082 675 2197 714 Motu

1159 730 1344 785 proprio.
1361 753 1415 762 —
1431 729 1532 770 Illud
1553 733 1694 769 autem
1721 730 2038 781 subterfugium,
2058 735 2124 774 vel
2146 731 2200 777 ex³

1160 793 1290 833 nimio
1312 793 1462 832 affectu
1482 791 1754 844 impugnandi
1776 792 2039 842 Societatem,
2058 796 2125 834 vel
2148 809 2199 837 ex

1162 856 1422 908 ignoratione
1442 855 1665 894 verborum
1687 852 1895 894 Pontificis
1916 855 2082 895 videtur
2103 869 2202 908 pro-

1162 918 1330 960 fectum.
1347 917 1442 956 Tria
1462 917 1574 956 enim
1596 920 1690 955 sunt
1704 917 1831 955 verba
1850 916 1892 955 in
1910 917 1989 955 illis
2006 917 2197 969 decretis,

1163 991 1255 1033 quae
1271 979 1335 1019 his
1355 979 1468 1018 falsis
1485 979 1895 1031 interpretationibus
1911 991 2079 1019 omnem
2091 981 2201 1021 viam

1164 1041 1444 1095 praecludunt,
1474 1041 1643 1090 scilicet,
1670 1045 1781 1082 motu
1809 1042 1998 1093 proprio,
2022 1054 2069 1082 ex
2093 1047 2202 1084 certa

1167 1103 1348 1153 seientia,
1381 1113 1426 1144 em
1456 1102 1704 1156 plenitudine
1737 1105 1962 1154 potestatis.
1999 1103 2200 1153 Primum,

1167 1164 1344 1213 scilicet,
1366 1168 1476 1205 motu
1499 1165 1664 1216 proprio
1698 1164 1761 1217 (ut
1787 1167 1985 1204 Doctores
2019 1165 2202 1219 dicunt),

1168 1227 1348 1266 excludit
1380 1226 1692 1278 subreptionem
1709 1238 1737 1265 a
1761 1226 1906 1265 litteris
1938 1228 2201 1279 Apostolicis,

1167 1288 1211 1328 id
1230 1293 1305 1336 est,
1325 1289 1421 1328 facit
1441 1292 1487 1328 ut
1513 1292 1656 1328 contra
1675 1289 1805 1327 Breve
1826 1289 2086 1328 Pontificium
2106 1291 2206 1330 alle-

1168 1351 1255 1402 gari
1285 1363 1368 1390 non
1390 1350 1520 1402 possit
1540 1351 1768 1401 surreptio,
1799 1353 2044 1400 argumento
2078 1363 2114 1390 c.
2150 1352 2206 1394 Si

1165 1417 1275 1454 motu
1292 1414 1472 1465 proprio,
1505 1412 1557 1451 de
1586 1411 1819 1461 Praebend.,
1841 1411 1881 1449 in
1903 1413 1942 1460 6,
1964 1412 2035 1451 ubi
2056 1414 2207 1454 dicitur

1164 1475 1483 1514 concessionem
1503 1474 1711 1521 beneficii,
1734 1486 1860 1524 quam
1879 1475 2064 1514 Pontifex
2084 1477 2206 1516 alicui

1166 1536 1266 1576 facit
1284 1537 1452 1576 habenti
1481 1535 1594 1574 aliud
1617 1536 1728 1586 quod
1751 1536 1938 1575 Pontifex
1970 1538 2204 1589 ignorabat,

1167 1609 1247 1638 nec
1272 1598 1328 1637 illi
1349 1599 1608 1652 propositum
1628 1596 1718 1645 fuit,
1739 1609 1830 1637 esse
1851 1599 2044 1647 validam,
2064 1601 2096 1639 si
2112 1613 2209 1652 gra-

1167 1660 1224 1701 tia
1236 1664 1350 1699 motu
1366 1660 1532 1711 proprio
1553 1660 1661 1698 facta
1680 1663 1766 1706 est;
1790 1660 2074 1712 subreptitiam
2091 1675 2206 1712 vero,

1170 1724 1206 1762 si
1222 1723 1275 1762 ad
1292 1723 1534 1774 petitionem
1552 1721 1690 1772 partis.
1709 1721 1756 1759 Et
1772 1722 1877 1760 ratio
1895 1723 2050 1773 optima
2066 1723 2121 1762 ibi
2140 1725 2210 1763 ad-

1166 1785 1376 1837 jungitur,
1409 1783 1507 1835 quia
1527 1783 1640 1834 prior
1659 1782 1792 1834 gratia
1813 1794 1864 1821 ex
1891 1795 2006 1822 mera
2029 1785 2211 1824 liberali-

1169 1850 1254 1887 tate
1274 1846 1383 1884 facta
1403 1848 1479 1884 est.
1501 1844 1741 1882 Declaratur
1761 1849 1900 1883 autem
1917 1857 2133 1896 nunquam
2153 1846 2209 1885 ita

1170 1907 1276 1956 fieri,
1298 1906 1377 1946 nisi
1395 1904 1562 1957 quando
1582 1916 1779 1956 expresse
1802 1906 2030 1956 explicatur
2048 1919 2124 1957 per
2139 1907 2209 1947 illa

1169 1969 1313 2016 verba,
1327 1968 1442 2008 Motu
1457 1968 1635 2020 proprio.
1657 1967 1791 2018 Super
1808 1979 1933 2018 quem
1946 1970 2105 2007 textum
2119 1969 2210 2020 plu-

1169 2043 1237 2071 res
1272 2031 1442 2070 effeetus
1466 2029 1588 2080 hujus
1613 2028 1810 2069 elausulae
1830 2029 2080 2078 referuntur,
2105 2043 2210 2082 quos

1170 2093 1251 2132 late
1273 2093 1460 2143 sequitur
1480 2096 1521 2130 et
1540 2090 1667 2129 refert
1685 2090 1899 2138 Rehuffus,
1919 2091 1960 2129 in
1982 2092 2211 2132 Concorda·

1169 2155 1235 2201 tis,
1259 2155 1377 2193 titulo
1400 2154 1450 2192 de
1466 2153 1615 2192 Forma
1630 2151 1814 2190 mandati
1830 2152 2070 2203 Apostolici,
2090 2155 2205 2194 verb.

1169 2218 1286 2257 Motu
1314 2217 1493 2268 proprio.
1517 2215 1575 2252 Ex
1600 2213 1750 2265 quibus
1777 2214 1830 2253 ad
1850 2227 1939 2253 rem
1962 2221 2210 2266 praesentem

1170 2279 1351 2317 maxime
1371 2276 1482 2322 facit,
1502 2275 1614 2326 quod
1630 2276 1796 2326 quando
1814 2281 1875 2315 est
1892 2277 2077 2316 clausula
2095 2279 2211 2319 Motu

1168 2341 1350 2393 proprio,
1375 2351 1460 2379 non
1477 2338 1706 2376 admittitur
1728 2350 1826 2388 pars
1861 2338 1915 2377 ad
1946 2339 2210 2390 probandum

1172 2401 1423 2441 contrarium
1441 2431 1454 2449 ,
1488 2401 1584 2452 quia
1628 2404 1737 2438 esset
1779 2412 1954 2451 arguere
1992 2402 2209 2441 Summum

1170 2464 1411 2505 Pontificem
1438 2463 1489 2502 de
1522 2461 1764 2508 mendacio;
1800 2463 1850 2502 de
1871 2475 1954 2516 quo
1986 2463 2116 2503 videri
2135 2476 2210 2515 po-

1171 2529 1251 2565 test
1271 2527 1480 2572 Bertran.,
1499 2536 1612 2562 cons.
1637 2524 1686 2562 35
1705 2527 1745 2561 et
1762 2526 1859 2571 20⁶2,
1875 2525 1917 2563 in
1930 2525 2013 2565 fine
2034 2529 2133 2565 tom.
2157 2528 2207 2569 1:

1172 2587 1436 2639 Staphilaeus,
1454 2584 1509 2624 de
1534 2585 1695 2625 Litteris
1725 2586 1866 2636 gratiae
1894 2590 1933 2625 et
1948 2587 2143 2637 justitiam
2168 2590 2209 2627 et

1171 2650 1335 2696 Covar.,
1356 2648 1400 2686 iu
1420 2659 1511 2698 cap.
1547 2646 1673 2687 Alma
1701 2648 1853 2696 Mater,
1886 2649 1906 2687 1
1940 2660 2001 2700 p.,
2026 2649 2108 2701 §7‚
2129 2661 2210 2688 nu-

1170 2723 1287 2751 mero
1309 2710 1507 2749 secundo.

1225 2774 1289 2812 10.
1314 2770 1421 2818 Quid
1447 2766 1583 2815 dictio,
1603 2769 1662 2807 Ex
1687 2771 1800 2806 certa
1832 2768 2018 2808 scientia.
2033 2791 2087 2800 —
2103 2771 2208 2817 Quia

1169 2845 1267 2874 vero
1278 2832 1373 2871 licet
1384 2831 1472 2869 haec
1481 2830 1681 2881 particula
1694 2829 1884 2868 excludat
1896 2831 2207 2883 subreptionem

1169 2905 1221 2935 ex
1239 2893 1534 2939 taciturnitate,
1562 2904 1645 2933 non
1668 2895 1809 2931 tamen
1830 2893 2010 2931 excludit
2039 2906 2206 2934 omnem

1168 2956 1471 3007 deceptionem,
1497 2965 1574 2992 nec
1594 2958 1743 3006 purgat
1770 2965 1935 2993 omnem
1967 2955 2204 3005 falsitatem,

1167 3023 1214 3059 ut
1233 3018 1359 3058 iidem
1378 3015 1830 3065 auctores-advertunt,
1858 3028 1907 3055 ac
1927 3016 2007 3056 late
2035 3018 2204 3068 Saneh„

1166 3080 1240 3121 lib.
1274 3082 1298 3119 8
1324 3078 1376 3118 de
1396 3077 1593 3125 Matrim.,
1616 3076 1720 3129 disp.
1751 3077 1778 3116 4
1806 3081 1847 3116 et
1874 3079 1951 3127 21,
1982 3090 2006 3117 a
2029 3091 2204 3118 numero

1168 3140 1490 3195 quadragesimo
1506 3138 1697 3190 septimo,
1711 3138 1805 3178 ideo
1825 3144 1977 3190 praeter
1987 3140 2095 3179 illam
2111 3153 2206 3192 par-

1166 3204 1338 3245 ticulam
1366 3202 1552 3250 additur,
1585 3201 1657 3242 Ex
1676 3205 1784 3242 certa
1803 3201 1985 3242 scientia.
2018 3201 2093 3241 Per
2115 3212 2205 3250 quae

1167 3267 1294 3307 verba
1316 3264 1502 3304 Pontifex
1518 3263 1686 3310 indicat,
1705 3275 1750 3302 se
1770 3274 1855 3302 non
1872 3263 2114 3314 deceptione
2130 3261 2203 3299 ali-

1168 3341 1266 3382 qua,
1279 3327 1354 3367 sed
1373 3339 1424 3368 ex
1442 3338 1540 3365 vera
1552 3329 1591 3364 et
1602 3325 1784 3378 perfecta
1804 3324 2093 3366 informatione
2105 3333 2204 3361 con·

1170 3391 1331 3438 cedere,
1355 3393 1401 3428 ut
1427 3386 1676 3443 Staphilaeus
1706 3399 1832 3438 supra
1852 3386 1965 3433 dicit,
1993 3396 2034 3422 n.
2059 3385 2123 3423 10.
2153 3383 2204 3423 Et

1168 3452 1264 3494 ideo
1291 3451 1395 3491 sicut
1415 3462 1502 3489 non
1532 3448 1761 3489 admittitur
1781 3447 1927 3500 aliquis
1947 3444 1999 3483 ad
2024 3444 2205 3496 proban-

1168 3514 1270 3557 dum
1286 3516 1429 3553 contra
1447 3510 1695 3565 particulam
1712 3510 1828 3550 Motu
1839 3506 2019 3560 proprio,
2038 3505 2204 3546 Pontifi-

1166 3587 1260 3621 cem
1276 3575 1411 3616 solum
1437 3573 1492 3615 ad
1519 3571 1758 3614 instantiam
1784 3568 1912 3622 partis
1930 3555 2206 3619 processisse,‘
