2352 3880
127 251 133 255 “
160 247 400 300 ‘graviores
414 249 607 286 auctores
626 245 766 286 dicant
781 247 826 287 id
844 259 937 288 esse
957 251 1100 288 contra

112 308 409 362 ffiuetudinem
426 311 469 348 et
486 309 640 359 stylum
652 308 796 357 Curiae.
817 309 960 358 Neque
975 311 1099 349 etiam

85 382 101 406 2.
116 373 148 382 ’”
167 374 300 423 potest
315 381 390 422 per
406 370 485 410 hoc
500 370 708 410 indultum
722 369 836 408 illam
848 370 1023 410 formam
1040 371 1101 409 in-

72 418 300 481 ffiductam
333 442 440 478 esse,
461 443 560 471 nam
580 431 633 470 de
653 432 733 470 hoc
762 431 1036 482 disputamus,
1059 434 1101 472 et

70 490 389 544 &supponitur
406 492 518 543 quod
537 491 800 544 probandum
820 497 895 532 est.
921 493 1099 532 Maxime

71 553 164 622 guia
189 554 278 593 haec
301 554 461 594 indulta
492 565 578 592 non
609 554 877 593 introducunt
893 554 1095 603 formam,

161 619 400 666 supponunt
426 618 469 655 et
496 614 599 653 dant
620 619 865 665 potestatem
893 616 945 655 ad
979 620 1099 656 uten-

46 678 59 725 Ι
125 689 166 716 m
187 678 280 726 illa3
302 688 400 727 ergo
423 677 456 714 si
479 679 576 715 ante
594 676 693 715 talia
717 677 880 716 Indulta
904 690 987 717 non
1010 681 1098 718 erat

44 726 110 788 ih
126 735 308 779 Ecclesia
331 736 562 776 introducta
585 737 805 785 absolutio,
828 739 901 779 sed
933 739 1097 790 dispen-

45 794 168 842 intio
186 797 498 848 irregularitatis
519 798 562 836 in
580 809 845 850 quocumque
861 800 966 846 foro,
987 804 1097 840 certe

44 854 53 859 “
67 867 140 916 per
156 857 225 898 illa
244 870 328 898 non
348 859 426 898 fuit
450 859 701 908 introducta,
723 861 799 900 sed
829 861 1003 900 facultas
1023 872 1098 912 per

66 919 135 963 illa
153 921 250 960 data
283 923 345 960 est
367 921 678 962 accommodata
705 923 832 962 verbo
860 923 1094 963 absolrendi.

47 977 342 1031 lPraeterquam
358 982 470 1033 quod
489 982 522 1022 si
543 983 620 1023 hoc
641 983 871 1023 admittitur
890 983 1100 1034 quoadfo-

40 1046 156 1085 num
173 1042 396 1089 internum,
421 1043 569 1083 eadem
589 1045 749 1084 ratione
770 1057 860 1085 esse
881 1044 1098 1083 admitten-

44 1100 161 1148 iilum
175 1104 312 1154 quoad
324 1108 556 1152 externum,
573 1106 739 1156 quando
757 1106 916 1146 Indulta
932 1117 1099 1157 expres-

44 1174 108 1211 (ιο
126 1165 398 1204 extenderent
418 1166 728 1206 concessionem
747 1179 864 1206 suam
887 1166 941 1206 ad
962 1167 1098 1206 forum

45 1222 294 1267 iexternum.
326 1226 509 1273 Accedit,
531 1229 643 1279 quod
676 1229 825 1278 forma,
844 1229 930 1269 sive
961 1228 1098 1268 absol-

44 1294 53 1312 ’·
66 1286 195 1330 vendi,
218 1287 304 1327 sive
315 1287 596 1340 dispensandi,
614 1295 818 1340 quantum
832 1290 887 1329 ad
905 1289 1097 1329 substan-

44 1347 173 1395 attalia
190 1349 330 1395 verba,
351 1354 398 1388 ut
417 1350 477 1389 sic
502 1350 745 1398 dicam,non
764 1355 903 1402 potest
921 1363 1014 1390 esse
1036 1351 1095 1390 di-

45 1414 179 1451 ’versa
196 1409 236 1448 iu
256 1410 418 1450 interno
441 1413 483 1451 et
503 1416 672 1451 externo
692 1412 799 1461 foro,
821 1417 906 1451 tum
927 1412 1024 1463 quia
1044 1411 1099 1452 ad

45 1470 255 1513 neumdem
287 1472 601 1512 substantialem
628 1473 822 1513 effectum
846 1472 1063 1513 ordinatur
1083 1503 1098 1523 ,

45 1533 149 1574 itum
170 1533 291 1571 etiam
312 1533 409 1584 quia
431 1535 477 1573 in
497 1538 658 1574 secreto
688 1534 779 1574 foro
800 1535 1026 1574 assumitur
1046 1544 1099 1575 ex

47 1603 139 1635 lusu
170 1594 360 1635 Ecclesiae
393 1595 436 1633 in
461 1595 654 1635 exteriori
674 1596 779 1644 foro,
802 1595 901 1647 quia
930 1608 1017 1634 non
1038 1600 1100 1636 est

46 1656 275 1706 tmnltiplex
294 1656 486 1696 Ecclesiae
507 1658 725 1704 institutio,
746 1669 824 1696 nec
842 1658 1012 1698 aliunde
1032 1670 1100 1697 su-

47 1717 116 1758 smi
131 1722 280 1768 potest.
304 1718 425 1757 Aliud
437 1718 560 1757 etiam
579 1719 618 1757 in
639 1731 686 1758 ea
701 1719 988 1770 responsione,
1009 1731 1101 1770 quae

46 1788 114 1820 oex
130 1779 294 1818 Medina
312 1783 476 1831 sumpta
496 1784 573 1828 est,
588 1781 688 1818 mihi
712 1780 913 1831 displicet,
930 1782 1025 1831 quia
1040 1786 1100 1820 to·

46 1842 145 1880 «tam
172 1840 447 1879 differentiam
477 1841 584 1879 inter
616 1841 920 1879 absolutionem
945 1846 986 1880 et
1015 1841 1100 1880 dis-

46 1901 343 1954 lpensatiouem
355 1901 470 1952 pouit
482 1901 526 1939 in
541 1901 668 1939 verbo
684 1901 924 1940 absolvendi
946 1914 993 1941 ac
1010 1902 1098 1941 dis-

45 1961 281 2014 Jpensandi,
302 1973 396 2001 cum
411 1966 551 2001 tamen
570 1961 802 2001 differentia
819 1975 903 2001 non
920 1962 963 2001 in
982 1963 1097 2002 voci-

46 2021 153 2072 lbus,
170 2021 244 2062 sed
263 2023 307 2061 in
338 2035 385 2062 re
408 2023 499 2075 ipsa
519 2022 714 2074 ponenda
747 2022 815 2069 sit,
836 2022 991 2074 alioqui
1011 2035 1096 2062 non

45 2083 236 2124 imultum
256 2083 430 2123 referret
456 2084 673 2124 diversitas
694 2084 821 2132 vocis,
846 2085 878 2123 si
898 2096 967 2123 res
986 2088 1097 2124 esset

45 2160 50 2181 ι
65 2143 222 2194 eadem,
237 2149 361 2197 etper
373 2149 592 2196 utramque
611 2157 754 2184 vocem
774 2144 1094 2196 signiticaretur3

46 2205 264 2248 iabsolutio
282 2211 422 2246 autem
437 2211 478 2246 et
499 2207 750 2258 dispensatio
788 2219 871 2246 non
889 2219 990 2246 voce
1006 2212 1097 2246 tan-

47 2271 166 2316 stum,
182 2269 256 2307 sed
269 2269 416 2320 reipsa
428 2267 637 2316 differunt,
655 2272 699 2307 ut
714 2267 819 2320 disp.
837 2269 875 2314 1,
888 2267 939 2307 de
954 2269 1095 2316 Gens„

45 2333 164 2370 ssent.
182 2330 221 2376 3,
239 2341 284 2370 n.
304 2330 344 2378 6,
362 2329 517 2376 notavi,
539 2332 581 2368 et
602 2328 722 2378 infra,
739 2328 782 2367 in
801 2341 974 2367 numero
995 2341 1098 2379 qua-

46 2391 299 2442 ·dragesimo
313 2394 473 2439 octavo,
500 2390 716 2441 attingam,
736 2395 778 2430 et
795 2391 876 2431 hoc
894 2390 1017 2430 modo
1034 2403 1099 2430 ca-

46 2453 124 2495 ndit
137 2454 183 2492 in
199 2454 545 2505 irregularitatem
574 2453 844 2503 dispensatio,
865 2465 948 2492 non
980 2453 1099 2492 abso-

45 2514 188 2563 llutio‚
207 2515 385 2566 ideoque
410 2526 496 2553 non
524 2514 894 2565 comprehenditur
923 2514 1000 2553 sub
1023 2527 1099 2565 po-

39 2579 214 2618 rtestate
249 2575 516 2622 absolvendi3
538 2575 580 2615 in
614 2586 696 2626 quo
719 2578 860 2614 autem
887 2575 957 2614 illa
981 2575 1098 2615 diffe-

45 2638 198 2678 ÷1entia
233 2637 369 2689 posita
404 2636 457 2676 sit
470 2665 485 2685 ,
514 2635 790 2690 explicabitur
825 2636 870 2675 in
908 2636 1099 2689 sequenti

44 2710 49 2717 '
67 2705 233 2754 puncto.
494 2723 497 2725 Δ

119 2762 185 2802 46.
210 2761 396 2803 Secunda
415 2761 547 2814 opinio
565 2763 712 2810 verior,
721 2774 795 2815 per
806 2772 967 2815 poenam
986 2759 1103 2802 intel-

47 2820 145 2881 52h⁰9i
159 2824 363 2875 imprimis
374 2823 750 2864 ecclesiasticmn.-
762 2824 908 2863 Prima
931 2823 1101 2863 condltz‘o

41 2887 192 2937 πωπω
219 2885 501 2926 ecclesiasticae.
530 2906 584 2915 —-
606 2884 794 2926 Secunda
832 2886 1018 2925 conditio.
1048 2904 1102 2914 -

40 2947 48 2967 ³
72 2944 207 2990 Restat
221 2958 319 2998 ergo
340 2946 760 2998 declarandum,quid
780 2945 958 2985 addatur
974 2946 1014 2983 in
1030 2945 1101 2984 illo

73 3005 252 3056 Indulto,
286 3020 494 3058 paenarum
522 3009 707 3056 nomine,
738 3008 845 3047 ultra
887 3019 1099 3047 censuras.

42 3107 46 3110 ,
74 3063 160 3109 Non
198 3068 307 3106 enim
345 3081 566 3119 possumus
603 3069 656 3108 de
692 3080 955 3119 quacumque
976 3079 1105 3119 poena

39 3138 49 3149 ⁷
75 3125 172 3169 illud
191 3129 436 3179 intelligere,
459 3131 559 3169 alias
578 3134 719 3181 posset
741 3130 866 3169 etiam
887 3129 1104 3179 suspensio

40 3200 47 3204 ’
76 3189 139 3231 ’(81
161 3189 362 3240 depositio
397 3203 471 3242 per
499 3192 613 3230 illam
649 3191 888 3231 facultatem
919 3190 1100 3240 absolvi;

40 3260 47 3274 ⁵*
75 3249 152 3298 1160
169 3251 292 3290 etiam
315 3255 451 3302 potest
480 3253 676 3292 coarctari
703 3253 756 3292 ad
776 3253 884 3292 solas
905 3252 995 3290 illas
1017 3264 1105 3303 poe-

39 3325 47 3336 ,-
77 3311 165 3370 Q,
185 3323 277 3361 quae
296 3311 526 3362 impediunt
545 3313 844 3352 absolutionem
866 3325 889 3351 a
910 3313 1104 3364 peccatis,

38 3382 46 3391 ¹
78 3371 345 3419 fflNavarrus
365 3385 489 3424 supra
509 3374 661 3413 sentire
675 3375 852 3422 videtur,
870 3375 967 3426 quia
992 3374 1107 3414 nulla

79 3424 202 3538 ἔξω
215 3437 364 3486 praeter
382 3435 850 3475 excommunicationem
886 3439 956 3474 aut
981 3435 1110 3475 inter-

165 3506 234 3539 um
264 3495 485 3546 personale
518 3494 634 3534 illam
666 3495 856 3547 impedit.
881 3496 1110 3536 Dicendum

41 3581 47 3599 ε
85 3550 183 3609 *8⁰
202 3565 369 3605 censeo,
394 3556 467 3596 illo
490 3556 619 3598 verbo
638 3557 937 3608 comprehendi
967 3569 1113 3611 poenas

391 174 548 216 mrsu.
569 177 669 219 Qum
689 178 859 215 Possim
878 179 934 216 Ac
951 151 1146 215 aarum?
1161 180 1278 215 ῙΙΒΕΜ
1291 179 1501 218 'nummosi
1520 184 1758 228 PRAESTARE,
1780 187 1872 224 ΕΊἮ.

1044 2 1059 13 ψ
1175 2 1184 7 -
1274 0 1309 39 0*
1431 11 1449 15 .,
1519 2 1530 13 ,υ
1580 7 1623 26 .,
1663 7 1745 21 s
1915 0 2009 29 ,θ’
2050 0 2114 42 ·ἦ
2143 0 2190 19 2·
2251 0 2330 20 „ir

1232 51 1235 54 ,
1614 46 1692 59 ,Νι
1762 42 1773 53 ε’
2107 56 2135 70 'lx
2168 42 2179 52 a

1155 248 1573 303 ecclesiasticas,quae
1584 265 1635 292 ex
1653 253 1942 302 visententiae,
1963 267 2039 307 per
2061 269 2188 308 quam

1153 306 1439 359 imponuntur,
1461 325 1546 352 non
1565 314 1719 354 habent
1736 317 1952 367 positivam
1975 319 2186 370 perpetui-

1153 371 1297 419 tatem,
1324 375 1395 410 aut
1425 372 1638 413 definitam
1663 376 1941 427 durationem,
1980 380 2054 419 sed
2087 392 2188 432 pen-

1153 429 1253 470 dent
1290 443 1456 483 semper
1494 445 1544 472 ex
1575 436 1744 475 arbitrio
1767 438 1935 488 judicis,
1974 453 2070 480 nam
2107 443 2187 482 hoc

1154 491 1368 530 arbitrium
1407 495 1676 534 committitur
1710 499 1934 539 confessori
1967 514 2042 552 per
2080 503 2188 543 hanc

1152 552 1381 591 clausulam
1396 583 1407 600 ,
1446 558 1486 594 et
1520 555 1563 594 in
1604 556 1846 607 hujusmodi
1888 574 2034 611 poenas
2078 563 2189 604 cadit

1150 614 1318 664 propria
1337 614 1556 662 absolutio,
1578 616 1736 668 absque
1766 620 1849 658 ulla
1878 622 2187 673 dispensatione
2240 621 2241 625 ¹

1150 675 1319 725 proprie
1369 675 1493 714 dicta.
1531 677 1634 716 Hoc·
1664 690 1750 716 non
1786 680 1951 720 invenio
2003 685 2080 722 sub
2125 685 2189 724 his

1149 736 1303 784 verbis,
1323 748 1402 776 nec
1431 737 1508 776 sub
1539 738 1619 776 alia
1655 741 1842 790 generali
1873 744 2019 793 regula
2059 747 2189 796 expli-

1150 799 1291 836 catum
1328 797 1381 837 ab
1426 799 1663 839 auctoribus
1678 831 1692 850 ,
1728 802 1801 840 sed
1839 803 1974 841 solum
2019 809 2189 845 utuntur

1154 860 1369 911 exemplis,
1391 865 1433 900 et
1460 861 1644 901 fatentur
1670 864 1872 913 quasdam
1895 878 2037 916 psenas
2063 879 2187 917 posse

1152 920 1254 966 tolli,
1275 925 1314 959 et
1331 933 1415 960 uon
1431 923 1549 970 alias,
1564 924 1767 963 rationem
1787 931 1925 964 tamen
1947 927 2190 967 differentiae

1152 993 1238 1020 non
1257 984 1484 1033 assignant.
1512 985 1694 1024 Primum
1717 999 1830 1037 ergo,
1850 988 1962 1038 quod
1982 1000 2102 1038 poena
2119 988 2191 1027 de-

1153 1042 1250 1082 beat
1273 1055 1364 1084 esse
1393 1046 1686 1091 ecclesiastica,
1720 1047 1764 1085 iu
1796 1048 1885 1098 ipso
1923 1049 2086 1087 Indulto
2124 1061 2190 1088 ex-

1151 1115 1297 1156 presse
1320 1105 1576 1152 declaratur;
1595 1110 1639 1146 ut
1660 1112 1802 1147 autem
1822 1109 1959 1159 aliqua
1980 1122 2104 1160 poena
2124 1122 2193 1151 ec-

1153 1166 1385 1207 clesiastica
1418 1168 1482 1213 sit,
1507 1169 1589 1208 duo
1608 1169 1802 1209 videntur
1819 1172 2069 1210 necessaria.
2100 1172 2190 1212 Pri-

1150 1239 1283 1275 mum,
1305 1233 1350 1268 ut
1371 1229 1422 1268 sit
1439 1241 1566 1280 poena
1584 1230 1724 1280 aliquo
1741 1232 1864 1269 modo
1890 1233 2129 1282 spiritualis,
2151 1237 2192 1273 et

1152 1300 1237 1327 non
1275 1299 1388 1329 mere
1419 1292 1659 1341 temporalis
1687 1294 1759 1329 aut
1786 1294 2023 1343 corporalis.
2049 1295 2097 1332 Et
2113 1295 2192 1333 hac

1152 1351 1312 1390 ratione
1330 1362 1466 1403 'poena
1505 1352 1746 1402 pecuniaria
1768 1366 1849 1391 non
1874 1355 2194 1405 comprehendi·

1152 1414 1220 1451 tur
1234 1411 1313 1450 sub
1330 1412 1406 1452 hac
1428 1413 1628 1461 clausula,
1650 1418 1695 1452 ut
1711 1415 1918 1453 Navarrus
1936 1420 2077 1466 aperte
2099 1428 2193 1454 sen-

1155 1471 1214 1518 tit,
1234 1476 1276 1512 et
1308 1473 1543 1523 Henriquez
1566 1486 1618 1514 ex
1653 1475 1738 1523 illo,
1761 1481 1801 1514 et
1836 1476 1932 1515 Soto
1954 1478 2193 1526 expressius

1153 1533 1352 1573 declarat.
1377 1535 1489 1573 Idem
1513 1548 1612 1586 ergo
1634 1537 1821 1575 existimo
1842 1537 1894 1575 de
1928 1549 2192 1588 quacumque

1153 1607 1294 1647 poena,
1317 1608 1445 1649 quam
1463 1609 1560 1636 reus
1580 1609 1664 1637 non
1687 1598 1811 1637 debet
1841 1599 2072 1637 voluntarie
2103 1611 2194 1637 sus-

1155 1657 1310 1708 cipere,
1338 1658 1410 1697 sed
1434 1659 1547 1709 pati3
1577 1672 1676 1698 nam
1700 1660 1791 1699 talis
1812 1672 1933 1711 poena
1958 1673 2035 1699 nec
2061 1661 2193 1699 eccle-

1157 1717 1319 1757 siastica
1353 1724 1415 1758 est
1449 1720 1630 1770 proprie,
1665 1733 1760 1759 cum
1785 1733 1809 1759 a
1833 1722 2018 1771 quolibet
2050 1721 2192 1772 judice

1153 1778 1315 1830 imponi
1333 1779 1489 1831 possit;
1511 1793 1590 1820 nec
1610 1781 1663 1819 ab
1680 1782 1750 1820 illa
1768 1786 1904 1832 potest
1933 1794 2032 1821 reus
2057 1782 2192 1820 absol-

1153 1839 1209 1887 vi,
1239 1841 1318 1879 nisi
1339 1841 1523 1880 tollendo
1552 1854 1578 1880 a
1607 1842 1748 1892 judice
1776 1846 2026 1893 potestatem
2057 1847 2097 1881 et
2122 1843 2192 1893 jus

1154 1901 1265 1951 quod
1286 1901 1413 1940 habet
1447 1901 1501 1941 ad
1527 1902 1789 1952 puniendum
1823 1903 1954 1950 illum,
1986 1903 2100 1952 qnod
2119 1915 2192 1954 per

1152 1962 1232 2001 hoc
1248 1963 1508 2013 privilegium
1541 1975 1625 2002 non
1648 1963 1906 2002 conceditur.
1933 1964 2086 2002 Deinde
2118 1976 2193 2003 ne-

1152 2024 1377 2063 cessarium
1399 2028 1463 2063 est
1496 2023 1551 2063 ad
1588 2025 1913 2063 ecclesiasticam
1947 2029 2194 2075 poenam,ut

1151 2095 1227 2135 per
1246 2096 1466 2131 canonem,
1486 2084 1554 2124 vel
1579 2085 1766 2136 judicem
1796 2086 2122 2124 ecclesiasticum
2143 2085 2194 2124 sit

1151 2145 1358 2196 imposita.
1397 2146 1532 2192 Unde,
1561 2147 1595 2184 si
1634 2148 1727 2197 quis
1763 2148 1954 2197 promisit
1982 2148 2189 2198 jejunare,

1150 2207 1264 2245 verbi
1286 2207 1432 2258 gratia,
1455 2208 1488 2245 si
1507 2208 1586 2246 hoc
1599 2208 1666 2247 vel
1689 2208 1790 2246 illud
1814 2213 1972 2259 ageret,
1994 2213 2033 2246 et
2047 2213 2192 2259 postea

1150 2279 1321 2319 poenam
1352 2267 1553 2318 incurrat,
1587 2280 1672 2307 non
1708 2269 1858 2319 poterit
1879 2269 2036 2307 absolvi
2066 2281 2090 2306 a
2121 2268 2193 2308 tali

1153 2340 1278 2381 poena
1311 2340 1361 2367 ex
1397 2329 1435 2367 vi
1472 2329 1598 2379 hujus
1638 2330 1849 2373 clausulae,
1871 2331 1984 2380 quia,
2007 2330 2102 2368 licet
2122 2330 2195 2368 illa

1152 2402 1279 2443 poena
1301 2391 1351 2429 sit
1368 2391 1605 2442 spiritualis,
1618 2404 1700 2430 non
1721 2396 1783 2430 est
1798 2391 1849 2430 ab
1867 2391 2048 2430 Ecclesia
2064 2392 2190 2438 illata,

1154 2452 1229 2491 sed
1247 2464 1297 2490 ex
1314 2456 1425 2499 voto,
1449 2457 1489 2491 et
1513 2453 1605 2491 ideo
1623 2453 1674 2491 ad
1692 2453 1815 2491 aliam
1832 2453 2062 2490 clausulam
2084 2463 2193 2490 com-

1152 2511 1326 2552 mutatio
1347 2514 1436 2563 ejus
1458 2517 1629 2564 spectat,
1653 2514 1748 2552 licet
1773 2514 2011 2564 oppositum
2042 2514 2194 2552 sentiat

1152 2574 1358 2614 Navarrus
1407 2587 1528 2625 supra
1549 2604 1563 2623 ,
1602 2574 1691 2613 sine
1740 2575 2001 2625 probatione.
2044 2575 2194 2613 Contra

1154 2648 1278 2688 quem
1307 2635 1430 2674 etiam
1460 2635 1572 2683 facit,
1590 2632 1706 2686 'quod
1730 2640 1872 2673 votum
1909 2635 2074 2686 poenale
2108 2646 2194 2673 non

1156 2698 1384 2737 absolvitur
1403 2698 1584 2748 proprie,
1612 2697 1686 2735 sed
1706 2697 1986 2747 dispensatur,
2009 2708 2192 2735 commu·

1154 2763 1280 2806 tatur,
1298 2758 1365 2798 vel
1397 2758 1605 2808 irritatur3
1625 2758 1730 2796 illud
1762 2762 1903 2796 autem
1940 2762 2001 2798 est
2022 2757 2194 2808 proprie

1155 2819 1319 2872 poenale
1337 2823 1496 2858 votum.
1518 2819 1595 2858 Per
1622 2819 1948 2858 ecclesiasticum
1969 2823 2108 2857 autem
2126 2819 2195 2868 ju-

1156 2882 1290 2921 dicem
1310 2881 1578 2931 intelligimus
1597 2880 1832 2928 Praelatum,
1847 2880 1933 2919 sive
1950 2891 2026 2930 per
2038 2880 2192 2931 legem,

1159 2943 1242 2982 sive
1258 2954 1332 2994 per
1350 2943 1597 2981 sententiam
1616 2954 1783 2992 poenam
1806 2942 2007 2992 imponat.

1211 3006 1279 3044 47.
1308 3003 1377 3043 An
1396 3006 1661 3053 confessarius
1681 3005 1735 3042 sit
1744 3004 1871 3053 μάθω
1888 3003 2189 3042 ecclesiasticus.

1157 3090 1207 3097 —
1225 3066 1502 3116 Confessarz'us
1516 3078 1586 3116 per
1602 3066 1672 3105 hoc
1688 3065 1947 3115 privilegium
1973 3076 2050 3102 non
2087 3063 2192 3104 tollit

1153 3141 1294 3183 poenas
1312 3128 1418 3168 alias
1438 3129 1666 3178 positas.—
1683 3126 1865 3164 Dubitari
1895 3130 2034 3164 autem
2056 3125 2192 3174 potest

1159 3204 1210 3230 an
1233 3190 1467 3229 includatur
1502 3189 1624 3227 etiam
1661 3188 1886 3227 confessor.
1911 3188 2010 3225 Nam
2033 3191 2193 3236 partem

1160 3252 1435 3291 affirmantem
1468 3254 1583 3289 tenet
1615 3251 1738 3289 etiam
1768 3250 1975 3288 Navarrus
1993 3259 2132 3297 supra,
2153 3245 2192 3282 et
2220 3292 2222 3295 Ι

1158 3314 1322 3354 videtur
1340 3311 1579 3364 probabilis,
1601 3312 1696 3362 quia
1730 3310 1796 3348 ille
1830 3310 1954 3348 etiam
1976 3312 2036 3347 eet
2062 3305 2193 3345 eccle-

1162 3375 1350 3415 siasticus
1365 3374 1508 3425 judex.
1521 3374 1567 3412 In
1583 3371 1834 3412 contrarium
1853 3374 1990 3408 autem
2011 3364 2192 3415 est,quia

1162 3441 1408 3487 sequeretur
1426 3446 1548 3487 posse
1569 3433 1840 3486 poenitentem
1861 3442 1937 3480 per
1957 3428 2065 3465 hanc
2082 3425 2191 3463 clau-

1164 3497 1299 3537 sulam
1320 3497 1477 3536 ahsolvi
1496 3496 1549 3534 ab
1570 3494 1763 3534 omnibus
1784 3487 2035 3542 poenitentiis
2055 3497 2191 3524 sacra-

1163 3557 1432 3607 mentalibus,
1448 3568 1477 3596 a
1499 3555 1710 3610 prioribus
1741 3547 2192 3597 confessoribusimp12-

2083 191 2184 232 1001
2251 202 2257 203 ’
