2352 3880
1137 9 1139 18 ,
1156 0 1179 12 ’κ
1218 0 1245 10 ‹v-
1268 0 1272 6 .
1312 10 1316 14 ,
1335 0 1453 31 sstu-
1475 0 1601 22 &arisi
1635 0 1658 23 Ἣ
1678 0 1941 66 ἫᾞἘἭᾝἾ
1987 0 1998 15 ἰ·

1184 42 1188 50 ι
1283 27 1292 38 ³
1386 37 1390 42 η
1417 32 1438 45 μ’
1568 31 1577 43 '⁴
1607 40 1613 50 ι
1666 27 1732 51 ”“.ἰ
1758 47 1770 54 .,
1827 26 1845 35 ‘⁸
1950 39 1986 55 ’ΣΙ
2018 41 2051 56 10·
2118 43 2154 58 v.

1467 54 1478 61 «
1647 63 1649 68 Ι
1687 62 1691 66 ,
1714 54 1777 70 4..
1930 46 2020 78 ρ’,ῃυ
2063 53 2175 84 *Um-'n-

2017 79 2030 97 ’χ
2075 79 2078 83 “
2131 77 2151 92 1¹1
2176 83 2179 90 ἱ

171 226 252 268 694

168 299 231 347 do,
256 298 355 350 quia
381 297 515 336 solum
537 308 611 346 pro
641 294 763 334 simili
783 296 999 335 occasione
1028 294 1196 335 libertas

168 361 380 400 retinetur.
403 356 520 396 Unde
549 356 590 395 in
613 355 696 396 fine
713 356 892 404 additur,
914 368 1077 408 quorum
1093 355 1195 410 (sci-

113 442 123 452 ω
167 419 262 459 lieet
289 417 505 458 Societatis
537 419 579 456 et
610 417 820 469 Praepositi
838 417 1076 467 Generalis)
1107 426 1195 458 can-

165 485 250 520 tum
267 480 347 519 erit
361 489 477 529 posse
504 478 715 524 dimittere,
736 490 856 530 neque
888 479 932 518 id
956 479 1041 518 sine
1061 477 1193 517 causis

154 540 404 591 j‘usti35imis
422 538 515 588 fieri
530 540 688 580 debebit.
709 539 855 578 Merito
877 539 1001 578 etiam
1022 539 1098 577 hoc
1121 538 1193 577 de-

164 603 363 642 elaratum
384 613 474 641 esse
507 601 658 641 dieitur
675 602 718 640 in
744 601 911 640 indultis
931 599 1188 651 Apostolicis.

161 664 264 703 Nam
292 663 514 714 Gregorius
535 664 650 710 XIII,
682 663 725 701 in
756 663 868 701 bulla
904 663 1057 709 Quanto
1079 662 1192 710 sruc-

160 726 328 774 tuosius,
347 725 399 764 de
417 725 482 764 his
509 725 766 764 scholaribus
784 724 855 771 ait,
877 736 961 762 non
988 734 1110 774 posse
1132 722 1195 774 ip-

159 798 228 826 sos
275 787 364 825 sine
401 786 620 837 apostasiae
658 786 907 826 Societatem
954 784 1160 822 dimittere
1176 813 1191 832 ,

157 849 341 900 quamvis
367 847 602 887 rationabili
621 858 668 887 ex
694 858 829 893 causa,
839 846 967 897 Juaeta
988 844 1192 885 Constitu-

157 910 284 950 tionis
312 910 478 956 easdem,
500 909 547 947 ab
565 907 649 958 ipso
679 908 905 958 Praeposito
928 906 1113 948 Gener-ali
1132 905 1191 945 di-

156 970 280 1015 mitti,
303 974 340 1010 et
372 968 474 1010 votis
494 969 722 1020 hujusmodi
742 968 907 1008 liberari
932 969 1103 1018 possint.
1122 969 1190 1006 At-

155 1042 237 1082 que
270 1031 349 1069 hoe
370 1031 492 1069 etiam
515 1029 637 1068 modo
658 1029 843 1068 declarat
871 1029 982 1067 idem
1004 1028 1191 1067 Pontifex

154 1092 448 1138 conditionem,
477 1091 605 1135 illam,
632 1090 675 1128 in
693 1090 1058 1129 Constitutionibus
1081 1089 1190 1140 posi·

154 1156 262 1201 tam,
299 1152 489 1203 qaamdiu
525 1150 711 1192 Socfetcw
741 1151 831 1191 illos
866 1153 1032 1190 retinere
1066 1152 1160 1190 velit
1172 1167 1191 1196 ;

153 1225 279 1262 quam
311 1212 388 1250 sub
417 1211 482 1250 his
502 1212 641 1250 verbis
668 1212 864 1263 proponit
890 1212 1001 1250 idem
1033 1211 1189 1262 Grego-

152 1274 264 1320 rius,
302 1274 343 1311 in
375 1273 674 1313 Constitutione
707 1272 944 1314 Ascendentc
972 1273 1140 1313 Domino
1172 1290 1189 1311 .-

154 1334 350 1382 Qicamssw
385 1335 638 1385 Proeposicus
659 1334 865 1376 Generalis
894 1346 957 1374 eos
980 1333 1023 1373 ia
1058 1333 1188 1375 Socie-

152 1398 234 1436 tate
268 1396 493 1434 rilrzendos
525 1407 606 1434 esse
638 1396 846 1435 censuerit.
881 1395 978 1441 Quae
1008 1393 1188 1433 conditio

151 1455 294 1495 eodem
327 1456 451 1494 modo
483 1455 660 1494 habetur
694 1456 736 1493 in
770 1454 884 1493 bulla
913 1454 1010 1493 Julii
1042 1454 1109 1502 111,
1136 1454 1188 1494 dc

150 1518 464 1555 confirmatione
485 1516 674 1562 instituti,
696 1515 752 1553 ibi
787 1526 797 1553 :
823 1517 904 1554 Pro
940 1526 980 1554 eo
1020 1518 1188 1566 tempore

149 1589 221 1630 quo
242 1578 497 1628 P7·oepositus
516 1577 723 1619 Generalis
748 1576 964 1616 Societatis
987 1577 1189 1626 proedictoe

149 1640 205 1679 cis
223 1639 266 1678 in
286 1639 511 1678 ministerio
526 1638 739 1688 spirituali
764 1637 823 1676 vel
845 1638 1054 1688 temporali
1076 1641 1188 1678 uten-

148 1701 239 1739 «iam
261 1700 493 1751 judicaret,
525 1699 861 1751 astrinyereiztar.
891 1699 939 1735 Et
960 1698 1002 1735 in
1023 1698 1135 1736 bulla
1161 1699 1186 1737 4

149 1761 265 1799 Pauli
286 1761 352 1808 ΙΙΙ,
384 1772 473 1812 quae
494 1759 662 1810 incipit,
692 1758 858 1810 Exponi
886 1759 1012 1804 nobis,
1037 1759 1186 1797 eadem

148 1822 330 1860 conditio
346 1833 420 1871 per
437 1820 610 1858 verbum
619 1820 837 1869 judicandi
857 1819 1096 1869 explicatur.
1118 1821 1190 1859 Est

147 1886 287 1922 autem
314 1882 461 1932 regula
480 1881 531 1920 ad
554 1881 846 1931 explicandum
870 1882 941 1930 jus
961 1882 1187 1919 communi-

145 1949 209 1984 ter
240 1949 422 1994 recepta,
460 1942 745 1981 conditionem
778 1942 961 1992 aliquam
998 1943 1184 1981 relictam

146 2006 201 2045 ad
219 2006 436 2045 arbitrium
457 2004 523 2043 vel
553 2003 757 2054 judicium
777 2003 954 2053 alicujus
968 2033 979 2049 ,
1009 2015 1185 2053 praeser—

147 2067 218 2105 tim
242 2066 534 2118 gubernatoris
567 2076 642 2103 seu
673 2064 845 2105 Praelati,
872 2064 1186 2115 intelligendam

146 2140 239 2167 esse
271 2128 322 2166 de
344 2127 516 2165 arbitrio
547 2137 596 2164 ex
617 2125 809 2176 prudenti
828 2125 1000 2175 judicio,
1031 2130 1071 2165 et
1090 2138 1185 2164 con*

145 2192 371 2240 sequenter
398 2200 450 2227 ex
476 2198 602 2226 causa
632 2186 880 2224 rationabili.
905 2187 1035 2233 Quam
1061 2199 1184 2238 regu-

143 2250 228 2288 lam
250 2249 390 2297 tradit,
420 2248 630 2298 variisque
656 2247 822 2298 juribus
852 2247 1067 2286 confirmat
1089 2249 1185 2287 Bar-

142 2312 237 2361 tol.,
270 2312 313 2350 in
338 2312 463 2362 gloss.
500 2311 547 2349 in
579 2311 744 2348 Extrav.
782 2309 849 2349 Ad
873 2311 1181 2360 reprimendum,

143 2384 235 2425 quae
264 2373 441 2411 habetur
474 2372 584 2411 circa
615 2370 742 2410 finem
775 2371 1026 2419 voluminis,
1055 2372 1182 2412 verbo

154 2435 377 2481 Videbitur,
401 2437 442 2472 et
477 2445 528 2472 ex
549 2445 598 2471 eo
620 2432 920 2477 panormitan„
943 2445 1033 2483 cap.
1060 2436 1101 2482 1,
1130 2434 1185 2474 de

139 2495 525 2542 Constitutionihus,
554 2506 731 2533 numero
765 2494 930 2533 decimo
956 2496 1076 2535 tert10
1094 2526 1104 2544 ,
1143 2500 1185 2536 et

139 2557 263 2597 latius
284 2557 327 2595 iu
347 2569 383 2596 c.
404 2559 444 2603 1,
472 2556 524 2595 de
552 2556 767 2606 Sequestr.
784 2568 984 2606 possess„
1006 2569 1182 2597 numero

140 2618 302 2658 decimo
324 2619 486 2664 octavo,
508 2621 548 2656 et
569 2617 735 2668 attingit
755 2618 884 2655 etiam
912 2630 947 2656 e.
973 2620 1011 2665 1,
1043 2618 1095 2658 de
1113 2619 1183 2658 Ju-

141 2680 272 2727 diciis,
292 2692 469 2720 numero
488 2679 756 2718 duodecimo.
772 2679 927 2730 Estque
945 2680 1039 2718 talis
1061 2681 1182 2720 inter-

140 2742 316 2792 pretatio
336 2753 411 2792 per
434 2751 480 2779 se
500 2752 546 2779 se
566 2740 687 2778 valde
709 2744 992 2779 consentanea
1013 2741 1179 2780 rationi.

142 2802 245 2849 Quia
262 2801 430 2852 quando
448 2800 604 2851 aliquid
624 2800 892 2838 committitur
904 2800 1062 2850 jndicio
1078 2802 1182 2839 Prae-

141 2862 213 2902 lati
226 2863 292 2902 vel
301 2863 315 2912 j
325 2861 468 2908 udicis,
478 2873 563 2899 non
577 2863 739 2898 tantum
749 2860 914 2898 volunta
922 2861 1044 2908 ti,sed
1056 2862 1179 2900 etiam

142 2922 335 2975 potestati
372 2922 463 2972 ejus
494 2920 785 2967 committitur3
816 2925 1000 2971 potestas
1037 2926 1179 2960 autem

144 2987 235 3035 ejus
252 2994 338 3022 non
359 2987 420 3021 est
442 2982 497 3021 ad
518 2982 728 3033 agendum
750 2994 825 3032 pro
847 2982 934 3020 sola
949 2983 1178 3030 voluntate,

144 3045 219 3085 sed
242 3044 471 3084 secundum
493 3044 565 3094 jus
594 3047 636 3082 et
653 3043 881 3090 rationem;
905 3047 1061 3091 tamen,
1084 3044 1183 3095 quia.

143 3119 212 3148 res
237 3107 281 3146 in
299 3105 540 3158 particulari
566 3105 672 3145 solet.
694 3117 786 3145 esse
810 3105 951 3153 dubia,
972 3105 1066 3145 ideo
1091 3107 1180 3157 ejus

143 3168 331 3222 prudens
354 3167 557 3219 judicium
586 3167 833 3218 postulatur,
857 3168 981 3219 eique
998 3167 1182 3207 commit-

144 3231 260 3272 titur.
282 3230 468 3280 Denique
489 3228 631 3268 favent
660 3229 787 3268 verba
804 3228 990 3279 Gregorii
1013 3229 1117 3273 ΧΙΠ,
1138 3229 1182 3267 in

145 3291 255 3332 dicta
270 3290 570 3331 Constitutione
586 3289 824 3330 Ascendente
841 3291 1021 3337 Domino,
1036 3289 1108 3327 ubi
1129 3289 1182 3328 de

148 3355 215 3393 his
228 3354 333 3394 votis
353 3352 604 3392 scholarium
635 3351 692 3390 sic
726 3351 859 3402 inquit
879 3363 890 3389 ε
912 3351 998 3392 Neo
1026 3363 1072 3392 ea
1098 3350 1184 3390 ullo

148 3416 230 3456 alio
249 3416 379 3464 modo,
401 3426 519 3466 quam
533 3424 608 3466 per
622 3411 840 3464 legitimam
863 3413 1135 3453 dimissionem
1157 3423 1182 3452 a

152 3478 369 3524 Societate,
391 3487 544 3516 cessare
559 3478 739 3528 possunt.
758 3474 836 3513 Ubi
854 3473 1042 3525 expendo
1058 3473 1190 3525 parti-

151 3538 286 3578 culam
319 3538 437 3577 illam
452 3537 691 3589 legitimam.
715 3536 809 3575 Non
829 3535 942 3574 enim
970 3538 1109 3586 potest
1125 3534 1187 3573 le-

153 3597 297 3650 gitima
317 3599 507 3640 dimissio
528 3590 732 3650 'appellari
744 3627 756 3646 2
777 3608 869 3649 quae
889 3607 966 3648 pro
986 3608 1102 3636 mera
1116 3607 1190 3635 vo-

558 228 637 264 LlB.
653 221 715 263 'nt
739 229 793 262 DE
813 227 1057 263 Anmsstofflz
1075 229 1334 266 scnommum
1353 230 1412 265 An
1429 230 1541 265 VOTA
1563 231 1777 273 simenem,
1799 220 1891 267 ΕΤρ.
2211 236 2229 259 ⁴

2040 88 2066 106 λι
2122 105 2147 136 ’1
2194 107 2294 142 [tryx-’k

2251 158 2253 162 .
2286 142 2302 163 ‘l

2293 164 2298 174 ι

1249 294 1408 334 lentate
1433 291 1492 342 fit,
1528 293 1603 333 sed
1622 293 1754 332 solum
1777 293 1848 333 illa
1878 305 1969 346 (με
1994 294 2053 336 fit·
2070 309 2123 337 ex
2149 303 2273 340 eausa
2322 346 2323 351 Ἰ

1248 355 1447 408 legitima,
1469 366 1543 395 seu
1575 355 1806 394 secundum
1821 355 1914 406 jus;
1937 356 1981 396 id
2008 357 2120 397 enim
2145 359 2278 412 legiti-

1248 429 1364 456 mum
1394 417 1558 466 dieitur,
1578 417 1689 468 quod
1721 417 1950 456 secundum
1969 418 2106 469 legem
2122 419 2192 468 fit:;
2219 421 2276 462 ait
2347 466 2352 480 1

1248 483 1387 518 autem
1401 478 1619 528 Gregorius
1638 490 1723 518 non
1742 479 1822 517 alio
1843 479 1966 518 modo
1984 491 2110 530 quam
2125 492 2205 533 per
2218 482 2275 522 le·
2338 481 2352 528 ’1

1248 541 1432 592 gitimam
1446 540 1725 581 dimissionem
1739 552 1862 592 posse
1881 541 1968 580 haec
1986 545 2078 581 vota
2091 554 2272 592 cessare;
2335 540 2352 558 “

1247 613 1347 653 ergo
1382 601 1417 641 si
1453 601 1638 643 dimissio
1679 614 1764 643 non
1801 602 1854 642 sit
1881 602 1977 643 talis
1993 632 2004 650 ,
2038 603 2148 643 facta
2185 616 2272 646 non
2348 605 2352 635 ¹

1245 665 1373 702 tenet.

1302 726 1367 763 14.
1399 724 1607 766 Probatur
1623 726 1740 767 tertio
1758 727 1927 767 ratione.
1947 747 2002 757 —-
2019 726 2274 768 Concluditm·

1246 784 1457 825 intentum.
1473 805 1526 815 —
1541 787 1728 825 Tandem
1744 787 1835 827 haec
1855 788 2058 827 sententia
2079 792 2140 827 est
2153 786 2275 828 valde
2321 806 2327 812 ·
2350 805 2352 809 ⁴

1247 850 1525 885 consentanea
1542 848 1689 885 rationi
1706 848 1896 896 naturali,
1922 853 1963 888 et
1982 848 2193 899 principiis
2206 859 2274 888 su-
2335 892 2352 909 Ἰ

1246 908 1385 956 perius
1407 907 1548 957 positis
1567 907 1618 946 de
1639 907 1717 947 hoc
1735 913 1857 948 statu.
1892 910 2008 955 Quod
2030 914 2158 960 patet,
2178 907 2276 960 quia
2332 911 2352 933 ⁸·

1245 967 1310 1004 hic
1331 970 1460 1007 status
1488 971 1529 1007 et
1547 968 1715 1007 traditio
1736 980 1787 1008 ex
1806 974 1922 1020 parte
1941 971 2139 1022 religiosi,
2163 972 2206 1009 et
2224 981 2276 1010 ex

1245 1027 1476 1067 intentione
1497 1029 1721 1080 religionis,
1744 1034 1784 1068 et
1802 1030 1919 1069 Sedis
1938 1031 2183 1082 Apostolicae
2202 1042 2275 1082 ap-

1244 1089 1458 1140 probantis
1484 1091 1573 1141 ejus
1594 1091 1839 1139 institutum,
1862 1090 1915 1129 ad
1942 1091 2020 1130 hoe
2045 1093 2274 1140 ordinatur,

1244 1154 1290 1189 ut
1308 1151 1460 1190 habeat
1490 1164 1657 1190 omnem
1679 1152 1942 1190 stabilitatem
1962 1156 2001 1191 et
2028 1153 2275 1203 perpetuita-

1242 1215 1341 1257 tem,
1364 1224 1488 1262 quam
1510 1213 1599 1251 sine
1625 1213 1888 1252 incommodo
1906 1214 2117 1264 religionis
2141 1217 2277 1264 potest

1243 1273 1422 1321 habere;
1444 1285 1543 1324 ergo
1565 1274 1677 1311 nulla
1695 1274 1819 1313 debet
1836 1274 2015 1325 relinqui
2036 1279 2219 1325 potestas
2233 1276 2276 1313 in

1243 1333 1459 1384 religione,
1482 1334 1546 1372 vel
1574 1334 1616 1371 in
1637 1334 1775 1384 aliqua
1802 1347 1980 1385 persona
2002 1336 2054 1373 ad
2083 1336 2277 1375 dirimen-

1243 1393 1343 1432 dum
1364 1394 1445 1432 tale
1462 1395 1671 1433 vinculum
1693 1407 1767 1446 pro
1796 1397 1883 1434 sola
1904 1397 2130 1435 voluntate.
2160 1398 2277 1437 Patet

1244 1456 1555 1505 consequentia,
1570 1461 1654 1494 tum
1668 1457 1764 1507 quia
1775 1457 1865 1495 talis
1877 1462 2059 1507 potestas
2070 1461 2277 1509 repugnat

1243 1515 1299 1553 illi
1317 1515 1499 1554 firmitati
1520 1521 1673 1563 status;
1699 1530 1826 1568 parva
1849 1518 1958 1556 enim
1980 1519 2177 1558 stabilitas
2196 1523 2273 1568 est,

1242 1587 1335 1626 quae
1356 1590 1431 1628 pro
1451 1578 1537 1616 solo
1563 1579 1731 1618 arbitrio
1764 1580 1932 1618 alterius
1958 1581 2085 1619 averti
2114 1584 2275 1630 potest3

1241 1642 1328 1677 tum
1357 1639 1480 1677 etiam
1498 1640 1595 1689 quia
1622 1645 1804 1690 potestas
1834 1645 2045 1691 repugnat·
2069 1641 2276 1692 praedictae

1241 1699 1475 1746 intentioni,
1493 1701 1588 1751 quia
1606 1700 1675 1739 illa
1692 1713 1775 1739 non
1797 1702 1956 1740 confert
1970 1703 2023 1740 ad
2038 1702 2194 1742 bonum
2211 1714 2273 1742 re-

1243 1759 1423 1811 ligionis,
1440 1761 1503 1799 vel
1520 1761 1714 1811 religiosi.
1735 1762 2008 1801 Confirmatur
2024 1774 2073 1801 ac
2094 1763 2274 1802 declara-

1243 1826 1333 1867 tur;
1356 1834 1470 1868 nam,
1494 1822 1589 1860 licet
1607 1823 1648 1860 in
1668 1823 1804 1872 rigore
1819 1824 1991 1873 justitiae
2014 1824 2161 1862 stando
2179 1836 2274 1874 pos-

1244 1882 1294 1921 sit
1311 1883 1460 1932 aliquis
1478 1895 1521 1921 se
1547 1884 1681 1932 ipsum
1703 1884 1904 1935 obligare,
1924 1885 1988 1923 vel
2003 1884 2159 1924 donare
2187 1886 2278 1924 sine

1242 1942 1324 1979 nlla
1355 1942 1525 1981 omnino
1547 1943 1796 1994 obligatione
1819 1958 1869 1983 ex
1887 1945 2016 1983 altera
2043 1951 2177 1996 parte,
2200 1945 2278 1985 sed

1241 2003 1516 2053 relinquendo
1540 2004 1665 2043 alium
1698 2005 1868 2044 omnino
1900 2006 2094 2055 liberum,
2124 2011 2171 2046 ut
2196 2018 2272 2058 pro

1242 2064 1330 2102 sola
1351 2064 1560 2107 vohintate
1579 2079 1654 2104 sua
1674 2071 1802 2117 possit
1819 2067 2114 2118 obligationem
2134 2069 2271 2107 remit-

1240 2130 1328 2164 tere
1343 2155 1352 2171 ,
1374 2130 1516 2165 tamen
1534 2128 1575 2165 in
1596 2128 1792 2177 praesenti
1810 2130 1999 2174 materia,
2019 2133 2062 2168 et
2087 2129 2270 2169 conside-

1238 2191 1327 2225 rato
1350 2186 1433 2226 fine
1463 2200 1514 2226 ac
1550 2188 1866 2228 circumstantiis
1896 2190 1991 2228 talis
2023 2194 2169 2238 status,
2187 2203 2272 2230 non

1238 2247 1400 2286 videtur
1418 2247 1505 2287 haee
1527 2260 1616 2287 esse
1636 2251 1809 2288 intentio
1830 2263 2102 2301 personarum
2126 2265 2169 2290 se
2190 2256 2270 2291 tra-

1239 2307 1426 2347 dentium
1443 2309 1650 2349 Societati.
1672 2311 1866 2357 Quamvis
1882 2312 1992 2351 enim
2010 2312 2140 2352 sciant
2154 2325 2273 2363 posse

1239 2370 1401 2419 dimitti,
1426 2371 1461 2409 si
1477 2372 1586 2410 male
1607 2384 1650 2411 se
1668 2377 1829 2424 gerant,
1854 2375 1896 2412 et
1913 2374 2052 2424 quoad
2068 2375 2147 2413 hoc
2169 2386 2273 2413 con-

1239 2433 1421 2472 sentiant
1444 2434 1487 2471 in
1510 2434 1744 2473 libertatem
1771 2446 1845 2473 seu
1865 2439 2114 2486 potestatem
2134 2436 2269 2475 Socie-

1237 2494 1348 2541 tatis,
1360 2499 1501 2533 tamen
1513 2507 1759 2546 persuasum
1774 2496 1896 2534 simul
1916 2497 2087 2544 habent,
2105 2496 2270 2547 quando

1239 2566 1287 2593 se
1313 2555 1499 2603 tradunt,
1528 2568 1574 2595 se
1602 2567 1685 2594 nnn
1706 2569 1829 2607 posse
1849 2556 2012 2605 dimitti,
2041 2558 2075 2596 si
2094 2562 2207 2597 recte
2226 2569 2272 2597 se

1240 2620 1403 2667 gerant,
1424 2620 1465 2655 et:
1486 2629 1563 2667 per
1582 2629 1655 2656 eos
1674 2629 1757 2655 non
1774 2621 1871 2663 stet,
1886 2621 1928 2655 et
1949 2618 2069 2667 quasi
2087 2618 2166 2656 sub
2193 2618 2270 2659 hac

1238 2677 1489 2723 conditione,
1519 2689 1646 2727 quam
1667 2682 1768 2715 etex
1790 2678 1999 2715 communi
2012 2678 2177 2717 ratione
2191 2683 2269 2718 sta-

1237 2741 1304 2776 tus
1333 2737 1533 2786 religiosi,
1555 2747 1597 2775 et
1616 2749 1666 2775 ex
1691 2737 1868 2787 propriis
1902 2738 2277 2780 Constitutionihus.

1238 2801 1280 2837 et
1294 2796 1418 2834 bullis
1430 2797 1645 2835 Societatis
1659 2797 1850 2841 collis-*erc
1870 2810 2104 2849 possumus,
2126 2812 2171 2840 se
2187 2805 2268 2840 tra-

1235 2858 1353 2904 dunt,
1375 2869 1516 2907 neque
1535 2858 1579 2896 in
1601 2859 1801 2909 maJorem
1823 2864 2070 2910 potestatem
2090 2862 2268 2902 Societa-

1233 2919 1286 2958 tis
1298 2919 1585 2963 consentiunt;
1603 2931 1700 2971 ergo
1717 2920 1811 2959 talis
1827 2921 2024 2971 dimissio,
2039 2924 2126 2964 sine
2143 2935 2269 2964 carme
2340 2951 2352 2955 „

1234 2980 1358 3028 facta,
1381 2982 1442 3018 est
1468 2983 1607 3018 eontra
1627 2982 1713 3019 vim
1742 2985 1781 3021 et
1801 2981 2041 3024 firmitatem
2059 2986 2151 3024 tatis
2182 2986 2267 3028 vin·
2337 3027 2352 3034 2

1236 3041 1333 3088 culi,
1347 3043 1388 3079 et
1401 3040 1509 3079 ultra
1525 3045 1772 3092 potestatem
1784 3045 1976 3086 Societati
1990 3050 2266 3095 reservatamn
2336 3066 2352 3070 ³

1235 3115 1320 3142 non
1351 3106 1416 3142 est
1447 3114 1547 3154 ergo
1579 3103 1728 3144 valida.
1763 3106 1949 3146 Tandem
1983 3107 2271 3158 confirmatur,
2344 3150 2352 3154 ,

1236 3164 1333 3215 quia
1362 3164 1448 3204 haec
1477 3169 1659 3217 potestas
1681 3179 1764 3206 non
1788 3169 1911 3208 estin
1934 3170 2109 3209 Praetato
2130 3171 2267 3211 Soeie-
2335 3171 2338 3173 ’

1237 3226 1347 3273 tatis,
1369 3231 1415 3265 ut
1448 3226 1493 3266 in
1525 3228 1714 3268 absoluto
1746 3229 1930 3278 domino,
1959 3232 2033 3271 sed
2052 3233 2160 3272 utin
2185 3232 2268 3273 dis-
2349 3272 2352 3276 Α

1237 3291 1459 3340 pensatore
1477 3293 1517 3328 et
1536 3289 1837 3341 gubernatore;
1857 3304 1955 3344 ergo
1975 3305 2060 3332 non
2080 3298 2143 3333 est
2156 3305 2278 3337 ιοωυ»
2335 3297 2347 3303 “’

1237 3351 1365 3389 missa
1394 3361 1512 3401 purae
1531 3351 1733 3391 voluntati
1752 3353 1879 3401 illius,
1905 3353 1980 3393 sed
2012 3354 2267 3406 dispensanti
2320 3349 2323 3357 ’

1240 3416 1282 3452 et
1292 3411 1539 3464 gubernanti
1560 3426 1609 3453 ex
1627 3414 1741 3465 justa
1760 3427 1898 3454 causa.
1921 3415 2277 3456 Dieeszlieetlmcx
2312 3440 2323 3455 ·.

1240 3474 1291 3513 sit
1315 3485 1463 3514 verum
1491 3475 1542 3515 de
1577 3476 1814 3527 particulari
1849 3477 2041 3524 Pmlate,
2056 3481 2203 3516 tamen
2225 3478 2275 3518 in.
2316 3471 2322 3478 ⁵

1241 3535 1446 3575 Societate
1477 3538 1539 3576 est
1570 3541 1771 3588 tanquam
1792 3538 1844 3578 ¹int
1867 3537 2058 3578 absoluto
2079 3538 2275 3580 domino..

1239 3596 1490 3648 Respondeo
1510 3597 1715 3650 imprimis
1725 3599 1964 3650 hoc-pamm
1973 3597 2160 3649 referre,
2171 3599 2278 3652 qni.)
