2352 3880
16 235 21 239 .
58 244 62 258 ἐ
102 235 134 252 ,
171 246 202 253 ,⁷
241 239 265 250 „

16 267 28 283 ’·
59 261 214 322 ,³‘'.;.=:=='xta
228 265 548 321 impressionem
567 268 891 321 Lugdunensem
924 265 1024 308 anni
1052 267 1123 314 94,

25 379 34 386 ι
62 371 77 388 Ι
98 334 142 373 ot
157 330 203 373 in
222 329 313 369 aliis
333 330 513 369 consiliis
532 341 643 382 saepe
662 330 704 370 id
726 331 947 382 supponit;
964 332 1005 368 ct
1022 327 1125 369 San-

30 424 35 426 .
77 392 200 441 acius,
220 402 338 430 num.
362 391 563 442 vigesimo
581 403 693 430 nono
712 392 848 439 citato,
869 395 909 430 et
927 391 998 430 lib.
1019 391 1046 430 6
1071 388 1124 428 de

65 478 71 483 -
94 447 251 501 necat,
273 465 364 504 cap.
395 453 555 493 decimo
587 453 761 504 septimo
785 483 796 501 ‚
815 465 990 492 numero
1022 462 1124 503 qua-

26 513 34 515 ”
65 535 75 546 1
91 513 331 564 'dragesimo
344 515 478 562 tertio,
499 525 674 564 eamque
693 514 774 553 late
796 514 980 554 defendit
999 514 1123 553 Joan-

28 574 33 609 Ῐ
87 585 172 616 ‘nes
202 575 439 622 Gufierrez,
467 575 539 614 lib.
562 576 600 623 1,
624 587 715 626 cap.
743 578 784 615 2.
809 576 862 616 Ut
891 580 1030 614 autem
1056 585 1124 613 res

92 637 228 686 magis
245 636 510 686 intelligatur,
533 639 572 674 et
589 640 700 674 certa
727 636 780 674 ab
811 629 977 675 incertis
1007 645 1122 685 sepa-

94 703 251 741 rentur,
276 697 565 747 explicandum
599 701 788 736 accurate
821 701 909 742 est,
931 695 1031 747 quid
1056 695 1121 744 sit,

93 768 269 809 quemve
296 757 489 796 effectum
510 757 676 798 habeat.
694 757 805 808 quod
833 757 1036 796 absolutio
1056 767 1123 795 va-

50 815 54 819 ’
90 818 177 859 leat
195 819 236 856 in
258 818 345 857 foro
366 819 568 858 exteriori.
593 820 750 870 Duplex
770 820 880 859 enim
901 823 1036 871 potest
1061 818 1123 857 in-

90 879 219 930 telligi
242 880 440 921 effectusz
467 880 623 932 primus
657 885 733 928 est,
757 885 801 920 ut
826 881 956 932 judex
990 879 1122 920 eccle-

93 941 280 982 siasticus
299 971 309 987 ‚
339 941 371 981 si
402 941 460 980 illi
496 942 748 982 sufficienter
779 947 940 982 constet
966 942 1020 981 de
1049 941 1121 980 tali

92 1002 353 1044 absolutione
373 1032 384 1050 ,
417 1015 502 1042 non
533 1005 665 1055 possit
699 1003 879 1054 amplius
919 1002 1122 1054 judicium

89 1063 200 1106 ferre
232 1064 285 1104 de
315 1064 464 1104 delicto
494 1076 568 1116 per
594 1065 707 1115 quod
731 1077 907 1105 censura
924 1064 994 1103 illa
1025 1076 1122 1103 con-

90 1129 219 1165 tracta
242 1129 317 1171 est,
338 1137 416 1165 nec
432 1126 484 1164 de
503 1127 763 1165 contumacia
783 1125 991 1178 praeterita
1007 1155 1021 1174 ,
1041 1137 1120 1165 nee

90 1188 143 1227 de
167 1199 428 1238 quacumque
446 1188 728 1235 irreverentia,
746 1188 812 1225 vel
830 1187 979 1238 injuria
998 1217 1007 1234 ‚
1028 1197 1123 1237 quae

90 1249 134 1288 in
154 1260 379 1300 progressu
407 1249 514 1287 illius
533 1248 669 1288 delicti
697 1249 763 1288 vel
794 1260 980 1287 censurae
1013 1248 1122 1288 facta

90 1310 144 1352 sit
174 1314 317 1349 contra
355 1310 491 1349 claves
519 1310 583 1349 vel
618 1314 803 1361 pastores
828 1309 1048 1359 Ecclesiae3
1080 1313 1123 1349 et

87 1372 227 1424 quoad
246 1371 325 1410 hoc
343 1371 694 1410 evidentissimum
716 1384 807 1411 esse
829 1371 1017 1411 existimo
1035 1382 1119 1410 non

90 1443 182 1474 esse
203 1434 387 1472 mentem
418 1431 627 1471 Pontificis
658 1431 769 1483 quod
794 1432 887 1471 talis
916 1431 1121 1473 absolutio

89 1493 225 1534 valcat
255 1494 296 1532 in
315 1493 406 1532 foro
426 1493 631 1532 exteriori.
653 1494 701 1532 Et
720 1493 798 1532 hoc
817 1494 997 1535 maxime
1025 1505 1123 1545 pro-

89 1555 190 1595 bant
216 1555 399 1594 rationes
431 1554 672 1606 posterioris
707 1555 923 1595 sententiae
944 1585 955 1604 ‚
985 1554 1123 1607 praeci-

89 1628 174 1669 pue
201 1616 287 1665 illa,
306 1612 417 1667 quod
434 1615 639 1654 absolutio
669 1616 715 1655 in
745 1617 835 1656 t'oro
866 1616 1015 1655 animae
1037 1628 1122 1657 non

90 1678 228 1718 obstat
245 1678 468 1728 quominus
486 1689 584 1717 reus
603 1677 732 1730 possit
753 1679 955 1727 accusari,
976 1675 1040 1718 vel
1058 1679 1123 1718 in-

91 1740 216 1792 quiri,
241 1743 284 1779 et
302 1738 438 1790 puniri
454 1739 498 1778 in
515 1739 607 1778 foro
627 1739 836 1788 exteriori,
859 1751 958 1778 nam
986 1739 1122 1780 diver-

89 1811 163 1840 sus
181 1801 277 1840 finis
308 1804 371 1839 est
398 1801 523 1839 unius
540 1804 584 1839 et
610 1800 797 1846 alterius,
828 1801 929 1851 quiz:
955 1798 1123 1853 publica

88 1860 247 1914 punitio
269 1860 483 1899 ordinatur
501 1861 554 1899 ad
573 1873 793 1900 commune
814 1862 987 1907 bonum,
1008 1865 1050 1902 et
1069 1861 1123 1902 nd

89 1923 325 1973 exemplum
345 1922 741 1962 &emendationem
761 1922 952 1969 aliorum,
971 1927 1012 1962 et
1027 1923 1122 1962 ideo

88 1995 172 2025 non
204 1983 327 2022 debet
352 1983 539 2034 impediri
564 1988 732 2035 propter
762 1984 896 2023 solam
926 1983 1123 2024 emenda-

88 2045 246 2086 tionem
281 2048 323 2084 et
355 2045 614 2096 punitionem
642 2045 702 2084 rei
737 2045 780 2083 in
815 2045 905 2084 foro
942 2045 1117 2093 anhnae3

89 2118 187 2148 nam
207 2107 457 2146 contrarium
478 2110 617 2157 posset
635 2118 807 2158 vergere
835 2106 877 2146 in
897 2118 1022 2157 grave
1048 2119 1122 2146 no-

89 2172 329 2209 cumentum
355 2168 563 2207 Ecclesiae.
596 2167 713 2208 Unde
750 2169 829 2207 hoc
861 2168 986 2207 etiam
1024 2168 1123 2207 satis

90 2229 308 2270 confirmat
333 2229 471 2280 praxis
500 2228 707 2274 Ecclesiae,
744 2241 870 2279 quam
905 2229 999 2268 dicti
1029 2242 1123 2268 aue·

90 2295 200 2330 tores
219 2291 299 2329 late
318 2295 661 2330 commemorant.
686 2291 870 2330 Occurrit
891 2295 1030 2330 autem
1052 2303 1123 2342 pe-

89 2351 245 2392 culiare
263 2352 496 2403 exemplum
514 2364 564 2390 ex
578 2352 692 2390 Bulla
712 2352 1031 2401 vamsz‘stom's,
1050 2363 1125 2403 per

90 2425 214 2464 quam
235 2413 384 2463 aliquis
404 2413 591 2452 redditur
607 2417 720 2452 tutus
740 2413 784 2452 iu
801 2413 890 2452 foro
912 2414 1125 2453 conscicn-

89 2474 179 2519 -tioe,
211 2479 255 2514 et
283 2479 424 2515 tamen
450 2475 483 2512 si
520 2475 722 2513 contraxit
753 2475 822 2513 illa
855 2475 1016 2519 debita,
1050 2487 1124 2525 pro

92 2535 246 2586 quibus
274 2534 616 2586 compositionem
648 2536 820 2585 accepit,
855 2547 933 2586 per
962 2546 1123 2583 usuras,

92 2597 158 2636 vel
185 2596 410 2635 indebitam
433 2597 733 2647 acceptionem,
763 2597 828 2635 vel
857 2595 1125 2635 omissionem

92 2661 236 2698 contra
272 2669 424 2696 munus
465 2669 616 2705 suum,
647 2662 788 2708 posset
823 2657 1122 2705 nihilominus,

88 2721 208 2772 juxta
234 2719 333 2758 satis
365 2718 621 2769 probabilem
654 2719 902 2757 sententiam
924 2749 936 2767 ,
966 2718 1019 2757 de
1052 2719 1123 2758 tali

93 2779 244 2822 delicto
263 2780 462 2826 accusari,
484 2779 706 2829 etjudicari
725 2791 773 2818 ac
794 2781 944 2830 puniri,
965 2781 1126 2820 convic-
1145 2798 1152 2809 .

94 2845 163 2882 tus
182 2842 226 2880 in
247 2842 337 2881 foro
367 2841 588 2887 exteriori3
618 2853 833 2891 nunquam
860 2853 957 2891 ergo
977 2842 1126 2880 intelli-

95 2902 205 2955 gitur
223 2902 314 2941 fieri
333 2906 417 2941 tam
437 2902 559 2953 plena
585 2902 773 2940 remissio
800 2914 875 2953 per
901 2903 986 2942 haec
1003 2902 1127 2955 privi-

96 2962 218 3015 legia,
241 2963 320 3001 nisi
339 2963 475 3002 verbis
498 2963 703 3014 expressis
723 2963 989 3003 concedatur.

149 3025 213 3064 35.
238 3024 353 3063 Alius
381 3024 550 3063 effectus
572 3024 694 3074 hujus
721 3025 1007 3074 absolutionis,
1027 3037 1127 3076 quo-

85 3083 152 3124 ad
177 3084 311 3124 forum
336 3089 567 3132 externum,
596 3097 687 3124 esse
717 3089 854 3136 potest
883 3086 994 3136 quod
1018 3087 1052 3125 si
1075 3087 1128 3126 de

95 3143 167 3184 illa
198 3146 450 3184 sufficienter
476 3146 702 3185 constiterit
732 3147 770 3183 in
804 3146 894 3184 foro
928 3150 1125 3196 externo,

99 3208 296 3264 tanquam
322 3218 420 3246 vera
441 3207 643 3245 absolutio
663 3207 900 3257 recipiatur,
924 3211 964 3245 et
984 3219 1128 3247 conse-

98 3271 386 3318 quenter-nou
418 3268 470 3306 sit
500 3268 734 3306 necessaria
768 3279 875 3306 nova
908 3267 1124 3316 absolutio,

86 3327 174 3376 ..ned
193 3327 326 3366 solnm
347 3328 458 3378 quod
478 3340 501 3366 a
516 3329 670 3378 judice,
691 3329 761 3380 qui
786 3341 1005 3368 censuram
1026 3330 1128 3369 tule-

98 3380 178 3437 (rat,
198 3388 264 3427 vel
290 3388 342 3427 ad
369 3400 493 3438 quem
514 3389 565 3427 de
586 3389 654 3427 illa
675 3402 926 3439 cognoscere
948 3390 1128 3440 pertine-

52 3478 55 3479 ⁷
100 3445 188 3496 hat,
210 3461 299 3488 eam
331 3454 463 3488 ratam
495 3449 672 3495 habeat;
695 3462 832 3500 neque
855 3451 980 3490 etiam
1001 3451 1129 3502 possit

66 3555 70 3558 ,
101 3496 172 3562 ille
200 3509 406 3561 poenitens
436 3522 462 3549 a
491 3509 563 3548 tali
589 3510 729 3561 juli-ee
761 3511 914 3561 puniri,
937 3522 987 3550 eo
1018 3511 1130 3562 quod

102 3568 201 3627 {mat
215 3570 343 3612 talem
360 3570 665 3611 absolutionem
681 3582 902 3611 censuram
928 3582 1014 3611 non
1044 3583 1130 3612 ser-

415 202 508 239 GAP.
529 202 572 239 n.
594 203 693 246 Qum
712 203 882 240 Possim·
901 202 956 240 Au
973 199 1296 238 umnam-imm!
1317 201 1520 237 RELIGIOSI
1539 199 1776 239 rRAEs'rARe.
1798 196 1890 235 mc.

2074 6 2104 35 θ’
2127 3 2130 17 ;
2167 20 2204 50 ¹1,
2226 0 2352 59 ἑῆς-Ἐξ

2243 54 2264 60 ..
2295 51 2308 66 ›,

2127 129 2138 144 Ι

1177 267 1348 314 vaverit‚
1375 278 1454 306 nec
1483 266 1672 318 judicare
1706 265 1823 306 illum
1853 263 2125 316 irregularem
2158 274 2231 322 eo·

1180 327 1290 378 quod
1314 327 1597 375 celebraverit,
1615 328 1730 367 verbi
1748 327 1894 379 gratia,
1918 330 1958 366 et
1977 325 2142 366 similia.
2161 325 2214 367 Et

1179 388 1318 439 quoad
1333 389 1444 427 hunc
1465 387 1657 428 effectum
1678 393 1818 440 posset
1833 388 1996 428 facilius
2017 386 2211 426 sustineri

1177 449 1291 501 prior
1307 449 1464 500 opinio,
1479 463 1577 489 nam
1597 451 1778 490 rationes
1793 450 2032 502 posterioris
2049 446 2209 501 opinio*

1176 509 1243 549 nis
1263 514 1405 549 contra
1424 510 1503 549 hoc
1531 511 1668 549 minus
1698 517 1874 563 urgent;
1898 524 1994 550 nam
2026 523 2103 563 per
2131 510 2212 550 hoc

1176 570 1241 609 vel
1261 569 1380 618 nihil,
1394 570 1459 610 vel
1482 583 1629 622 parum
1649 570 1694 610 fit
1718 576 1860 611 contra
1879 572 2058 623 rigorem
2082 571 2208 612 eccle·

1178 631 1350 671 siasticae
1371 643 1554 671 censurae
1573 646 1585 680 ;
1610 643 1688 670 nec
1707 632 1908 671 minuitur
1922 634 1992 684 jus
2013 637 2084 672 aut
2113 645 2210 673 auc-

1176 693 1322 732 toritas
1343 693 1619 732 ecelesiastici·
1631 693 1803 731 Praelati.
1835 693 2020 743 Suntque
2047 695 2210 734 minora

1176 754 1264 794 haec
1297 754 1558 794 incommoda
1588 754 1631 793 in
1660 753 1916 792 absolutione
1949 754 2031 794 lata
2062 768 2086 794 a
2112 756 2208 806 jure

1177 826 1302 866 quam
1320 816 1372 855 ab
1392 816 1578 864 homine,
1600 819 1641 855 et
1662 815 1758 855 ideo
1778 814 1821 853 in
1838 814 1966 865 priori
1985 819 2047 854 est
2067 816 2210 856 verisi-

1176 876 1312 916 milior
1329 877 1400 916 illa
1421 877 1638 916 sententia.

1229 938 1295 978 36.
1327 939 1600 977 Nihilominus
1625 942 1766 977 tamen
1800 935 2023 977 dicendum
2054 941 2130 986 est,
2164 936 2208 979 in

1174 999 1315 1051 rigore
1347 1012 1432 1039 non
1461 1000 1594 1039 teneri
1618 999 1804 1050 judicem
1834 999 1887 1038 ad
1909 999 2207 1039 admittendam

1175 1060 1288 1100 illam
1328 1061 1627 1101 absolutionem
1667 1060 1806 1112 quoad
1839 1060 1952 1099 hunc
1985 1061 2110 1099 etiam
2151 1060 2208 1100 ef-

1174 1123 1345 1171 fectum,
1371 1127 1416 1162 ut
1446 1123 1642 1162 nimirum
1673 1123 1879 1161 aestimare
1914 1122 2062 1161 debeat
2094 1122 2208 1162 illum

1175 1185 1449 1236 poenitentem
1475 1189 1675 1235 tanquam
1700 1184 1875 1222 liberum
1895 1183 1947 1222 ab
1968 1184 2046 1222 illis
2062 1196 2209 1224 censu-

1175 1246 1230 1285 ris
1250 1246 1301 1286 ab
1316 1258 1365 1286 eo
1385 1246 1450 1286 die
1470 1258 1551 1298 quo
1567 1246 1644 1284 fuit
1659 1245 1895 1291 absolutus;
1921 1246 2022 1284 sicut
2041 1246 2208 1296 quando

1174 1307 1439 1358 dispensatur
1456 1307 1738 1359 irregularitas
1756 1311 1917 1346 tantum
1938 1307 1979 1345 in
1998 1307 2087 1346 foro
2112 1320 2206 1347 eon-

1177 1368 1373 1417 scientiae,
1407 1369 1442 1407 si
1472 1368 1528 1408 de
1555 1369 1860 1419 irregularitate
1880 1372 2025 1420 postea
2049 1368 2089 1406 in
2119 1368 2207 1408 foro

1177 1429 1371 1470 exteriori
1398 1434 1573 1479 constet,
1602 1435 1738 1482 potest
1759 1430 2022 1482 dispensatus
2056 1431 2207 1470 nihilo-

1175 1492 1314 1532 minus
1340 1492 1490 1543 expelli
1514 1504 1541 1531 a
1569 1492 1833 1543 susceptione
1863 1492 2085 1541 ordinum3
2108 1496 2148 1532 et
2167 1493 2208 1531 in

1176 1553 1498 1605 dicto-exemplo
1518 1554 1812 1607 cors-possumis
1834 1557 1984 1604 potest,
2005 1554 2077 1603 qui
2097 1564 2209 1592 com-

1175 1615 1425 1668 positionem
1448 1615 1622 1666 accepit,
1641 1626 1716 1666 per
1731 1615 1913 1666 judicem
1938 1615 2130 1665 compelli
2157 1615 2211 1654 ad

1175 1675 1479 1715 restituendum
1498 1680 1628 1715 totum
1650 1676 1835 1715 debitum
1852 1707 1861 1723 ‚
1882 1680 1978 1724 etc„
1999 1677 2099 1726 quia
2126 1689 2211 1715 non

1176 1740 1343 1779 tenetur
1363 1738 1491 1787 judex
1513 1738 1816 1777 ecclesiasticus
1838 1738 1880 1776 in
1903 1749 1978 1776 suo
2008 1738 2096 1777 foro
2124 1730 2211 1776 ser-

1175 1811 1274 1839 vare
1302 1799 1562 1851 privilegium
1583 1799 1699 1847 illud,
1722 1798 1801 1837 nisi
1826 1810 1902 1851 per
1924 1799 2060 1849 ipsum
2087 1798 2213 1849 privi-

1176 1859 1334 1912 legium
1369 1871 1566 1911 expresse
1602 1860 1889 1910 compellatur,
1911 1859 2062 1911 alioqui
2100 1861 2212 1899 recte

1176 1921 1516 1972 interpretabitur
1552 1920 1695 1959 datum
1730 1933 1821 1960 esse
1851 1921 1960 1961 sacco
1989 1922 2085 1971 Jure
2117 1932 2209 1970 suo,

1177 1984 1215 2022 et
1235 1982 1349 2022 intra
1370 1980 1470 2030 fines
1486 1980 1776 2031 poenicentmlis
1802 1982 1887 2030 sori
1903 2012 1912 2028 ‚
1937 1986 1976 2019 et
1997 1981 2053 2019 ita
2087 1982 2212 2020 etiam

1177 2042 1303 2082 habet
1318 2055 1416 2082 usus
1435 2046 1476 2081 et
1495 2041 1765 2081 consuetudo.
1788 2043 1847 2080 Ex
1863 2043 2054 2094 afquitate
2073 2048 2212 2082 autem

1175 2104 1344 2156 poterit,
1376 2108 1417 2144 et
1450 2116 1526 2142 suo
1561 2104 1685 2142 modo
1717 2104 1884 2143 debebit
1912 2105 2059 2155 judex,
2083 2105 2115 2143 si
2153 2105 2212 2144 illi

1178 2165 1404 2205 constiterit
1430 2165 1702 2216 poenitentem
1725 2177 1800 2215 per
1820 2169 1934 2203 actus
1955 2166 2084 2204 factos
2116 2178 2212 2204 con-

1177 2231 1242 2267 tra
1280 2238 1501 2266 censuram
1531 2229 1623 2277 post
1654 2226 1958 2265 absolutionem
1987 2227 2089 2265 nibil
2117 2239 2212 2278 pec-

1180 2299 1295 2328 casse
1317 2299 1456 2326 coram
1477 2289 1578 2336 Deo,
1601 2300 1686 2326 non
1705 2288 1822 2326 illum
1845 2288 1898 2326 ita
1922 2288 2067 2338 punire
2101 2301 2145 2327 ac
2179 2289 2213 2328 si

1178 2362 1275 2390 vere
1296 2350 1550 2401 deliquisset,
1569 2350 1642 2388 sed
1664 2354 1865 2400 quantum
1891 2350 2085 2400 expedire
2106 2351 2213 2401 judi-

1179 2411 1347 2454 caverit,
1364 2412 1430 2450 vel
1448 2411 1499 2450 ad
1519 2411 1741 2450 vindictam
1759 2411 1906 2462 prioris
1926 2413 2211 2460 contumaciae,

1178 2473 1245 2513 vel
1265 2473 1319 2512 ad
1338 2473 1547 2524 publicam
1579 2473 1917 2521 satisfactionem,
1949 2477 1988 2512 et
2021 2473 2073 2512 ad
2102 2474 2214 2512 aufe-

1180 2534 1357 2573 rendum
1379 2534 1636 2581 scandalum,
1657 2534 1688 2572 si
1707 2534 1818 2584 quod
1836 2534 2091 2580 intercessit;
2116 2547 2214 2574 nam

1180 2595 1258 2634 hoc
1277 2595 1457 2646 postulat
1475 2600 1572 2634 tunc
1589 2595 1692 2634 ratio
1709 2596 1877 2646 justitiae
1901 2607 1951 2634 ex
1971 2600 2116 2634 natura
2135 2597 2211 2646 rei,

1181 2656 1277 2708 quia
1311 2657 1460 2694 veritas
1497 2655 1622 2695 debet
1653 2656 1836 2707 praeferri
1870 2656 2211 2707 praesumptioni,

1181 2717 1348 2768 quando
1369 2717 1422 2756 de
1441 2717 1511 2756 illa
1530 2720 1707 2766 constat,
1730 2721 1775 2756 ut
1790 2728 1918 2768 poena
1936 2729 2022 2758 non
2041 2718 2216 2760 excedat

1180 2779 1359 2830 culpam.

1233 2842 1299 2880 37.
1322 2838 1390 2880 Ad
1404 2841 1598 2881 rationem
1627 2849 1714 2882 cum
1732 2838 1819 2881 suis
1835 2840 2150 2893 probationibus,
2170 2842 2214 2884 ix

1179 2912 1289 2942 num.
1314 2901 1379 2939 33.
1401 2922 1454 2932 -
1470 2901 1532 2941 Ad
1550 2901 1752 2940 rationem
1775 2914 1873 2954 ergo
1894 2903 1935 2941 in
1962 2903 2214 2942 contrarium

1180 2962 1470 3013 respondetur,
1484 2962 1744 3014 privilegium
1766 2975 1815 3002 ex
1836 2976 1884 3002 ea
1899 2968 2031 3015 parte,
2046 2976 2125 3015 qua
2141 2976 2215 3014 po-

1180 3027 1260 3063 test
1279 3023 1490 3062 continere
1509 3024 1665 3070 odium,
1687 3024 1729 3062 id
1759 3029 1834 3073 est,
1851 3025 1892 3063 in
1921 3025 2088 3063 alterius
2108 3025 2214 3075 inju-

1182 3085 1288 3123 riam
1301 3085 1365 3123 vel
1381 3097 1600 3123 commune
1621 3084 1819 3124 damnum
1835 3086 2084 3131 redundare,
2103 3084 2212 3123 stric-

1181 3149 1222 3185 te
1244 3157 1334 3185 esse
1352 3146 1724 3196 interpretandum,
1743 3151 1783 3187 et
1798 3147 1853 3186 ita
1874 3146 1964 3185 fieri
1978 3147 2019 3184 in
2036 3157 2213 3197 praesen-

1180 3207 1227 3254 ti,
1252 3207 1430 3246 maxime
1462 3208 1743 3248 intercedente
1779 3208 2100 3255 consuetudine,
2123 3218 2212 3258 quae

1183 3272 1245 3307 est
1264 3273 1419 3320 optima
1454 3269 1595 3320 legum
1626 3270 1841 3320 interpres.
1875 3270 2019 3319 Neque
2051 3269 2126 3307 hoc
2152 3269 2212 3306 est

1183 3332 1326 3368 contra
1346 3330 1639 3381 proprietatem
1659 3331 1878 3370 verborum
1897 3343 1906 3377 ;
1937 3342 2030 3368 nam
2049 3326 2213 3366 absolu-

1182 3390 1239 3428 tio
1268 3390 1309 3428 in
1342 3391 1431 3429 foro
1460 3391 1721 3430 conscientiae
1745 3395 1806 3430 est
1829 3402 1925 3430 vera
1946 3394 1986 3428 et
2022 3386 2210 3438 simplici-

1183 3453 1247 3490 ter
1268 3450 1489 3500 absolutio,
1509 3464 1604 3490 nam
1629 3452 1672 3490 in
1692 3463 1736 3490 re
1756 3452 1846 3502 ipsa
1873 3462 1969 3489 vere
1992 3448 2094 3487 tollit
2116 3458 2209 3486 cen-

1186 3523 1342 3560 suram,
1362 3517 1403 3552 et
1418 3513 1710 3564 obligationem
1728 3513 1769 3550 in
1782 3508 2044 3558 conscientia,
2057 3520 2147 3560 quae
2162 3520 2211 3548 ex

1184 3571 1258 3612 illa
1273 3573 1470 3613 nascitur.
1494 3575 1577 3614 Nec
1595 3573 1720 3612 refert
1739 3571 1852 3622 quod
1871 3581 2046 3610 censura
2073 3582 2149 3623 per
2166 3582 2211 3611 se
