2352 3880
149 270 233 317 660

149 327 473 396 1dispensatione,
495 354 580 381 non
596 342 693 394 quia
714 341 758 381 in
775 353 821 382 se
839 342 1022 383 habeant
1040 354 1182 383 essen·

147 405 249 445 tiale
269 404 496 452 vinculum,
518 403 562 442 in
577 414 661 455 quo
681 404 912 444 substantia
939 408 1069 444 status
1088 403 1181 443 reli-

148 465 255 517 giosi
272 465 483 505 consistat.
507 463 602 504 Haec
623 468 763 503 autem
779 465 876 516 fuga
895 465 1098 516 imprimis
1116 477 1180 504 re·
1207 474 1211 478 ·

146 529 308 577 pugnat
322 525 562 576 proprietati
583 529 624 565 et
643 526 802 565 veritati
823 526 984 565 illarum
1000 526 1180 576 particu-

145 585 282 626 larum
298 597 386 626 vere
403 587 638 638 aoproprie,
660 587 888 637 praesertim
907 599 1001 626 cum
1022 587 1076 625 ad
1091 598 1180 625 ma-

142 649 278 701 iorem
300 647 641 696 declarationem,
660 653 701 688 et
711 649 766 688 ad
777 649 1001 688 tollendam
1013 660 1180 687 omnem

144 708 528 759 tergiversationem
541 738 555 758 ,
589 709 633 748 in
674 713 852 759 utraque
888 710 1180 749 constitutione

144 769 272 809 addat
291 769 492 818 Pontifex,
513 771 591 810 hos
615 770 826 810 scholares
851 770 910 810 sic
927 770 1178 822 approbatos

143 831 190 871 in
211 831 428 880 Societate,
454 842 537 873 esse
562 842 651 873 vere
680 843 727 872 ac
758 831 922 885 proprio
953 831 1177 883 rdiyiosos,

143 901 225 933 non
247 904 359 933 secus
392 897 511 944 atque
539 893 664 944 ipsos,
703 895 789 933 tum
823 892 1057 940 Societatis,
1092 896 1179 934 tum

142 949 378 1006 1φιιοναηευιζς
409 954 584 994 aliorum
604 953 853 1006 regularium
873 952 1055 995 ordinum
1082 964 1181 1006 pro-

141 1012 292 1065 *fes-eos,
313 1014 427 1065 quod
442 1026 588 1054 verum
611 1026 703 1054 esse
722 1026 807 1054 non
824 1019 979 1066 posset,
1007 1014 1086 1054 nisi
1114 1026 1180 1055 es·

141 1067 279 1128 {sentia
301 1078 430 1115 status
446 1076 626 1127 religiosi
646 1087 765 1128 aeque
782 1076 826 1116 in
843 1076 923 1115 illis
943 1080 1067 1125 esset,
1084 1075 1180 1116 licet

142 1136 322 1176 fortasse
343 1138 385 1176 in
404 1137 543 1188 aliqua
562 1137 807 1177 accidentali
832 1136 1091 1189 perfectione
1114 1137 1179 1177 in·

140 1197 318 1238 seriores
338 1199 433 1238 sint.
466 1199 627 1239 Deinde
650 1200 976 1251 repugnantiam
1006 1197 1178 1240 involvit

141 1259 212 1299 illa
234 1260 434 1311 expositio
450 1265 591 1300 contra
609 1260 815 1301 sinceram
829 1262 1062 1309 veritatem,
1079 1260 1178 1312 quia

139 1312 210 1380 fiel
229 1333 303 1372 per
323 1321 424 1360 illud
442 1322 703 1373 privilegium
723 1333 823 1363 vere
846 1322 1087 1364 conceditur
1104 1321 1177 1362 tali

139 1381 358 1433 Personae,
379 1385 425 1421 ut
458 1382 511 1422 ad
544 1383 759 1434 proprium
788 1395 831 1424 et
861 1382 1178 1424 substantialem

139 1447 295 1483 statum
307 1444 548 1495 religiosum
561 1444 815 1492 admittatur,
832 1445 899 1484 vel
913 1456 998 1484 non
1013 1455 1027 1494 3
1051 1444 1086 1483 si
1097 1445 1178 1484 hoc

138 1516 225 1543 non
244 1504 453 1552 tribuitur,
475 1505 686 1556 quomodo
715 1509 852 1557 potest
880 1516 980 1546 vere
1005 1517 1053 1545 ac
1081 1516 1177 1556 pro·

137 1565 230 1618 prie
258 1566 440 1616 religiosi
460 1576 615 1606 nomen
644 1567 701 1604 illi
730 1566 931 1606 concedi?
957 1571 1028 1606 aut
1062 1566 1177 1618 quod

137 1626 401 1678 privilegium
423 1632 558 1677 potest
583 1628 748 1667 efficere
777 1633 838 1676 ut,
860 1629 974 1667 salva
1002 1629 1175 1668 veritate

138 1691 181 1726 et
201 1689 474 1739 proprietate,
500 1699 679 1739 persona
710 1688 864 1728 habeat
890 1689 1055 1728 titulum
1085 1689 1175 1728 sine

136 1760 199 1796 re,
219 1752 263 1787 et
282 1750 461 1787 maxime
481 1761 575 1788 cum
590 1750 659 1788 illa
678 1750 1006 1801 comparatione,
1027 1761 1105 1789 non
1118 1762 1176 1791 se-

137 1821 209 1850 cus
228 1814 349 1861 atque
362 1811 487 1861 ipsos,
503 1815 582 1850 etc.
605 1811 646 1849 Si
668 1815 808 1850 autem
828 1811 929 1850 illud
945 1813 1061 1862 prius
1077 1823 1176 1850 con-

137 1871 324 1914 cedatur,
347 1883 494 1922 parum
529 1876 671 1910 nostra
702 1871 845 1917 refert,
881 1872 994 1922 quod
1026 1872 1174 1922 aliquis

139 1936 279 1971 utatur
296 1933 365 1971 illo
387 1934 556 1972 nomine
574 1933 792 1984 privilegii,
805 1934 840 1972 si
854 1934 911 1972 ita
925 1933 1173 1984 appelletur,

137 1995 274 2034 solum
304 1995 402 2045 quia
420 1994 623 2034 beneficio
647 1999 688 2033 et
721 1995 978 2033 institutione
999 1994 1174 2034 Romani

138 2055 347 2095 Pontificis
364 2056 455 2094 talis
475 2056 627 2094 modus
644 2055 826 2107 religiosi
840 2060 971 2096 status
986 2055 1175 2095 firmatus

137 2121 181 2157 et
201 2117 455 2169 approbatus
478 2119 555 2156 est.
591 2116 694 2162 Quia
722 2128 820 2156 vero
849 2118 1172 2157 calumniatores

136 2179 208 2219 illa
239 2191 340 2219 voce
372 2179 570 2230 privilegii
592 2182 766 2217 utuntur
784 2177 838 2218 ad
856 2179 1171 2218 diminuendam

136 2240 200 2280 rei
221 2241 438 2279 veritatem
459 2244 501 2279 et
520 2240 839 2291 proprietatem,
871 2243 913 2279 et
936 2239 1172 2291 significan-

137 2300 240 2340 dum
264 2301 342 2340 hos
366 2312 451 2340 non
469 2312 561 2340 esse
577 2300 794 2352 religiosos
813 2301 1066 2350 simpliciter,
1098 2300 1172 2342 sed

137 2362 367 2402 secundum
388 2362 502 2413 quid,
524 2362 617 2402 ideo
640 2362 766 2401 talem
786 2362 982 2413 loquendi
999 2361 1171 2402 modum

136 2424 425 2475 rejiciendum,
445 2428 487 2463 et
507 2424 675 2463 omnino
700 2424 913 2463 vitandum
934 2435 1167 2464 censemus.

136 2486 181 2524 Si
201 2486 311 2525 enim
329 2486 451 2537 priori
470 2496 595 2524 sensu
615 2485 900 2536 loquerentur,
921 2485 1057 2524 dicere
1077 2497 1170 2537 pos-

136 2550 233 2587 sent
250 2559 396 2587 omnes
415 2547 623 2598 professos
643 2558 735 2586 esse
754 2547 970 2599 religiosos
982 2559 1032 2586 ex
1048 2547 1170 2598 privi-

136 2609 264 2660 legio,
287 2609 383 2659 quia
419 2608 509 2647 sine
532 2608 735 2648 beneficio
760 2607 983 2656 Pontificis,
1015 2608 1058 2647 id
1088 2611 1166 2656 est,

137 2671 228 2710 sine
241 2670 330 2720 ejus
349 2669 602 2710 institutione
617 2673 658 2709 et
675 2670 988 2721 approbatione,
1002 2670 1043 2709 in
1055 2670 1171 2708 nulla

137 2731 339 2782 religione
363 2735 473 2771 esset
493 2742 616 2770 verus
649 2742 699 2770 ac
734 2731 926 2781 proprius
952 2731 1173 2782 religiosus

139 2796 284 2831 status.
308 2792 360 2831 At
381 2802 479 2831 vero
509 2793 597 2832 haec
616 2791 858 2842 approbatio
891 2792 1060 2831 omnino
1091 2791 1170 2830 im-

137 2854 303 2906 proprie
323 2853 581 2905 privilegium
604 2852 893 2904 appellabitur,
913 2864 1009 2893 cum
1029 2863 1103 2903 per
1122 2863 1169 2892 se

138 2927 226 2954 non
250 2915 302 2955 sit
328 2914 483 2965 aliquid
504 2917 646 2954 contra
678 2913 816 2965 legem
845 2917 918 2954 aut
946 2922 1169 2953 commune

133 2976 226 3030 jus.

192 3041 233 3079 4.
265 3038 453 3080 Secunda
465 3036 813 3090 interpretatio.-
826 3035 971 3078 Dicere
980 3048 1079 3077 vero
1096 3049 1170 3090 po·

138 3103 220 3140 test
252 3100 416 3152 aliquis,
438 3100 677 3151 religiosum
698 3104 864 3146 statum,
887 3099 957 3150 qui
993 3110 1069 3150 per
1103 3110 1171 3138 ve-

135 3173 232 3203 ram
264 3166 309 3203 et
339 3162 568 3201 solemnem
598 3161 898 3213 professionem
932 3160 1169 3208 assumitur,

139 3236 233 3265 esse
252 3224 465 3276 proprium
480 3228 520 3262 et
538 3235 682 3264 verum
699 3235 750 3263 ex
768 3223 906 3263 divino
921 3222 1038 3274 jure;
1059 3222 1171 3262 hunc

142 3289 296 3334 autem,
314 3285 387 3337 qui
399 3296 474 3336 per
491 3285 579 3323 haec
588 3287 683 3324 vota
702 3283 915 3324 Societatis
928 3283 1163 3332 assumitur,

143 3357 232 3387 esse
241 3346 408 3398 quidem
427 3358 570 3385 verum
585 3350 626 3385 et
641 3345 867 3397 proprium,
882 3348 1021 3384 tamen
1033 3344 1166 3384 solum

142 3417 194 3447 ex
209 3409 303 3459 jure
323 3407 516 3459 positivo;
541 3412 582 3446 et
602 3407 679 3446 hoc
700 3418 825 3446 sensu
843 3417 935 3446 esse
954 3405 1166 3457 privilegio

143 3467 364 3519 Pontificis,
383 3469 480 3520 quia
500 3468 553 3508 ab
572 3469 660 3520 ipso
679 3479 763 3507 non
784 3472 944 3507 tantum
964 3467 1169 3519 approba-

142 3519 225 3577 tus,
252 3532 327 3569 sed
357 3530 481 3569 etiam
511 3530 702 3569 inventus
722 3533 763 3568 et
792 3529 1002 3568 institutus
1024 3533 1098 3568 est.
1120 3530 1167 3568 In

144 3588 228 3641 'quo
247 3589 382 3628 differt
397 3602 421 3628 a
440 3590 582 3640 priori,
604 3590 675 3640 qui
695 3590 781 3629 sola
789 3602 825 3627 m
845 3589 1167 3630 declarationem

147 3648 458 3701 approbativam
482 3650 668 3703 requirit,
687 3654 732 3690 ct
757 3650 835 3690 hoc
853 3651 978 3691 modo
1002 3662 1085 3692 non
1104 3662 1169 3692 re·

530 274 613 310 Lm.
637 273 693 310 111.
717 274 770 310 DE
791 271 1033 311 anmlssmNE
1055 270 1313 312 sctiomnmli
1335 276 1398 321 AI)>
1414 276 1523 312 vom
1544 277 1758 319 SlMPLlClA,
1781 278 1870 314 ETc.

1234 346 1394 395 pugnat
1411 354 1504 384 esse
1522 347 1673 384 statum
1690 344 1872 396 aliquem
1891 356 1989 384 vere
2003 346 2262 398 religiosum,

1236 407 1277 443 et
1286 404 1460 455 positivo
1475 405 1570 456 J'ure
1585 406 1864 446 introductum
1871 435 1881 454 ,
1894 406 2083 456 quamvis
2094 408 2147 447 sit
2157 408 2263 448 alius

1235 469 1365 504 status
1384 466 1600 516 religiosus
1620 467 1716 518 jure
1747 466 1886 506 divino
1910 467 2139 514 institutus,
2160 469 2263 509 sicut

1234 525 1275 565 in
1301 526 1474 565 materia
1496 527 1549 567 de
1577 528 1751 568 simonia
1784 528 1932 568 dicitur
1951 540 2042 568 esse
2072 529 2263 580 quaedam

1232 586 1408 626 simonia
1424 587 1522 638 jure
1550 589 1689 629 divino
1719 589 1939 640 prohibita,
1962 589 2042 629 alia
2070 590 2164 640 jure
2191 591 2263 629 hu-

1231 659 1381 695 mano;
1406 648 1473 687 vel
1492 648 1596 689 sicut
1614 650 1741 701 aliqui
1758 653 1969 701 putarunt,
1990 651 2182 702 quaedam
2201 664 2263 691 sa-

1232 713 1447 749 cramenta
1470 720 1563 749 esse
1595 711 1650 751 ab
1679 711 1862 750 Ecclesia
1894 712 2093 761 instituta,
2127 714 2207 752 alia
2238 725 2262 752 a

1231 768 1404 817 Christo,
1422 770 1536 821 quod
1548 771 1645 812 licet
1656 771 1708 811 de
1722 773 1829 812 facto
1850 773 1902 813 sit
1913 784 2082 825 prorsus
2094 772 2261 823 falsum,

1231 829 1286 870 de
1303 831 1489 882 possibili
1509 842 1593 873 non
1612 837 1831 885 repugnat.

1277 891 1317 929 5.
1347 889 1545 942 Rejicz‘tur
1557 889 1707 942 primo,
1721 890 1982 943 —Rejz‘cz‘tar
1998 888 2176 930 secundo.
2198 911 2252 921 —-

1223 949 1423 1003 Rejz'cz‘tm·
1440 951 1568 990 tertio.
1584 951 1712 990 -Ad
1730 952 1837 990 hanc
1861 957 2000 992 autem
2020 953 2255 992 evasionem

1221 1012 1520 1064 respondemus
1530 1013 1749 1064 imprimis,
1767 1014 1800 1052 si
1812 1013 1879 1052 hic
1893 1018 2021 1053 status
2038 1014 2256 1066 religiosus

1221 1077 1309 1112 tam
1327 1086 1449 1113 verus
1467 1077 1509 1113 et
1538 1075 1731 1126 proprius
1763 1087 1848 1114 esse
1881 1076 2130 1124 conceditur,
2153 1076 2256 1115 sicut

1222 1134 1398 1186 quilibet
1427 1135 1551 1184 alius,
1582 1139 1785 1186 quantum
1815 1137 1962 1176 attinet
1989 1137 2041 1176 ad
2070 1138 2257 1176 substan-

1221 1196 1323 1236 tiam
1342 1199 1383 1235 et
1401 1197 1621 1235 essentiam
1648 1197 1743 1236 talis
1773 1201 1916 1247 status,
1939 1199 1995 1237 sic
2024 1210 2173 1250 parum
2190 1211 2258 1237 re-

1220 1257 1329 1297 ferre
1343 1257 1395 1296 ad
1413 1270 1515 1302 rem,
1537 1259 1588 1297 de
1617 1271 1699 1310 qua
1717 1259 1893 1309 agimus,
1915 1260 1976 1298 illi
1994 1260 2175 1299 tribuere
2194 1260 2257 1299 in-

1221 1319 1479 1358 stitutionem
1497 1319 1682 1358 divinam
1701 1324 1773 1359 aut
1798 1321 2038 1365 humanam,
2062 1322 2160 1373 quia
2190 1321 2259 1361 hic

1220 1393 1305 1420 non
1326 1382 1488 1432 agimus
1524 1382 1574 1421 de
1606 1383 1765 1433 origine
1790 1382 1915 1434 hujus
1942 1387 2084 1431 status,
2117 1383 2187 1422 sed
2205 1384 2257 1423 de

1221 1443 1393 1481 veritate
1413 1443 1515 1494 ejus.
1551 1443 1594 1482 Si
1614 1447 1754 1482 autem
1779 1448 1949 1495 propter
1968 1445 2083 1483 illam
2110 1445 2256 1483 huma-

1220 1515 1318 1543 nam
1337 1504 1641 1543 institutionem
1654 1509 1843 1543 censetur
1861 1506 1905 1543 in
1925 1505 2063 1556 aliquo
2083 1505 2256 1544 deficere

1220 1577 1246 1604 a
1263 1566 1451 1614 veritate,
1473 1569 1515 1605 et
1537 1566 1788 1617 proprietate
1820 1567 2004 1617 religiosi
2022 1571 2151 1606 status
2166 1600 2175 1611 ,
2200 1567 2257 1606 sic

1220 1627 1428 1666 distinctio
1465 1627 1538 1666 illa
1573 1631 1779 1678 repugnat
1810 1629 1944 1667 verbis
1963 1628 2187 1678 Pontificis,
2217 1632 2258 1667 et

1218 1688 1506 1738 impugnanda
1526 1691 1586 1727 est
1617 1688 1754 1738 quoad
1772 1688 1879 1726 hanc
1908 1693 2084 1740 partem,
2112 1690 2258 1728 eodem

1218 1749 1344 1787 modo
1365 1761 1447 1800 quo
1467 1749 1715 1801 praecedens.
1739 1750 1893 1789 Deinde
1913 1763 2011 1789 vero
2033 1751 2155 1800 addo,
2177 1751 2257 1790 dis-

1218 1811 1463 1849 tinctionem
1481 1811 1597 1849 illam
1609 1810 1711 1848 falso
1723 1811 1800 1849 niti
1809 1811 2096 1861 fundamento,
2114 1816 2153 1851 et
2167 1825 2257 1863 gra-

1219 1872 1272 1910 tis
1293 1884 1380 1910 esse
1401 1872 1634 1920 confictam,
1659 1876 1782 1922 atque
1804 1885 1854 1911 ex
1884 1873 1966 1912 alia
1990 1877 2108 1924 parte
2135 1886 2257 1925 repu-

1223 1938 1422 1985 gnantem
1440 1934 1636 1972 doctrinae
1668 1934 1852 1984 ejusdem
1881 1935 2155 1983 Pontificis,ut
2179 1948 2255 1986 pa-

1218 1998 1279 2033 tet
1298 2007 1347 2034 ex
1366 1994 1448 2033 illis
1466 1995 1602 2033 verbis
1620 1994 1826 2046 praedietae
1855 1996 2158 2034 constitutionis
2177 1996 2253 2036 As-

1220 2055 1401 2094 cendente
1419 2055 1590 2094 Domino
1605 2068 1618 2094 .-
1657 2055 1746 2094 Νοη
1766 2056 2051 2096 considerantes
2082 2058 2162 2095 voti
2196 2070 2254 2097 so-

1222 2117 1462 2156 lemm·tatem
1480 2117 1566 2156 sola
1584 2116 1627 2155 E
1629 2117 1778 2157 cclesz‘oe
1798 2118 2042 2158 institutione
2061 2119 2257 2159 inventam

1217 2192 1292 2219 esse
1310 2179 1466 2231 triaque
1491 2178 1720 2232 hujusmodi
1744 2178 1950 2219 societatis
1980 2186 2082 2224 vota,
2118 2187 2255 2221 tamet-

1216 2241 1252 2279 si
1260 2239 1480 2292 simplicia,
1501 2244 1545 2278 ut
1566 2239 1844 2278 substantialia
1861 2240 2071 2293 reliqiom's
2084 2247 2184 2291 vota,
2208 2242 2256 2282 ab

1219 2301 1292 2341 hac
1329 2300 1428 2341 Sede
1463 2300 1584 2353 fuisse
1615 2300 1798 2340 admissa.
1833 2302 1913 2342 Ubi
1942 2303 1987 2341 in
2017 2303 2167 2342 virtute
2198 2305 2255 2344 sic

1217 2363 1410 2404 Pontifex
1437 2367 1780 2414 argumentatur:
1803 2363 1983 2403 Ecclesia
2007 2364 2170 2403 induxit
2188 2377 2254 2404 so-

1215 2424 1474 2464 lemnitatem
1493 2424 1538 2462 in
1556 2425 1662 2462 votis
1674 2424 1985 2474 religiosorum3
2009 2437 2109 2476 ergo
2128 2426 2254 2465 etiam

1215 2490 1351 2538 potest
1369 2486 1456 2524 sine
1474 2485 1549 2524 tali
1567 2485 1827 2525 solemnitate
1841 2490 1995 2525 statum
2012 2487 2255 2538 religiosum

1215 2547 1446 2599 approbare
1466 2559 1539 2586 seu
1564 2547 1779 2586 instituere
1799 2562 1809 2595 3
1842 2560 1955 2599 ergo,
1977 2560 2027 2586 ex
2045 2550 2250 2588 sententia

1215 2609 1438 2652 Pontificis,
1460 2608 1527 2647 hic
1540 2612 1683 2656 status,
1700 2612 1876 2659 utroque
1891 2608 2013 2647 modo
2027 2608 2173 2657 factus,
2193 2613 2255 2649 est

1216 2683 1266 2710 ex
1284 2670 1472 2709 Ecclesiae
1492 2669 1804 2716 constitutione3
1826 2669 1942 2707 nulla
1974 2681 2073 2720 ergo
2105 2674 2165 2709 est
2183 2671 2254 2711 illa

1215 2729 1460 2768 differentia.
1501 2729 1552 2767 Et
1590 2728 1823 2767 declaratur
1860 2729 2038 2780 amplius
2072 2730 2117 2768 in
2142 2731 2253 2771 hunc

1214 2791 1399 2829 modum.
1423 2789 1527 2836 Quia
1545 2789 1612 2828 vel
1625 2793 1686 2828 est
1702 2801 1837 2829 sermo
1856 2790 1907 2829 de
1927 2794 2036 2830 statu
2055 2791 2252 2844 religioso

1214 2852 1382 2904 praecise
1401 2863 1448 2890 ac
1465 2851 1692 2890 secundum
1706 2863 1763 2900 se,
1785 2856 1911 2903 prout
1935 2865 1960 2891 a
1987 2852 2149 2893 Christo
2169 2856 2253 2894 Do-

1213 2914 1327 2953 mino
1346 2913 1425 2952 fuit
1443 2912 1641 2961 traditus;
1665 2916 1705 2952 et
1723 2913 1780 2952 sic
1798 2916 1884 2953 tam
1903 2926 2000 2953 vere
2019 2927 2066 2954 ac
2078 2916 2247 2968 proprie

1214 2974 1397 3014 salvatur
1409 2973 1476 3012 hic
1489 2977 1619 3012 status
1637 2973 1681 3012 in
1701 2973 1780 3012 hoc
1799 2974 1931 3025 gradu
1951 2975 2179 3021 Societatis,
2196 2977 2247 3016 si-

1213 3040 1282 3076 cut
1298 3036 1343 3074 in
1361 3035 1613 3087 quibuslibet
1627 3035 1719 3074 aliis
1738 3036 1924 3086 personis
1935 3036 2159 3087 religiosis;
2174 3037 2254 3078 hoc

1192 3112 1197 3117 ·
1215 3102 1278 3138 est
1290 3098 1402 3137 enim
1421 3097 1533 3148 quod
1551 3101 1693 3148 aperte
1713 3098 1909 3148 supponit
1928 3098 2121 3138 Pontifex
2138 3098 2183 3137 in
2195 3099 2250 3139 ci-

1213 3160 1310 3199 tatis
1327 3159 1485 3207 verbis;
1526 3171 1625 3210 ergo
1650 3159 1786 3210 quoad
1814 3158 1892 3198 hoc
1911 3159 2028 3199 nulla
2051 3164 2113 3199 est
2139 3160 2253 3201 diffe-

1214 3220 1363 3268 rentia,
1386 3219 1457 3259 sed
1489 3219 1663 3271 quilibet
1680 3232 1731 3259 ex
1747 3219 1812 3258 his
1833 3220 2007 3260 statibus
2025 3225 2087 3260 est
2116 3234 2167 3261 ex
2185 3222 2253 3262 di-

1212 3282 1309 3321 vino
1325 3282 1435 3333 jure.
1458 3281 1535 3322 Vel
1546 3281 1758 3332 loquimur
1775 3281 1826 3321 de
1845 3286 1956 3321 statu
1973 3283 2168 3335 religioso
2181 3283 2252 3323 de-

1212 3343 1434 3384 terminato
1453 3342 1506 3382 ad
1524 3343 1634 3382 hunc
1647 3343 1843 3383 velillum
1855 3344 2027 3383 modum
2038 3348 2246 3394 votorum;

1214 3409 1256 3446 et
1272 3406 1329 3445 sic
1345 3408 1520 3456 uterque
1539 3407 1669 3444 status
1701 3409 1763 3445 est
1780 3417 1830 3445 ex
1849 3406 2039 3446 Ecclesiae
2056 3405 2250 3446 determi-

1212 3467 1381 3508 natione
1400 3470 1442 3506 et
1457 3466 1732 3512 institutione,
1754 3470 1801 3506 ut
1820 3467 1931 3507 idem
1962 3466 2154 3507 Pontifex
2172 3468 2247 3508 do-

1210 3533 1274 3569 cet
1300 3529 1344 3568 in
1361 3528 1498 3567 verbis
1517 3528 1703 3580 proxime
1718 3529 1864 3572 citatis,
1881 3531 1923 3568 et
1939 3528 1985 3567 in
2002 3531 2115 3567 tomo
2130 3541 2249 3581 supe-

1211 3590 1314 3631 riori
1330 3590 1413 3629 late
1431 3602 1456 3628 a
1474 3589 1594 3629 nobis
1612 3594 1826 3629 ostensum
1845 3592 1907 3628 est
1925 3600 1976 3628 ex
1993 3584 2166 3640 antiqua
2175 3592 2250 3630 Ec-

1212 3652 1346 3694 clesiae
1381 3651 1568 3693 historia.
1605 3651 1799 3699 adiuncta
1833 3650 1961 3691 etiam
1996 3651 2172 3701 ratione,
2205 3654 2249 3692 et
