2352 3880
0 250 272 340 ‚if'fiiquantam
303 294 380 335 per
400 281 471 322 Dei
494 282 669 334 gratiam
703 280 747 320 in
770 279 1029 320 scholaribus
1061 281 1102 318 et

659 51 1032 105 ‘’4²“

71 171 420 270 &azimorum
454 219 693 272 puritatem,
727 221 768 260 et
795 216 1097 266 castimoniam,

37 345 272 404 ,operariis
307 343 522 386 Societatis
559 342 904 384 manifestissimis
941 340 1102 381 indiciis

0 460 3 461 ⁷
23 420 26 422 ’
71 407 267 462 cognosci
287 409 432 458 potest,
446 405 541 445 huic
555 405 814 458 potissimum
835 404 1102 444 Sacramenta

59 468 361 512 <ascribendam
379 480 485 516 esse,
505 467 694 518 quamvis
721 465 802 505 alia
826 466 951 505 etiam
969 476 1103 507 reme·

73 530 143 573 dia
158 534 200 574 et
211 530 390 572 multum
402 529 565 582 juvent,
584 532 626 569 et
641 528 879 569 necessaria
899 527 997 568 sint,

458 667 623 710 CAPUT
638 666 706 711 IV.

100 784 235 820 vorum
263 777 549 816 'murmuris
597 781 842 814 scuoLAmtm
887 783 1107 814 socmrms

151 848 242 880 msu
268 848 396 882 NEQUE
424 847 527 877 ILLOS
555 847 734 876 REDDERE
762 847 916 876 DOMINII
947 847 1107 876 INGAPA-

152 909 237 948 ose,
268 910 398 944 NEQUE
410 909 466 951 ⁶u)
493 909 730 942 nurusNARn
756 909 863 940 veno
890 908 1109 942 ammonis

152 970 305 1003 surm.

129 1073 168 1114 1.
199 1071 307 1121 Quid
321 1074 357 1113 et
373 1083 447 1126 quo
468 1070 603 1112 ordine
619 1069 664 1113 de
674 1073 911 1124 paupertate
931 1069 995 1112 hio
1023 1076 1108 1112 tra·

76 1135 276 1177 ctandum.
296 1156 349 1165 —
370 1133 562 1180 Quamvis
582 1134 661 1172 hoc
690 1133 782 1172 loco
809 1137 1035 1172 tractemus
1053 1133 1108 1173 de

76 1197 208 1250 gradu
228 1196 490 1243 scholarium,
507 1195 692 1234 dicemus
717 1196 986 1235 nihilominus
1005 1208 1105 1235 con-

77 1262 299 1311 sequenter
320 1256 473 1302 omnia,
504 1267 595 1306 quae
616 1255 723 1295 circa
755 1257 834 1296 hoc
865 1261 1007 1296 votum
1035 1257 1106 1296 toti

77 1319 265 1361 Societati
292 1316 528 1357 communia
562 1319 682 1366 sunt3
713 1329 810 1356 nam
839 1318 1001 1356 secluso
1022 1330 1106 1356 uno

77 1381 221 1421 effectu
239 1379 449 1430 peculiari,
473 1390 598 1430 quem
614 1382 756 1418 votum
778 1380 855 1418 hoc
883 1379 925 1417 in
946 1379 1107 1418 schola-

74 1442 187 1483 ribus
205 1441 442 1493 approbatis
468 1453 551 1480 non
580 1440 720 1487 habet,
741 1439 782 1479 in
802 1441 977 1480 materia
999 1453 1106 1492 pau-

73 1504 245 1558 pertatis
277 1508 316 1543 et
348 1503 391 1542 in
423 1503 674 1555 obligatione
711 1503 823 1542 idem
851 1503 1108 1555 paupertatis

75 1570 212 1607 votum
233 1577 453 1604 commune
474 1568 536 1604 est
556 1565 762 1605 omnibus.
788 1566 835 1604 Et
856 1565 1044 1616 quamvis
1068 1565 1111 1604 in

75 1628 324 1680 quibusdam
352 1627 404 1666 sit
425 1628 624 1675 solemne,
661 1631 700 1666 et
723 1627 764 1666 in
797 1628 886 1667 aliis
919 1628 1108 1678 simplex,

79 1690 156 1731 hoc
173 1689 306 1728 solum
330 1689 519 1739 provenit
542 1701 590 1728 ex
626 1688 858 1727 differentia
894 1689 935 1727 in
973 1688 1113 1728 condi-

75 1750 187 1791 tione
205 1751 377 1798 inelusa,
395 1750 459 1789 vel
482 1750 668 1790 absoluta
700 1750 935 1799 traditione,
959 1763 1049 1802 quae
1070 1751 1112 1790 in

74 1812 372 1864 superioribus,
394 1816 480 1851 toto
515 1812 600 1851 fere
624 1813 693 1851 lib.
733 1814 771 1858 3,
790 1813 888 1851 satis
909 1814 1112 1863 explicata

23 1891 30 1895 ¹
75 1877 150 1922 est,
171 1885 307 1924 neque
322 1873 390 1912 hic
408 1873 535 1912 habet
563 1873 789 1924 specialem
805 1873 1108 1912 difficultatem.

72 1935 163 1976 Non
187 1935 349 1987 agimus
381 1938 520 1973 autem
555 1946 668 1973 nunc
700 1934 752 1974 de
790 1935 962 1986 speciali
993 1936 1105 1983 voto,

74 1995 190 2049 quasi
209 1995 378 2043 reflexo,
407 1995 519 2046 quod
539 1994 713 2046 professi
749 1996 906 2035 faciunt
937 1996 990 2036 de
1010 2008 1110 2035 con-

75 2057 278 2098 servando
299 2061 339 2097 et
357 2057 515 2096 tuendo
537 2058 736 2106 instituto,
760 2057 897 2108 quoad
925 2058 1109 2109 rigorem

71 2119 340 2172 paupertatis,
362 2131 459 2157 nam
479 2119 530 2158 de
552 2119 630 2158 hoc
650 2119 754 2158 infra
775 2120 846 2158 lib.
869 2121 908 2167 6,
932 2132 966 2158 c.
989 2120 1028 2168 6,
1046 2120 1106 2158 di-

74 2193 229 2229 cemus,
255 2181 376 2219 simul
399 2193 494 2219 num
523 2181 613 2220 aliis
646 2182 751 2220 votis
786 2182 1069 2233 professorum
1093 2194 1103 2230 ;

73 2242 234 2294 agimus
254 2252 351 2293 ergo
371 2242 437 2281 hic
468 2243 603 2282 solum
633 2243 685 2282 de
709 2244 863 2284 directo
886 2249 1108 2297 pauperta-

74 2305 124 2345 tis
136 2307 245 2352 voto,
263 2305 313 2343 de
331 2316 413 2355 quo
433 2305 566 2356 primo
594 2303 826 2346 videbimus
848 2320 951 2359 quos
982 2309 1107 2348 effec-

73 2370 140 2406 tus
159 2366 312 2404 habeat
331 2365 372 2404 in
393 2367 581 2417 personis
602 2367 816 2407 Societatis
834 2382 844 2417 ;
869 2369 1020 2409 deinde
1054 2370 1106 2409 de

71 2427 245 2468 materia
261 2428 364 2478 ejus,
382 2431 422 2466 et
439 2433 639 2478 quantum
660 2430 701 2467 in
718 2430 889 2481 singulis
909 2443 982 2470 seu
1003 2444 1106 2482 prze-

72 2489 203 2542 cipuis
219 2489 405 2540 partibus
425 2489 513 2540 ejus
529 2490 695 2541 obliget.
720 2492 843 2530 Porro
859 2499 997 2531 autem
1018 2505 1113 2532 ma-

70 2551 174 2591 teria
194 2555 278 2590 tota
314 2554 355 2589 et
374 2550 570 2602 obligatio
598 2551 679 2590 voti
701 2554 956 2604 paupertatis
982 2554 1106 2592 redu-

70 2613 175 2653 citur
198 2611 251 2650 ad
281 2611 363 2650 duo
383 2612 532 2662 capita,
568 2613 738 2662 scilicet,
778 2615 1006 2654 dominium
1028 2617 1107 2656 sub

72 2685 153 2726 quo
173 2673 539 2724 comprehenditur
558 2686 683 2714 omne
714 2676 783 2726 jus
811 2679 1040 2728 proprium,
1064 2682 1106 2719 et

73 2749 193 2778 usum
214 2750 225 2785 ;
246 2741 286 2776 et
308 2737 401 2776 ideo
426 2737 614 2777 dicemus
635 2739 749 2789 prius
779 2740 830 2779 de
848 2741 975 2792 priori
992 2743 1104 2794 capi-

71 2803 127 2850 te,
143 2799 253 2852 quod
270 2799 436 2838 nomine
449 2799 573 2839 etiam
593 2801 856 2852 proprietatis
878 2803 1103 2855 significari

48 2860 175 2900 ‚solet
190 2891 204 2910 ‚
228 2865 370 2912 postea
385 2861 436 2901 de
460 2874 550 2900 usu.
572 2862 681 2901 Circa
708 2863 937 2903 dominium
961 2869 1101 2905 antem

18 3426 47 3462 ‘b

73 2921 175 2963 nihil
203 2927 266 2962 est
285 2923 395 2974 quod
429 2923 615 2963 dicamus
648 2924 700 2964 de
734 2927 866 2977 gradu
899 2927 1102 2978 professo-

73 2993 180 3034 rum,
208 2985 305 3035 quia
333 2985 387 3024 illi
407 2986 574 3025 omnino
596 2991 691 3026 sunt
724 2987 942 3039 incapaces
972 2990 1103 3030 domi-

69 3045 146 3096 nii,
179 3045 372 3098 idemque
393 3051 454 3087 est
475 3047 525 3087 de
564 3049 872 3100 coadjutoribus
901 3051 1099 3101 formatis,

77 3105 148 3158 qui
182 3108 319 3158 quoad
356 3109 435 3147 hoc
471 3111 779 3162 aequiparantur
806 3113 1023 3164 professis,
1062 3117 1103 3155 et

78 3165 239 3218 utrique
250 3168 404 3208 eisdem
419 3170 736 3223 obligationibus
756 3178 949 3216 tenentur
968 3177 1009 3216 in
1022 3177 1102 3216 hac

77 3230 210 3280 parte,
231 3232 272 3267 et
289 3240 363 3279 per
382 3231 524 3271 eadem
537 3234 630 3284 jura
650 3236 865 3287 regulandi
883 3242 991 3288 sunt,
1015 3239 1101 3290 qui-

77 3288 157 3330 hus
174 3288 241 3327 alii
261 3289 442 3340 religiosi
456 3293 628 3342 professi
644 3297 815 3336 aliarum
836 3300 1102 3350 religionum,

77 3350 263 3401 exceptis
281 3351 346 3390 his
366 3363 455 3403 quae
469 3353 574 3393 infra
593 3356 790 3408 dicemus,
807 3361 940 3412 capite
957 3363 983 3402 6
1002 3366 1043 3401 et
1061 3364 1101 3411 7,

78 3409 132 3454 (Ie
149 3423 245 3460 usu,
259 3415 298 3452 et
317 3412 368 3452 de
389 3413 580 3454 domibus
598 3419 803 3467 professis.
836 3423 977 3462 Solum
1005 3435 1103 3476 ergo

411 152 508 215 pn.
529 153 586 189 iv.
609 151 752 188 vorum
769 138 1054 194 muranum
1074 148 1336 195 scaenarum
1356 153 1594 190 sonim-ms
1614 154 1722 197 msu.
1743 152 1836 213 mc.
1893 169 1929 209 ⁴·

1210 2 1242 29 o>
1308 0 1344 21 v·
1784 9 1805 31 0
1847 0 1892 27 ,¹⁴

1379 42 1395 57 ἢ

2104 149 2193 194 ‘71³
2317 138 2326 148 '

1155 216 1220 256 cia
1248 215 1494 267 emiserunt,
1526 219 1964 275 superest-proposita
1996 221 2187 275 quaestio.

1155 278 1282 330 Cujus
1302 278 1520 319 difficultas
1544 285 1630 322 tota
1650 287 1712 324 est
1745 283 1791 323 in
1809 283 2038 336 posteriore
2074 286 2190 336 parte

1154 340 1294 388 tituli;
1325 352 1424 379 nam
1453 352 1545 391 quae
1578 342 1623 380 in
1659 345 1796 394 priore
1829 345 2068 408 involvitug,
2094 355 2191 385 cum

1155 401 1339 454 pendeat
1359 413 1409 441 ex
1424 401 1519 453 jure
1535 403 1726 454 positivo,
1745 410 1786 446 et
1805 419 1855 446 ex
1874 407 2101 447 intentione
2119 418 2193 447 vo-

1156 463 1359 512 ventium,
1380 463 1667 503 difficultatem
1692 478 1779 506 non
1797 468 1935 518 habet,
1956 473 2003 509 ut
2025 469 2116 522 ,iam
2133 467 2192 509 vi-

1157 524 1363 566 debimus.
2234 575 2238 577 Α

1210 587 1251 626 2.
1279 587 1629 640 Primasassertio.
1651 586 1927 629 —Probatur
1956 590 2088 643 primo
2122 601 2194 644 per

1157 649 1329 689 medium
1376 650 1618 702 negativum.
1664 669 1717 678 —
1747 649 1929 690 Secundo
1951 681 1961 699 ‚
2020 653 2193 695 auctori-

1159 714 1240 753 tate
1273 712 1466 763 positiva.
1487 733 1540 741 —
1570 711 1765 752 Probatio
1802 712 1847 752 in
1886 711 2087 754 Societate
2116 727 2194 755 non

1157 784 1311 824 semper
1332 773 1437 814 valet
1460 773 1715 813 novitiatum.
1740 793 1795 802 —
1822 773 1957 812 Primo
1977 786 2076 826 ergo
2112 787 2195 815 cer-

1159 836 1249 874 tum
1279 839 1339 874 est
1363 834 1603 886 hujusmodi
1643 846 1844 886 personas
1889 847 1974 874 non
2007 836 2097 876 fieri
2133 836 2197 876 in-

1159 897 1320 935 habiles
1348 897 1403 935 ad
1431 897 1660 936 dominium
1682 900 1720 935 et
1749 896 2045 948 proprietatem
2069 897 2199 937 bono-

1159 971 1254 997 rum
1271 959 1561 1010 temporalium
1581 959 1645 998 vel
1663 958 1940 1006 retinendam,
1962 959 2030 998 vel
2049 959 2101 998 de
2127 971 2199 998 no-

1159 1031 1211 1059 vo
1240 1020 1552 1071 acquirendam.
1588 1020 1804 1068 Probatur,
1829 1021 1925 1072 quia
1961 1021 2074 1060 nullo
2105 1021 2201 1073 jure

1159 1082 1335 1134 positivo
1363 1082 1596 1121 redduntur
1620 1082 1827 1121 inhabiles
1847 1094 1856 1122 :
1892 1086 2107 1123 ostensum
2128 1096 2202 1122 au-

1160 1147 1246 1183 tem
1266 1144 1308 1182 in
1346 1148 1447 1184 tom.
1470 1145 1671 1195 superiori
1694 1148 1769 1193 est,
1791 1144 2034 1196 hujusmodi
2070 1145 2199 1197 impe-

1162 1205 1346 1245 dimenta
1366 1206 1585 1256 irritantia,
1614 1219 1687 1246 seu
1709 1207 1987 1246 inhabilitates
2011 1207 2099 1247 sine
2134 1207 2202 1246 ad-

1162 1268 1357 1307 miniculo
1374 1269 1482 1320 juris
1506 1282 1590 1308 non
1610 1269 1826 1316 contrahi3
1850 1269 1949 1319 quin
1971 1269 2107 1320 potius
2125 1269 2204 1308 hoc

1162 1329 1298 1378 ipsum
1321 1330 1544 1370 declaravit
1573 1331 1797 1383 Gregorius
1825 1332 1914 1370 XllI
1936 1343 2130 1382 expresse
2162 1332 2205 1370 in

1162 1389 1463 1429 Constitutione
1501 1393 1747 1431 Ascendente
1784 1393 1976 1440 Domino,
2010 1393 2154 1432 dicens
2193 1403 2203 1431 2

1163 1451 1276 1491 Licet
1296 1452 1364 1502 qui
1386 1453 1515 1503 quoad
1533 1454 1684 1503 qradus
1702 1456 1970 1503 professorum
1990 1460 2025 1494 et
2045 1456 2206 1508 coadju-

1164 1516 1294 1554 torum
1316 1515 1584 1563 formalorum
1603 1515 1773 1554 nondum
1791 1520 2067 1566 pervenerunt,
2090 1519 2205 1558 bono-

1163 1586 1255 1614 rum
1275 1586 1439 1615 suorum
1452 1575 1526 1626 jus
1546 1579 1660 1627 atque
1681 1577 1915 1622 dominium,
1939 1582 2021 1618 tum
2037 1578 2143 1619 alias
2162 1579 2206 1619 ob

1156 1636 1298 1687 justas
1316 1649 1474 1685 causas,
1499 1641 1582 1677 tum
1602 1638 1722 1678 etiam
1742 1643 1787 1678 ut
1806 1639 1996 1690 majorem
2021 1639 2207 1682 Societas

1163 1697 1306 1737 habeat
1326 1699 1564 1748 libertatem,
1582 1700 1674 1739 illos
1692 1700 1730 1740 si
1756 1712 1852 1751 opus
1869 1702 1998 1751 ficerit
2014 1714 2102 1742 cum
2130 1702 2207 1744 mi-

1164 1761 1258 1799 nori
1279 1762 1490 1812 offensione
1510 1762 1752 1809 dimittendi,
1776 1764 1828 1802 ad
1846 1767 2000 1815 tempus
2036 1763 2207 1806 Genera-

1165 1822 1220 1862 lis
1246 1822 1469 1874 Proepositi
1487 1823 1645 1873 judicio
1673 1825 2012 1873 praescribendum
2043 1826 2207 1867 valeant

1165 1883 1351 1930 retinere,
1384 1886 1462 1922 etc.
1495 1884 1572 1922 Per
1606 1895 1698 1933 quae
1733 1885 1862 1923 verba
1900 1898 1984 1924 non
2023 1887 2207 1928 condidit

1163 1944 1386 1995 Gregorius
1421 1956 1576 1983 novum
1603 1945 1689 1996 jus,
1726 1946 1800 1984 sed
1837 1946 2067 1988 declaravit
2100 1950 2201 1989 anti-

1164 2018 1306 2057 quum.
1326 2007 1444 2054 Nam,
1463 2006 1559 2045 licet
1581 2006 1624 2045 in
1649 2007 1856 2058 prioribus
1875 2009 2003 2048 Bullis
2023 2010 2102 2050 hoc
2119 2024 2204 2051 non

1162 2067 1308 2107 fnisset
1324 2072 1409 2106 tam
1438 2080 1634 2119 expresse
1665 2069 1935 2119 declaratum,
1959 2075 2115 2122 tamen,
2154 2086 2204 2113 eo

1161 2129 1251 2182 ipso
1282 2130 1491 2180 quodhaec
1514 2135 1608 2170 vota
1630 2131 1881 2170 scholarium
1902 2133 2037 2172 solnm
2058 2134 2200 2175 admit-

1161 2191 1355 2231 tebantur
1376 2195 1422 2230 ut
1442 2192 1661 2243 simplicia,
1685 2194 1829 2244 eisque
1851 2194 1893 2232 in
1930 2196 2046 2234 nulla
2065 2197 2198 2237 Ponti-

1159 2252 1287 2293 ficum
1306 2253 1421 2292 Bulla
1443 2255 1535 2292 talis
1553 2255 1724 2294 effectus
1742 2255 1995 2308 adjungitur,
2017 2258 2097 2297 illis
2116 2272 2200 2299 non

1160 2317 1372 2363 convenit;
1409 2316 1507 2367 quia
1527 2317 1621 2367 jure
1658 2319 1867 2356 communi
1897 2320 2030 2359 solum
2059 2326 2202 2361 votum

1161 2379 1348 2417 solemne
1366 2379 1623 2429 paupertatis
1643 2379 1771 2419 habet
1805 2380 2050 2431 adjunctum
2089 2383 2202 2425 hunc

1159 2440 1368 2480 effectum.
1392 2440 1509 2479 Unde
1530 2441 1574 2478 in
1593 2441 1743 2480 eadem
1770 2443 2076 2492 constitutione,
2100 2457 2197 2485 cum

1160 2502 1214 2541 de-
1232 2501 1543 2552 coadjutoribus
1561 2502 1763 2550 formatis,
1779 2515 1955 2554 quorum
1968 2511 2060 2545 vota
2074 2508 2199 2547 etiam

1161 2563 1361 2613 simplicia
1383 2567 1492 2610 sunt,
1523 2562 1671 2601 dicitur
1704 2576 1795 2602 esse
1822 2566 1955 2603 omnis
1983 2567 2196 2608 haeredita-

1157 2625 1230 2663 riae
1253 2623 1524 2663 successionis
1558 2623 1792 2674 incapaces,
1815 2625 2001 2678 nihilque
2028 2631 2197 2671 omnino

1158 2683 1316 2738 proprii
1352 2684 1506 2723 habere
1541 2697 1681 2735 posse,
1719 2686 1910 2726 additur:
1945 2689 2082 2730 Juaeta
2111 2704 2198 2734 eas-

1158 2749 1242 2787 dem
1270 2746 1579 2794 constitutiones,
1613 2747 1783 2796 scilicet,
1812 2749 2055 2800 Societatis;
2081 2753 2193 2804 quia,

1157 2807 1327 2856 scilicet,
1350 2819 1401 2846 ex
1417 2807 1510 2859 jure
1532 2809 1741 2847 communi
1762 2814 1905 2850 votum
1939 2824 2084 2852 eorum
2110 2828 2192 2855 non

1155 2871 1319 2922 poterat
1341 2869 1452 2908 hunc
1475 2870 1664 2909 effectum
1683 2871 1853 2921 habere,
1879 2886 1984 2912 cum—
2007 2876 2192 2917 solemne

1155 2944 1242 2971 non
1263 2932 1326 2970 sit.
1346 2932 1490 2983 Igitur,
1509 2932 1626 2983 juxta
1647 2934 1856 2983 peculiare
1881 2936 1950 2986 jus
1980 2938 2193 2980 Societatis

1156 2993 1200 3032 in
1214 2993 1584 3033 constitutionibus
1600 3007 1622 3032 a
1633 2995 1731 3033 sede
1741 2996 1976 3047 Apostolica
1990 3001 2192 3051 approba-

1156 3055 1209 3094 tis
1232 3059 1488 3103 contentum,
1509 3055 1559 3094 de
1575 3057 1813 3107 hujusmodi
1839 3059 1987 3099 effectu
2002 3061 2191 3112 judican-

1157 3117 1260 3158 dum
1278 3121 1354 3156 est.
1378 3118 1423 3156 In
1453 3119 1479 3156 4
1507 3122 1649 3157 autem
1679 3124 1795 3170 parte
1829 3121 2191 3175 Constitutionum‚

1155 3191 1193 3219 c.
1215 3182 1255 3226 4,
1279 3180 1415 3219 littera
1434 3180 1482 3228 E,
1502 3181 1559 3220 sic
1578 3181 1947 3226 deelarat11rzHoe0
1961 3188 2193 3228 consuetudo

1158 3242 1277 3290 facit,
1298 3245 1342 3282 ut
1376 3243 1558 3294 quamvis
1570 3245 1824 3295 paupertatis
1843 3250 1975 3287 votum
2003 3249 2061 3288 sit
2079 3248 2193 3288 emis-

1155 3315 1244 3344 sum
1268 3304 1366 3343 bona
1384 3309 1515 3344 tamen
1535 3307 1771 3357 temporatia
1804 3308 1942 3348 haberi
1959 3310 2113 3359 possint
2142 3307 2194 3348 ad

1160 3369 1308 3406 certum
1323 3377 1444 3418 usque
1459 3370 1626 3419 tempus,
1640 3370 1743 3419 quod
1758 3368 1974 3420 Superiori
1986 3371 2193 3425 intrapre-

1162 3427 1332 3466 tationis
1346 3429 1523 3478 spatium
1536 3430 1750 3470 videbitur.
1767 3431 1843 3470 Ubi
1859 3430 2107 3483 probationis
2122 3442 2192 3470 no-

9 3503 13 3506 >
43 3518 46 3523 ,
79 3470 134 3514 de
153 3473 424 3523 scholaribus,
447 3476 523 3515 sub
545 3477 693 3527 quibus
717 3484 1106 3534 comprehendimus
1159 3488 1271 3527 mine
1293 3489 1534 3540 intelligitur
1553 3495 1685 3530 totum
1706 3496 1884 3542 tempus,
1908 3490 2040 3530 donec
2074 3493 2192 3533 scho-

79 3542 240 3594 pmnes,
261 3536 333 3592 qui
348 3541 442 3592 post
454 3538 668 3580 biennium
690 3542 824 3592 solum
837 3549 931 3587 vota
954 3548 1107 3601 simpli-

1158 3547 1269 3590 lares
1293 3551 1511 3603 approbati
1531 3552 1587 3594 ad
1619 3553 1807 3594 ultimum
1829 3550 2006 3601 gradum
2032 3553 2196 3597 nrofes-
