2352 3880
146 192 253 236 1096

139 262 263 304 riam.
286 263 390 302 Ante
409 259 523 298 illam
545 269 641 300 vero
665 262 799 310 potest
817 270 902 299 esse
922 260 1092 300 testium
1108 260 1172 299 in-

141 323 279 364 ductio
313 320 551 369 necessaria,
582 323 673 359 tum
702 324 749 359 ut
778 331 850 371 per
888 332 958 361 eos
987 324 1172 362 constare

138 385 267 437 possit
294 381 483 421 Ecclesiae
504 380 728 420 fraternam
751 382 1042 421 correctionem
1070 394 1171 434 prae-

141 445 320 492 cessisse,
341 442 450 494 quod
466 442 737 482 necessarium
753 454 837 483 esse
855 443 1108 494 significatur
1125 443 1171 484 in

140 506 182 547 d.
203 518 240 545 c.
261 505 374 546 Licet
393 502 506 552 Heli,
525 503 575 544 de
599 503 796 554 Simonia,
815 517 939 556 quam
969 506 1170 545 rationem

135 566 322 606 indicant
339 565 464 604 verba
474 563 637 613 Christi,
658 569 703 606 ut
722 566 765 605 in
785 566 950 607 duorum
966 566 1027 608 vel
1044 567 1170 608 trium

137 629 301 671 testium
321 631 399 668 stet
431 637 541 666 omne
559 627 716 667 verbum
726 644 744 674 ,·
764 627 825 667 illi
844 628 956 667 enim
975 640 1059 667 non
1078 639 1169 679 pos-

136 693 231 731 sent
246 701 332 729 esse
352 692 475 728 testes
489 686 626 727 delicti
646 699 696 727 ex
715 688 757 727 vi
774 688 883 728 illius
903 688 1165 737 inductionis,

134 751 208 793 sed
228 750 359 790 solum
373 754 494 789 testes
509 761 592 789 esse
608 754 771 801 possent
789 750 1009 802 praemissae
1029 749 1167 789 admo-

136 812 327 862 nitionis3
344 815 432 850 tum
453 811 577 851 etiam
595 815 640 850 ut
660 813 792 860 maj0r
814 815 854 850 et
880 810 1017 850 debita
1032 809 1166 850 cautio

134 874 242 918 cirea
266 874 419 914 famam
439 872 618 925 proximi
636 872 893 911 adhibeatur.

173 938 254 975 ³16.
278 935 485 976 Probabile
506 938 655 974 textum
674 934 781 984 loqui
800 933 929 973 solum
947 934 992 974 de
1008 936 1165 985 peccato

133 998 299 1039 occulto.
313 1020 364 1026 -
379 996 529 1036 Ultimo
560 995 656 1033 hinc
675 994 843 1046 colligo,
863 1007 976 1046 posse
1003 1007 1086 1035 non
1105 997 1166 1036 in-

134 1059 346 1100 commode
365 1057 541 1108 intelligi
558 1057 765 1097 Christum
793 1058 1012 1097 Dominum
1041 1057 1165 1098 fuisse

132 1120 314 1162 locutum
334 1120 383 1158 de
404 1122 566 1171 peccato
586 1118 769 1166 occulto,
794 1123 840 1158 ut
862 1118 912 1158 ab
935 1119 1164 1169 Augustino

131 1182 376 1232 intelligitur
395 1211 405 1228 ‚
441 1192 564 1232 quem
601 1179 828 1218 scholastici
870 1180 996 1218 secuti
1043 1184 1160 1226 sunt;

132 1244 242 1296 quia,
269 1243 364 1282 licet
383 1242 554 1281 fortasse
582 1241 718 1279 littera
747 1253 829 1280 non
847 1245 979 1292 cogat,
1003 1253 1085 1280 non
1106 1245 1163 1279 ta-

130 1316 227 1345 men
247 1306 476 1356 repugnat,
496 1307 536 1342 et
556 1302 706 1353 alioqui
733 1306 793 1341 est
828 1314 967 1341 sensus
1005 1313 1161 1340 accom-

128 1365 319 1406 modatus
347 1364 554 1416 aliquibus
574 1364 884 1402 circumstantiis
903 1363 1068 1413 littcrae;
1091 1375 1162 1402 cur

128 1426 241 1469 enim
266 1426 447 1466 Christus
470 1425 711 1477 postulasset
740 1426 1007 1465 monitionem
1034 1437 1162 1464 secre-

127 1492 214 1529 tam
231 1489 276 1528 in
291 1491 456 1539 peccato
479 1486 657 1538 publico,
672 1486 831 1525 etiamsi
850 1487 901 1525 sit
918 1487 1161 1537 injuriosum

127 1550 391 1601 corripienti?
415 1549 483 1588 vix
522 1549 632 1587 enim
663 1552 794 1599 potest
831 1548 967 1600 aliqua
1006 1548 1160 1587 utilitas

127 1612 334 1663 expectari
350 1623 399 1651 ex
413 1610 484 1649 tali
505 1610 729 1649 monitione
750 1614 901 1648 secreto
919 1609 1047 1657 iacta,
1068 1621 1159 1660 quac

126 1684 211 1713 non
237 1673 363 1725 possit
398 1672 542 1712 eadem
567 1671 631 1711 vel
662 1672 793 1722 major
819 1671 973 1722 sperari
1001 1683 1050 1709 ex
1077 1682 1160 1709 mo-

125 1735 283 1777 nitione
314 1734 421 1774 facta
438 1763 448 1782 ,
470 1733 615 1773 saltem
635 1745 769 1772 coram
789 1733 846 1772 eis
867 1732 938 1784 qui
966 1732 1157 1772 delictum

125 1797 343 1838 viderunt?
366 1795 478 1842 Quod
507 1807 604 1845 ergo
627 1794 804 1835 Christus
831 1794 933 1833 dixit
962 1806 969 1831 :
998 1793 1158 1845 Corripe

124 1857 239 1898 illum
267 1859 373 1898 inter
401 1861 436 1897 te
459 1860 493 1896 et
523 1856 657 1908 ipsum
688 1857 829 1902 solum,
855 1856 1020 1903 indicat,
1043 1855 1158 1895 illam

124 1919 366 1972 particulam
392 1918 638 1958 exclusivam
656 1948 666 1965 ‚
697 1918 819 1956 etiam
853 1916 1158 1967 subintelligen-

124 1981 220 2021 dam
239 1993 337 2028 esse,
356 1992 450 2019 cum
469 1979 574 2018 dixit
592 1990 603 2017 t
620 1978 673 2019 Sz·
687 1980 905 2029 peccaverit
917 1979 960 2017 in
980 1981 1015 2017 te
1029 1979 1158 2027 frater

125 2045 233 2083 tuus.
252 2042 346 2080 Ideo
375 2041 485 2080 enim
518 2040 615 2078 dicit
637 2041 680 2079 in
701 2044 757 2087 te,
790 2039 886 2090 quia
904 2038 994 2083 tibi,
1016 2042 1056 2078 et
1073 2051 1157 2078 non

125 2103 216 2143 aliis
234 2102 472 2142 scandalum
506 2101 629 2140 dedit.
667 2101 783 2140 Unde
811 2101 1090 2152 Augustinus,
1114 2100 1154 2140 d.

123 2176 244 2204 serm.
270 2166 334 2212 16,
355 2163 405 2202 de
418 2161 561 2201 Verbis
575 2162 735 2201 Domini
754 2173 765 2203 :
786 2162 974 2203 Peccavit
994 2162 1156 2213 (inquit)

122 2227 167 2268 in
187 2229 223 2266 te
247 2229 378 2277 frater
398 2229 507 2266 tuus.
539 2222 592 2265 Si
608 2226 652 2264 tu
668 2224 777 2263 solus
794 2225 901 2263 nosti
916 2253 926 2269 ,
957 2227 1040 2263 tum
1070 2234 1157 2264 vere

124 2288 169 2328 in
190 2291 226 2329 te
246 2288 371 2328 solum
383 2287 587 2339 peccavit,
601 2280 705 2329 'nam
724 2286 763 2327 sl
792 2284 927 2326 multis
953 2285 1155 2326 audienti-

126 2349 196 2390 bus
225 2348 297 2390 tibi
325 2349 423 2398 fecit
457 2348 679 2398 injuriam,
711 2349 748 2388 et
771 2347 815 2385 in
839 2347 937 2387 illos
960 2346 1154 2398 peccavit,

124 2422 220 2464 quos
241 2414 354 2451 testes
377 2423 460 2452 suae
485 2408 720 2460 iniquitatis
737 2406 880 2460 effecit.
909 2405 1042 2446 Potest
1060 2417 1157 2458 ergo

125 2472 277 2524 optime
297 2483 428 2511 sermo
446 2469 592 2509 Christi
609 2469 659 2508 de
683 2471 846 2519 peccato
865 2468 1019 2508 occulto
1039 2468 1156 2507 intel·

123 2532 212 2585 ligi,
244 2534 340 2584 quia
359 2534 401 2572 in
422 2531 507 2570 solo
537 2531 607 2570 illo
635 2534 799 2570 tenetur
831 2530 920 2581 quis
950 2527 1153 2581 privatam

124 2595 414 2635 correctionem
435 2593 694 2645 praemittere.
713 2592 840 2640 Quam
861 2591 1153 2643 obligationem

123 2667 174 2696 ex
190 2657 332 2708 regula
357 2655 504 2695 Christi
523 2653 675 2705 colligit
692 2653 948 2693 Innocentius
968 2653 1037 2701 111,
1055 2654 1099 2693 in
1116 2665 1149 2692 c.

126 2717 225 2759 Cum
244 2730 291 2758 ex
309 2717 504 2768 injunctO,
519 2716 568 2755 de
584 2714 817 2763 Haeretici53
836 2715 960 2755 sentit
977 2725 1075 2765 ergo
1094 2711 1152 2754 ibi

124 2790 207 2819 esse
224 2789 454 2818 sermonem
473 2777 523 2816 de
543 2779 705 2828 peccato
723 2775 897 2815 occulto.

178 2842 243 2879 17.
275 2840 389 2880 Licet
415 2839 459 2879 de
475 2840 632 2890 peccato
651 2848 728 2876 non
748 2838 903 2877 omnino
923 2837 1067 2879 occulto
1093 2836 1152 2878 Ζο-

122 2905 309 2954 queretur
331 2899 517 2940 Christus
530 2929 541 2947 ,
573 2899 664 2937 ordo
686 2899 772 2948 ejus
791 2898 916 2938 locam
935 2898 1050 2938 habet
1065 2909 1152 2940 cum

121 2961 523 3014 proportione—Nec
533 2964 670 2998 tamen
679 2971 750 3009 pro
755 2962 892 3008 pterea
905 2957 1148 3007 excluditur,

123 3023 224 3076 quin
248 3022 371 3061 etiam
405 3021 597 3059 correctio
631 3019 808 3058 fraterna
834 3018 969 3058 locum
1003 3019 1150 3059 habeat

123 3085 229 3125 circa
246 3086 457 3135 peccatum
473 3081 697 3133 publicum,
729 3080 793 3118 vel
818 3080 1067 3131 simpliciter,
1085 3080 1151 3122 vel

123 3145 348 3185 secundum
374 3141 485 3194 quid,
522 3146 707 3192 respectu
726 3141 901 3180 duorum
923 3142 988 3181 vel
1006 3142 1146 3192 trium,

125 3206 234 3260 quod
240 3203 438 3257 probabile
457 3202 537 3243 dici
556 3202 678 3249 solet3
701 3202 769 3240 sed
786 3203 952 3242 interest
969 3203 1149 3243 multum

125 3267 261 3321 quoad
294 3266 480 3305 ordinem
515 3263 559 3303 in
598 3264 842 3302 correctione
875 3264 1147 3315 servandum;

125 3330 223 3382 quia
241 3332 338 3367 tunc
357 3339 440 3366 non
473 3329 534 3365 est
565 3327 680 3364 tanta
707 3324 922 3363 necessitas
941 3329 989 3363 ut
1015 3325 1149 3376 prima

123 3390 297 3431 monitio
314 3388 400 3437 fiat,
420 3388 527 3428 inter
542 3389 579 3428 te
591 3417 602 3436 ‚
625 3388 662 3427 ct
677 3385 808 3438 ipsum
837 3386 976 3426 solum.
994 3386 1148 3427 Tamen

125 3451 236 3503 quia,
257 3454 303 3490 ut
329 3449 478 3488 dicitur
510 3460 559 3488 ex
586 3446 815 3495 Aristotele,
845 3446 1072 3487 maximum
1103 3448 1149 3490 in

123 3522 371 3565 unoquoque
402 3521 550 3562 genere
581 3514 640 3549 est
669 3520 861 3549 mensura
890 3512 1145 3561 caeterorum,

124 3574 239 3614 iuxta
256 3572 561 3628 proportionem
580 3570 633 3613 ad
651 3571 819 3611 omnino
837 3569 1039 3610 occultum
1066 3582 1149 3613 ser-

426 195 501 231 ΗΒ.
524 196 565 229 Χ.
589 194 641 229 ΒΕ
661 194 857 230 neemiae
877 194 1127 238 somme.
1147 195 1203 231 ET
1223 197 1540 238 CONSEQUENTER
1561 178 1843 238 DE'PRAiLA'l'ss
1861 205 1966 241 mus.

1225 263 1382 302 vandus
1411 266 1471 303 est
1501 262 1600 304 ordo
1630 264 1676 305 in
1707 263 1816 307 uuis.
1848 268 1951 312 Nam
1975 274 2011 315 si
2037 282 2248 328 peccatum,
2275 259 2313 306 5³³?

1224 322 1402 376 proximi
1428 323 1480 363 sit
1498 323 1573 364 uni
1598 324 1665 365 vel
1685 325 1803 366 alteri
1829 332 1994 381 notum,
2015 338 2150 388 quoad
2167 338 2245 381 hoii

1225 388 1355 436 potest
1372 384 1471 423 ordo
1489 384 1559 424 ille
1576 385 1727 426 habere
1737 386 1895 439 locum,
1922 395 1971 431 ut
1991 405 2126 438 eoram
2155 399 2245 442 aliis

1224 457 1307 486 non
1327 446 1581 497 corripiatur,
1596 447 1740 487 saltem
1758 460 1784 487 a
1801 449 2000 503 principio
2011 467 2023 503 ;
2036 459 2132 508 quia
2144 473 2244 513 quo.

1224 506 1274 547 ad
1290 506 1365 546 hoc
1381 505 1504 547 habet
1522 507 1658 547 locum
1677 509 1781 548 ratio
1800 521 1884 550 non
1909 512 2134 559 infamandi
2151 532 2245 572 pro·

1224 568 1396 607 ximum.
1420 569 1628 608 Interdum
1649 570 1772 610 etiam
1792 571 1870 611 erit
1887 575 2002 614 valde
2031 578 2245 629 expediens

1223 629 1353 668 solum
1373 629 1486 681 prius
1506 630 1724 671 admonere
1741 661 1752 679 ‚
1777 632 1919 673 saltem
1939 639 2104 687 propter
2120 641 2245 691 pudo·

1221 702 1307 730 rem
1322 690 1424 741 ejus,
1440 695 1481 731 et
1499 695 1546 731 ut
1560 692 1706 732 melius
1722 694 1891 745 accipiat
1909 695 2243 752 admonitionem,

1222 755 1261 791 et
1278 750 1371 790 talis
1390 756 1522 803 potest
1539 764 1623 793 esse
1643 754 1820 794 conditio
1839 767 2040 807 personae,
2057 762 2102 798 ut
2116 763 2248 811 posset

1222 812 1272 852 ad
1291 813 1368 852 hoc
1387 813 1563 854 charitas
1582 815 1781 866 obligare,
1813 816 1952 857 habito
1983 825 2165 873 respectu
2194 821 2247 866 ad

1221 874 1399 914 fructum
1418 886 1490 926 per
1509 877 1800 916 correctionem
1829 878 2048 930 intentum,
2077 881 2149 934 qui
2167 882 2246 925 for-

1220 939 1324 975 tasse
1363 948 1445 975 uno
1479 937 1600 976 modo
1632 937 1906 990 obtinebitur,
1941 945 1982 980 et
2015 953 2100 983 non
2135 942 2216 984 alio
2227 958 2244 993 3

1220 995 1383 1046 quando
1400 1001 1536 1037 autem
1562 1003 1792 1050 pecccatum
1822 1005 1882 1040 est
1905 1001 2140 1055 simpliciter
2170 1017 2245 1058 pu-

1220 1055 1388 1107 blicum,
1409 1058 1571 1109 publice
1590 1060 1889 1111 corripiendum
1907 1067 1987 1111 est,
2015 1064 2132 1116 juxta
2156 1077 2243 1108 sen·

1219 1119 1388 1158 tentiam
1410 1120 1538 1168 Pauli,
1561 1122 1581 1161 1
1602 1120 1655 1160 ad
1674 1121 1781 1161 Tim.
1797 1125 1822 1162 5
1841 1134 1850 1161 ε
1871 1124 2098 1168 Peccantem
2113 1137 2247 1170 coram

1221 1180 1397 1221 omnibus
1415 1193 1562 1232 aryue,
1587 1186 1632 1223 ut
1651 1186 1689 1223 et
1711 1186 1843 1225 coeteri
1865 1186 2039 1227 timorem
2064 1188 2243 1230 habeant.

1220 1240 1266 1278 In
1283 1253 1363 1291 quo
1381 1243 1505 1283 etiam
1523 1244 1674 1284 servari
1695 1245 1814 1285 debet
1832 1250 1878 1286 ut
1893 1245 1951 1287 ibi
1963 1247 2036 1288 fiat
2053 1249 2144 1289 talis
2161 1261 2245 1291 cor·

1219 1302 1357 1350 rectio,
1381 1303 1451 1343 ubi
1471 1305 1680 1355 publicum
1701 1311 1760 1345 est
1785 1307 1998 1358 delictum,
2027 1321 2110 1350 non
2128 1310 2244 1361 alibi,

1213 1362 1332 1413 juxta
1346 1365 1547 1405 rationem
1564 1366 1796 1416 charitatis3
1817 1380 1907 1420 quae
1927 1372 2065 1410 omnia
2080 1371 2146 1411 vel
2162 1372 2245 1412 vir·

1216 1425 1303 1463 tute
1319 1454 1332 1472 ,
1366 1425 1431 1464 vel
1468 1426 1692 1467 formaliter
1727 1432 1988 1470 continentur
2025 1433 2066 1471 in
2114 1432 2246 1474 verbis

1217 1484 1365 1524 Christi
1389 1498 1472 1525 uno
1489 1487 1553 1526 vel
1572 1488 1652 1527 alio
1675 1489 1796 1529 modo
1815 1492 2017 1542 expositis.
2038 1493 2245 1535 Praedictis

1216 1557 1311 1584 vero
1342 1548 1659 1598 expositionibus
1687 1554 1927 1603 suppositis,
1958 1554 2007 1593 ad
2037 1555 2243 1607 explican-

1215 1605 1310 1647 dam
1329 1612 1370 1647 et
1400 1608 1697 1650 defendendam
1726 1618 1908 1652 nostram
1927 1614 2112 1666 regulam
2131 1627 2244 1658 acce-

1214 1667 1370 1709 damus.

1216 1769 1446 1813 ostenditur
1478 1775 1655 1826 regulam
1686 1776 1901 1819 Societatis
1934 1780 1979 1820 de
2008 1781 2244 1823 correctione

1265 1835 1464 1883 fraterna,
1485 1847 1604 1887 neque
1629 1838 1816 1879 doctrinae
1830 1840 2102 1894 Evanyelicoe,
2124 1851 2244 1893 nequo

1266 1896 1447 1936 naturali
1457 1897 1549 1946 juri
1567 1899 1690 1947 famoe
1706 1900 1924 1943 adversari.

1268 1978 1333 2016 18.
1365 1979 1466 2017 Tota
1485 1979 1700 2019 difficultas
1720 1985 1802 2030 est,
1820 1994 1902 2034 qua
1923 1983 2080 2024 ratione
2098 1984 2242 2037 regula

1211 2039 1435 2087 SocietatiS,
1455 2041 1639 2080 omnium
1659 2041 1906 2092 defectuum,
1921 2044 1986 2084 vel
2001 2045 2239 2097 criminum,

1213 2101 1475 2151 quantumvis
1503 2102 1692 2152 gravium
1711 2107 1751 2143 et
1780 2105 2050 2154 occultorum,
2083 2106 2240 2148 denun-

1211 2162 1422 2202 tiationem
1449 2175 1520 2215 per
1547 2164 1753 2214 quemvis,
1777 2166 1849 2216 qui
1879 2171 1993 2206 extra
2025 2168 2240 2209 confessio-

1211 2235 1306 2264 nem
1330 2235 1376 2263 ea
1397 2226 1620 2275 acceperit,
1658 2229 1890 2278 contempta
1923 2228 2147 2269 monitione
2178 2241 2240 2271 se·

1212 2288 1335 2329 creta,
1357 2284 1445 2324 fieri
1477 2286 1710 2336 permittat;
1742 2291 1781 2326 ct
1811 2287 2077 2329 nihilominus
2107 2290 2239 2332 verbis

1210 2345 1453 2396 Evangelii:
1477 2345 1635 2398 Coro-ipe
1657 2358 1742 2389 eum
1769 2348 1877 2389 inter
1903 2352 1939 2390 τι
1965 2354 2002 2391 et
2019 2351 2151 2402 ipsum
2176 2362 2241 2411 so·⁸

1210 2407 1321 2455 lum,
1351 2407 1495 2447 Matth.
1517 2408 1582 2456 18,
1602 2420 1650 2448 ac
1666 2409 1845 2450 naturali
1865 2414 2063 2463 praecepto
2083 2412 2133 2451 de
2151 2423 2239 2454 mo-

1209 2469 1365 2508 nitione
1384 2468 1692 2521 praemittenda,
1720 2481 1804 2512 non
1823 2470 2082 2512 adversetur?
2104 2472 2237 2516 Facile

1210 2534 1348 2570 tamen
1383 2530 1522 2571 omnia
1553 2534 1879 2585 componuntur,
1912 2531 1946 2577 si
1976 2533 2235 2577 advertamus

1206 2603 1292 2632 non
1325 2602 1407 2631 esse
1448 2591 1618 2633 omnino
1648 2594 1837 2634 eamdem
1867 2595 2084 2642 materiam
2113 2595 2234 2649 hujus

1208 2653 1375 2705 regulae,
1398 2657 1521 2706 atque
1552 2654 1660 2706 juris
1691 2656 1892 2697 naturalis
1919 2661 1958 2696 et
1990 2657 2231 2709 Evangelii3

1207 2724 1304 2754 nam
1322 2713 1465 2766 regula
1484 2715 1678 2767 procedit,
1700 2717 1907 2769 supposita
1930 2718 2232 2761 renuntiatione

1207 2787 1331 2826 quam
1352 2786 1536 2827 expresse
1553 2777 1708 2818 iaciunt
1725 2788 1882 2826 omnes,
1898 2779 1969 2830 qui
1989 2779 2230 2821 Societatem

1204 2836 1511 2887 ingrediuntur,
1539 2838 1812 2878 renuntiando
1840 2840 1954 2879 omni
1977 2840 2064 2891 juri
2090 2840 2230 2892 famae,

1205 2896 1313 2949 quod
1356 2897 1475 2937 dictae
1512 2897 1813 2940 denuntiationi
1851 2905 2032 2953 paternae
2071 2901 2231 2944 obstare

1205 2962 1350 3011 posset,
1380 2963 1425 2997 ut
1450 2970 1545 2999 mox
1564 2961 1837 3010 ostendimus;
1862 2963 2014 3003 volenti
2035 2968 2173 3004 autem
2187 2968 2230 3006 et

1205 3019 1471 3060 consentienti
1488 3020 1600 3060 nulla
1619 3021 1665 3061 fit
1679 3023 1843 3075 injuria.
1868 3024 2116 3077 Praeceptum
2131 3037 2229 3066 vero

1203 3081 1388 3121 naturale
1406 3082 1450 3120 in
1475 3082 1552 3122 hoc
1571 3095 1665 3122 casu
1685 3086 1698 3135 (
1709 3087 1748 3123 et
1766 3084 1876 3125 idem
1902 3090 1960 3124 est
1978 3086 2028 3125 de
2044 3086 2228 3127 doctrina

1203 3140 1365 3191 Christi,
1385 3142 1528 3183 Matth.
1568 3145 1638 3196 18)
1669 3145 1848 3197 procedit
1882 3146 2077 3194 absolute,
2113 3147 2228 3188 nulla

1203 3204 1406 3255 supposita
1440 3205 1767 3256 renuntiatione,
1791 3211 2004 3260 totumque
2031 3208 2227 3249 fundatur

1202 3264 1247 3304 in
1273 3265 1365 3316 jure
1392 3266 1536 3316 famae,
1558 3267 1666 3318 quod
1685 3267 1776 3319 quis
1803 3267 1925 3308 habet
1956 3281 2009 3309 ne
2036 3281 2078 3308 se
2097 3263 2229 3309 invito'

1201 3327 1312 3378 apud
1348 3326 1448 3367 alios
1479 3327 1725 3379 infametur;
1755 3340 1801 3368 ac
1833 3330 2000 3382 proinde
2029 3328 2224 3382 quamdiu

1202 3388 1294 3440 quis
1312 3387 1390 3428 hoc
1413 3389 1503 3441 jure
1522 3401 1606 3428 non
1622 3389 1742 3439 cedit,
1758 3390 1917 3430 tamdiu
1931 3391 2102 3431 materia
2115 3399 2221 3441 proe-

1201 3450 1321 3503 cepti,
1335 3451 1503 3503 ejusque
1520 3451 1712 3503 obligatio
1731 3452 1936 3503 subsistit;
1955 3464 2004 3493 eo
2020 3461 2114 3492 vero
2126 3450 2220 3501 jure

1200 3522 1274 3564 per
1314 3512 1660 3554 renuntiationem
1701 3513 1860 3554 sublato
1874 3543 1888 3563 ,
1928 3513 2220 3563 consequenter

1201 3573 1325 3616 etiam
1343 3577 1386 3615 et
1401 3573 1571 3616 matoria
1601 3577 1643 3615 et
1666 3578 1913 3627 praeceptum
1930 3574 2018 3625 ejus
2041 3571 2215 3615 tollitur.
