2352 3880
124 257 236 302 {118

121 328 338 381 quisitores
351 331 391 367 et
402 326 587 378 Episcopi
603 325 653 366 de
668 326 809 366 multis
827 326 1012 367 delictis
1000 341 1044 368 1n
1059 339 1151 381 par·

123 389 283 431 ticulari
303 389 532 441 inquirunt.
553 389 749 440 Denique,
776 389 873 429 licet
892 389 1152 433 Praelatufin

120 450 198 493 hoc
216 451 423 490 interdum
439 450 548 490 bona
564 451 795 491 intentione
810 453 1015 503 procedat,
1033 453 1151 494 dum-

119 513 241 554 modo
261 513 311 552 ad
335 526 526 565 personas
548 525 632 553 non
651 513 882 564 descendat,
903 527 987 555 non
1010 527 1149 568 pecca-

118 573 181 614 bit
199 575 380 625 graviter
391 590 401 623 3
418 575 514 626 quia
533 575 636 615 illud
652 575 946 617 detrimentum
966 589 1149 617 commu-

118 635 258 676 nitatis
280 636 366 675 fere
384 636 545 676 nullum
566 641 642 686 est,
667 649 766 678 nam
785 638 857 678 illa
874 640 1048 691 suspicio
1064 640 1150 680 iere

117 697 279 738 nullum
304 697 427 737 habet
444 698 777 750 fundamentum,
793 712 869 741 nec
886 701 1040 741 minuit
1055 711 1151 752 pro·

117 757 284 799 hitatem
306 761 624 800 communitatis.

170 823 209 861 6.
243 822 405 862 Tertius
428 822 708 874 inquisitionis
725 820 863 864 modus
883 834 1081 876 quousque
1097 822 1150 866 li·

118 885 219 924 caat.
241 905 294 912 —
309 883 444 922 Tertio
465 887 596 935 potest
615 883 827 934 inquisitio
844 881 936 923 fieri
959 884 1005 924 in
1023 885 1150 937 parti·

117 943 247 984 culari
273 944 322 983 de
346 944 417 982 tali
438 956 624 995 persona,
652 956 744 995 qnae
761 945 886 985 etiam
905 949 1036 997 potest
1056 945 1147 986 fieri

116 1005 162 1045 in
180 1005 418 1058 particulari
436 1005 485 1043 de
505 1004 577 1043 tali
607 1003 772 1054 delicto,
791 1009 839 1047 ut
854 1018 909 1047 an
927 998 1146 1048 Petrus'su-

113 1071 226 1107 ratus
255 1067 395 1113 fuerit,
423 1064 491 1105 vel
519 1065 562 1106 in
592 1067 791 1116 generali,
813 1078 869 1107 an
898 1068 1148 1108 commiserit

114 1127 279 1180 aliquod
313 1127 505 1166 delictum
538 1139 680 1179 grave.
713 1128 763 1167 Et
795 1132 967 1181 uterque
999 1129 1146 1171 modus

114 1189 406 1240 comprehendi
427 1189 528 1227 solet
543 1189 619 1228 sub
639 1189 905 1240 inquisitione
925 1191 1146 1242 particula·

114 1251 166 1300 ri,
186 1251 235 1289 de
256 1263 336 1301 qua
353 1251 582 1289 communis
598 1251 742 1302 regula
760 1256 818 1290 est
834 1264 917 1290 non
933 1252 1054 1292 licere
1069 1252 1145 1293 hu-

108 1311 291 1365 jusmodi
319 1312 604 1363 particularem
634 1313 959 1364 inquisitionem,
980 1314 1059 1354 nisi
1093 1313 1144 1354 de

111 1373 186 1413 tali
213 1385 385 1425 persona
416 1374 617 1425 praecedat
645 1374 817 1413 infamia
838 1376 1143 1427 proportionata

112 1435 275 1482 delicto,
293 1435 342 1473 de
360 1447 441 1486 qua
460 1435 601 1486 regula
619 1436 757 1474 statim
778 1436 973 1476 dicemus.
992 1437 1066 1477 Hic
1081 1448 1143 1477 so·

111 1497 199 1536 lum
226 1497 408 1544 adverto,
440 1496 604 1547 quando
632 1496 720 1536 haec
750 1498 960 1549 inquisitio
986 1511 1072 1539 non
1098 1498 1145 1538 fit

112 1559 320 1599 occasione
357 1559 531 1610 alicujus
568 1558 705 1598 delicti
743 1559 897 1612 publici
928 1559 981 1599 ad
1012 1559 1143 1601 vindi-

113 1620 290 1660 candum
309 1619 428 1670 illud,
449 1620 515 1660 vel
538 1620 763 1660 tollendum
793 1621 1047 1670 scandalum,
1080 1622 1145 1663 vel

112 1682 307 1732 injuriam
326 1712 335 1727 ‚
371 1682 439 1720 sed
469 1681 516 1720 fit
552 1686 714 1722 tantum
745 1683 869 1722 titulo
901 1683 1145 1723 visitationis

111 1743 269 1782 ratione
288 1743 426 1792 officii,
452 1746 494 1782 et
516 1744 676 1784 usitatae
697 1744 1024 1795 gubernationis,
1047 1750 1148 1786 tunc

111 1804 448 1844 considerandam
478 1817 563 1845 esse
591 1818 833 1858 personam,
866 1807 932 1847 vel
961 1818 1145 1848 commu·

113 1867 301 1915 nitatem,
337 1866 388 1905 ad
426 1878 550 1917 quam
584 1867 738 1908 directe
769 1868 983 1909 ordinatur
1010 1873 1051 1909 et
1082 1869 1145 1909 in·

112 1927 299 1966 stituitur
323 1927 518 1966 visitatio.
539 1928 643 1967 Nam
676 1929 711 1968 si
742 1929 921 1969 visitatio
955 1930 1146 1982 dirigitur

112 1988 165 2028 ad
192 1992 321 2026 totam
359 1989 722 2038 communitatem,
743 2002 828 2029 non
855 1990 949 2031 licet
980 1991 1032 2031 de
1062 2001 1144 2030 uno

111 2050 367 2100 interrogare
402 2051 536 2100 magis
576 2050 625 2093 in
657 2050 896 2102 particulari
932 2062 1058 2104 quam
1095 2051 1145 2093 de

111 2111 215 2160 aliis,
236 2111 316 2149 nisi
342 2112 597 2163 praecedente
628 2111 803 2153 infamia
839 2114 1147 2164 proportionata

110 2173 442 2224 interrogationi,
472 2172 515 2212 id
547 2175 624 2222 est,
645 2173 711 2214 vel
730 2174 781 2214 de
806 2174 881 2213 tali
903 2175 1018 2224 vitio,
1040 2176 1074 2216 si
1095 2175 1146 2217 de

111 2234 182 2275 illo
214 2234 286 2274 fiat
312 2233 597 2285 iuterrogatio,
615 2234 683 2275 vel
705 2233 756 2275 de
775 2234 863 2275 vita
890 2237 982 2287 eJus
1006 2236 1052 2278 in
1077 2247 1146 2290 ge·

109 2308 223 2344 nere,
242 2296 349 2347 quod
369 2297 421 2334 sit
438 2296 575 2334 minus
594 2295 724 2347 proba
738 2295 804 2337 vel
823 2296 1027 2349 religiosa,
1045 2297 1146 2339 side

109 2357 195 2397 vita
214 2358 304 2409 ejus
322 2361 484 2396 tantum
504 2357 729 2409 inquiritur
742 2388 757 2408 ,
777 2360 874 2410 quia
892 2362 993 2398 tunc
1009 2359 1145 2400 locum

110 2418 236 2459 habet
269 2419 415 2471 regula
446 2420 599 2471 posita,
631 2423 673 2460 et
706 2421 848 2460 omnia
877 2419 1147 2462 fundamenta

111 2481 198 2533 ejus
219 2481 328 2521 intra
355 2480 567 2520 tradenda.
588 2480 644 2521 At
660 2482 694 2523 si
711 2480 890 2522 visitatio
907 2482 1147 2523 instituatur

111 2542 155 2582 in
181 2541 421 2594 particulari
445 2543 496 2582 de
514 2543 654 2595 aliqua
670 2555 845 2595 persona
872 2544 1031 2584 ratione
1049 2555 1146 2596 spe·

110 2602 222 2646 cialis
250 2604 447 2653 muneris.
474 2608 574 2643 tune
592 2605 751 2646 licitum
771 2609 833 2644 est
849 2606 892 2646 in
908 2606 1146 2659 particulari

112 2665 161 2704 de
191 2665 262 2704 illa
283 2665 538 2716 interrogare
557 2667 645 2706 sine
667 2667 752 2707 ulla
771 2667 923 2719 praevia
954 2667 1142 2718 infamia,

112 2728 315 2778 quomodo
338 2738 381 2766 se
405 2732 522 2778 gerat
539 2727 584 2768 in
602 2740 678 2769 suo
692 2740 880 2778 munere,
901 2728 968 2770 vel
987 2729 1145 2782 aliquid

111 2787 156 2829 in
193 2800 240 2828 ea
271 2793 458 2828 notatum
486 2790 611 2829 fuerit
630 2821 640 2838 ,
669 2800 755 2831 non
783 2791 1063 2831 descendendo
1093 2790 1145 2832 acl

111 2849 387 2901 particularia.
419 2851 540 2891 Ratio
568 2855 650 2900 est,
670 2851 792 2904 quia,
817 2853 922 2892 sicut
941 2853 986 2894 in
1006 2853 1143 2894 visita-

110 2910 222 2951 tione
241 2913 545 2952 communitatis
568 2913 771 2964 generalis
788 2914 1056 2965 interrogatio
1074 2926 1143 2955 ne-

111 2973 283 3013 cessaria
303 2977 362 3011 est
390 2973 443 3012 ad
469 2973 744 3013 inchoandam
762 2975 1066 3024 visitationem,
1084 2975 1143 3015 ita

109 3044 205 3074 cum
224 3033 402 3072 visitatio
421 3046 494 3085 per
512 3047 555 3074 se
577 3036 814 3075 instituatur
832 3035 883 3076 de
911 3036 1143 3077 Provincia-

110 3094 157 3144 li,
177 3095 291 3135 verbi
318 3095 464 3146 gratia,
486 3097 713 3136 necessario
741 3096 973 3136 inchoanda
993 3103 1053 3137 est
1072 3109 1145 3151 per

111 3156 400 3209 particularem
443 3157 807 3209 interrogationem
852 3159 987 3214 quoad
1033 3159 1145 3201 illius

111 3230 356 3270 personam,
388 3218 619 3269 generalem
642 3231 740 3258 vero
770 3218 820 3259 de
855 3219 1037 3259 moribus
1072 3223 1144 3260 aut

114 3279 260 3320 officio.
291 3281 393 3319 Item
407 3310 420 3330 ,
443 3279 539 3332 quia
557 3283 659 3320 tunc
686 3279 801 3319 nulla
821 3286 1040 3331 generatur
1057 3293 1141 3322 sus-

113 3341 220 3395 picio
240 3341 290 3381 de
310 3342 382 3380 tali
405 3354 594 3394 persona,
615 3341 773 3382 etiamsi
792 3341 841 3380 de
861 3342 931 3381 illa
951 3342 997 3382 in
1016 3343 1142 3394 parti-

113 3403 241 3444 culari
263 3403 334 3442 fiat
355 3403 620 3454 interrogatio
634 3413 649 3454 3
667 3403 752 3454 jam
775 3403 886 3443 enim
916 3408 1074 3443 constat
1095 3404 1142 3446 il-

112 3462 198 3503 lam
217 3477 301 3504 non
325 3464 417 3503 fieri
435 3469 600 3516 propter
629 3464 844 3518 specialem
869 3465 1141 3517 suspicionem

114 3537 204 3578 qua>
223 3527 272 3566 de
287 3526 358 3566 illa
371 3525 560 3576 habetur,
579 3527 648 3566 sed
665 3527 761 3580 quia
771 3519 842 3567 illa'
855 3531 915 3567 est
928 3528 1141 3580 proprium

113 3590 157 3627 et
175 3588 347 3639 speciale
367 3588 587 3641 obJectum,
605 3591 651 3628 ut
672 3590 728 3629 sic
745 3589 891 3639 dicam,
913 3589 1058 3630 talium
1081 3590 1143 3631 vi-

115 3647 370 3699 sitationum.
401 3652 458 3694 De
486 3651 722 3700 particulari
758 3656 896 3695 autem
922 3652 1022 3694 vitio
1053 3652 1142 3706 ejus

1131 3768 1146 3788 Ο

404 264 483 298 Lm
503 262 545 298 Χ
567 262 622 298 ΒΕ
641 262 842 297 REGMNE
856 262 1105 306 sociamus,
1126 264 1185 300 m·
1202 263 1522 306 CONSEQUENTER
1541 264 1596 300 DE·
1615 260 1830 302 ramus
1845 255 1954 307 11118.
2255 291 2257 294 -
2277 315 2281 317 Δ
2303 317 2308 325 ἱ

1203 327 1449 379 interrogari
1480 339 1564 367 non
1594 328 1766 380 poterit,
1787 329 1869 369 nisi
1890 331 2096 383 pmudgt
2126 335 2263 379 mm

1203 391 1302 440 mia,
1325 393 1493 442 propter
1510 390 1716 429 rationem
1733 386 2000 435 contrafiim.

1256 453 1296 492 7
1325 451 1423 494 Non
1450 452 1891 504 revelandum-juridice)
1913 454 1959 495 in
1983 454 2229 502 m‘ettattun-
2281 467 2315 512 „g

1206 513 1276 554 bns
1311 512 1536 553 ordinariis
1563 513 1669 566 quod
1700 513 1895 555 occultam
1927 518 2004 557 est.
2021 536 2075 549 —··
2092 521 2228 572 Atque
2294 505 2313 566 ζ

1202 574 1261 615 hil
1269 586 1300 613 e
1335 574 1552 626 sequitur,
1584 574 1628 614 in
1655 573 1892 626 hujusmodi
1929 569 2228 626 visitati-{nibus
2278 603 2279 606 =

1203 648 1287 676 non
1308 636 1443 674 teneri
1461 635 1670 675 subditum
1689 636 1990 688 interrogatum
2014 641 2138 679 etiam
2155 630 2230 683 εὖ

1201 699 1262 749 ju
1260 701 1437 736 amento
1457 696 1509 735 ad
1529 697 1876 738 manifestandum
1898 711 1991 738 eum
2011 710 2136 751 quem
2162 698 2232 743 de-

1204 759 1243 803 li«
1255 760 1370 811 ,puisse
1389 760 1518 808 novit,
1539 759 1703 810 quando
1722 759 1824 799 adeo
1845 761 2000 800 occulta
2017 766 2077 802 est
2094 766 2285 814 perso&

1202 833 1240 861 n:
1264 851 1272 866 ,
1294 824 1339 860 ut
1359 821 1473 860 nulla
1501 821 1673 860 infamia
1699 821 1870 862 laboret.
1900 822 1946 862 In
1973 834 2056 875 quo
2084 827 2230 865 conve-¹

1203 947 1275 992 est,
1295 943 1391 994 quia
1400 944 1528 994 judex
1543 955 1628 983 non
1649 943 1845 995 potestde
1861 945 1934 983 tali
1947 956 2119 997 persona
2131 945 2230 997 juri·

1200 1005 1291 1044 dice
1309 1004 1588 1056 interrogare3
1607 1016 1704 1056 ergo
1720 1017 1853 1058 neque
1871 1006 1976 1046 alter
1993 1010 2159 1046 tenetur
2169 1017 2231 1047 reb
2278 924 2306 1030 ’ῗῗ

1201 1066 1398 1118 spondere
1418 1066 1531 1106 illam
1542 1078 1759 1119 personam
1771 1067 2086 1108 manifestando.
2098 1067 2229 1116 Unde,

1199 1126 1296 1170 li1et
1328 1127 1525 1168 Praelatus
1558 1127 1743 1167 absolute
1782 1128 2010 1181 interroget
2027 1158 2040 1176 ,
2071 1139 2233 1182 semper

1200 1190 1536 1240 subintelligitur,
1559 1201 1615 1229 an
1640 1189 1792 1229 subditi
1810 1191 1942 1230 sciant
1963 1189 2162 1230 delictum
2179 1189 2232 1231 de
2289 1199 2312 1242 j.

1199 1252 1352 1304 a'iquo,
1372 1252 1445 1302 qui
1475 1251 1525 1292 de
1554 1251 1628 1291 tali
1650 1251 1798 1292 delicto
1825 1253 2048 1292 infamatus
2069 1252 2153 1301 sit}
2173 1252 2232 1293 ita
2292 1279 2346 1315 3(-

1198 1312 1283 1354 tre
1302 1312 1347 1353 D.
1373 1313 1551 1352 Thomas
1571 1313 1613 1353 2.
1634 1314 1659 1353 2
1669 1343 1684 1363 ,
1706 1317 1850 1366 quaest.
1869 1315 1936 1364 33,
1964 1318 2039 1354 art.
2062 1315 2103 1363 7,
2117 1311 2171 1354 ad
2188 1314 2230 1364 5,

1200 1378 1241 1416 εἰ
1258 1374 1317 1414 ibi
1335 1373 1571 1425 Cajetanus,
1592 1375 1704 1422 Soto,
1727 1379 1768 1415 et
1785 1375 1856 1414 alii
1884 1376 1992 1415 infra
2011 1374 2229 1416 referendi.

1198 1435 1312 1476 Lices
1335 1450 1344 1475 ι
1378 1448 1477 1486 erge
1500 1440 1639 1488 peccat
1673 1436 1871 1476 Praelatus
1904 1437 2145 1489 simpliciter
2170 1436 2232 1477 in-

1197 1498 1461 1547 terrogando,
1482 1499 1579 1548 quia
1606 1498 1765 1549 praebet
1791 1499 2047 1538 occasionem
2067 1499 2131 1538 his
2159 1498 2233 1551 qui
2338 1547 2347 1559 ι

1200 1564 1297 1598 sunt
1324 1559 1463 1598 minus
1496 1558 1733 1610 prudentes,
1752 1560 1963 1600 revelandi
1990 1563 2155 1612 peccata
2173 1569 2233 1600 se·
2301 1561 2306 1590 f·
2343 1566 2345 1570 '

1199 1625 1309 1660 creta
1336 1624 1378 1660 et
1395 1619 1641 1660 infamandi.
1677 1621 1986 1673 Respondetur:
2008 1623 2066 1661 ita
2082 1622 2233 1661 fatetur

1199 1682 1365 1732 Navar.,
1385 1682 1569 1722 corollar.
1599 1682 1668 1731 47,
1694 1694 1738 1725 n.
1767 1685 1858 1730 179,
1879 1683 1974 1722 dict.
2002 1693 2091 1734 cap.
2116 1683 2233 1724 Inter

1200 1744 1345 1793 verba,
1379 1743 1517 1783 dicens
1551 1743 1668 1783 illum
1698 1744 1867 1784 modum
1902 1743 2234 1794 interrogationis

1198 1817 1285 1847 esse
1304 1811 1445 1844 contra
1460 1807 1543 1856 J'uS,
1562 1806 1607 1845 in
1624 1818 1712 1858 cap.
1735 1806 1916 1854 Qualiter
1939 1810 1976 1846 et
1995 1807 2164 1857 quando,
2182 1805 2233 1846 de

1198 1866 1554 1907 Accusationibus.
1582 1866 1660 1906 Ubi
1688 1867 1948 1906 Innocentius
1970 1867 2019 1905 1Ι[
2042 1865 2234 1917 proponit

1198 1928 1376 1969 formam
1406 1928 1648 1968 servandam
1669 1928 1713 1967 in
1732 1928 1970 1979 hujusmodi
1990 1927 2233 1967 visitationi-

1199 1988 1277 2030 bus
1297 1988 1570 2042 generalibus,
1588 1993 1634 2029 ut
1642 1989 1786 2041 jurent
1805 1989 1971 2037 subditi,
1995 1990 2098 2041 quod
2112 1997 2232 2040 super

1198 2050 1278 2098 liis,
1292 2063 1380 2105 quoe
1398 2051 1547 2100 sciunt,
1563 2052 1626 2093 vel
1639 2052 1806 2094 credunt
1823 2062 1905 2093 esse
1923 2051 1969 2093 in
1985 2062 2061 2093 seca
2073 2050 2233 2093 ecclesia

1200 2113 1500 2164 reformandum
1519 2114 1661 2155 tamin
1674 2114 1816 2164 capite,
1830 2123 1949 2166 quam
1967 2113 2012 2154 in
2031 2112 2229 2159 membris,

1201 2175 1376 2226 exceptis
1397 2175 1561 2216 occultis
1581 2175 1831 2223 criminibus,
1851 2185 2003 2214 meram
2020 2178 2058 2215 οι
2071 2174 2232 2227 plenam

1199 2238 1335 2280 dicant
1352 2236 1589 2290 inquisitori
1604 2236 1826 2278 veritatem.
1852 2236 1936 2276 Hoc
1955 2246 2054 2287 ergo
2068 2235 2231 2274 videtur

1199 2298 1383 2352 profecto
1401 2297 1701 2338 observandum
1715 2310 1741 2337 a
1757 2295 2050 2346 visitatoribus,
2067 2295 2231 2348 quando

1200 2372 1227 2401 a
1243 2359 1422 2401 subditis
1445 2360 1620 2411 exigunt
1638 2363 1686 2399 ut
1703 2360 1841 2398 statim
1870 2358 2144 2411 respondeant
2156 2387 2171 2408 ‚
2187 2360 2232 2399 et
2319 2403 2326 2407 ,

1201 2421 1301 2461 alias
1317 2434 1401 2461 non
1416 2425 1515 2460 sunt
1529 2421 1626 2461 satis
1644 2421 1835 2460 instructi
1857 2424 1899 2460 et
1927 2421 2161 2472 prudentes,
2183 2422 2232 2459 ut

1200 2484 1330 2524 sciant
1346 2483 1397 2524 de
1416 2483 1567 2535 quibus
1586 2484 1740 2535 possint
1758 2482 1865 2522 licite
1884 2485 1956 2522 aut
1976 2481 2152 2521 debeant
2167 2491 2231 2522 re·

1200 2546 1412 2599 spondere.
1435 2545 1478 2585 Si
1496 2548 1637 2584 autem
1655 2556 1740 2583 non
1762 2548 1938 2583 coarctet
1953 2547 1999 2582 ut
2015 2543 2151 2583 statim
2168 2553 2229 2583 re-

1199 2607 1443 2659 spondeant,
1466 2617 1550 2645 non
1576 2606 1708 2646 oberit
1727 2605 1930 2657 generalis
1947 2603 2226 2655 interrogatio,

1198 2671 1247 2709 nt
1280 2672 1518 2720 trequenter
1542 2666 1633 2707 fieri
1655 2666 1756 2706 solet
1777 2667 1822 2707 iu
1842 2666 1998 2706 delictis
2029 2663 2229 2717 generali-

1198 2727 1295 2779 hus3
1315 2731 1387 2782 qui
1400 2729 1512 2769 locus
1527 2729 1777 2776 conceditur,
1795 2730 1843 2767 ut
1856 2728 1979 2766 etiam
1994 2726 2228 2777 ignorantes

1198 2792 1355 2845 possint
1383 2790 1596 2830 consulere
1621 2789 1721 2828 alios
1747 2788 1967 2830 doctiores,
1985 2791 2034 2826 ut
2051 2787 2228 2839 pruden-

1197 2856 1267 2893 ter
1293 2852 1580 2903 respondeant.
1608 2850 1818 2899 Similiter,
1847 2848 2012 2900 quando
2041 2848 2228 2888 subditus

1198 2917 1260 2955 est
1281 2913 1530 2953 sufficienter
1556 2911 1778 2960 discretus,
1800 2914 1932 2962 potest
1954 2909 2142 2949 absolute
2163 2909 2227 2951 iu-

1194 2979 1420 3026 terrogare,
1441 2974 1602 3013 etiamsi
1621 2974 1759 3012 statim
1780 2972 1926 3012 debeat
1955 2970 2223 3023 responderez

1197 3039 1240 3077 et
1255 3036 1314 3076 ita
1333 3036 1377 3074 in
1397 3035 1520 3074 simili
1543 3034 1760 3074 annotavit
1787 3033 1899 3074 idem
1917 3033 2135 3084 Navarrus,
2160 3043 2224 3075 co-
2279 3051 2289 3099 ⁸¹5
2326 3089 2334 3092 μ

1197 3096 1273 3139 rol.
1293 3098 1361 3145 67,
1380 3108 1497 3137 num.
1520 3098 1600 3137 434
1616 3100 1656 3136 et
1673 3096 1768 3136 435.

1249 3158 1290 3198 8.
1321 3159 1468 3201 Prima
1485 3159 1647 3210 obj‘ectio
1677 3162 1816 3199 contra
1830 3157 2015 3210 proxime
2032 3155 2156 3197 dicta.
2172 3173 2224 3188 -
2268 3178 2286 3212 ς,
2312 3159 2328 3213 ζ

1198 3220 1277 3262 Sed
1312 3221 1434 3272 objici
1462 3224 1608 3272 potest,
1633 3219 1732 3272 quia
1749 3218 1935 3258 subditus
1955 3221 2086 3270 potest
2116 3216 2224 3257 licite
2271 3210 2287 3258 s's
2314 3227 2327 3232 ·

1196 3281 1439 3323 denuntiare
1463 3281 1633 3322 Praelato
1658 3280 1740 3319 tale
1762 3280 1933 3328 crimen,-
1956 3277 2119 3318 etiamsi
2139 3287 2223 3318 nun
2278 3319 2279 3324 ,
2308 3307 2322 3339 3

1195 3345 1445 3396 praecesserit
1462 3343 1648 3391 infamia,
1662 3342 1781 3393 juxta
1799 3337 1911 3380 dicta
1928 3340 1974 3380 in
1996 3351 2031 3380 c.
2054 3338 2103 3387 ὃς
2125 3350 2222 3391 eng)
2271 3338 2289 3362 “⁴
2305 3341 2325 3349 ⁴·

1196 3402 1416 3446 Praelatus'
1406 3417 1451 3444 111
1469 3403 1652 3456 generali
1668 3402 1898 3442 visitatione
1913 3403 2044 3454 potest
2061 3399 2104 3439 eie
2116 3406 2220 3451 pm-

1197 3468 1361 3519 cipere,
1391 3470 1439 3506 ut
1473 3464 1705 3506 manifestet
1735 3473 2050 3532 quemcumque
2060 3457 2219 3500 nouerit

1195 3529 1431 3582 deliquisse,
1454 3527 1717 3580 quantumvis
1736 3525 1916 3565 occultus
1934 3528 1974 3564 et
1998 3522 2086 3562 sine
2114 3518 2219 3560 infa-
2317 3514 2320 3518 ’

1195 3592 1279 3631 mia
1298 3591 1364 3630 sit.
1385 3590 1667 3642 Respondetur
1683 3586 1878 3639 negando
1891 3582 2134 3624 antecedens
2155 3580 2220 3620 in-
2256 3584 2262 3632 ζ
2282 3627 2290 3641 .
2319 3606 2327 3643 5

1195 3653 1406 3694 tellectum
1423 3652 1474 3692 de
1489 3651 1799 3691 denuntiatione
1811 3644 2012 3702 judiciali,
2034 3654 2126 3696 quae
2146 3652 2221 3696 per
2259 3706 2277 3715 Α,
2318 3674 2327 3705 ··.

2278 825 2313 915 ibi

1202 893 1231 924 n
1253 886 1324 922 unt
1349 894 1490 921 omnes
1516 883 1706 922 Doctores
1724 883 1832 922 infra
1850 883 2019 924 citandi.
2046 883 2098 924 Et
2126 883 2229 925 ratio
2284 901 2309 966 >5⁴4¹

2275 569 2314 756 Ξ
