2352 3880
0 261 50 347 {i

371 217 461 254 citt).
484 216 531 255 fle
550 217 606 253 AN
627 217 873 254 rita-:mermi
894 217 1036 254 vorum
1055 219 1229 261 mmmm·
1249 221 1379 259 Briau
1399 196 1650 265 PRAECEEENS
1669 230 1971 271 mmmcmlii.

108 292 153 334 et
171 291 235 331 est
251 290 495 332 solemnitas
510 290 819 339 substantialis,
839 302 932 342 quae
951 291 1020 343 (ut
1033 294 1146 333 tomo
1200 285 1463 339 subsequens
1481 293 1803 346 matrimonium,
1827 299 1939 350 quod
1958 297 2081 340 durat
2102 313 2234 356 usque

22 387 29 392 .
105 363 246 406 super.
261 353 455 407 diximus)
465 354 652 394 consistit
670 354 714 393 in
732 354 882 393 virtute
897 353 1058 400 morali,
1072 366 1146 395 seu
1200 347 1254 387 fid
1271 361 1429 388 anuum
1447 352 1567 400 1584,
1585 354 1628 392 in
1648 368 1730 406 quo
1759 359 1984 413 Gregorius
2012 362 2104 405 XIII
2133 377 2231 417 prae.
2306 373 2312 377 ⁸

2157 237 2236 280 705

105 411 229 467 legali
249 415 303 455 ad
327 416 583 456 reddendam
602 427 824 466 personam
844 414 1069 456 inhabflem
1090 416 1145 456 ad
1198 408 1351 450 dictam
1370 413 1707 455 constitutionem
1731 421 1870 463 edidit.
1890 423 2014 464 Aliud
2032 429 2094 466 est
2132 429 2232 468 tem-

105 476 432 517 matrimonium.
458 477 732 517 confirmatur
758 477 909 529 primo,
931 479 1029 530 quia
1046 482 1141 519 vota

104 537 354 590 religionum
367 539 621 586 militarium,
638 550 733 577 cum
760 539 911 589 quibus
926 540 1141 591 dispensa-

105 602 197 640 tum
209 612 294 639 non
309 603 386 649 est,
405 600 544 650 quoad
562 600 877 640 matrimonium
894 602 1139 642 contrahen-

103 659 219 709 dum,
235 664 280 700 ut
298 665 391 700 vota
412 661 590 700 militum
606 660 646 701 S.
672 662 863 712 Joannis,
889 676 938 703 eo
958 665 1047 716 ipso
1076 664 1140 703 di-

100 721 256 762 rimunt
274 723 582 762 matrimonium
602 724 843 775 praecedens
854 729 1006 774 ratum,
1018 725 1140 777 juxta

101 783 306 826 veriorem
326 788 366 824 et
388 785 520 837 magis
556 783 784 838 receptam'
803 788 1069 837 sententiam,
1092 791 1139 828 ut

101 844 250 887 eodem
276 850 387 886 tomo
419 847 555 887 visum
590 852 673 895 est;
699 861 799 899 ergo
826 849 1030 898 similiter,
1052 853 1133 890 etc.

98 906 370 948 confirmatur
386 909 584 957 secundo,
608 910 707 961 quia
739 911 844 949 nihil
865 915 926 950 est
953 911 995 950 in
1016 911 1133 950 insti-

98 971 186 1009 tuto
205 970 419 1010 Societatis
448 971 560 1022 quod
585 972 681 1011 huic
707 972 872 1012 effectui
906 976 1128 1023 repugnet.

98 1031 202 1080 Quia
221 1033 536 1072 constitutiones
554 1045 638 1072 non
669 1034 890 1084 prohibent
907 1035 1131 1084 quominus

97 1094 226 1144 recipi
261 1094 414 1144 possit,
450 1095 521 1146 qui
556 1095 866 1134 matrimonium
907 1097 1128 1146 contraxit,

98 1154 324 1196 dummodo
357 1155 459 1194 illud
484 1166 566 1195 non
592 1157 956 1204 consummaverit,
982 1162 1027 1198 ut
1054 1170 1131 1210 per

98 1219 387 1268 argumentum
423 1228 450 1256 a
491 1217 697 1255 contrario
745 1218 952 1268 colligitur
987 1231 1038 1258 ex
1062 1233 1128 1260 ca-

96 1277 182 1330 pite
206 1279 232 1318 2
256 1277 458 1324 Examin„
481 1276 505 1328 ἓ
526 1277 564 1316 4.
597 1277 720 1316 Juxta
755 1279 868 1328 quod
896 1279 1128 1332 intelligen-

96 1340 195 1380 dum
212 1343 274 1380 est
304 1339 414 1390 quod
445 1338 578 1390 prima
608 1343 726 1390 parte
763 1339 1124 1391 Constitutionum‚

94 1412 182 1452 cap.
208 1401 342 1449 tertio,
364 1400 387 1452 ἓ
406 1401 446 1448 6,
469 1400 659 1440 absolute
685 1401 849 1449 dicitur,
874 1403 1124 1444 matrimonii

92 1462 303 1503 vinculum
339 1475 430 1502 esse
450 1462 808 1514 impedimentum,
830 1468 908 1504 etc.
931 1466 1035 1505 Nam
1068 1466 1125 1505 ibi

92 1524 216 1565 etiam
231 1525 452 1564 declaratio
470 1525 660 1572 advertit,
686 1526 718 1565 si
753 1527 922 1566 accedat
949 1540 1126 1567 consen-

91 1598 162 1627 sus
181 1587 383 1638 conjugis,
409 1591 448 1626 et
469 1586 564 1634 alia,
591 1598 683 1637 quae
716 1589 897 1627 Ecclesia
932 1591 1121 1640 requirit,

92 1646 283 1690 desinere
317 1661 406 1688 esse
440 1648 807 1699 impedimentum;
832 1654 874 1689 at
902 1650 944 1689 in
982 1653 1124 1691 matri-

90 1710 230 1750 monio
247 1722 331 1749 non
356 1715 656 1759 consummato,
676 1712 857 1751 Ecclesia
882 1725 965 1751 non
984 1715 1125 1764 requi-

90 1772 142 1812 rit
160 1785 407 1812 consensum
430 1773 638 1824 conjugis;
662 1785 760 1825 ergo
789 1775 940 1825 ligatus
960 1776 1123 1815 vinculo

88 1834 337 1873 matrimonii
366 1835 442 1873 rati
460 1839 596 1885 potest
623 1835 666 1873 in
699 1836 949 1875 Societatem
968 1838 1121 1888 recipi;

88 1906 187 1947 ergo
211 1896 421 1935 vinculum
455 1895 556 1934 illud
585 1898 721 1946 potest
741 1896 908 1936 dissolvi
934 1910 1008 1948 per
1028 1903 1123 1938 vota

88 1962 297 2009 acceptata
325 1959 367 1997 in
398 1958 476 1997 hac
502 1958 719 2010 religione.
739 1959 905 2010 Alioqui
933 1964 1123 2001 maneret

87 2019 233 2072 aliquis
251 2032 347 2060 vere
369 2021 603 2072 religiosus,
628 2025 668 2062 et
700 2021 836 2060 adhuc
862 2022 1014 2072 ligatus
1033 2023 1122 2062 vin-

86 2081 178 2122 culo
203 2082 456 2121 matrimonii
495 2083 588 2131 rati,
622 2082 749 2121 invita
774 2084 974 2134 conjuge3
1010 2085 1122 2135 quod

87 2147 128 2184 et
156 2147 363 2194 repugnat
400 2144 522 2183 statui
555 2144 784 2196 religionis,
802 2149 843 2184 et
873 2145 990 2184 alteri
1024 2158 1120 2185 con-

87 2204 172 2256 jugi
210 2209 317 2244 esset
358 2217 597 2253 onerosum,
634 2206 699 2245 vel
721 2210 861 2257 posset
895 2219 1017 2247 suum
1051 2208 1122 2259 jus

88 2265 468 2318 exigere,essetque
489 2268 547 2306 illi
566 2268 842 2307 reddendum.
864 2270 1002 2308 Tertio
1025 2282 1121 2308 con-

87 2325 273 2367 firmatur
304 2340 354 2367 ex
378 2329 489 2367 bulla
518 2330 542 2369 3
575 2330 631 2368 Pii
660 2330 710 2379 V,
745 2342 854 2369 anno
895 2333 1013 2379 1571,
1047 2332 1118 2370 ubi

86 2388 275 2428 concedit
294 2390 484 2428 omnibus
517 2390 719 2441 religiosis
738 2392 969 2439 Societatis,
993 2393 1118 2431 etiam

85 2450 358 2499 scholaribus,
380 2455 424 2490 ut
450 2463 594 2490 omnes
622 2452 913 2503 dispositiones
942 2454 983 2492 in
1004 2454 1120 2494 favo-

85 2523 175 2552 rem
192 2513 367 2551 alicrum
398 2512 651 2565 regularium
677 2514 795 2554 factae
814 2515 858 2552 in
886 2515 944 2554 eis
983 2515 1119 2555 locum

85 2573 278 2613 habeant.
315 2573 396 2612 Sed
438 2574 550 2624 quod
571 2579 711 2614 votum
738 2576 936 2615 castitatis
956 2576 1120 2617 dirimat

84 2635 391 2675 matrimonium
421 2635 536 2686 prius
577 2641 852 2685 contractum,
880 2642 921 2677 et
955 2643 1118 2677 tantum

85 2700 234 2746 ratum,
257 2701 317 2736 est
350 2696 541 2746 quaedam
563 2697 774 2747 dispositio
795 2699 901 2750 juris
937 2701 1118 2739 maxime

84 2758 315 2799 favorabilis
333 2758 538 2809 religioni,
559 2763 605 2798 ut
622 2761 674 2799 ab
694 2761 766 2799 illa
792 2773 877 2800 non
898 2765 1119 2801 arceantur

86 2821 158 2872 qui
176 2820 262 2860 solo
290 2821 550 2860 matrimonio
570 2827 659 2862 rato
679 2823 798 2875 ligati
818 2827 939 2871 sunt;
960 2828 999 2862 et
1018 2824 1118 2875 ipsis

86 2881 304 2934 religiosis,
331 2886 376 2922 ut
397 2882 450 2922 ad
479 2882 668 2924 altiorem
700 2887 855 2927 statum
889 2885 1117 2926 ascendere

86 2944 268 3000 possint3
294 2956 406 2996 ergo.

138 3005 180 3047 3.
197 3005 408 3047 Sententia
426 3007 604 3049 auctoris
618 3018 768 3060 neyans
787 3012 823 3050 ec
841 3008 986 3058 verior,
999 3019 1117 3062 quam

76 3054 251 3107 'ibadam
269 3068 389 3109 etiam
424 3069 610 3122 Vct-equa,
630 3072 669 3109 1.
693 3071 790 3126 21⁰³·
815 3073 906 3118 165,
930 3083 1015 3124 cap.
1044 3074 1119 3120 10,-

90 3123 282 3175 Sanohez,
297 3128 327 3168 Ζ.
348 3131 373 3168 2
390 3129 434 3170 de
445 3131 720 3180 Matrimonio,
741 3133 843 3183 disp.
868 3134 933 3181 18,
949 3145 1056 3174 num.
1076 3134 1117 3173 6.

91 3185 322 3230 -Notatio
339 3191 672 3243 adprobationem
692 3194 736 3234 de
768 3195 921 3246 duplici
950 3199 1120 3246 temporo

91 3246 312 3289 Societatis
331 3254 422 3291 ante
456 3258 490 3292 ec
522 3259 613 3306 post
646 3255 881 3310 Greqorium
913 3257 1051 3297 XIII.
1064 3279 1115 3287 -

89 3307 301 3349 Contraria
320 3313 525 3352 sententia
542 3314 796 3367 frequentius
818 3330 842 3358 a
861 3318 959 3359 viris
986 3319 1117 3359 doctis

88 3370 300 3422 recipitur,
318 3373 505 3424 mihique
524 3385 686 3428 semper
707 3380 844 3419 verior
866 3392 915 3420 ac
936 3381 1119 3421 securior

87 3430 176 3472 visa
195 3436 270 3473 est.
298 3435 349 3474 Ut
370 3439 509 3474 autem
531 3447 622 3475 eam
643 3439 951 3490 confirmemus,
975 3442 1117 3482 distin-

14 3507 35 3538 χ
90 3504 267 3544 guamus
298 3496 404 3536 duos
424 3501 568 3546 status,
594 3510 667 3537 seu
700 3501 782 3540 duo
810 3506 998 3556 tempora
1027 3516 1120 3556 quae

27 3574 35 3597 ς
89 3553 328 3606 hujusmodi
350 3563 444 3598 vota
460 3560 710 3600 habuerunt.
730 3561 865 3603 Unum
890 3570 966 3614 est,
987 3577 1120 3618 quan-

28 3639 67 3675 Γ
89 3613 144 3656 do
181 3629 264 3659 non
305 3621 539 3663 reddebant
559 3626 788 3668 voventem.
807 3623 1036 3672 inhabilem
1061 3627 1120 3671 ad

33 3669 52 3705 ᾇ

0 3711 86 3880 ii·

299 3698 387 3729 XVI.

1195 482 1275 523 pus
1294 473 1337 511 in
1357 485 1439 525 qno
1454 474 1544 525 jam
1578 476 1663 516 haec
1689 483 1784 519 vota
1813 482 1969 526 habent
1985 487 2094 528 hanc
2109 489 2193 529 vim
2208 501 2232 532 a

1195 537 1382 585 tempore
1406 537 1613 586 praedictae
1636 541 1950 586 constitutionis.
1981 550 2027 588 In
2055 553 2232 603 utroque

1195 601 1335 637 autem
1363 602 1471 638 statu
1489 612 1536 640 ac
1563 605 1750 654 tempore
1774 608 2082 652 constituebant
2102 614 2231 655 homi-

1192 670 1291 698 nem
1308 673 1405 701 vere
1428 673 1476 701 ac
1490 661 1655 714 proprie
1676 665 1934 717 religiosum,
1956 683 2029 711 seu
2054 675 2097 713 in
2118 681 2229 717 statu

1191 721 1428 773 religioni83
1454 725 1551 774 quia
1572 737 1655 764 non
1686 727 1820 767 solum
1857 729 1909 769 de
1935 730 2014 771 hoc
2033 738 2228 784 praesenti

1192 786 1300 823 statu
1337 785 1382 824 id
1426 785 1651 827 declaravit
1686 790 1908 839 praedictus
1940 793 2128 835 Pontifex
2161 799 2227 840 illa

1190 847 1501 896 constitutione,
1523 850 1597 889 sed
1618 850 1668 890 de
1689 852 1814 902 priori
1836 854 1877 893 id
1902 855 2026 894 etiam
2048 857 2228 900 declara-

1186 910 1303 947 verat
1327 920 1437 949 annc
1457 911 1523 958 82,
1549 911 1590 950 in
1622 913 1741 951 Bulla
1775 926 1868 966 quae
1899 916 2040 968 incipit
2075 919 2228 967 Quanto

1182 970 1444 1019 fructuosius.
1475 973 1520 1011 In
1558 985 1640 1024 qua
1670 987 1756 1014 non
1796 979 2000 1018 concessit
2034 979 2112 1020 hoc
2146 983 2228 1033 pri-

1184 1031 1382 1083 vilegium
1420 1034 1484 1073 his
1512 1040 1632 1085 votis,
1662 1040 1707 1076 ut
1727 1038 1896 1087 quidam
1929 1039 2034 1079 falso
2071 1043 2227 1083 calum-

1184 1092 1367 1143 niantur,
1393 1107 1497 1146 quos
1525 1097 1614 1147 jam
1644 1098 1748 1138 libro
1794 1101 2061 1151 praecedenti,
2091 1105 2226 1155 capite

1183 1155 1318 1202 tertio,
1357 1169 1532 1196 numero
1572 1159 1710 1209 tertio,
1747 1161 1999 1211 refellimus,
2035 1164 2111 1203 sed
2148 1166 2226 1206 de-

1183 1215 1350 1257 claravit
1392 1219 1604 1259 Pontificia
1645 1223 1890 1263 auctoritate
1931 1224 2000 1263 illa
2031 1229 2125 1265 vota
2167 1227 2226 1268 sic

1183 1279 1349 1327 emissa,
1369 1286 1552 1331 recepta,
1573 1285 1869 1334 etapprobata,
1886 1289 1932 1324 ut
1949 1290 2071 1325 antea
2087 1293 2222 1338 erant,

1183 1349 1207 1375 a
1226 1339 1406 1379 Summis
1437 1343 1718 1389 Pontificibus,
1739 1357 1789 1384 ex
1816 1358 1859 1385 sc
1887 1346 2042 1386 habere
2069 1349 2152 1388 vim
2171 1350 2225 1389 ad

1182 1401 1517 1442 constituendum
1551 1416 1697 1444 verum
1724 1408 1937 1458 religionis
1971 1414 2139 1460 statum,
2175 1424 2224 1453 ac

1179 1474 1403 1513 personam
1443 1477 1540 1504 vere
1582 1478 1630 1506 ac
1670 1469 1838 1520 proprie
1882 1470 2138 1522 religiosam,
2177 1478 2222 1513 ut

1179 1522 1302 1564 latius
1329 1537 1378 1564 eo
1410 1526 1501 1566 loco
1523 1527 1780 1568 declaratum
1802 1535 1886 1579 est;
1909 1532 1951 1570 in
1973 1534 2103 1572 altera
2122 1546 2221 1586 ergo

1181 1586 1473 1627 constitutione
1507 1591 1741 1639 posteriori,
1766 1593 1900 1631 solum
1925 1594 2039 1633 addit
2067 1595 2222 1646 Grego-

1179 1647 1264 1686 rius
1286 1649 1530 1698 praedictum
1546 1652 1754 1700 effectum,
1778 1666 1903 1704 quem
1926 1667 2009 1694 non
2045 1668 2138 1696 esse
2168 1657 2222 1709 de

1181 1709 1409 1748 substantia
1443 1715 1574 1751 status
1597 1714 1797 1765 religiosi,
1816 1715 1973 1756 ibidem
2005 1718 2130 1757 etiam
2160 1721 2221 1759 est

1180 1775 1408 1811 ostensum.

1231 1834 1272 1871 4.
1304 1834 1509 1873 Probatur
1542 1835 1634 1886 sam
1665 1835 1801 1888 primo
1835 1838 2030 1878 sententia
2059 1841 2104 1881 de
2124 1844 2221 1883 tem-

1175 1905 1271 1946 pore
1309 1895 1455 1944 primo.
1475 1915 1529 1924 —
1557 1895 1753 1937 Secundo.
1786 1917 1840 1926 —
1871 1898 1990 1946 Quod
2029 1913 2128 1954 ergo
2167 1904 2220 1944 ad

1176 1955 1359 2006 primum
1387 1959 1550 2007 tempus
1586 1957 1746 2005 attinet,
1777 1957 1900 1999 facile
1939 1972 1989 2000 ex
2028 1965 2219 2015 superius

1177 2016 1298 2056 dictis
1319 2018 1479 2056 ostendi
1500 2022 1652 2069 potest,
1672 2023 1771 2058 tunc
1808 2021 1896 2061 haec
1919 2027 2014 2062 vota
2036 2037 2120 2064 non
2143 2027 2218 2066 ha-

1176 2077 1317 2117 buisse
1341 2078 1423 2117 vim
1460 2080 1512 2118 ad
1543 2081 1826 2131 praestandum
1866 2083 1977 2122 hunc
2007 2086 2213 2127 effectum.

1177 2141 1328 2187 Primo,
1364 2140 1462 2190 quia
1499 2146 1609 2180 tomo
1644 2143 1859 2194 superiore
1899 2147 2110 2187 ostensum
2155 2152 2215 2189 est

1176 2213 1390 2254 nunquam
1412 2203 1453 2241 in
1486 2204 1670 2243 Ecclesia
1693 2205 1828 2244 visum
1852 2218 1960 2255 esse,
1992 2212 2039 2248 ut
2072 2214 2214 2250 votum

1177 2265 1374 2303 castitatis
1396 2265 1461 2316 adj
1471 2270 1637 2305 unctum
1659 2267 1783 2306 alicui
1804 2268 1970 2308 vivendi
1990 2271 2129 2319 modo,
2145 2278 2215 2312 aut

1175 2327 1312 2373 statui,
1337 2327 1504 2366 dirimat
1531 2328 1842 2367 matrimonium
1868 2330 2039 2378 factum,
2062 2336 2102 2371 et
2131 2346 2213 2372 non

1173 2387 1371 2439 impediat
1386 2401 1433 2427 ac
1451 2389 1581 2428 irritet
1595 2390 1926 2429 contrahendum
1941 2405 1950 2439 ;
1965 2396 2003 2431 et
2021 2393 2075 2432 ibi
2091 2395 2214 2434 etiam

1174 2449 1392 2500 probatum
1412 2455 1487 2499 est,
1504 2451 1600 2490 licet
1616 2451 1667 2489 de
1684 2452 1874 2491 absoluta
1889 2457 2093 2503 potestate
2112 2457 2215 2495 Pon-

1173 2510 1299 2549 tificia
1316 2511 1488 2550 fortasse
1523 2513 1601 2551 hoc
1623 2512 1713 2551 fieri
1741 2514 1885 2563 possit,
1906 2527 1991 2553 non
2017 2517 2213 2567 expedire

1175 2572 1259 2610 ullo
1280 2572 1403 2611 modo
1417 2572 1461 2610 id
1480 2572 1592 2619 fieri;
1618 2573 1693 2611 sed
1716 2573 1784 2612 illo
1799 2578 1987 2625 tempore
2008 2577 2096 2616 haec
2119 2583 2212 2618 vota

1174 2645 1260 2672 non
1279 2633 1496 2672 irritabant
1516 2634 1828 2674 matrimonium
1850 2637 2182 2678 contrahendum
2199 2653 2209 2687 ;

1176 2707 1275 2746 ergo
1290 2696 1419 2734 multo
1440 2695 1578 2734 minus
1595 2700 1789 2747 poterant
1809 2697 1970 2737 solvere
1994 2699 2083 2750 jam
2116 2713 2212 2740 con-

1174 2762 1364 2797 tractum.
1389 2757 1597 2804 Secundo,
1621 2758 1719 2808 quia
1753 2758 1819 2798 hic
1852 2759 2023 2799 effectus
2043 2774 2127 2800 non
2150 2774 2212 2803 se-

1172 2821 1313 2871 quitur
1330 2831 1380 2857 ex
1405 2819 1491 2857 sola
1524 2819 1584 2858 rei
1606 2823 1755 2858 natura
1777 2831 1827 2859 ex
1846 2824 1943 2860 voto
1972 2822 2125 2873 aliquo,
2146 2825 2210 2863 vel

1172 2893 1223 2921 ex
1243 2881 1522 2931 subsequente
1550 2880 1842 2932 promissione,
1859 2887 1930 2922 aut
1964 2885 2109 2933 quovis
2136 2886 2212 2925 hu-

1170 2955 1296 2982 mano
1314 2947 1527 2982 contractu
1548 2942 1707 2994 privata
1721 2944 1964 2983 auctoritate
1987 2945 2111 2985 facto.
2127 2947 2211 2987 Nec

1174 3007 1299 3046 etiam
1313 3007 1409 3057 jure
1434 3006 1574 3045 divino
1600 3006 1776 3058 positivo
1810 3007 2031 3058 adjunctus
2052 3014 2114 3049 est
2144 3010 2210 3050 hic

1171 3068 1346 3108 effectus
1367 3068 1488 3107 alicui
1507 3071 1617 3115 voto,
1647 3072 1719 3107 aut
1748 3069 1871 3108 statui
1894 3069 2102 3121 religioso,
2136 3071 2210 3110 sed

1174 3131 1408 3170 necessaria
1431 3134 1492 3169 est
1514 3129 1705 3169 Ecclesiae
1735 3130 1974 3179 auctoritas,
1988 3143 2063 3182 per
2083 3144 2208 3183 quam

1173 3193 1303 3233 virtus
1332 3193 1386 3232 ad
1409 3193 1519 3231 hunc
1537 3192 1729 3231 effectum
1750 3191 1970 3241 tribuatur,
1991 3197 2036 3232 ut
2054 3194 2207 3232 ibidem

1173 3256 1297 3294 etiam
1317 3254 1513 3306 probavi3
1538 3253 1612 3293 sed
1630 3253 1700 3293 illo
1718 3257 1906 3305 tempore
1931 3266 2015 3293 non
2041 3253 2206 3293 fuerunt

1171 3317 1257 3358 haec
1288 3322 1384 3358 vota
1417 3317 1470 3356 ab
1495 3316 1683 3356 Ecclesia
1706 3320 1889 3367 recepta,
1911 3319 1952 3355 et
1980 3314 2207 3365 approbata

1172 3379 1227 3419 ad
1263 3380 1373 3418 bunc
1405 3379 1626 3428 effectum3
1660 3389 1774 3429 erg0.
1820 3377 2022 3417 Probatur
2054 3374 2204 3422 minor,

1174 3441 1273 3493 quia
1295 3440 1361 3480 vel
1384 3439 1629 3492 approbatio
1649 3438 1795 3478 fuisset
1817 3436 2006 3489 specialis
2039 3446 2114 3485 per
2134 3433 2206 3474 ali-

1173 3503 1282 3556 quod
1309 3504 1380 3554 jus
1397 3503 1612 3555 proprium
1634 3502 1763 3554 ipsius
1783 3497 1997 3540 Societatis
2017 3507 2042 3534 a
2070 3497 2204 3536 Pontia

1171 3566 1249 3606 fiee
1270 3565 1506 3617 probatum,
1529 3569 1570 3604 et
1587 3565 1665 3604 hoc
1682 3573 1783 3607 non,
1804 3558 1900 3610 quia
1921 3569 2000 3597 nec
2028 3557 2073 3596 in
2095 3557 2204 3609 prio-

1171 3628 1286 3671 ribus
1299 3628 1427 3669 Bullis
1444 3625 1682 3674 Pontificiis,
1695 3632 1775 3665 neo
1786 3620 1831 3662 in
1846 3619 2205 3662 constitutionibus

1935 3689 1992 3728 45
