2352 3880
74 0 202 49 39⁰³?
407 17 418 32 a.
441 0 454 5 ,
504 0 506 2 ,
526 15 530 17 ¹
563 7 565 10 ,
627 0 641 6 ,.
800 3 803 7 ,
839 27 842 29 Β
908 18 910 22 y
929 0 932 5 ,

27 151 29 155 t
355 133 369 149 .
807 124 827 143 ³

144 310 254 353 etium
267 314 358 350 illud
374 313 474 358 quod
490 314 574 357 quis
590 316 738 353 secreto,
752 315 790 349 et
808 311 952 348 consilii
966 311 1132 348 salutaris

144 364 289 411 petendi
313 364 427 407 gratia
445 363 618 399 revelavit
629 391 638 407 ,
655 362 840 408 superiori
862 361 1046 398 societatis
1062 361 1130 398 de-

143 416 310 453 nunciari
326 425 400 450 non
423 415 613 459 potest,ib.

100 466 336 505 msocietate,
349 466 537 508 Superiore
550 473 624 499 non
640 466 800 507 cogente,
815 471 890 499 non
904 463 1009 498 datur
1021 469 1130 505 regu-

143 516 267 550 lariter
300 515 471 558 obligatio
503 514 749 549 denunciandi
784 514 938 548 aliorum
971 513 1130 548 defectus

143 566 382 610 praetermissa
393 564 594 599 monitione
607 568 754 604 secreta,
766 568 880 607 potest
892 568 1010 598 tamen
1019 563 1128 605 licite,

142 618 292 652 servatis
313 617 445 651 debitis
466 615 757 655 circumstantiis,
774 615 1005 658 praetermitti.

99 663 401 702 Denunciandum
431 669 485 700 est
516 665 698 708 Superiori
728 673 802 699 non
833 669 971 699 tantum
993 665 1127 699 crimen

139 715 215 760 iam
234 717 477 756 commissum,
501 716 564 749 sed
583 715 689 748 etiam
709 715 808 758 quod
830 715 868 750 in
890 715 1052 759 proximo
1069 722 1129 759 pe-

138 766 257 801 riculo
275 770 326 800 est
343 769 384 800 ut
402 765 654 804 committatur,
671 763 720 798 ib.

138 813 262 858 Neque
276 819 365 850 tunc
377 815 589 859 regulariter
602 815 841 850 monitionem
851 818 1022 851 secretam
1035 820 1130 858 prae-

142 866 282 899 mittere
294 874 385 909 opus
398 869 463 907 est,
480 874 510 900 c.
531 869 561 899 8.

99 912 165 956 Qui
187 915 323 950 fructus
338 925 402 959 per
416 915 734 951 denunciationem
748 918 933 959 paternam
946 922 1009 950 seu
1017 914 1131 949 Evan-

141 965 292 1008 gelicam
309 966 515 1001 intendatur
528 970 589 1001 aut
611 965 749 999 intendi
771 966 891 1009 possit,
917 965 965 998 ib.

100 1013 223 1051 utrum
251 1021 384 1051 secreta
412 1017 565 1051 monitio
595 1016 844 1059 praemittenda
871 1015 917 1050 sit
936 1017 1075 1048 tantum
1090 1013 1131 1047 in

142 1070 285 1109 peccato
298 1067 396 1109 quod
404 1068 520 1102 solum
535 1071 639 1105 nocet
654 1067 828 1110 peccanti,
839 1075 886 1100 an
897 1066 1003 1099 etiam
1013 1071 1132 1106 quan-

140 1115 189 1150 do
208 1122 391 1158 peccatum
410 1118 524 1161 vergit
538 1117 576 1151 in
596 1117 770 1151 damnum
786 1116 879 1150 tertii
894 1116 949 1149 vel
967 1123 1132 1150 commu·

141 1165 275 1201 nitatis.
295 1168 337 1202 Et
354 1167 443 1210 quid
458 1168 496 1202 in
514 1167 582 1201 hoc
596 1167 860 1201 observandum
872 1166 929 1204 sit,
947 1165 995 1198 ib.

96 1212 254 1251 Facilius
279 1218 477 1252 omittenda
505 1222 557 1252 est
582 1218 746 1258 monitio,
772 1216 918 1258 quando
948 1219 1131 1258 peccatum

141 1267 256 1310 vergit
271 1268 308 1301 in
318 1269 492 1303 damnum
504 1268 649 1301 alterius
657 1267 711 1300 vel
728 1266 1007 1302 communitatis,
1023 1275 1131 1308 quam

140 1324 224 1351 cum
245 1319 362 1353 solum
393 1318 432 1352 in
454 1319 630 1354 damnum
652 1317 834 1360 peccantis
854 1315 910 1350 vel
930 1316 1132 1359 corripien-

141 1368 199 1410 tis,
221 1369 268 1403 ib.

98 1416 337 1454 Denunciatio
349 1423 497 1463 paterna
507 1424 588 1461 quae
599 1416 639 1450 fit
649 1417 688 1450 in
698 1417 872 1451 societate
890 1418 1024 1460 absque
1039 1424 1134 1460 prae-·

142 1468 201 1501 via
219 1469 432 1509 monitione,
449 1469 494 1503 ad
513 1467 603 1510 quid
623 1467 783 1509 proxime
802 1468 1001 1509 ordinetur,
1026 1467 1076 1501 ib.

140 1518 277 1558 Quibus
292 1518 571 1553 circumstantiis
584 1518 704 1552 vestiri
715 1518 842 1551 debeat
858 1518 1062 1559 hujusmodi
1076 1517 1136 1552 de-

142 1570 329 1603 nunciatio
351 1570 389 1604 in
409 1570 594 1609 societate,
613 1572 652 1602 ut
670 1569 767 1602 licita
790 1573 824 1602 et
843 1570 991 1603 honesta
1019 1568 1076 1609 sit,
1101 1570 1140 1602 et

141 1620 324 1660 quomodo
344 1620 383 1654 in
403 1621 472 1654 hoc
493 1619 633 1662 peccari
653 1619 765 1663 possit
779 1619 976 1654 mortaliter
989 1624 1052 1654 aut
1071 1626 1136 1653 ve-

143 1669 299 1710 nialiter,
322 1672 366 1703 tr.
388 1672 440 1712 10,
461 1668 485 1702 l.
507 1672 539 1710 ³,
560 1677 590 1702 c.
609 1672 642 1701 4.

100 1718 338 1755 Denunciatio
360 1720 574 1763 Evangelica
594 1723 630 1754 et
656 1719 841 1763 judicialis
864 1720 904 1755 in
929 1727 1004 1763 quo
1028 1719 1136 1755 dine-

144 1775 236 1810 rant,
259 1770 283 1804 l.
308 1773 361 1812 10,
385 1779 416 1805 c.
439 1774 472 1805 9.

143 1820 238 1860 Quid
256 1829 321 1864 per
339 1820 552 1864 judicialem
573 1819 894 1856 denunciationem
916 1819 1137 1862 intendatur,

145 1870 197 1904 ib.

102 1918 341 1956 Denunciatio
355 1920 545 1963 judicialis
562 1920 602 1954 in
619 1928 693 1963 quo
714 1919 857 1955 differat
870 1920 916 1954 ab
938 1920 1138 1955 accusatio-

144 1978 203 2011 ne,
220 1971 270 2003 ib.

106 2019 192 2054 &nte
219 2019 537 2055 denunciationem
562 2018 774 2063 judicialem
803 2027 869 2062 per
894 2027 932 2053 se
955 2019 1139 2061 loquendo

145 2071 279 2114 praevia
298 2070 453 2105 monitio
471 2077 546 2105 non
569 2069 786 2113 postulatum
808 2077 911 2104 secus
922 2073 1005 2103 ante
1020 2070 1140 2103 Evan-

144 2121 310 2163 gelicam,
331 2120 380 2154 ib.

103 2169 342 2207 Denunciatio
359 2168 572 2212 Evangelica
593 2168 671 2203 fieri
691 2171 804 2211 potest
825 2169 871 2203 de
891 2171 1037 2212 peccato
1058 2176 1141 2203 om-

145 2221 237 2255 nino
258 2219 411 2261 occulto,
427 2227 502 2254 non
518 2219 567 2253 ita
579 2222 698 2253 tamen
715 2218 900 2261 judicialis
916 2219 1139 2262 regulariter,

145 2277 178 2304 c.
195 2273 227 2303 8.

105 2318 149 2356 Ut
167 2319 213 2353 ad
227 2317 547 2353 denunciationem
563 2316 610 2351 de
622 2315 776 2350 crimine
797 2315 920 2359 aliquo
938 2316 1142 2351 taciendam

145 2369 281 2411 aliquis
301 2368 493 2410 obligetur,
511 2375 620 2410 quam
638 2370 772 2401 certam
795 2367 960 2403 notitiam
976 2367 1143 2403 criminis

146 2419 280 2453 habere
302 2419 441 2459 debeat,
458 2417 481 2451 l.
498 2422 527 2451 6.
547 2425 576 2451 c.
601 2420 653 2450 10.

103 2469 330 2506 Denunciare
343 2467 527 2510 Superiori
550 2466 719 2509 regulari,
741 2467 814 2501 imo
834 2471 871 2501 et
892 2467 1077 2510 publicare
1101 2468 1140 2503 in

145 2519 319 2562 Capitulis
346 2518 534 2561 religionis
560 2517 720 2552 desectus
750 2517 846 2552 leves
874 2518 1139 2561 religiosorum,

147 2570 249 2604 nulla
270 2568 406 2612 praevia
430 2567 631 2603 monitione
656 2567 761 2611 sacta,
790 2568 931 2604 licitum
944 2571 1010 2612 est,
1028 2569 1058 2603 l.
1084 2572 1141 2612 1⁰,

144 2627 178 2654 ο.
196 2622 229 2653 9.

148 2669 302 2710 Quinam
319 2667 395 2702 sint
406 2666 584 2710 ejusmodi
605 2667 766 2701 defectus
778 2666 886 2708 leves,
904 2667 953 2701 ib.

104 2719 146 2756 ln
169 2718 407 2762 religionibus
429 2717 668 2751 monitionem
684 2722 855 2752 secretam
881 2718 995 2753 omitti
1022 2725 1137 2762 posse,

145 2770 255 2804 etiam
282 2768 320 2802 in
348 2767 517 2811 gravibus
533 2767 735 2803 defectibus
747 2792 757 2809 ‚
776 2769 1004 2811 procedendo
1020 2770 1139 2803 statim

144 2819 195 2854 ad
215 2818 533 2854 denunciationem
554 2818 716 2859 Praelato,
739 2822 780 2852 ut
800 2819 906 2862 patri,
921 2819 1138 2862 faciendam,

147 2867 200 2903 id.

147 2919 236 2954 Item
248 2917 294 2953 de
303 2918 396 2953 facto
413 2919 462 2953 ita
476 2919 703 2953 observatum
718 2927 806 2960 esse,
819 2922 856 2953 et
870 2918 1034 2962 gravium
1047 2919 1139 2955 Doc-

1002 247 1133 284 OEDEX
1149 248 1307 285 mum.

147 2973 266 3005 torum
289 2969 497 3004 auctoritate
516 2970 710 3007 munitum.
726 2970 776 3004 ib.

107 3019 316 3063 nujusmodi
329 3019 566 3054 monitionem
577 3020 708 3062 saepius
718 3020 832 3054 omitti
847 3027 950 3063 posse
965 3020 1002 3054 in
1016 3020 1139 3055 Socie-

147 3075 218 3105 tate
239 3078 347 3113 quam
366 3069 404 3103 in
427 3069 509 3103 aliis
527 3069 778 3111 religionibus,
793 3070 902 3105 etiam
920 3071 1058 3105 seclusa
1080 3079 1138 3105 re-

150 3119 385 3154 nunciatione
399 3118 492 3160 juris
510 3119 628 3160 ramae,
646 3118 696 3154 ib.

106 3169 312 3212 Aliquando
325 3168 494 3211 expedire
512 3168 551 3202 in
571 3167 746 3211 religione
764 3168 911 3204 fratrem
926 3172 1060 3204 secreto
1077 3169 1140 3205 ad—

149 3227 299 3254 monere
320 3227 394 3253 non
412 3222 553 3253 tantum
571 3219 617 3253 de
647 3219 802 3253 crimine
821 3219 866 3254 ab
889 3219 967 3262 ipso
989 3224 1137 3263 patrato,

149 3270 216 3304 sed
236 3269 344 3303 etiam
366 3269 412 3303 de
425 3269 706 3304 denunciatione
719 3269 817 3304 illius
836 3269 983 3303 Praelato
998 3270 1137 3305 facien-

150 3319 210 3356 da.
225 3319 349 3362 sicque
362 3318 600 3360 admonitum,
616 3318 691 3355 imo
704 3323 740 3353 et
750 3320 825 3362 jam
843 3319 1073 3356 emendatum
1089 3321 1136 3356 il·

149 3369 228 3404 inm
244 3370 290 3404 ad
311 3370 500 3404 Praelatum
521 3369 676 3412 deferre,
697 3377 729 3404 c.
747 3373 800 3405 ιο.

107 3418 201 3462 Quid
223 3419 334 3462 possit
347 3422 409 3453 aut
426 3419 553 3454 debeat
573 3420 742 3454 Praelatus
759 3427 864 3463 agere
882 3427 966 3454 cum
981 3419 1136 3464 subdito,

150 3470 254 3512 cujus
266 3469 404 3505 crimen
418 3477 483 3512 per
492 3470 810 3506 denunciationem
827 3474 1012 3514 paternam
1026 3479 1140 3515 agno-

149 3521 214 3559 vit,
235 3521 286 3555 ib.

108 3569 346 3606 nenunciatio
364 3569 549 3612 judicialis
570 3573 612 3606 ut
631 3570 704 3612 fiat,
736 3572 979 3606 necessarium
996 3579 1071 3608 non
1088 3576 1143 3609 est

151 3623 192 3654 nt
208 3620 387 3663 praecedat
410 3619 574 3662 infamia,
590 3627 622 3654 c.
640 3623 694 3653 12.

69 3681 89 3719 ⁵·
109 3667 234 3706 utrum
253 3669 574 3707 denunciationem
596 3669 807 3713 judicialem
830 3673 976 3714 propter
1004 3671 1142 3707 bonum

2103 243 2210 288 ΤΠ

1223 312 1472 371 delinquentis
1487 313 1692 351 faciendam
1705 313 1909 359 pmoedere
1919 312 2048 351 debent
2057 314 2212 350 monitio

1223 363 1506 449 {ittartifffz’efflsi
1529 413 1639 448 frater
1653 415 1812 450 monitus
1825 418 1960 449 secreto
1979 418 2068 449 tunc
2095 411 2213 448 corri-

1223 466 1338 545 gadur'
1362 463 1469 547 ἰξιιεξαῑ
1483 464 1723 499 nihilominus
1736 465 1782 500 ad
1797 465 2115 500 denunciationem
2127 470 2214 507 pro-

1225 520 1264 546 ce
1292 521 1364 553 ere,
1382 522 1391 546 l
1425 540 1432 547 .

1182 562 1225 596 Ut
1243 562 1332 596 forte
1351 562 1516 597 subditus
1529 564 1692 598 nondum
1705 564 1908 599 diffamatus
1915 563 2136 608 judicialiter
2146 562 2213 598 de-

1224 613 1458 646 nunciaretur
1490 614 1638 647 Praelato
1671 615 1716 648 ad
1751 615 1862 649 finem
1895 619 2034 650 tantum
2063 613 2212 657 majoris

1222 662 1399 703 emendae,
1423 666 1458 696 et
1475 663 1617 705 punitio
1634 665 1834 699 necessaria
1850 673 1924 699 non
1941 670 1993 699 est
2007 666 2052 700 ad
2073 666 2213 699 bonum
2240 668 2243 674 ⁴

1224 720 1430 751 commune,
1445 712 1615 746 Praelatus
1627 721 1669 746 ea
1692 714 1970 749 denunciatione
1988 716 2040 749 uti
2057 724 2130 749 non
2145 722 2213 757 po·

1224 765 1291 795 test
1303 766 1341 796 ut
1355 761 1533 804 judiciali,
1550 762 1613 795 sed
1631 766 1670 795 ut
1683 763 1896 805 Evangelica
1910 775 1918 806 ;
1934 764 2069 807 etquid
2082 767 2213 808 praete-
2274 791 2277 794 ⁴

1225 820 1286 845 rea
1309 812 1425 846 facere
1442 812 1564 855 possit,
1577 812 1722 846 subdito
1744 813 1876 847 fatente
1891 818 1953 848 aut
1965 819 2118 858 negante
2139 814 2214 848 cri·

1226 870 1323 903 men,
1338 862 1382 896 de
1396 871 1468 905 quo
1483 862 1736 902 denunciatur,
1750 862 1799 895 ib.

1183 910 1307 946 Utrum
1322 913 1468 954 quando
1483 912 1715 946 denunciatio
1727 912 1911 955 judicialis
1929 913 2167 956 principalius
2175 914 2216 949 fit

1226 967 1370 1006 propter
1388 963 1525 997 bonum
1541 971 1817 1003 commune.seu
1832 964 1877 998 ad
1890 964 2098 998 evitandum
2112 964 2217 998 dam·

1227 1021 1315 1047 num
1338 1013 1445 1055 tertii,
1466 1013 1666 1047 necessaria
1679 1014 1725 1047 sit
1743 1014 1873 1056 praevia
1887 1014 2051 1052 monitio,
2074 1014 2123 1049 ib.

1226 1063 1268 1096 Et
1280 1063 1461 1105 quomodo
1477 1063 1516 1098 in
1529 1072 1572 1098 eo
1587 1072 1672 1099 casu
1686 1065 1879 1107 procedere
1891 1064 2019 1099 debeat
2034 1064 2218 1108 Praelatus,

1226 1112 1278 1147 ib.

1183 1163 1422 1198 nenuneiatio
1446 1164 1593 1206 quando
1615 1168 1651 1198 et
1672 1165 1855 1208 quomodo
1868 1164 2023 1199 transire
2040 1165 2152 1208 possit
2170 1164 2219 1201 ad

1227 1214 1505 1256 accusationem,
1530 1214 1578 1247 ib.

1184 1265 1214 1300 A
1235 1264 1517 1298 denunciatione
1541 1267 1687 1307 paterna
1715 1266 1861 1307 quando
1879 1270 1915 1299 et
1934 1265 2117 1308 quomodo
2137 1264 2217 1300 fieri

1226 1315 1338 1358 possit
1351 1315 1523 1348 transitus
1542 1315 1582 1348 ae
1597 1316 1819 1357 judicialem,
1835 1316 1884 1349 ib.

1227 1365 1269 1399 Et
1291 1366 1437 1407 quando
1459 1365 1686 1399 denuncians
1710 1370 1866 1408 paternae
1890 1365 2041 1408 obligari
2062 1374 2084 1399 a
2104 1365 2220 1409 Supe-

1229 1416 1316 1449 riori
1334 1419 1441 1457 queat
1459 1419 1520 1449 aut
1533 1420 1687 1458 nequeat
1699 1416 1745 1450 ad
1759 1416 2056 1450 denunciandum
2068 1416 2221 1458 judicia-

1230 1466 1324 1507 liter,
1349 1467 1397 1500 ib.

1189 1516 1426 1551 Denunciatio
1449 1524 1557 1558 quam
1581 1516 1731 1558 professi
1749 1517 1905 1558 religiosi
1929 1517 2112 1551 societatis
2127 1525 2170 1550 ex
2183 1516 2220 1551 vi

1232 1567 1304 1599 voti
1324 1566 1441 1599 facere
1458 1571 1626 1602 tenentur
1638 1567 1683 1602 de
1702 1567 1980 1610 procurantibus
1997 1567 2221 1611 dignitatem,

1231 1616 1315 1651 vide
1336 1616 1531 1652 Professus.

1630 1718 1793 1747 ninum!-

1192 1818 1408 1861 Dignitatem
1432 1825 1507 1852 non
1530 1817 1715 1851 ambiendi
1734 1817 1867 1851 directe
1881 1817 1936 1851 vel
1956 1816 2132 1852 indirecte
2156 1827 2227 1855 vo-

1235 1874 1310 1902 tum
1335 1868 1488 1911 simplex
1514 1869 1682 1902 emittunt
1712 1868 1864 1910 professi
1887 1868 2085 1911 societatis,
2102 1872 2148 1904 tr.
2170 1872 2229 1915 1⁰,

1234 1918 1258 1952 l.
1274 1923 1305 1959 ⁶,
1320 1926 1350 1952 c.
1366 1922 1398 1951 7.

1232 1968 1309 2002 Sub
1332 1977 1403 2010 qua
1418 1967 1545 2009 forma,
1562 1968 1612 2001 ib.

1235 2019 1274 2052 id
1296 2026 1372 2051 esse
1393 2018 1547 2051 maxime
1565 2017 1797 2059 conveniens,
1817 2018 1868 2053 ib.

1234 2068 1274 2103 ln
1294 2068 1479 2102 rarissimo
1508 2076 1591 2102 casu
1621 2077 1758 2101 cessare
1780 2076 1884 2111 posse
1914 2069 2099 2102 materiam
2120 2069 2231 2112 hujus

1234 2118 1322 2160 voti,
1343 2126 1387 2152 eo
1402 2118 1501 2160 quod
1522 2119 1639 2160 majus
1660 2119 1798 2153 bonum
1814 2124 1862 2153 sit
1882 2119 2129 2154 Praelationem
2144 2128 2231 2163 pro-

1237 2176 1376 2209 curare,
1396 2169 1444 2202 ib.

1236 2217 1321 2258 Quae
1341 2218 1501 2251 actiones
1521 2226 1565 2252 ex
1580 2218 1615 2252 vi
1637 2219 1746 2261 hujus
1766 2219 1838 2252 voti
1861 2218 1934 2252 sint
1953 2219 2155 2262 prohibitae,
2176 2219 2229 2254 ib.

1236 2268 1425 2309 Dignitatis
1448 2268 1596 2302 nomine
1613 2269 1702 2311 quid
1716 2269 1837 2302 veniat
1859 2269 1897 2302 in
1915 2269 2011 2304 dicto
2027 2274 2120 2310 voto,
2137 2270 2187 2305 ib.

1240 2318 1352 2357 Quam
1373 2326 1517 2360 poenam
1535 2320 1695 2352 incurrat
1714 2320 1821 2362 hujus
1834 2320 1905 2353 voti
1923 2320 2086 2360 violator,
2103 2321 2152 2354 ib.

1197 2366 1324 2402 Votum
1349 2376 1421 2402 non
1450 2368 1635 2402 ambiendi
1663 2369 1856 2411 dignitates
1884 2374 1981 2403 extra
2006 2370 2231 2411 Societatem,

1239 2419 1336 2461 quod
1351 2419 1499 2461 professi
1513 2419 1699 2453 societatis
1715 2420 1894 2461 emittunt,
1914 2429 1959 2454 an
1975 2421 2109 2464 obliget
2122 2422 2231 2456 etiam

1236 2469 1320 2503 illos
1342 2470 1404 2511 qui
1427 2470 1501 2511 jam
1523 2469 1736 2512 dignitatem
1760 2470 1920 2513 aliquam
1948 2475 2044 2504 extra
2070 2471 2232 2506 Societa-

1236 2522 1308 2554 tem
1331 2519 1509 2562 obtinent,
1536 2523 1572 2553 et
1595 2524 1694 2554 extra
1720 2521 1800 2562 ejus
1820 2521 2065 2556 obedientiam
2089 2522 2231 2567 vivunt,

1236 2577 1266 2603 c.
1283 2573 1316 2603 9.

1192 2618 1321 2655 Votum
1340 2626 1414 2654 non
1434 2619 1642 2663 acceptandi
1663 2619 1873 2663 dignitatem
1890 2624 1988 2655 extra
2006 2622 2230 2666 Societatem,

1234 2669 1331 2712 quod
1347 2670 1496 2709 professi
1515 2669 1699 2703 societatis
1715 2670 1894 2711 emittunt,
1917 2679 2026 2712 quam
2044 2673 2231 2708 materiam

1235 2720 1375 2759 habeat,
1394 2724 1472 2758 etc.‚
1491 2720 1574 2753 vide
1590 2719 1833 2761 Episcopatus.

1191 2768 1243 2806 Ex
1254 2770 1289 2803 vi
1310 2770 1418 2811 hujus
1431 2769 1503 2803 voti
1518 2777 1564 2802 an
1579 2772 1743 2802 teneatur
1756 2768 1938 2811 professus
1955 2769 2140 2805 societatis
2154 2780 2230 2806 non

1235 2824 1418 2862 acceptare
1452 2819 1560 2853 etiam
1599 2828 1781 2853 summum
1815 2819 2063 2862 pontificatum
2094 2822 2232 2866 absque

1235 2874 1413 2913 praecepto
1427 2870 1472 2903 ad
1488 2869 1524 2904 id
1540 2869 1734 2912 obligante,
1760 2870 1809 2903 ib.

1191 2920 1407 2962 Dignitatem
1424 2924 1520 2953 extra
1534 2919 1757 2961 Societatem,
1778 2923 1905 2963 praeter
1918 2929 2099 2956 summum
2112 2923 2231 2966 ponti-

1234 2970 1391 3010 ficatum,
1414 2974 1598 3013 acceptare
1617 2979 1690 3005 non
1710 2974 1824 3013 potest
1842 2971 1938 3005 ullus
1957 2972 2145 3015 religiosus
2163 2974 2229 3008 So-

1234 3020 1373 3055 cietatis
1388 3021 1495 3054 etiam
1515 3028 1589 3055 non
1608 3021 1803 3064 professus,
1829 3021 1909 3056 sine
1926 3021 2071 3057 licentia
2088 3023 2141 3057 sui
2160 3024 2229 3057 Ge-

1234 3071 1387 3110 neralis,
1416 3079 1525 3114 quam
1552 3079 1619 3105 nec
1645 3072 1720 3114 ipse
1745 3072 1830 3106 dare
1862 3076 1993 3115 potest,
2027 3073 2098 3108 nisi
2126 3074 2232 3108 Sedis

1233 3121 1443 3164 Apostolicae
1464 3125 1641 3164 praecepto
1655 3122 1873 3164 compulsus,
1891 3131 1921 3156 c.
1937 3126 1968 3155 9.

1190 3171 1295 3215 Quod
1319 3171 1350 3207 si
1379 3171 1538 3214 dignitas
1562 3171 1732 3207 offeratur
1760 3172 1828 3215 ipsi
1859 3171 2044 3212 Generali,
2072 3181 2139 3206 nec
2166 3172 2228 3207 ille

1235 3230 1315 3258 eam
1340 3226 1524 3265 acceptare
1554 3225 1669 3265 potest
1692 3222 1828 3264 absque
1855 3221 2001 3255 licentia
2030 3221 2224 3263 societatis,

1234 3273 1344 3315 quam
1363 3273 1440 3316 ipsa
1458 3273 1567 3307 etiam
1588 3273 1675 3307 dare
1693 3280 1766 3305 non
1787 3274 1925 3319 potest,
1951 3271 2022 3306 nisi
2050 3276 2228 3316 praecepto

1232 3322 1372 3358 Summi
1394 3322 1576 3357 pontificis
1592 3322 1771 3358 adstricta.
1791 3321 1841 3354 ib.

1189 3370 1311 3410 uictos
1326 3373 1523 3416 religiosos,
1541 3372 1647 3406 etiam
1666 3379 1738 3404 non
1758 3370 1945 3409 professos,
1963 3371 2117 3414 graviter
2135 3370 2227 3405 ohli-

1233 3423 1310 3465 gari
1326 3423 1373 3457 ad
1389 3431 1463 3457 non
1485 3421 1740 3465 acceptandam
1758 3420 1968 3463 dignitatem
1983 3421 2118 3464 absque
2134 3421 2226 3464 legi-

1234 3473 1323 3507 tima
1338 3473 1496 3513 licentia,
1520 3472 1569 3506 ib.

1192 3522 1236 3558 Et
1249 3523 1278 3556 si
1293 3527 1478 3566 acceptent
1498 3521 1633 3556 nullam
1648 3528 1725 3554 esse
1738 3521 1846 3555 talem
1863 3520 2153 3563 acceptationem,
2173 3518 2222 3555 ib.

1192 3571 1269 3608 Erit
1286 3577 1405 3607 autem
1421 3572 1550 3609 valida,
1568 3570 1598 3605 si
1621 3570 1816 3608 Generalis,
1833 3570 1941 3603 etiam
1956 3578 2029 3603 non
2046 3575 2189 3604 coactus
2203 3577 2226 3606 n

1235 3622 1383 3656 summo
1402 3621 1571 3655 pontifice
1586 3647 1596 3662 ,
1626 3619 1810 3655 licentiam
1828 3619 1899 3655 det.
1918 3619 1961 3655 Et
1976 3623 2096 3656 utrum
2115 3620 2226 3658 etiam

1234 3675 1325 3708 tunc
1337 3673 1386 3707 sit
1398 3671 1509 3713 licita,
1529 3670 1580 3705 ib.
