2352 3880
38 304 71 372 Γ,
129 317 282 361 blicam
298 313 637 362 satisfactionem,
669 323 748 353 nec
770 316 861 353 tum
879 313 1057 364 pertinet
1071 312 1166 353 talis

130 390 251 434 poena
273 377 328 419 ad
346 377 503 416 bonum
527 386 765 415 commune.
797 374 924 414 Poena
944 378 1080 415 autem
1098 386 1165 415 oc·

130 440 239 483 culta
257 452 342 480 non
363 442 426 479 est
444 438 567 477 etiam
591 435 859 488 imponenda,
881 436 959 476 nisi
997 440 1164 488 propter

127 501 344 545 utilitatem
364 498 618 552 spiritualem
649 497 780 549 ipsius
798 497 889 537 rei:
916 497 1013 549 quia
1039 498 1163 538 etiam

126 564 208 606 hoc
223 564 426 616 judicium
446 562 501 602 ad
514 562 624 600 hunc
642 560 769 600 finem
789 560 1018 608 ordinatur,
1041 563 1087 600 ut
1102 559 1163 600 di-

127 627 287 672 ximus;
312 637 411 677 ergo
433 623 466 663 si
501 622 614 661 nulla
638 626 700 661 est
720 634 816 673 spes
834 622 959 674 hujus
988 622 1160 672 fructus,

129 688 203 731 sed
222 687 358 741 potius
382 686 552 725 timetur
581 684 717 734 major
742 683 964 732 induratio,
997 695 1164 724 cessan-

127 749 229 790 dum
248 748 416 788 omnino
429 750 489 786 est
510 758 532 784 a
553 746 782 796 punitione.
796 746 857 784 Ita
872 745 1164 787 insinuatBan·

126 821 203 852 nes
222 812 260 850 2.
282 812 322 855 2,
347 812 491 860 quaest.
514 808 724 859 trigesima
744 807 880 857 tertia,
904 807 1078 848 articulo
1097 818 1164 847 oc-

126 876 236 921 tavo,
259 870 359 910 dub.
378 874 539 922 quarto.

183 935 248 976 39.
281 935 367 986 Ego
389 945 485 974 vcro
512 943 662 972 censeo
688 933 734 972 in
758 934 906 972 neutra
925 936 1042 984 parte
1065 932 1164 971 ista-

127 1006 222 1038 rum
257 1007 348 1035 esse
386 995 653 1033 intrinsecam
689 993 932 1044 injustitiam
953 1023 963 1042 ,
1001 996 1041 1033 et
1069 992 1161 1032 ideo

125 1055 312 1112 pendere
331 1068 380 1095 ex
398 1055 594 1106 prudenti
619 1055 805 1102 arbitrio,
827 1054 1030 1094 servando
1047 1053 1163 1104 leges

127 1131 212 1160 non
231 1119 365 1158 sotum
383 1117 566 1169 J'ustitiae,
590 1117 663 1156 sed
688 1118 813 1156 etiam
835 1115 1060 1155 charitatis.
1083 1116 1164 1155 De-

127 1180 240 1222 claro
257 1181 348 1226 hoc,
371 1191 466 1218 nam
497 1179 699 1230 imprimis
720 1178 752 1217 si
773 1177 970 1217 delictum
992 1180 1054 1216 est
1070 1189 1164 1228 pro-

127 1242 271 1283 batum
299 1254 372 1292 per
405 1241 538 1279 dictos
567 1243 709 1286 testes,
741 1243 889 1289 praeter
919 1238 1166 1277 denuntian-

127 1307 229 1352 tem,
241 1307 376 1354 potest
394 1302 589 1341 Praelatus
604 1301 680 1340 sub
692 1300 1166 1339 excommunicationem

127 1367 221 1407 latae
242 1365 458 1405 sententiae
492 1364 718 1414 praecipere
754 1362 919 1401 subdito
949 1374 1021 1401 reo
1042 1367 1088 1401 ut
1106 1362 1164 1402 fa-

127 1432 264 1469 teatur
283 1428 513 1471 veritatem,
533 1429 573 1463 et
592 1424 626 1462 si
646 1423 771 1462 fuerit
790 1428 1030 1471 contumax,
1050 1435 1165 1464 reve-

127 1502 175 1530 ra
197 1490 382 1528 incurrat
409 1487 522 1524 illam
557 1486 599 1524 in
637 1486 904 1534 conscientia,
931 1486 988 1524 ita
1021 1488 1067 1523 ut
1093 1484 1166 1523 de-

127 1551 340 1592 nuntiator
367 1554 407 1588 et
430 1553 557 1587 testes
589 1548 748 1598 possint
768 1547 882 1586 illum
922 1551 967 1586 ut
1002 1558 1166 1586 excom-

127 1613 383 1655 municatum
402 1610 572 1655 habere,
594 1614 633 1648 et
648 1609 765 1660 juxta
784 1609 1003 1660 antiquum
1018 1610 1087 1658 Jus
1106 1612 1166 1646 te·

130 1679 328 1716 nerentur
354 1673 498 1715 vitare,
521 1671 618 1709 licet
654 1670 794 1717 hodie,
832 1676 1001 1720 propter
1029 1670 1165 1708 Extra-

129 1747 224 1787 vag.
248 1735 315 1775 Ad
332 1733 531 1777 evitanda,
547 1744 633 1771 non
653 1735 888 1771 teneantur.
912 1732 1109 1771 Similiter
1132 1730 1165 1769 si

129 1809 226 1839 reus
251 1795 498 1835 confiteatur
517 1793 728 1840 delictum,
747 1794 850 1832 nolit
868 1797 1002 1832 tamen
1024 1803 1166 1831 emen-

130 1857 234 1905 dari,
256 1860 391 1908 potest
411 1854 491 1895 sub
514 1855 664 1894 eadem
683 1867 860 1893 censura
875 1855 966 1902 cogi
986 1854 1038 1894 ad
1052 1865 1166 1892 acce-

127 1918 332 1973 ptandum
352 1922 391 1956 et
409 1916 670 1956 offerendum
690 1916 1034 1961 satisfactionem3
1055 1914 1167 1965 quod

130 1980 164 2020 si
186 1979 300 2026 nolit,
319 1979 503 2017 incurret
517 1976 665 2016 eodem
683 1977 808 2015 niodo
831 1978 1166 2016 excommunica-

130 2041 286 2083 tionem
301 2040 519 2079 occultam.
546 2039 632 2077 Hoc
651 2042 783 2077 totum
805 2039 1167 2089 sufficienterpro-

130 2104 253 2145 batur
273 2114 323 2143 cx
339 2102 475 2141 verbis
495 2099 668 2139 Christi:
689 2100 744 2141 Sa·
764 2101 990 2141 Ecclesium
1003 2112 1079 2139 nom
1095 2112 1167 2140 au-

132 2165 271 2214 aierit,
288 2165 346 2205 sit
365 2164 440 2203 tibi.
460 2166 652 2213 tanquam
672 2162 868 2207 ethnicus,
887 2165 967 2201 etc.
990 2162 1039 2200 Et
1061 2161 1166 2200 ratio

133 2230 211 2274 est,
231 2225 328 2277 quia
351 2224 545 2264 Praelatus
564 2223 609 2261 in
637 2233 686 2262 co
714 2233 812 2260 casu
836 2223 961 2262 habet
994 2223 1066 2274 jus
1102 2234 1169 2261 co—

132 2286 259 2342 gendi
281 2286 490 2326 subditum
511 2283 565 2324 ad
585 2283 919 2324 emendationem
939 2295 1013 2334 per
1034 2283 1169 2322 media

133 2350 188 2393 ab
204 2348 390 2390 Ecclesia
415 2346 619 2393 instituta,
642 2348 683 2384 et
700 2355 727 2384 a
758 2345 917 2385 Christo
936 2345 1166 2392 insinuata;

133 2410 236 2452 illud
253 2415 394 2450 autem
413 2408 599 2447 medium
619 2406 858 2458 hujusmodi
879 2411 956 2454 est,
969 2411 1093 2458 atque
1113 2407 1170 2446 ita
1216 2417 1219 2421 ·

136 2473 277 2514 docuit
306 2472 419 2518 Seto,
441 2469 511 2508 lib.
545 2470 571 2508 5
603 2468 655 2508 de
691 2468 872 2514 Justitia,
896 2480 935 2519 q.
965 2467 1006 2514 6,
1029 2472 1104 2507 art.
1128 2469 1168 2516 Ξ,

137 2535 269 2576 citans
297 2535 343 2572 D.
376 2533 541 2578 Tuom„
562 2529 709 2569 Palud.
740 2535 781 2571 et
807 2528 1065 2580 cajetanum.
1091 2528 1171 2568 Ad·

137 2595 198 2636 dit
217 2599 359 2636 tamen
371 2603 493 2645 posse
514 2592 592 2630 hoc
610 2591 746 2631 facere
758 2589 992 2638 praelatum,
1011 2590 1173 2630 etiamsi

137 2656 253 2698 nulla
274 2656 327 2695 sit
343 2667 439 2707 spes
467 2653 669 2702 emendae,
701 2663 751 2693 ex
780 2665 869 2703 cap.
894 2653 996 2693 Tam
1029 2651 1174 2693 Sacer-

139 2719 261 2767 dotes,
281 2719 350 2764 24,
378 2727 419 2767 q.
437 2714 477 2763 3,
494 2716 564 2755 ubi
592 2716 759 2763 dicitur,
779 2714 928 2764 inquit,
948 2712 1175 2763 hujusmodi

138 2779 433 2832 incorriyz'biles
454 2788 533 2817 esse
551 2777 597 2817 ab
612 2774 797 2816 Ecclesia
814 2775 1055 2826 separandos
1065 2790 1083 2822 ,·
1101 2773 1177 2813 sed

139 2839 243 2880 illud
262 2839 446 2891 procedit
467 2839 528 2888 (ut
547 2837 750 2888 existimo)
771 2836 937 2887 quando
960 2836 1030 2874 illa
1051 2847 1172 2887 sepa-

140 2901 246 2941 ratio
282 2900 336 2939 ad
357 2900 533 2938 aliorum
566 2899 724 2938 bonum
744 2903 806 2938 est
826 2898 1088 2945 necessaria;
1108 2897 1174 2936 vel

136 2961 312 3018 *quando
340 2973 415 3013 per
439 2961 555 2999 illam
575 2965 766 3012 speratur
787 2961 986 3001 correctio
1018 2960 1175 3011 ipsius-

143 3029 231 3067 met
250 3024 553 3075 incorrigibilis.
573 3024 613 3063 Si
633 3028 772 3062 autem
791 3024 971 3074 primum
989 3035 1177 3063 necessa·

145 3087 256 3129 rium
274 3099 358 3126 non
398 3090 474 3135 est,
507 3097 585 3125 nec
609 3085 839 3124 secundum
863 3090 1070 3135 speratur,
1092 3095 1179 3124 non

138 3148 266 3204 ,video
286 3160 368 3201 qua
386 3147 562 3187 honesta
594 3147 754 3187 ratione
778 3147 907 3197 possit
934 3147 1077 3186 inferri
1108 3147 1179 3187 illa

138 3213 352 3275 {censuram
375 3222 490 3257 nam,
510 3209 607 3248 licet
626 3221 709 3247 non
726 3212 925 3259 appareat
939 3213 1080 3248 contra
1092 3210 1179 3260 jus-

148 3272 295 3320 titiam,
312 3272 410 3323 quia
428 3271 498 3309 ille
515 3283 660 3309 revera
681 3274 742 3308 est
760 3270 911 3321 dignus
933 3269 1003 3308 illa
1026 3270 1181 3310 coerci-

150 3333 279 3382 tione,
290 3336 541 3384 repugnaret
561 3331 871 3383 charitati,quia
894 3336 1070 3383 augetur
1081 3333 1181 3372 sub-

152 3394 238 3435 dito
270 3395 501 3445 periculum
535 3393 700 3444 gravius
738 3392 967 3444 peccandi,
995 3393 1083 3432 sine
1109 3403 1182 3445 spe

151 3456 325 3497 tructus.
343 3457 445 3502 Quia
462 3469 560 3495 vero
578 3456 789 3495 moraliter
804 3456 871 3494 vix
889 3459 1024 3506 potest
1040 3455 1184 3508 despe-

141 3518 239 3558 ’τω-ἰ
257 3522 432 3568 uterque
452 3517 623 3563 tructus,
647 3517 744 3568 quia
767 3517 924 3556 vexatio
963 3516 1067 3557 solet
1085 3517 1184 3557 dare

142 3567 426 3628 }intellectum‚
447 3578 543 3617 ideo
564 3577 752 3617 absolute
781 3576 860 3616 dici
888 3581 1037 3629 potest,
1062 3589 1185 3630 posse

157 3639 352 3691 Praelatos
383 3642 543 3681 tentare
562 3640 644 3681 hoc
682 3639 891 3682 medium:
918 3651 1017 3680 nam
1051 3638 1185 3693 inpo-

427 248 519 284 cAP.
541 247 614 285 xli.
635 249 692 285 ΒΕ
711 247 824 284 MODO
846 247 1100 283 paucam-:Not
1120 248 1201 284 PER
1221 249 1324 284 mn
1345 246 1870 297 spectatis‘momsmoms,
1891 254 1984 291 mc.

2143 256 2245 298 113?

1220 318 1367 356 testate
1403 328 1547 356 eorum
1580 322 1722 359 manet
1749 318 1914 361 auferre
1952 320 2179 372 vinculum,
2214 326 2250 367 si
2278 314 2290 330 ¹

1218 376 1398 416 viderint
1415 389 1567 418 nocere
1601 380 1739 430 potius
1758 393 1884 432 quam
1903 383 2114 434 prodesse.

1271 439 1338 477 40.
1369 439 1576 480 Proelatus
1599 444 1728 493 potest
1747 447 1889 483 secrete
1910 445 2080 486 delatum
2109 450 2147 487 et
2165 458 2250 491 con·

1217 498 1363 540 vietum
1379 502 1526 551 punire
1542 503 1587 542 in
1602 503 1891 544 vindictam.—
1901 505 2056 545 Eadem
2074 509 2250 558 ratione,

1220 572 1369 600 censeo
1389 573 1510 612 posse
1532 563 1747 602 Praelatum
1767 570 1924 605 secrete
1940 569 2087 618 punire
2113 570 2240 610 subdi-

1217 622 1323 670 tum,
1342 623 1466 661 etiam
1486 623 1529 661 in
1556 623 1781 665 vindictam
1816 629 1975 678 peccati
2007 632 2249 680 commissi,

1218 682 1315 733 quia
1331 683 1382 722 de
1397 684 1467 723 illo
1486 683 1699 725 convietus
1718 691 1795 733 est,
1813 687 1857 726 in
1876 689 1948 727 tali
1965 690 2054 729 foro
2074 697 2113 730 et
2127 693 2251 733 modo

1219 745 1488 796 procedendi3
1504 756 1578 784 cur
1588 757 1688 797 ergo
1703 758 1789 785 non
1804 749 1957 798 poterit
1968 750 2093 801 digna
2108 757 2147 791 et
2162 766 2236 803 pro

1217 807 1451 858 portionata
1472 819 1599 858 poena
1634 807 1798 858 punire,
1820 809 1978 860 absque
2018 825 2124 852 nova
2149 815 2235 853 infa

1214 867 1301 907 mia
1320 869 1382 906 ve]
1405 869 1626 907 scandalo?
1646 869 1873 919 praesertim
1901 871 2005 910 inter
2024 875 2252 924 regulares,

1218 929 1290 968 ubi
1325 931 1562 981 simpliciter
1599 934 1640 969 et
1675 931 1727 970 de
1762 931 1886 982 plano
1925 935 2176 984 proceditur,
2213 941 2253 976 et

1219 1003 1436 1042 nunquam
1457 992 1638 1031 officium
1664 991 1819 1043 judicis
1849 999 2069 1043 separatur
2088 996 2140 1034 ab
2164 997 2255 1037 offi-

1218 1053 1283 1090 cio
1307 1053 1452 1103 patris,
1474 1053 1663 1104 quamvis
1695 1065 1780 1092 non
1802 1065 1825 1093 e
1846 1057 2003 1094 contra.
2025 1056 2144 1103 Item,
2162 1058 2256 1097 licet

1219 1113 1314 1153 talis
1333 1126 1458 1165 poena
1488 1127 1573 1153 non
1608 1114 1740 1165 prosit
1767 1114 1857 1154 aliis
1889 1127 1965 1167 per
2000 1119 2250 1168 exemplum,

1220 1175 1317 1227 quia
1339 1176 1418 1215 illis
1438 1188 1523 1214 non
1542 1175 1847 1222 manifestatur,
1863 1180 2004 1216 tamen
2023 1178 2064 1216 in
2101 1191 2255 1229 genere

1218 1237 1404 1287 proderit
1424 1238 1527 1276 scire
1546 1237 1696 1275 delicta
1715 1249 1799 1276 non
1822 1237 1975 1276 debere
1990 1241 2165 1289 relinqui
2184 1241 2256 1279 im-

1220 1298 1381 1350 punita,
1400 1298 1435 1337 si
1473 1298 1727 1338 sufficienter
1760 1298 2008 1349 probantur,
2029 1301 2254 1350 praesertim

1222 1360 1389 1412 quando
1420 1360 1610 1399 subditus
1633 1359 1824 1410 pertinax
1860 1363 1932 1399 aut
1967 1362 2256 1413 incorrigibilis

1221 1422 1465 1461 ostenditur.
1491 1422 1593 1460 Item
1612 1421 1710 1472 quia
1732 1421 1828 1460 licet
1857 1422 2047 1461 videatur
2061 1424 2151 1461 talis
2174 1435 2257 1474 poe-

1212 1496 1275 1522 ·na
1293 1484 1335 1522 in
1355 1484 1549 1533 praesenti
1568 1495 1652 1522 non
1671 1484 1871 1535 prodesse
1907 1485 1983 1535 ipsi
2005 1497 2099 1534 reo,
2118 1490 2256 1524 tamen

1221 1545 1433 1584 moraliter
1481 1557 1648 1596 semper
1687 1545 1811 1585 debet
1853 1549 1894 1585 et
1928 1549 2064 1596 potest
2100 1548 2256 1597 sperari

1221 1606 1379 1645 fructus
1402 1607 1445 1644 in
1463 1606 1663 1654 futurum,
1678 1619 1776 1644 nam
1798 1605 1944 1645 saltem
1964 1607 2125 1646 timebit
2149 1609 2258 1647 simi-

1221 1667 1304 1706 lem
1324 1679 1504 1719 poenam.
1525 1669 1643 1708 Unde
1665 1668 1951 1706 confirmatur:
1974 1681 2069 1707 nam
2090 1670 2258 1720 quando

1223 1734 1285 1769 est
1316 1730 1543 1780 probabilis
1577 1742 1674 1780 spes
1696 1729 1810 1781 quod
1844 1742 1970 1781 poena
2000 1731 2186 1781 proficiet
2216 1732 2258 1769 in

1220 1791 1431 1843 praesenti,
1451 1795 1493 1831 et
1528 1791 1698 1830 inducet
1729 1791 1942 1831 subditum
1971 1792 2012 1829 in
2042 1793 2257 1831 meliorem

1222 1857 1423 1898 mentem,
1464 1863 1610 1890 omnes
1644 1852 1826 1891 fatentur
1877 1865 2000 1903 posse
2039 1854 2256 1892 praelatum

1223 1913 1435 1953 subditum
1456 1914 1689 1952 convictum
1724 1913 1896 1964 punire3
1932 1914 2004 1952 sed
2031 1926 2114 1952 non
2137 1915 2261 1952 debet

1223 1987 1314 2015 esse
1346 1976 1529 2013 melioris
1548 1975 1811 2022 conditionis,
1834 1987 1883 2013 eo
1905 1975 2014 2024 quod
2040 1988 2082 2013 se
2110 1977 2261 2014 durum

1224 2041 1266 2078 et
1284 2037 1607 2087 incorrigibilem
1629 2036 1821 2075 ostendat
1840 2051 1852 2084 ;
1884 2049 1982 2087 ergo
2004 2041 2102 2075 tunc
2137 2039 2262 2077 etiam

1224 2100 1362 2152 puniri
1381 2104 1530 2150 potest.
1556 2099 1652 2145 Quae
1673 2100 1776 2137 ratio
1797 2098 1946 2149 probat
1964 2099 2181 2138 manifeste
2198 2105 2261 2139 ta-

1224 2161 1308 2200 lem
1335 2173 1504 2211 poenam
1526 2173 1610 2198 non
1646 2171 1740 2199 esse
1773 2164 1917 2198 contra
1943 2160 2161 2210 justitiam.
2198 2163 2262 2200 An

1224 2235 1323 2262 vero
1345 2234 1395 2260 ex
1415 2222 1613 2260 charitate
1636 2221 1931 2272 suspendenda
1951 2221 2016 2268 sit,
2039 2223 2262 2272 prudentia

1226 2282 1405 2330 docebit,
1437 2282 1698 2321 considerata
1727 2282 1964 2322 conditione
1995 2295 2199 2334 personae,
2221 2288 2263 2324 et

1224 2345 1316 2386 aliis
1336 2344 1668 2384 circumstantiis.

1279 2409 1347 2445 41.
1360 2407 1483 2446 Dicta
1493 2405 1651 2458 punitio
1668 2404 1745 2446 erit
1766 2409 1934 2455 secreta,
1953 2407 2035 2447 nisi
2056 2408 2132 2456 fiat
2151 2411 2261 2448 tran.-

1229 2467 1336 2510 sz‘tus
1355 2469 1408 2509 ad
1423 2468 1840 2508 accusationem—N
1846 2480 2028 2519 unquam
2048 2481 2146 2508 vero
2167 2469 2262 2508 licet

1228 2530 1397 2569 Praelato
1421 2529 1473 2568 ad
1492 2529 1700 2580 publicam
1734 2529 1992 2579 punitionem
2019 2531 2260 2580 procedere,

1227 2592 1308 2630 nisi
1327 2590 1381 2630 ad
1398 2601 1619 2629 commune
1634 2590 1790 2628 bonum
1810 2590 2091 2630 necessarium
2103 2592 2260 2642 judice-

1229 2657 1310 2702 tur,
1332 2651 1429 2704 quia
1464 2650 1556 2690 talis
1584 2662 1710 2701 poena
1742 2661 1827 2688 non
1856 2654 1919 2690 est
1952 2653 2265 2703 proportionata.

1230 2714 1328 2754 huic
1357 2712 1540 2764 judicio;
1566 2711 1870 2751 interveniente
1903 2716 2043 2752 autem
2081 2713 2266 2753 necessi—

1231 2779 1315 2815 tate
1332 2774 1430 2813 boni
1450 2774 1696 2820 communis,
1716 2772 1885 2812 habebit
1898 2773 2037 2812 locum
2055 2774 2146 2813 haec
2175 2784 2243 2825 poe

1231 2849 1302 2884 na,
1322 2840 1368 2874 ut
1390 2839 1581 2875 auctores
1603 2834 1716 2874 citati
1743 2833 1948 2883 fatentur3
1971 2835 2069 2885 quia
2107 2835 2266 2874 bonum

1230 2909 1452 2939 commune
1482 2896 1697 2948 praefertur
1721 2895 1957 2946 particulari
1995 2897 2130 2935 famae.
2149 2898 2266 2936 Tunc

1231 2963 1374 3001 autem
1396 2962 1559 3010 oportet
1578 2957 1795 2997 transitum
1819 2957 1957 2997 facere
1978 2970 2000 2996 a
2020 2958 2087 2997 via
2104 2958 2265 2997 denun-

1231 3020 1415 3061 tiationis
1438 3019 1492 3059 ad
1516 3020 1624 3059 viam
1648 3019 1937 3058 accusationis.
1962 3019 2064 3058 Nam
2099 3020 2161 3057 vel
2196 3018 2265 3056 de-

1233 3083 1459 3130 nuntiator,
1477 3081 1544 3120 vel
1566 3082 1671 3120 alius
1688 3080 1840 3120 fiscalis
1861 3084 2057 3131 tanquam
2078 3079 2266 3117 minister

1234 3145 1423 3198 publicus
1444 3156 1610 3183 sumere
1631 3144 1756 3183 debet
1790 3143 1966 3182 officium
1997 3140 2261 3186 accusatoris,

1234 3212 1275 3247 et
1294 3207 1473 3246 formare
1490 3218 1746 3257 processum,
1769 3205 1873 3244 sicut
1893 3203 1934 3240 in
1954 3201 2018 3240 via
2040 3201 2265 3240 accusatio-

1235 3269 1315 3316 nis,
1330 3269 1381 3308 de
1406 3280 1489 3319 qua
1508 3268 1668 3315 statim;
1687 3271 1727 3306 et
1751 3262 1972 3314 aliquando
1988 3265 2102 3302 tanta
2124 3269 2162 3300 et
2180 3266 2264 3300 tam

1237 3332 1376 3385 gravis
1407 3334 1469 3370 est
1506 3330 1732 3370 necessitas
1763 3324 1993 3365 communis
2014 3324 2112 3362 boni
2133 3323 2266 3373 (sicut

1237 3397 1301 3433 est
1334 3393 1380 3432 in
1417 3397 1586 3444 peccato
1606 3388 1791 3435 haeresis,
1815 3387 1882 3427 vel
1916 3384 2180 3438 proditionis)
2205 3386 2263 3431 ut,

1239 3455 1439 3494 existente
1459 3457 1621 3493 tantum
1638 3448 1866 3500 semiplena
1897 3445 2154 3498 probatione,
2175 3456 2268 3496 pos-

1240 3515 1292 3556 sit
1310 3516 1389 3555 hoc
1406 3515 1508 3562 fieri,
1529 3517 1569 3553 et
1594 3515 1692 3551 tunc
1711 3509 1838 3548 hahet
1860 3507 1999 3546 locum
2022 3504 2135 3557 quod
2170 3505 2266 3544 Soto

1241 3589 1366 3628 supra
1383 3577 1532 3617 citatus
1558 3572 1672 3619 dixit,
1687 3583 1810 3623 posse
1829 3567 2078 3608 incarcerari
2093 3577 2212 3606 reum
2228 3567 2268 3604 et

1242 3639 1441 3693 torqueri,
1461 3638 1500 3678 si
1526 3646 1698 3676 necesse
1719 3633 1788 3674 sit.
1807 3631 1998 3671 Tandem
2011 3641 2113 3672 vero
2142 3627 2188 3668 iu
2207 3626 2248 3666 fe
