2352 3880
171 291 291 341 sins,
304 288 418 344 quod
441 286 532 329 fieri
546 290 806 340 nonwntesu
814 291 874 329 mt
882 290 1131 331 constat&
1123 300 1220 331 m-

189 352 362 394 teriade
372 353 642 390 ‚sacramento
659 349 931 390 Poenitentiae.
948 350 1128 402 Sequela
1146 362 1220 405 ve-

185 426 233 454 ro
247 415 376 464 patet,
395 418 486 451 tum
507 410 606 462 quia
620 410 692 450 illa
710 414 772 451 est
784 411 983 462 quadam
999 423 1129 463 poenu
1146 423 1220 452 ‹ec-

185 473 415 513 clesiastica
426 485 451 512 a
459 472 650 524 paritate
658 472 850 520 rationis3
860 476 957 512 ¹tum
968 474 1102 513 retiam
1121 474 1219 525 quia

184 534 397 574 consessor
411 537 652 585 nonpotest
679 534 803 573 aliam
821 546 986 586 poenam
1005 535 1219 586 propriam

183 594 414 646 imponere,
434 595 514 634 nisi
546 595 922 645 sacramentaliter3
946 608 1045 635 nam
1076 597 1109 636 si
1147 597 1220 636 ali-

185 655 286 707 quid
315 655 428 695 aliud
454 656 639 708 praecipit
663 656 902 696 faciendum
933 657 1000 696 vel
1026 658 1219 697 omitten-

183 716 346 757 dumtin
372 717 606 757 remedium
631 719 806 769 peccati,
827 718 931 756 illud
944 730 1030 756 non
1055 723 1118 758 est
1132 730 1221 770 poe-

183 788 254 828 na,
273 779 346 818 sed
361 779 586 828 medicina,
604 779 701 831 quia
717 791 802 818 non
824 783 886 818 est
899 779 952 817 ad
971 779 1221 820 vindicanda

182 840 391 892 proeterita
403 845 597 891 peccata,
613 841 688 879 sed
707 840 761 879 ad
779 840 1050 891 praecavenda
1064 841 1215 880 futuru.

183 901 315 950 Unde,
346 902 378 940 si
402 902 624 940 necessitas
642 901 776 948 durat,
800 913 885 940 non
903 903 1046 951 ‘potest
1074 903 1163 941 tolli
1184 916 1220 942 >a

184 963 375 1014 sequenti
387 963 622 1001 confessore
639 965 810 1012 propter
829 962 1123 1014 quodcumque
1136 964 1218 1016 pri-

182 1025 395 1075 vilegium,
412 1024 508 1074 quia
531 1027 639 1062 esset
655 1023 938 1063 irrationabile
953 1038 962 1072 ;
981 1025 1015 1064 si
1031 1038 1129 1065 vero
1142 1039 1219 1066 ne-

184 1086 352 1125 cessitas
376 1085 564 1131 cessavit,
594 1085 745 1135 poterit
764 1085 851 1123 tolli
882 1098 968 1125 non
991 1090 1076 1125 tam
1097 1088 1218 1127 abso-

181 1147 352 1194 lutione,
370 1158 495 1196 quam
516 1146 872 1197 interpretatione,
893 1148 1005 1198 quod
1026 1160 1109 1187 non
1124 1162 1219 1201 pro-

180 1207 270 1258 prie
308 1211 370 1246 est
391 1207 551 1255 tollere,
573 1208 646 1246 sed
679 1208 888 1247 declarare
923 1209 1220 1260 obligationem

182 1279 388 1315 cessasse;
413 1268 509 1319 quia
537 1273 724 1309 cessante
753 1270 972 1320 adaequato
1005 1270 1088 1309 fine
1108 1270 1219 1310 ohli-

180 1328 356 1380 gationis
371 1329 491 1381 legiS,
511 1334 645 1369 cessat
665 1330 746 1368 lex.
767 1331 844 1377 Qui
875 1330 1086 1370 discursus
1105 1331 1218 1372 vide-

181 1394 247 1430 tur
264 1390 366 1428 mihi
394 1391 615 1430 efficaciter
642 1392 837 1441 probare,
860 1391 969 1431 hanc
990 1392 1220 1432 absolutio-

179 1463 276 1490 nem
297 1464 321 1489 a
338 1464 463 1503 poena
487 1464 570 1491 non
590 1464 713 1502 posse
731 1453 887 1491 hahere
907 1453 1045 1492 locum
1063 1454 1107 1492 in
1128 1466 1219 1505 poe-

170 1512 242 1551 ›nis
262 1513 464 1564 impositis
479 1525 504 1551 a
523 1513 773 1553 confessario
793 1521 839 1553 ut
855 1514 938 1562 ‘sic;
964 1515 1074 1566 quod
1091 1515 1215 1565 addo,

178 1574 276 1624 quia
312 1575 347 1613 si
383 1575 660 1614 confessarius
696 1575 820 1613 simul
851 1578 964 1614 esset
1001 1577 1213 1624 Praelatus,

177 1640 318 1686 posset
338 1641 383 1675 ut
407 1637 498 1676 talis
518 1636 675 1687 aliquid
698 1637 942 1688 praecipere,
962 1638 1037 1677 sed
1055 1651 1140 1676 non
1165 1650 1218 1679 ex

178 1699 322 1737 notitia
343 1699 632 1746 confessionis,
651 1699 776 1738 invito
797 1700 1043 1749 poenitente,
1066 1701 1117 1739 de
1131 1712 1215 1753 quo

177 1760 293 1800 alias.
334 1761 464 1811 Igitur
494 1773 620 1812 poena
659 1762 937 1801 ecclesiastica
964 1763 1128 1814 proprie
1151 1766 1215 1804 est

177 1821 261 1868 illa,
282 1834 374 1873 quae
394 1834 469 1874 per
488 1822 788 1861 ecclesiasticas
805 1823 935 1874 leges,
957 1829 1028 1863 aut
1064 1824 1215 1863 Praela-

176 1884 240 1922 tes
262 1883 452 1922 Ecclesiae
479 1887 594 1922 extra
627 1884 935 1924 confessionem
967 1885 1209 1936 imponitur,

177 1947 219 1983 et
235 1943 374 1994 aliquo
406 1944 529 1982 modo
565 1945 788 1994 spiritualis
817 1950 892 1992 est,
911 1957 960 1985 ac
979 1946 1211 1985 voluntarie

177 2005 410 2045 exercenda
436 2017 512 2045 seu
533 2005 738 2045 servanda
757 2017 809 2045 ex
823 2006 1084 2046 conscientiae
1106 2006 1211 2047 obli-

177 2065 360 2116 gatione.

228 2127 297 2166 48.
324 2123 583 2178 Intelliqitur
609 2128 744 2168 deinde
763 2127 863 2169 talis
886 2140 1005 2181 poma
1031 2134 1215 2182 quaenon

175 2187 230 2228 sit
257 2192 447 2240 perpetua
474 2188 726 2240 simpliciter.
747 2213 799 2218 —-
821 2190 935 2230 Ultra
966 2191 1044 2229 hoc
1072 2195 1214 2230 autem

175 2248 354 2287 diximus
371 2250 655 2288 necessarium
674 2262 766 2290 esse
794 2251 847 2289 ad
872 2252 1067 2291 effectum
1088 2252 1214 2304 hujus

175 2309 387 2358 clausulae,
415 2315 462 2349 ut
478 2311 571 2350 talis
593 2323 718 2362 poena
737 2324 823 2350 non
843 2312 896 2351 sit
915 2317 1118 2364 perpetua
1140 2326 1213 2365 po-

176 2371 309 2420 sitive,
330 2372 371 2410 id
395 2377 470 2420 est,
495 2385 578 2412 non
599 2378 763 2412 tantum.
778 2372 996 2413 indefinite
1018 2375 1102 2414 lata
1121 2376 1212 2415 sine

173 2432 410 2483 praefixione
427 2435 605 2481 termini,
623 2447 714 2486 quae
731 2435 835 2474 solet
853 2436 993 2474 vocari
1009 2440 1212 2487 perpetua

173 2495 380 2546 negative,
412 2495 483 2534 sed
518 2496 776 2536 excludendo
805 2509 974 2536 omnem
1005 2498 1214 2537 remissio-

173 2567 293 2603 nem,
324 2568 399 2595 seu
431 2556 572 2596 finem.
610 2558 660 2596 Et
682 2559 761 2598 hoc
778 2558 904 2598 modo
925 2559 1123 2609 probatur
1148 2559 1213 2598 in·-

173 2617 368 2658 ductione
413 2618 456 2657 in
498 2619 757 2671 depositione
799 2624 877 2659 aut
907 2620 1214 2673 degradatione

173 2679 291 2727 reali,
311 2683 382 2718 aut
398 2677 567 2727 verbali,
587 2692 713 2731 quam
728 2681 868 2720 nullus
882 2681 985 2720 dixit
1000 2695 1123 2734 posse
1137 2694 1215 2734 per

173 2740 281 2780 hanc
302 2741 530 2780 clausulam
546 2743 660 2791 tolli;
689 2744 811 2794 cujus
835 2742 939 2783 ratio
962 2755 1051 2782 non
1074 2746 1213 2795 potest

174 2801 341 2841 aliunde
377 2803 486 2841 sumi
521 2814 647 2853 quam
680 2815 733 2845 ex
767 2805 1059 2855 perpetuitate.
1095 2804 1210 2843 Idem

176 2874 274 2913 ergo
302 2863 378 2902 erit
422 2863 474 2902 de
513 2864 625 2902 omui
656 2876 783 2914 poena
819 2865 881 2904 sic
911 2869 1131 2916 perpetua.
1157 2866 1212 2905 'Et

174 2923 228 2962 ob
261 2923 370 2962 hanc
386 2936 554 2963 causam
578 2924 770 2963 existimo
799 2937 885 2964 non
915 2924 1214 2976 comprehendi

175 2984 299 3023 etiam
320 2985 678 3037 irregularitatem,
696 2986 792 3037 quia
807 2991 869 3026 est
887 2999 1012 3039 poena
1035 2988 1211 3039 positi-ve

171 3049 389 3098 perpetua.
425 3047 543 3085 Ratio
581 3047 709 3086 etiam
748 3047 870 3088 reddi
906 3053 1044 3100 potest
1062 3078 1076 3098 ,
1112 3049 1214 3101 quia.

174 3119 301 3158 poenu
321 3111 523 3159 perpetua
540 3121 625 3148 non
646 3113 784 3160 potest
804 3109 907 3158 tolli,
929 3109 1010 3149 nisi
1030 3111 1211 3150 interve-

172 3168 546 3220 niat=dispensatio,
569 3174 610 3209 et
627 3171 719 3211 ideo
740 3171 816 3210 ubi
841 3173 1210 3223 comprehenditur

174 3229 263 3270 sola
295 3231 527 3280 absolutio,
556 3243 640 3270 non
676 3230 901 3273 includitur
943 3233 1036 3273 talis
1063 3245 1206 3284 poena.

174 3289 434 3332 Antecedens
465 3293 727 3343 explicatur:
759 3305 858 3333 nam
888 3291 931 3333 in
962 3294 1043 3333 hoc
1072 3295 1209 3334 differt

174 3351 393 3394 absolutio
389 3366 422 3394 a
441 3354 764 3415 dispensatione
797 3354 895 3406 quia
931 3367 1008 3407 per
1041 3355 1209 3394 absolu-

173 3413 330 3455 tionem
349 3427 439 3455 non
464 3415 691 3467 derogatur
705 3414 916 3456 communi
936 3421 978 3456 et
997 3417 1206 3458 ordinario

173 3475 270 3530 iuri,
291 3477 368 3517 sed
379 3477 520 3530 potius
543 3482 759 3519 exercetur
794 3482 910 3518 aetus
945 3478 1109 3518 debitus
1141 3491 1207 3519 se-

173 3538 357 3578 eundum
378 3539 463 3591 jus,
484 3539 652 3592 quando
683 3539 918 3591 subjectum
951 3545 1014 3580 est
1031 3540 1208 3592 disposi-

170 3597 291 3651 tum3
327 3611 404 3653 per
423 3600 790 3653 dispensationem
815 3604 959 3646 autem
982 3601 1207 3656 derogatur

505 223 606 260 ...ms
618 175 1520 268 mmmmmrm

1268 301 1483 331 eommm
1504 271 1994 345 {51¹5}th

1271 350 1434 391 culm-is
1431 361 1634 402 persona·
1632 348 1953 395 euindturQ
2123 336 2162 362 ³

1268 412 1387 464 juris
1407 411 1456 451 Fst
1483 411 1581 451 h'inu
1597 415 1668 452 est
1682 415 1749 452 ιιι
1757 409 1965 452 absoluti&
1981 411 2089 461 m

1272 473 1496 523 nicanum,
1509 473 1779 525 quantumvis
1797 477 2067 522 mmmmm

1273 535 1624 586 dispensationem
1643 535 1897 586 adiunctam,
1915 535 1954 574 si
1962 535 2078 587 justa
2106 554 2124 572 t
2152 555 2156 563 ·

1274 608 1369 636 cum
1392 597 1635 637 conceditur
1657 597 1842 636 ‘facultas
1868 596 1928 636 ad
1946 590 2154 638 :absotvo'
2184 584 2237 648 ξ’-

1270 658 1343 697 tali
1364 669 1558 706 censura,
1578 669 1664 697 non
1675 658 1925 698 conceditur
1936 659 2189 710 εισῐιιεφιίε
2208 686 2222 716 ,⁴

1274 719 1375 759 dum
1393 731 1438 759 se
1455 719 1507 758 sit
1540 723 1691 770 praeter
1710 719 1799 770 jus,
1821 719 1896 760 sed
1921 719 2068 759 ⁴solnm
2086 718 2211 770 del„
2235 770 2239 771 ⁷

1270 781 1517 833 jurisdictio,
1537 781 1591 821 ad
1619 782 2058 823 exercendumactum
2079 787 2229 823 >cons''

1273 854 1401 882 neum
1418 842 1504 894 juri
1523 843 1749 890 communi,
1778 843 1814 882 ei
1840 842 1909 894 qui
1931 843 2043 882 illam
2065 855 2148 882 non
2188 839 2249 879 ι’·4

1272 904 1358 942 bat.
1384 905 1434 943 At
1452 915 1551 944 vere
1579 904 1871 955 .irregu1aritas
1896 916 2119 955 nunquam
2151 911 2184 944 t:
2204 935 2210 940 .
2232 903 2239 939 .“

1271 964 1419 1004 nisiex
1438 969 1556 1017 parte
1577 965 1843 1017 infringendo
1878 965 1979 1005 illud
2003 966 2086 1017 jus,
2115 965 2227 1018 quo!
2259 965 2261 967 ’

1268 1026 1357 1066 lam
1388 1030 1436 1066 ut
1477 1029 1726 1078 perpetuam
1755 1026 1958 1077 imponit,
1991 1026 2169 1078 ideoque
2207 1025 2255 1085 ἰ

1274 1100 1402 1139 quam
1414 1088 1504 1127 sine
1524 1088 1832 1140 dispensatione
1850 1089 2074 1138 tollitur‚³et
2084 1089 2194 1128 ideo·
2207 1107 2216 1124 -,
2246 1089 2253 1124 J
2269 1133 2273 1135 4

1271 1149 1373 1188 timo
1406 1150 1559 1189 dictum
1590 1162 1683 1189 esse
1715 1150 1887 1201 injure,
1916 1150 2009 1202 plus
2032 1162 2127 1190 esse
2157 1154 2200 1191 tn
2228 1165 2234 1187 s

1271 1210 1636 1262 irregularitatem,
1667 1222 1794 1262 quam
1821 1212 1992 1250 canonis
2025 1223 2233 1252 excomm
2256 1233 2278 1260 1⁴
2324 1223 2325 1226 ’

1273 1272 1493 1311 cntionem.
1531 1272 1649 1312 Unde
1686 1272 1812 1311 etiam
1846 1273 2032 1324 sequitur
2072 1273 2152 1313 alia
2182 1288 2209 1308 ¹
2231 1301 2235 1308 ·
2259 1267 2261 1269 ’

1272 1333 1406 1372 rentia
1420 1334 1528 1372 inter
1546 1333 1851 1372 absolutionem
1871 1338 1912 1373 et
1935 1334 2246 1385 dispensation-
2259 1343 2269 1376 ζ

1272 1395 1386 1444 quod
1405 1394 1609 1434 absolutio
1635 1407 1718 1433 non
1748 1395 1922 1444 requirit
1953 1395 2177 1446 specialem
2198 1409 2260 1434 s

1273 1467 1363 1494 sam
1381 1485 1392 1503 ‚
1429 1456 1503 1495 sed
1545 1457 1677 1495 solum
1713 1456 1826 1507 quod
1865 1468 1918 1497 ex
1957 1461 2079 1508 parte
2107 1468 2257 1508 *perso

1272 1516 1535 1558 absolvendae
1573 1517 1624 1556 sit
1663 1517 1874 1568 dispositio
1894 1547 1903 1565 ,
1942 1527 2019 1556 seu
2053 1527 2139 1556 non
2175 1522 2269 1570 ‘rep'

1273 1579 1458 1631 guantia,
1492 1583 1532 1618 et
1555 1579 1598 1617 in
1620 1578 1700 1617 alio
1733 1579 1784 1617 sit
1809 1581 2024 1629 potestas:
2049 1579 2281 1630 dispenss

1270 1653 1370 1680 vero
1414 1642 1564 1692 praeter
1599 1643 1847 1691 potestatem
1881 1640 2056 1690 requirit
2100 1645 2279 1680 causam

1270 1702 1335 1740 vel
1376 1705 1419 1740 ut
1456 1701 1592 1740 valide
1629 1701 1723 1749 fiat,
1763 1705 1810 1739 ut
1842 1700 1887 1738 in
1916 1699 2023 1740 votis
2055 1701 2185 1740 etiam
2228 1719 2235 1736 ι
2255 1709 2279 1736 .·

1268 1763 1450 1811 nalibus,
1482 1762 1547 1802 vel
1583 1762 1731 1802 saltem
1773 1765 1818 1801 ut
1854 1762 1979 1810 licite,
2010 1765 2057 1801 ut
2085 1762 2129 1801 in
2148 1763 2183 1801 ir
2213 1780 2249 1811 q
2275 1770 2279 1774 ³

1269 1823 1516 1871 laritatibuS,
1555 1828 1595 1863 et
1626 1823 1717 1862 aliis
1760 1835 1851 1874 quae
1891 1827 1987 1862 suut
2017 1823 2074 1862 de
2102 1823 2201 1875 ‘jure
2221 1823 2256 1863 rh

1267 1897 1406 1923 mano.
1429 1884 1530 1931 Quia
1550 1896 1648 1936 ergo
1671 1884 1783 1923 nulla
1804 1896 1928 1935 poena
1945 1889 2146 1936 perpetua
2158 1897 2268 1926 sec·-

1267 1946 1367 1984 dum
1388 1947 1458 1997 jus
1492 1946 1746 1985 ordinarium
1774 1947 1930 1985 auferri
1961 1951 2110 1998 potest,
2142 1947 2274 1987 ideo*
2315 1963 2317 1967 ¹

1268 2019 1317 2046 ea
1337 2020 1422 2045 non
1441 2007 1565 2046 habet
1585 2007 1724 2046 locum
1744 2019 1860 2046 mera
1883 2008 2102 2057 absolutio,
2128 2009 2218 2049 sed·
2231 2014 2263 2044 νυῖ

1264 2069 1456 2121 pensatio
1471 2069 1709 2107 necessaria
1725 2073 1800 2116 est,
1823 2080 1870 2107 ac
1890 2069 2062 2120 proinde
2085 2082 2174 2109 non
2193 2082 2235 2111 c
2256 2099 2282 2119 ·,

1264 2129 1540 2182 prehenditur
1561 2130 1638 2169 sub
1656 2132 1872 2180 potestate,
1889 2142 1981 2181 quae
2000 2130 2056 2170 ad
2085 2131 2262 2172 absolv..

1268 2191 1366 2230 dum
1384 2195 1546 2230 tantum
1564 2190 1701 2238 datur,
1723 2195 1763 2231 et
1782 2203 1865 2229 non
1887 2191 1941 2230 ad
1962 2191 2203 2243 dispensan·
2224 2210 2233 2227 ι
2254 2214 2260 2226 ,

1319 2253 1387 2292 49.
1427 2252 1518 2293 Imo
1550 2264 1620 2292 neo
1651 2252 1897 2302 intelliyitur
1913 2263 2030 2304 poena
2054 2257 2241 2305 tempora
2275 2297 2277 2300 ,
2313 2245 2315 2248 ’

1267 2314 1367 2354 certi
1387 2312 1563 2354 termini.
1579 2334 1632 2343 —
1646 2313 1706 2351 Ex
1729 2323 1810 2362 quo
1837 2313 1985 2361 infero,
2000 2314 2114 2353 idem
2128 2327 2169 2353 c·
2188 2332 2197 2351 ι
2214 2332 2221 2350 ;
2238 2342 2255 2350 ,.
2312 2346 2313 2349 ,

1267 2381 1368 2413 dum
1386 2386 1476 2413 esse
1504 2373 1555 2413 de
1580 2385 1846 2424 quacumque
1871 2385 2004 2425 ’poena
2019 2375 2065 2414 in
2081 2374 2216 2415 vindic

1266 2435 1405 2475 delicti
1428 2435 1603 2487 praecise
1631 2447 1682 2474 ac
1711 2433 1937 2483 definitive,
1973 2443 2028 2474 'ut
2055 2436 2117 2475 sic
2141 2436 2243 2475 duc:
2268 2477 2272 2478 ⁷

1264 2496 1460 2547 imposita
1476 2495 1563 2535 sive
1585 2509 1660 2547 per
1673 2497 1826 2548 legem,
1842 2496 1929 2535 sive
1946 2507 2024 2548 per
2052 2494 2259 2538 sentens'

1265 2558 1462 2607 hominis,
1491 2559 1753 2599 etiamsinon
1773 2559 1824 2598 sit
1842 2563 2060 2610 perpetua,
2089 2560 2125 2600 si
2158 2559 2214 2602 sit
2238 2555 2257 2606 ’,-

1267 2623 1427 2660 certum
1443 2620 1666 2660 terminum
1684 2620 1743 2659 ita
1761 2619 1994 2671 praefixum,
2011 2624 2059 2661 ut
2087 2620 2189 2660 imm
2214 2623 2240 2651 ‘·'

1266 2693 1351 2721 non
1370 2682 1496 2733 possit
1515 2682 1744 2721 secundum
1767 2682 2023 2720 ordinarium
2043 2682 2132 2734 jus,
2174 2699 2184 2717 ι
2207 2700 2224 2717 ι·
2246 2698 2250 2705 =

1265 2743 1417 2782 tumvis
1436 2755 1533 2781 reus
1551 2743 1604 2782 sit
1623 2743 1885 2791 emendatus,
1900 2747 1946 2781 ut
1962 2747 2025 2782 est
2042 2743 2216 2785 inhabili
2229 2761 2246 2774 υ
2306 2760 2308 2762 ·

1265 2803 1331 2843 vel
1355 2803 1542 2855 privatio,
1579 2808 1650 2842 aut
1669 2803 1888 2854 suspensio
1905 2804 1962 2843 ab
1979 2804 2115 2844 officio
2137 2805 2261 2846 ἔπιτ’
2304 2839 2305 2843 ,

1265 2869 1352 2905 tum
1372 2869 1551 2915 tempus,
1574 2864 1640 2903 vel
1661 2864 1898 2916 prohibitio,
1926 2865 2046 2904 verbi
2066 2866 2234 2916 grafia,
2303 2863 2307 2906 Ξ

1263 2924 1450 2978 ingressu
1471 2925 1678 2974 Ecclesiae,
1703 2926 1966 2965 similiterad
1986 2926 2202 2977 praefixum
2228 2955 2243 2961 ,.

1263 2987 1438 3035 minum,
1458 2993 1499 3026 et
1516 2987 1687 3034 similes,
1710 2987 1762 3026 de
1781 2988 1931 3039 quibus
1960 2987 2140 3027 diximus
2170 3000 2191 3028 s
2214 2991 2217 2994 ’

1262 3059 1349 3089 non
1363 3060 1456 3087 esse
1476 3049 1642 3100 proprie
1662 3061 1873 3095 censuras,
1889 3049 2010 3100 quod
2045 3049 2170 3088 etiam
2207 3057 2215 3081 ‘r
2257 3051 2259 3054 ’

1261 3114 1329 3150 tur
1348 3111 1569 3160 Navem-us,
1589 3111 1684 3150 diet.
1707 3123 1750 3149 n.
1767 3111 1863 3158 25&
1886 3111 1972 3150 vult
2005 3114 2143 3150 tamen
2180 3121 2239 3170 ἃ·

1260 3171 1417 3212 tionem
1432 3173 1571 3224 hujus
1569 3172 1800 3223 particulae,
1816 3176 1859 3212 et
1879 3173 2023 3225 paenis,
2036 3182 2128 3223 quae
2146 3169 2214 3211 in

1257 3229 1451 3285 jusmodi
1455 3234 1628 3273 Indultis
1645 3233 1704 3280 fit,
1723 3235 1894 3284 propter
1915 3233 1991 3272 has
2010 3243 2188 3284 prenae-¹
2183 3236 2216 3264 ³³

1261 3299 1417 3343 tamen,
1446 3297 1767 3345 consequenter
1774 3293 1999 3345 loquendo,
2022 3293 2175 3333 videt
2221 3339 2228 3342 ,

1261 3356 1408 3396 eadem
1428 3355 1535 3395 ratio
1548 3355 1601 3394 de
1622 3355 1686 3393 his
1704 3355 1837 3406 poenis
1854 3365 1947 3406 quae
1970 3354 2022 3394 de
2042 3365 2199 3423 perp

1261 3418 1372 3469 quia,
1397 3417 1504 3457 sicut
1531 3420 1743 3468 perpetnae
1761 3420 1862 3455 tunc
1880 3415 2079 3467 proeciset'
2096 3431 2171 3448 nv:

1259 3482 1328 3519 tur
1338 3490 1618 3532 promemper,
1638 3481 1685 3518 ut
1711 3477 1801 3516 siue
1815 3474 2214 3547 dispensationem

1256 3541 1323 3592 pis
1342 3539 1497 3580 auferri
1515 3551 1601 3578 non
1612 3538 1792 3590 possint,
1815 3537 1921 3588 quin
1940 3529 2218 3588 flnpuguat

1257 3601 1387 3644 nario
1384 3600 1502 3654 juri,
1515 3600 1581 3640 <itu
1598 3594 2145 3653 haeqmnoezprmeunw«

2203 520 2222 551 b.
2230 532 2233 533 i

2141 3720 2155 3746 ι,
2182 3723 2205 3738 r

2005 3815 2171 3870 ‘’-·.⁴
