2352 3880
147 236 176 277 '1
183 237 263 282 tro

191 358 376 394 reducitur
387 361 434 395 ad
452 361 724 405 dominativam‚
738 361 791 399 ib.
1192 399 1194 402 ,

189 407 240 443 De
260 410 352 444 facto
369 408 408 445 in
429 411 619 449 Praelatum
637 413 709 449 fuit
721 412 892 447 translata
910 410 1016 447 initio
1033 410 1184 457 religio-

191 467 292 502 num,
315 460 370 499 ib.

189 509 231 542 Et
249 519 269 543 a
287 512 368 553 jure
391 513 577 549 communi
599 513 809 557 approbata,
825 513 876 547 ib.

147 557 328 595 Bonorum
350 565 557 598 monasterii
576 564 778 607 acquisitio,
791 563 874 598 vide
887 562 1097 607 Aequisitio.

146 608 327 645 Bonorum
346 615 556 649 monasterii
570 615 753 659 alienatio,
769 614 853 649 vide
868 614 1045 651 Alienatio
1063 617 1099 648 et
1109 613 1180 649 Do·

187 661 302 696 natio.

143 708 325 746 Bonorum
344 716 555 750 monasterii
575 714 799 750 conservatio
812 724 884 759 qua
897 715 1049 755 ratione,
1065 716 1100 748 et
1111 714 1180 750 sub

186 770 258 804 qua
275 763 495 807 obligatione
510 766 555 800 ad
573 766 763 800 Praelatum
779 768 814 799 et
835 764 1005 799 officiales
1019 763 1130 806 illius,
1144 767 1181 799 et

183 811 231 845 ad
247 813 338 848 allos
360 815 467 850 etiam
483 816 646 851 subditos
665 816 853 859 pertineat,
878 814 930 849 ib.

182 861 276 909 Quos
298 865 462 906 pecuniae
485 866 696 901 monasterii
716 868 892 907 sumptus,
915 864 954 897 in
973 862 1106 906 quibus
1117 870 1177 899 re—

181 911 262 954 bus,
279 917 314 948 et
332 915 399 950 sub
414 925 486 959 qua
499 916 720 959 obligatione
733 914 874 950 Praelati
889 914 1110 959 regularium
1125 914 1177 954 fa-

181 970 263 997 cere
281 965 420 1007 possint
441 970 477 1000 et
497 967 665 1008 debeant,
689 966 741 1000 ib.

180 1011 256 1053 Qua
278 1016 446 1057 aequitate
468 1016 539 1050 sibi
559 1019 595 1052 et
621 1015 703 1050 aliis
721 1016 886 1052 teneatur
899 1014 1072 1052 Praelatus
1084 1014 1174 1052 sub-

180 1063 306 1098 venire
325 1066 371 1099 de
389 1066 497 1100 bonis
512 1065 736 1107 monasterii,
759 1066 808 1099 ib.

137 1111 236 1148 Bona
257 1115 407 1149 mobilia
430 1116 639 1150 monasterii
670 1115 874 1159 expendere
905 1117 941 1151 et
962 1122 1175 1151 consumere

179 1167 357 1206 quatenus
377 1166 490 1208 possit
509 1170 570 1201 aut
592 1166 720 1201 debeat
735 1166 905 1202 Praelatus
920 1166 1107 1210 regularis,
1122 1165 1175 1200 ih.

135 1213 234 1247 Bona
265 1215 467 1256 immobilia
489 1217 699 1251 monasterii
722 1217 906 1262 quomodo
927 1215 1172 1255 administrari

170 1264 333 1299 debeant
353 1275 374 1300 a
395 1267 558 1309 Praelato,
583 1267 636 1302 ib.

134 1314 233 1350 Bona
255 1317 557 1352 monasteriorum
579 1326 721 1363 semper
749 1317 899 1353 fuerunt
919 1315 1172 1360 ecclesiastica,

174 1373 220 1400 ac
240 1366 394 1409 proinde
415 1367 647 1414 dispositioni
666 1377 851 1405 sacrorum
869 1377 1052 1405 canonum
1083 1368 1174 1406 sub-

173 1417 279 1459 jecta,
306 1419 361 1454 ib.

131 1466 231 1502 Bona
246 1468 448 1504 immobilia
464 1469 699 1514 collegiorum
715 1469 902 1505 societatis
916 1469 1080 1511 alienari,
1093 1476 1173 1504 mu-

173 1518 241 1551 tari
257 1527 299 1552 ac
316 1519 463 1554 dissolvi
484 1528 559 1554 non
589 1523 740 1563 possunt
761 1529 782 1554 a
801 1521 878 1554 solo
901 1519 1078 1562 Generali,
1108 1519 1174 1554 sed

173 1568 329 1604 ulterius
343 1570 558 1614 ‘requiritur
593 1579 794 1607 consensus
825 1570 941 1613 ipsius
970 1569 1169 1612 societatis,

174 1625 205 1652 c.
230 1621 287 1653 28.

171 1669 358 1709 Quomodo
377 1670 586 1713 hujusmodi
609 1678 808 1706 consensus
836 1669 1022 1705 societatis
1044 1669 1169 1704 haberi

172 1719 286 1763 possit
303 1719 522 1755 sufficienter
534 1732 542 1764 ;
556 1729 604 1756 an
620 1729 684 1764 per
695 1730 733 1756 se
752 1720 907 1756 sufficiat
920 1721 999 1756 sine
1019 1728 1173 1755 consen-

171 1776 215 1804 su
238 1771 433 1811 Generalis,
460 1772 509 1806 ib.

171 1819 247 1860 Qua
269 1829 312 1854 ex
333 1830 440 1855 causa
460 1822 537 1856 fieri
558 1822 670 1866 possit
685 1821 781 1857 dicta
803 1821 986 1864 alienatio,
1003 1821 1055 1856 ib.

171 1873 226 1905 An
246 1880 267 1905 a
285 1872 449 1906 Generali
470 1873 578 1907 simul
598 1882 679 1906 cum
696 1873 868 1907 Societate
889 1872 1026 1915 possint
1042 1879 1172 1915 super-

172 1921 397 1955 abundantia
419 1922 516 1956 bona
539 1923 742 1957 immobilia
764 1923 875 1957 unius
892 1922 1033 1965 collegii
1051 1921 1171 1965 appli-

172 1971 245 2004 cari
266 1972 382 2014 alteri,
405 1973 455 2006 ib.

171 2020 405 2064 Explicantur
427 2020 569 2056 Indulta
591 2025 626 2055 et
646 2021 838 2066 privilegia
858 2020 1062 2063 Apostolica
1080 2027 1170 2053 con—

170 2069 353 2104 firmantia
364 2075 398 2105 et
413 2072 625 2115 ampliantia
641 2076 770 2106 statuta
783 2071 967 2106 societatis
982 2071 1100 2113 quoad
1109 2078 1171 2113 po·-

169 2122 331 2155 testatem
360 2122 557 2163 alienandi,
584 2123 774 2164 mutandi,
802 2121 1038 2156 contrahendi
1063 2128 1172 2165 super

169 2170 267 2206 bona
289 2172 439 2206 mobilia
454 2175 488 2206 et
511 2173 714 2206 immobilia
735 2172 849 2215 ipsius
865 2171 1061 2213 societatis,
1080 2171 1130 2206 ib.

127 2220 310 2256 Bonorum
332 2222 524 2257 mobilium
546 2222 733 2260 societatis
756 2222 940 2263 alienatio,
965 2222 1048 2257 vide
1069 2222 1171 2257 Alie-

171 2273 283 2307 natio.

124 2321 225 2357 Bona
247 2323 500 2367 religiosorum
515 2322 850 2364 beneficiariorum,
869 2319 954 2358 vide
974 2321 1168 2356 Beneficia·-

167 2381 256 2407 rius.

124 2421 224 2458 Bona
247 2423 292 2456 ab
314 2420 492 2466 Apostatis
513 2425 612 2459 extra
634 2420 851 2466 religionem
877 2419 1067 2465 acquisita,
1082 2418 1167 2455 vide

166 2474 346 2516 Apostata.

125 2522 224 2558 Bona
245 2522 412 2568 Episcopi
429 2522 619 2567 regularis,
634 2522 718 2558 vide
738 2521 919 2565 Episcopi.

123 2574 222 2609 Bona
241 2574 399 2618 religiosi
423 2574 644 2609 transeuntis
661 2574 706 2608 ad
720 2574 828 2607 aliam
843 2571 1071 2616 religionem,
1082 2569 1168 2607 vide

165 2625 366 2668 Religiosus
388 2625 434 2659 ad
456 2625 565 2659 aliam
589 2624 804 2668 religionem
827 2623 1022 2658 transiens.

123 2673 222 2708 Bona
243 2675 402 2717 religiosi
426 2674 578 2716 expulsi,
603 2674 686 2709 vide
703 2674 904 2716 Religiosus
922 2673 1104 2716 expulsus·

123 2723 222 2758 Bona
240 2733 261 2758 a
280 2724 416 2758 clerico
439 2725 610 2765 regulari,
631 2725 739 2757 etiam
758 2725 796 2758 in
820 2724 984 2758 claustris
1008 2722 1167 2766 degenti,

167 2782 231 2818 per
246 2777 388 2817 turpem
403 2773 698 2818 negotiationem,
716 2774 771 2806 vel
789 2779 913 2806 contra
931 2781 1090 2807 canones
1105 2781 1167 2807 ao-

167 2823 312 2866 quisita,
336 2832 383 2857 an
404 2823 609 2865 pertineant
629 2822 675 2856 ad
695 2822 924 2864 religionem,
952 2823 1011 2856 vel
1037 2822 1084 2855 ad
1105 2830 1166 2856 ca-

166 2880 303 2908 meram
319 2873 571 2916 Apostolicam‚
588 2872 612 2904 l.
636 2877 666 2912 3,
683 2880 713 2905 c.
739 2875 772 2907 2.

118 2923 226 2962 Bona
247 2933 312 2958 sua
334 2924 550 2957 distribuere
570 2923 787 2966 promittunt
799 2930 937 2962 omnes,
958 2920 1021 2964 qui
1042 2921 1080 2954 in
1099 2921 1166 2955 So-

164 2973 294 3012 cietate
311 2973 549 3016 recipiuntur,
566 2977 601 3008 et
616 2975 710 3008 banc
732 2973 1010 3016 promissionem
1027 2971 1167 3006 faciunt

165 3027 363 3067 antequam
385 3031 450 3066 per
461 3026 543 3057 vota
558 3023 725 3057 Societati
746 3023 1036 3069 incorporentur,
1049 3025 1094 3057 tr.
1109 3026 1165 3067 1⁰,

166 3073 199 3118 i.
213 3077 248 3118 ¹0,
264 3082 296 3109 c.
316 3077 352 3111 4.

165 3124 353 3168 Quomodo
375 3124 453 3161 baec
473 3121 667 3166 promissio
685 3122 936 3167 intelligenda,
950 3125 987 3162 et
1003 3130 1097 3170 quos
1107 3120 1167 3159 ef-

167 3176 284 3211 fectus
305 3173 446 3216 habeat,
467 3173 520 3209 ib.

167 3225 380 3269 Huiusmodi
400 3224 508 3265 bona,
531 3222 675 3266 quibus,
700 3222 860 3264 quando,
884 3225 920 3257 et
937 3231 983 3257 an
1003 3222 1166 3259 absolute

167 3274 420 3314 distribuenda
435 3273 520 3320 sint,
533 3273 612 3314 siue
625 3272 850 3315 conditione,
863 3272 894 3307 si
917 3281 1167 3317 perseverave-

168 3326 217 3360 rit
248 3330 330 3367 etc„
347 3323 398 3358 ib.
590 3324 594 3325 ⁷

126 3354 228 3412 Bona
255 3384 321 3410 sua
344 3373 564 3417 pauperibus
589 3372 710 3416 potius
738 3379 848 3415 quam
882 3370 1166 3414 consanguineis

168 3426 397 3466 distribuere,
417 3423 551 3466 quibus
574 3422 733 3458 maximo
759 3421 962 3457 rationibus
986 3420 1166 3465 religiosis

169 3475 346 3519 expediat,
368 3482 402 3511 c.
423 3477 458 3514 ⁵·
892 3519 900 3527 ,

121 3525 227 3563 :Bona
247 3523 542 3564 scholasticorum
565 3521 754 3562 societatis
769 3522 818 3561 ab
833 3521 924 3567 ipsis
942 3521 1166 3561 scholasticis

169 3575 306 3612 suntin
328 3582 503 3618 pauperes
524 3572 790 3616 distribuenda,
805 3572 856 3608 ib.

170 3629 227 3662 Ata
243 3628 278 3659 et
298 3633 370 3666 qua
382 3623 522 3657 ratione
535 3623 575 3657 in
594 3622 888 3669 consanguineos
901 3619 1010 3661 etiam
1023 3630 1066 3662 ea
1079 3630 1167 3669 pos-

170 3677 247 3715 s'ull·
264 3674 497 3716 distribuere,
509 3673 562 3709 ib.

1066 244 1197 282 mm
1211 245 1363 283 mm.
1942 279 1944 281 ,

192 307 275 341 Haec
297 313 454 352 potestas.
467 318 543 351 non
561 314 615 349 est
633 313 787 355 potestas
814 309 1092 354 jurisdictionis,
1117 309 1185 347 sed
1273 311 1353 352 Quo
1371 308 1575 352 Superioris
1589 310 1768 356 consensu
1785 315 1822 358 et
1841 318 1911 352 eon
1942 308 1985 363 ἵζ’
2021 316 2074 366 u).

1276 362 1330 396 An
1347 359 1487 402 possint
1512 359 1620 394 etiam
1645 359 1812 398 societati
1834 364 1879 398 ea
1891 372 1914 399 a
1938 369 1962 408 p

1278 418 1422 453 quoque
1442 410 1580 453 induci,
1601 411 1652 447 ib.

1277 462 1368 495 Ante
1386 460 1510 494 omnia
1523 469 1566 495 ex
1584 461 1642 495 his
1656 461 1765 497 bonis
1779 463 1901 499 debita
1912 464 2086 500 solvenda
2095 471 2192 511 sunt,
2211 466 2265 505 ib.

1276 512 1329 545 An
1352 509 1449 544 bona
1469 520 1546 554 sua,
1570 512 1694 547 saltem
1717 512 1756 546 in
1778 522 1866 548 usus
1883 514 1976 557 pios,
1990 508 2204 558 distribuere
2215 517 2266 552 li·
2342 538 2352 558 Ἴ.

1275 560 1344 594 cite
1367 560 1506 602 possint
1527 562 1684 605 religiosi
1702 571 1777 598 non
1801 563 1952 608 professi
1976 565 2160 601 societatis
2179 568 2264 611 abs-
2331 585 2352 606 ,ς

1276 618 1348 651 que
1361 610 1561 646 directione
1579 616 1614 646 et
1635 621 1815 648 consensu
1831 615 2078 661 Superiorum,
2098 624 2131 652 e.
2149 620 2181 657 6,
2346 615 2352 627 “

1273 661 1328 695 An
1347 661 1466 695 valide
1499 662 1623 696 saltem
1651 672 1693 698 ea
1723 665 1939 701 distribuere
1960 666 2104 702 valeant
2129 666 2265 715 absque

1274 710 1336 744 tali
1353 719 1532 746 consensu
1548 713 1761 757 Superioris,
1779 715 1828 750 ib.

1231 760 1329 796 Bona
1348 770 1412 795 sua
1426 762 1463 795 in
1485 772 1570 798 usus
1589 765 1758 808 profanos
1772 769 1811 800 ut
1823 766 1962 810 possint
1980 766 2196 802 distribuere
2209 776 2266 804 re-

1274 810 1393 853 ligiosi
1419 821 1494 847 non
1523 814 1675 856 professi
1707 817 1903 859 societatis,
1934 817 2027 853 ultra
2046 826 2264 856 consensum

1273 861 1476 904 Superioris
1505 865 1676 898 adhibere
1702 870 1869 900 tenentur
1887 867 2080 908 consilium
2107 869 2262 904 duorum

1272 916 1334 946 aut
1354 913 1462 948 trium
1477 918 1630 957 patrum,
1644 915 1738 956 Quos
1751 916 1920 959 Superior
1929 918 2191 962 approbaverit,
2209 918 2262 955 ib.

1269 964 1314 999 at
1330 971 1414 997 vero
1434 964 1473 997 in
1495 973 1581 999 usus
1602 965 1682 1008 pios
1698 974 1762 1009 pro
1784 976 1849 1001 sua
1870 967 2060 1002 devotione
2077 977 2119 1003 ea
2137 968 2263 1003 distri·

1266 1012 1382 1048 'buere
1396 1019 1574 1062 possunt,
1597 1024 1681 1051 cum
1702 1024 1882 1053 consensu
1902 1021 2023 1054 tamen
2046 1019 2264 1066 Superioris,

1270 1064 1324 1099 ib.
1774 1075 1778 1077 ·

1269 1113 1393 1149 Utrum
1415 1114 1522 1149 divisi
1542 1123 1564 1149 a
1581 1115 1766 1157 societate,
1785 1117 1847 1160 qui
1866 1120 1948 1152 vota
1961 1121 2100 1153 tantum
2118 1116 2264 1163 simpli-

1271 1163 1326 1199 cia
1342 1165 1379 1198 in
1399 1172 1440 1198 ea
1460 1165 1668 1206 emiserunt,
1691 1167 1830 1209 possint
1856 1168 1996 1203 deferre
2019 1178 2139 1204 secum
2165 1170 2263 1207 bona

1269 1220 1353 1256 quae
1373 1214 1443 1259 ipsi
1462 1214 1628 1250 Societati
1648 1217 1883 1261 donaverant,
1904 1221 1950 1257 tr.
1965 1221 2000 1262 8,
2017 1219 2042 1256 1.
2065 1222 2099 1263 Ξ,
2113 1227 2144 1256 c.
2163 1223 2218 1257 26.

2042 360 2140 411 ¹,et
2163 367 2266 409 adid

1620 1303 1726 1330 nunu
1746 1303 1866 1330 COENB-

1224 1366 1255 1401 A
1269 1365 1412 1400 casibus
1431 1367 1579 1402 occultis
1594 1368 1702 1402 bullae
1721 1368 1855 1410 Coenae,
1879 1369 1986 1405 etiam
2007 1369 2166 1414 haeresis,
2183 1379 2262 1410 non

1267 1420 1418 1460 possunt
1434 1417 1618 1452 absolvere
1635 1419 1813 1463 Episcopi,
1832 1425 1978 1464 propter
1996 1423 2262 1461 revocationem

1267 1465 1398 1502 factam
1421 1468 1460 1501 in
1479 1470 1604 1503 eadem
1624 1470 1724 1504 bulla
1740 1472 1873 1514 Coenae,
1889 1475 1933 1506 tr.
1949 1476 1981 1514 8,
2002 1473 2026 1508 l.
2043 1476 2075 1516 2,
2091 1482 2123 1510 c.
2145 1478 2194 1509 ’0.

1266 1517 1405 1551 Praelati
1429 1519 1647 1561 religionum
1670 1522 1955 1556 mendicantium
1975 1532 2039 1566 per
2061 1533 2125 1558 sua
2142 1525 2260 1567 privi-

1266 1567 1359 1610 legia
1375 1568 1558 1603 absolvere
1576 1574 1725 1613 possunt
1741 1579 1826 1605 suos
1839 1573 2000 1607 subditos
2014 1575 2200 1618 religiosos
2213 1576 2260 1614 ab

1266 1619 1438 1653 omnibus
1457 1620 1600 1655 casibus
1621 1621 1730 1656 bullae
1749 1622 1883 1665 Coenae,
1900 1624 2008 1660 etiam
2021 1633 2044 1660 a
2058 1626 2201 1670 relapsu
2219 1627 2260 1665 iu

1265 1668 1444 1713 haeresim,
1459 1679 1490 1705 c,
1513 1674 1564 1704 21.

1264 1720 1425 1756 Facultas
1453 1722 1498 1756 ad
1520 1722 1781 1759 absolvendum
1808 1733 1830 1759 a
1847 1724 1990 1760 casibus
2007 1726 2116 1763 bullae
2139 1729 2261 1764 Coenae

1267 1772 1414 1814 quando
1437 1774 1617 1809 censenda
1635 1774 1682 1809 sit
1702 1775 1862 1811 revocari
1886 1784 1950 1822 per
1979 1776 2096 1822 ipsam
2122 1778 2260 1818 bullam

1266 1821 1400 1862 Coenae,
1419 1822 1468 1856 ib.

1265 1872 1426 1906 Facultas
1437 1873 1615 1915 generalis
1628 1874 1858 1909 absolvendis
1873 1875 1918 1910 ad
1930 1876 2190 1914 absolvendum
2211 1878 2259 1917 ab

1265 1923 1436 1957 omnibus
1459 1924 1600 1958 casibus
1623 1926 1812 1959 reservatis
1831 1926 1946 1969 Papae,
1970 1936 2034 1963 cur
2063 1937 2138 1964 non
2162 1938 2262 1968 com·

1266 1974 1467 2017 prehendat
1483 1983 1585 2008 casus
1602 1975 1708 2009 bullae
1725 1976 1857 2015 Coenae,
1880 1977 1928 2010 ib.

1262 2023 1317 2058 Ab
1340 2024 1511 2058 omnibus
1528 2025 1669 2059 casibus
1694 2026 1802 2058 Bullae
1825 2027 1944 2061 Coenae
1972 2028 2158 2063 absolvere
2173 2036 2260 2073 pos·

1265 2077 1350 2107 sunt
1373 2074 1529 2116 religiosi
1555 2075 1740 2109 societatis
1765 2076 1808 2109 de
1830 2076 1975 2111 licentia
1998 2078 2052 2113 sui
2074 2080 2262 2118 Generalis

1266 2122 1305 2157 in
1328 2123 1433 2158 terris
1455 2124 1670 2163 infidelium,
1692 2129 1726 2159 et
1749 2126 1911 2167 partibus
1945 2128 2217 2172 remotissimis,
2236 2140 2262 2168 a

1266 2173 1399 2217 quibus
1419 2174 1524 2208 facile
1549 2176 1641 2208 adiri
1666 2184 1740 2212 non
1761 2180 1875 2219 potest
1904 2178 2013 2214 Sedes
2041 2180 2257 2224 Apostolica.

1263 2225 1306 2257 tr.
1329 2227 1380 2264 10,
1401 2223 1424 2257 1.
1446 2228 1477 2265 9,
1494 2232 1525 2258 c.
1551 2228 1583 2258 2.

1262 2274 1315 2306 An
1338 2274 1446 2303 etiam
1467 2275 1532 2304 sub
1557 2275 1624 2304 hac
1644 2274 1805 2314 generali
1831 2276 2066 2311 concessione
2091 2285 2259 2323 compre-

1262 2320 1442 2354 hendatur
1465 2329 1568 2357 casus
1587 2322 1745 2359 haeresis,
1769 2322 1818 2356 ib.

1263 2370 1336 2411 Qua
1360 2371 1497 2405 ratione
1525 2372 1663 2415 possint
1685 2372 1843 2418 religiosi
1871 2372 2054 2413 societatis
2072 2376 2260 2415 absolvere

1263 2425 1424 2462 raptores
1440 2422 1618 2456 bonorum
1638 2422 1932 2465 naufragantium
1949 2435 1957 2466 ;
1977 2429 2012 2466 et
2025 2429 2124 2465 extra
2134 2429 2259 2475 Hispa-

1264 2471 1377 2514 niam,
1404 2473 1562 2515 legentes
1582 2473 1695 2508 libros
1713 2474 1928 2518 prohibitos,
1944 2474 1997 2511 ib.

1220 2521 1309 2557 Vide
1325 2524 1434 2558 Casus
1450 2524 1632 2566 reservati,
1653 2527 1688 2559 et
1703 2526 1874 2560 Censura.

1587 2610 1692 2636 nutu
1713 2610 1894 2638 caucum.

1220 2671 1321 2706 Bulla
1339 2669 1512 2707 cruciatae
1530 2673 1582 2708 uti
1601 2681 1675 2708 non
1695 2678 1845 2718 possunt
1857 2674 2016 2718 religiosi
2029 2674 2076 2710 ad
2091 2675 2255 2716 effectum

1263 2723 1420 2765 eligendi
1451 2723 1716 2768 confessorem,
1746 2726 2051 2769 quemadmodum
2084 2734 2152 2761 nec
2172 2728 2257 2766 aliis

1263 2772 1385 2813 bullis,
1402 2776 1441 2807 ut
1455 2773 1650 2812 Trinitatis,
1669 2778 1748 2814 etc.‚
1763 2775 1810 2809 ad
1824 2775 1992 2810 eumdem
2011 2775 2187 2819 effectum,
2202 2779 2256 2815 si..

1264 2830 1310 2856 ne
1330 2822 1476 2856 licentia
1493 2831 1641 2856 suorum
1662 2824 1908 2867 superiorum,
1932 2827 1975 2859 tr.
1993 2827 2024 2866 8,
2044 2825 2066 2859 l.
2083 2829 2114 2867 2,
2131 2835 2161 2863 e.
2179 2830 2232 2865 1⁶.
2258 2820 2262 2871 ἐ

1261 2873 1413 2906 Possunt
1430 2876 1549 2905 tamen
1564 2873 1615 2906 uti
1631 2873 1812 2915 praedictis
1826 2874 1935 2908 bullis
1949 2875 1994 2909 de
2009 2874 2155 2910 licentia
2167 2884 2259 2915 suo-,

1261 2931 1342 2958 rum
1362 2922 1601 2964 superiorum,
1623 2922 1675 2958 ib.

1218 2971 1320 3006 Bulla
1336 2972 1507 3007 cruciatae
1530 2973 1582 3006 uti
1606 2977 1756 3019 possunt
1776 2973 1905 3018 novitii
1928 2973 1975 3009 ad
1997 2972 2163 3013 effeoium
2181 2973 2260 3030 eli-3

1261 3022 1370 3064 gendi
1402 3023 1663 3067 confessorem,
1685 3024 1795 3059 etiam
1813 3024 1896 3059 sine
1917 3023 2064 3065 licentia
2081 3025 2259 3070 Superio-

1260 3078 1344 3109 rum
1363 3071 1564 3118 religionis,
1581 3070 1635 3111 ib.

1721 3175 1762 3228 C

1545 3302 1699 3331 GARGNIC!
1720 3301 1918 3333 utentum.

1218 3371 1391 3406 canonici
1411 3372 1592 3417 regulares
1607 3373 1706 3408 unde
1721 3373 1821 3415 dicti,
1841 3376 1885 3412 tr.
1903 3376 1937 3416 8,
1957 3372 1984 3409 i.
2005 3374 2038 3414 t.
2056 3377 2090 3413 9ο
2111 3373 2147 3411 1.
2245 3399 2249 3402 -

1217 3422 1412 3458 Canonicis
1426 3422 1650 3466 regularibus
1672 3423 1760 3466 olim
1783 3432 1858 3464 non
1877 3423 2008 3466 licebat
2033 3421 2185 3465 trauain
2199 3416 2255 3461 ol:

1259 3473 1453 3515 religiones
1474 3474 1716 3516 monachales,
1730 3476 1766 3508 et
1779 3482 1843 3509 cur
1865 3474 1926 3516 ita,
1946 3473 1971 3507 l.
1992 3476 2026 3516 8,
2047 3480 2080 3515 c,
2097 3474 2149 3515 m.
2279 3503 2293 3518 q.

1216 3523 1273 3560 An
1292 3523 1474 3566 monachi,
1491 3523 1616 3560 saltem
1632 3523 1730 3567 laici,
1745 3524 1899 3561 transire
1913 3523 2052 3568 possint
2070 3520 2118 3560 etl
2129 3519 2256 3557 Cano-⁶·
2275 3535 2291 3574 ἦ

1260 3573 1364 3607 nicos
1381 3573 1572 3616 regulares,
1591 3573 1642 3609 ib.
2278 3606 2280 3609 .

1219 3623 1395 3658 Canonici
1415 3624 1595 3666 regulares
1617 3623 1656 3657 in
1677 3618 2124 3667 qun.diffsstmflol0riei⁸
2139 3626 2276 3674 reffiuq

1261 3671 1409 3715 laribus,
1431 3675 1476 3708 tr.
1493 3676 1526 3715 9,
1547 3671 1573 3707 l.
1589 3674 1624 3715 1,
1639 3680 1673 3708 c.
1691 3675 1730 3712 ⁹.
