2352 3880
380 0 563 54 secate-s
696 0 716 29 s
735 0 739 9 ι
800 23 808 27 t.
832 0 843 6 -

328 33 417 74 i·'''b⁴·¹
454 36 460 44 η
485 44 550 69 ,3)
577 31 644 59 .>”ἱ’
716 28 721 31 '
771 44 773 47 Ι

299 83 309 93 Υ
324 90 327 93 .
437 80 447 92 ἴ

145 246 247 290 ‘tm-2
259 243 465 293 etz-torum,
483 236 575 293 etsi,
586 255 673 285 eum
690 254 788 295 opus
809 247 881 292 est,
903 244 1069 295 oeyrotos
1087 239 1142 280 ad

38 290 54 352 q
110 298 311 352 addenda
330 309 567 347 testamenta
592 305 750 346 hortari
774 302 991 350 conveniat,
1009 300 1061 342 iis
1079 303 1140 342 ta-

38 368 53 418 ‘3
103 380 202 415 men
244 367 499 417 conficiendis
537 378 615 406 non
648 366 860 407 assistant.
906 363 1138 404 Admonere

75 431 224 485 yf'onim
241 429 331 468 illos
344 429 395 468 ad
412 428 588 468 officium
601 426 846 466 confessoris
860 430 1030 477 spectat,
1043 423 1139 476 quia

41 501 50 504 ·
78 489 177 532 &est
195 490 247 531 de
280 501 327 531 re
355 490 421 529 vel
451 488 701 535 necessaria,
728 488 794 526 vel
821 487 941 526 valde
970 485 1058 526 utili
1084 483 1137 524 ad

75 551 270 593 ·‘·honum
304 552 452 590 animae
483 548 732 600 aegrotantis.
760 549 805 587 Et
824 548 919 587 ideo
940 548 982 586 in
1002 545 1135 586 verbis

109 625 236 663 supra
255 613 388 652 citatis
407 623 457 651 ex
472 610 650 650 Concilio
672 610 924 648 Nannetensi
942 610 1019 648 hoc
1037 619 1135 647 con-

108 673 247 713 silium
286 672 394 711 inter
432 671 513 710 alia
550 670 718 721 ponitur
736 682 745 717 ;
776 670 968 708 assistere
995 672 1132 707 autem

107 733 371 779 testamento,
391 743 470 771 nec
488 731 666 782 pertinet
685 730 738 769 ad
757 742 909 769 munus
930 729 1133 769 confesso-

63 803 67 807 ·
105 794 177 840 ris,
198 805 352 843 neque,
373 804 448 843 per
468 804 510 831 se
531 791 756 843 loquendo,
780 796 842 830 est
860 790 1133 829 ministerium

105 855 334 907 spirituale,
351 854 462 906 quod
476 854 678 906 religiosis
698 853 914 905 expediat;
935 857 975 892 et
992 862 1135 902 quam·

106 915 226 956 visin
245 916 383 966 aliquo
403 928 501 955 casu
520 917 648 966 possit
667 927 757 954 esse
779 927 884 966 opus
902 914 1066 962 pietatis
1081 910 1135 951 ad

105 977 333 1030 iuvandum
344 976 553 1015 infirmum
565 981 733 1028 propter
749 976 948 1027 speciales
963 975 1136 1014 eircum-

106 1039 278 1078 stantias
299 1049 390 1089 quae
412 1049 627 1077 occurrere
647 1041 833 1088 possunt,
854 1037 922 1075 vel
942 1047 992 1075 ex
1021 1034 1135 1074 debi-

104 1097 220 1140 litate
242 1102 282 1139 et
301 1100 541 1151 impotentia
559 1099 783 1138 intrinseca
810 1098 941 1148 ipsius
960 1096 1130 1144 infirmi,

105 1161 173 1200 vel
192 1172 244 1200 ex
263 1160 401 1211 aliqua
419 1160 565 1199 morali
581 1160 620 1199 vi
640 1159 870 1198 extrinseca
887 1186 900 1206 ‚
930 1157 1133 1196 nihilomi-

105 1232 184 1261 nus
216 1222 464 1274 regulariter
489 1221 533 1260 id
563 1232 647 1259 non
680 1219 860 1271 expedit,
880 1223 1049 1270 Propter
1074 1218 1133 1256 vi-

105 1282 253 1322 tandas
285 1287 554 1334 cognatorum
584 1281 802 1332 querelas,
838 1284 878 1321 et
904 1279 1132 1319 tollendam

105 1354 273 1383 omnem
294 1344 553 1383 occasionem
571 1354 694 1393 supra
713 1342 831 1381 dictae
855 1341 1130 1392 suspicionis3

104 1406 215 1457 quod
244 1405 278 1444 si
310 1405 533 1444 necessitas
561 1403 755 1454 coegerit,
776 1413 854 1441 nec
883 1404 973 1441 sine
1003 1403 1134 1453 Supe-

103 1468 223 1506 rioris
238 1466 562 1517 dispensatione,
585 1477 663 1504 nee
682 1465 770 1503 sine
791 1475 941 1511 magna
959 1464 1133 1503 circum-

105 1529 314 1579 spectione
335 1523 569 1567 faciendum
592 1531 668 1572 est,
689 1526 746 1564 ita
764 1528 810 1563 ut
835 1523 968 1564 omnis
988 1525 1135 1576 proba-

104 1590 201 1629 bilis
218 1590 396 1639 suspicio
418 1590 583 1634 vitetur,
604 1592 645 1627 et
662 1591 762 1626 tunc
784 1586 1003 1625 temeraria
1029 1586 1136 1638 judi-

105 1652 168 1692 cia
199 1651 502 1691 contemnenda
536 1653 662 1699 sunt;
690 1648 782 1700 quis
813 1648 924 1687 enim
943 1648 1012 1688 illa
1033 1648 1136 1688 effu·

107 1725 206 1767 gere
229 1716 388 1764 potest?

156 1776 198 1815 4.
228 1775 376 1815 Nostri
405 1774 616 1815 consilium
642 1773 872 1813 moribundo
905 1772 1036 1825 quoad
1052 1772 1135 1812 dis-

105 1837 318 1888 positiones
337 1837 483 1876 liberas
501 1837 610 1875 ultro
625 1836 718 1875 dare
733 1845 811 1875 non
824 1835 1133 1884 permsttuntur.

103 1916 158 1927 --
169 1896 275 1944 Quid
290 1897 442 1948 quando
461 1896 669 1936 consilium
683 1897 845 1946 petitur.
859 1916 912 1924 --
923 1895 970 1933 Et
986 1895 1134 1933 eadem

103 1959 279 2001 ratione,
307 1957 512 2008 quamvis,
532 1956 601 1995 ubi
625 1967 729 2007 opus
744 1955 881 2003 fuerit,
903 1955 1135 1994 admonen-

103 2018 182 2058 dus
203 2018 475 2061 sitinfirmus‚
505 2021 552 2056 ut
584 2029 660 2066 pro
693 2016 854 2055 ratione
881 2016 1052 2062 periculi
1082 2016 1134 2050 de

103 2078 229 2118 rebus
258 2076 344 2115 suis
366 2075 582 2127 disponat,
602 2085 687 2113 non
715 2077 855 2112 tamen
885 2073 923 2112 ei
944 2075 1007 2111 est
1035 2072 1136 2111 offe-

103 2139 280 2180 rendum
295 2137 512 2176 consilium
531 2136 638 2175 circa
657 2133 934 2185 dispositionis
948 2133 1133 2182 modum,

103 2201 182 2240 nisi
210 2201 253 2238 in
271 2199 337 2237 his
354 2202 516 2237 tantum
545 2207 637 2246 quae
660 2196 711 2235 ad
733 2196 907 2234 salutem
928 2196 1017 2246 ejus
1047 2195 1136 2234 tue-

105 2262 189 2301 rint
205 2260 457 2306 necessaria,
479 2260 526 2297 ut
549 2257 602 2297 de
633 2257 887 2296 restituendo
907 2256 1059 2302 alieno,
1083 2256 1137 2295 de

106 2323 314 2364 solvendis
351 2321 515 2368 debitis,
545 2319 599 2360 de
625 2319 871 2358 necessariis
899 2318 1136 2357 haeredibus

106 2383 383 2431 instituendis,
411 2382 466 2423 ita
498 2384 558 2428 ut,
592 2385 794 2430 quantum
830 2380 977 2431 inipso
998 2380 1134 2428 fuerit,

107 2446 243 2486 omnis
274 2444 435 2484 occasio
460 2442 694 2494 jurgiorum
718 2446 758 2480 et
778 2441 910 2480 litium
937 2442 1135 2491 tollatur3

109 2508 162 2548 ad
180 2506 440 2559 particularia
461 2508 598 2543 autem
629 2503 881 2542 descendere
900 2514 984 2541 non
1009 2513 1136 2553 expe-

108 2568 183 2616 dit,
211 2567 307 2619 quia
343 2566 488 2605 eadem
529 2564 652 2603 babet
691 2563 967 2602 incommoda.
990 2564 1138 2611 Quam-

106 2640 235 2682 quam
255 2627 289 2667 si
314 2626 501 2666 infirmus
518 2625 734 2665 consilium
754 2629 865 2676 petat
883 2625 991 2664 circa
1013 2636 1061 2663 ea
1084 2624 1137 2664 de

109 2691 261 2743 quihus
283 2689 411 2728 libere
440 2691 574 2739 potest
602 2687 822 2738 disponere
839 2715 852 2734 ,
883 2686 935 2725 ad
958 2686 1138 2725 officium

108 2751 357 2794 confessoris
376 2753 534 2801 spectat
551 2747 594 2788 id
612 2748 843 2793 consulere,
872 2747 984 2797 quod
1004 2747 1139 2797 majus

107 2813 185 2854 Dei
204 2811 450 2863 obsequium
470 2821 562 2850 esse
578 2839 589 2857 ,
609 2813 652 2849 et
681 2809 734 2848 ad
760 2808 962 2859 majorem
982 2808 1139 2847 utilita-

109 2878 196 2917 tem
221 2873 369 2913 animae
388 2870 576 2912 testantis
595 2869 790 2922 expedire
807 2868 1067 2921 judicaverit.
1088 2867 1141 2909 Ut

113 2941 253 2975 autem
281 2934 411 2973 nostri
436 2931 575 2972 debito
594 2932 719 2972 modo
747 2933 827 2971 hoc
853 2932 1032 2978 faciant,
1054 2941 1140 2969 ser-

111 3008 211 3038 vare
238 2995 392 3037 debent
419 2993 532 3045 quod
566 2996 680 3033 sexta
720 2997 838 3046 parte
881 2992 1140 3031 Constitutio-

112 3068 214 3098 num
227 3086 243 3107 ,
261 3068 298 3099 c.
318 3058 358 3101 2,
380 3054 405 3107 ξ
423 3057 471 3104 6,
490 3054 668 3095 dicitur:
693 3052 883 3102 Quamvis
903 3054 956 3094 ad
974 3054 1071 3092 bona
1103 3055 1142 3092 et

114 3123 255 3160 sancta
281 3128 400 3170 opera
418 3145 432 3166 ,
458 3119 496 3158 et
526 3116 697 3157 maxime
721 3119 910 3168 perpetuo
943 3114 1142 3155 duratura

115 3179 285 3220 incitare
304 3178 500 3219 laudabile
518 3179 590 3226 sit,
615 3178 658 3217 ob
677 3178 866 3226 majorem
890 3179 1021 3216 tamem
1046 3174 1142 3215 oedi-

117 3241 340 3291 ficationem
357 3238 493 3279 nullus
510 3239 555 3279 de
573 3238 768 3279 Societate
786 3237 905 3286 debet,
928 3247 997 3276 neo
1011 3239 1141 3287 potest

112 3311 349 3354 ,quemquam
372 3300 425 3340 ad
441 3300 699 3351 eleemosynas
720 3302 929 3350 perpetuas
947 3297 1138 3346 domibus,

87 3361 179 3404 ¹*vel
199 3361 394 3402 Ecclesiis
422 3361 592 3412 ejusdem
623 3360 838 3401 Societatis
869 3357 1143 3409 relinquendas

115 3421 304 3463 incitare.
323 3422 420 3469 Quae
439 3419 678 3460 Constitutio
696 3421 872 3471 amplius
890 3418 1052 3458 videtur
1077 3430 1143 3458 co-

111 3483 270 3523 -uctari
300 3482 344 3521 in
381 3481 563 3521 secunda
588 3481 912 3532 Congregatione
937 3479 1143 3531 generali,

57 3543 61 3546 ’
106 3550 215 3583 can.
234 3545 300 3591 22,
322 3542 395 3583 ubi
415 3542 472 3582 sic
490 3542 664 3583 dicitur:
684 3542 750 3583 Ad
763 3535 952 3594 inajorem
970 3541 1144 3591 oedifioa-

135 151 191 237 ff>
233 144 243 157 ”
311 158 317 161 ’
444 170 448 173 “
492 179 585 212 mr.
606 178 664 212 ix.
685 179 743 212 nn
758 177 888 212 nanto
905 173 1147 211 racuums
1167 175 1286 210 cmm
1305 177 1478 211 mvmn
1497 161 1715 218 maximos,
1735 176 1828 212 mc.

1192 241 1349 288 tionem,
1368 246 1406 283 et
1421 243 1676 296 pavpertatis
1692 246 1843 283 nostroe
1867 243 2158 291 sinceritatem,
2183 249 2220 288 ot

1187 304 1423 353 puritatem,
1442 305 1598 354 placuit
1611 305 1826 356 pracipere
1849 305 2000 344 nostris
2026 301 2218 356 omnibusj

1192 366 1239 402 ut
1256 363 1361 403 nulli
1377 369 1533 403 externo
1547 366 1754 413 suadeant,
1766 369 1813 404 ut
1827 365 1938 405 nobis
1950 366 2086 418 potius
2101 363 2219 418 quam

1193 423 1287 462 aliis
1304 425 1545 474 pauperibus
1557 426 1647 464 dent
1662 425 1956 476 eleemosynam,
1968 427 2037 466 sed
2049 428 2220 469 contenti
2258 472 2260 474 ,

1191 484 1319 523 simus
1334 513 1344 529 ‚
1368 483 1436 523 ubi
1460 486 1635 536 petimus
1654 486 1916 537 eleemosynas
1948 487 2216 539 quotidianas,

1188 542 1287 583 illas
1305 542 1541 593 simpliciter
1559 549 1596 585 et
1611 546 1730 595 plane
1748 558 1878 587 amore
1898 548 1972 588 Dei
1990 551 2133 598 petere.

1242 606 1280 644 5.
1301 606 1558 656 Eri-penditur
1572 607 1721 646 allatus
1733 619 1856 647 canon
1869 611 1933 648 22.
1946 631 1998 638 —
2016 610 2099 652 Vox
2113 622 2218 662 prae-

1187 665 1292 717 cipio
1311 667 1411 706 nude
1429 668 1562 719 posita
1579 678 1658 710 mm
1674 668 1866 715 importat
1885 670 1928 708 in
1948 670 2148 711 Societate
2158 672 2217 711 ri-

1185 738 1368 778 aorosum
1385 731 1639 778 praeceptum.
1652 749 1706 756 —
1718 727 1795 766 Ubi
1815 729 2130 778 ponderandum
2156 736 2216 772 est

1185 788 1356 826 verbum
1373 791 1602 838 praecipere,
1635 788 1747 839 quod
1768 789 1888 827 valde
1917 801 2056 828 rarum
2082 795 2143 830 est
2172 793 2216 832 in

1187 848 1550 888 Constitutionibus
1573 852 1614 888 et
1633 849 1787 900 regulis
1808 849 2038 893 Societatis,
2067 854 2107 889 et
2122 852 2216 891 ideo

1187 908 1313 948 videri
1334 914 1468 960 potest
1487 910 1668 959 positum
1701 921 1791 948 esse
1811 910 1865 948 ad
1891 911 2120 959 rigorosam
2146 913 2217 952 ob-

1185 970 1424 1020 ligationem
1443 971 1740 1019 inducendam,
1756 981 1880 1021 quam
1893 971 1996 1010 solet
2011 972 2112 1010 illud
2128 985 2218 1012 ver-

1185 1031 1283 1071 bum
1304 1043 1388 1082 prae
1408 1044 1452 1070 se
1471 1032 1579 1071 ferre
1601 1032 1644 1070 in
1660 1031 1749 1070 aliis
1766 1031 1942 1082 legibus,
1962 1035 2008 1070 ut
2032 1045 2125 1070 cum
2144 1035 2219 1072 Ca-

1181 1093 1322 1144 Jetano
1342 1096 1382 1139 2,
1403 1095 1443 1141 2,
1460 1106 1499 1144 q.
1522 1094 1614 1141 186,
1635 1106 1671 1133 a.
1694 1095 1734 1142 9,
1759 1093 1858 1132 dub.
1881 1094 1920 1139 4,
1944 1093 2050 1132 circa
2067 1093 2216 1144 finem,

1186 1155 1380 1202 Navarro,
1403 1155 1444 1193 in
1466 1155 1650 1202 Summa,
1673 1167 1708 1194 c.
1734 1156 1800 1203 23,
1823 1166 1997 1193 numero
2017 1155 2217 1205 quinqua-

1187 1217 1343 1268 gesimo
1364 1217 1562 1265 secundo,
1581 1221 1622 1256 et
1639 1217 1742 1265 aliis,
1764 1228 1814 1256 ex
1832 1216 2086 1256 Clementina
2107 1217 2218 1257 Ext-

1186 1278 1225 1318 εἰ
1244 1279 1289 1318 de
1303 1279 1550 1330 paradiso‚§
1569 1279 1667 1318 Cum
1691 1282 1834 1323 autem,
1854 1278 1905 1316 de
1921 1278 2150 1316 Verborum
2168 1278 2219 1317 si-

1186 1339 1452 1391 gnificatione
1471 1340 1543 1378 lib.
1568 1341 1592 1379 3
1612 1340 1663 1378 de
1682 1340 1839 1390 Legib.,
1862 1351 1952 1389 cap.
1976 1341 2040 1387 15,
2069 1351 2092 1378 a
2112 1352 2154 1378 n.
2175 1341 2215 1385 8,

1187 1401 1410 1440 attulimus.
1434 1402 1709 1440 Nihilominus
1729 1406 1870 1439 tamen
1896 1411 1979 1439 non
2003 1401 2096 1450 plus
2116 1400 2219 1439 obli-

1188 1466 1257 1513 gat
1275 1462 1487 1501 decretum
1516 1462 1632 1510 illud,
1654 1474 1780 1512 quam
1800 1462 1889 1500 aliae
1917 1462 2085 1510 regulae,
2122 1461 2216 1511 quia

1184 1524 1271 1575 jam
1292 1526 1354 1563 est
1373 1525 1413 1562 in
1427 1524 1628 1563 Societate
1650 1523 1918 1570 declaratum,
1931 1523 2146 1572 proprium
2165 1522 2220 1559 si-

1190 1597 1316 1638 gnum
1338 1585 1598 1635 obligationis
1619 1586 1659 1623 in
1682 1584 1935 1624 conscientia
1956 1584 2089 1621 solum
2109 1594 2217 1630 esse,

1190 1658 1284 1686 cum
1299 1646 1464 1685 additur
1478 1660 1486 1684 :
1501 1647 1556 1686 In
1571 1647 1718 1685 virtute
1733 1645 1970 1690 obedientioe‚
1982 1644 2062 1691 vel,
2077 1646 2119 1681 in
2132 1644 2221 1685 No-

1187 1710 1293 1749 mine
1309 1709 1471 1748 Domini
1490 1709 1521 1747 J
1525 1720 1591 1747 esu
1605 1707 1774 1753 Christi,
1798 1710 1911 1745 sexta
1932 1709 2047 1756 parte
2065 1705 2221 1743 Consti-

1186 1770 1409 1815 tutionum,
1436 1781 1472 1807 c.
1499 1770 1544 1816 53
1572 1769 1630 1807 ibi
1651 1772 1789 1806 autem
1816 1767 1975 1805 nullum
2001 1778 2050 1805 ex
2075 1766 2139 1804 his
2169 1766 2223 1804 si-

1189 1832 1280 1882 gnis
1300 1830 1552 1881 adjungitur.
1577 1831 1658 1869 Nec
1678 1829 1800 1867 etiam
1821 1829 1986 1866 additur
2007 1838 2131 1877 poena
2150 1838 2222 1864 ex—

1190 1892 1590 1939 communicationis,
1606 1902 1698 1940 quae
1716 1902 1765 1928 ex
1777 1901 1821 1928 se
1844 1890 1966 1927 etiam
1987 1888 2158 1926 includit
2172 1887 2223 1924 ri-

1188 1964 1380 2002 gorosam
1402 1952 1712 1998 obligationem,
1733 1961 1907 1996 quaeque
1926 1948 2133 1986 interdum
2155 1947 2225 1986 ad-

1190 2011 1299 2049 ditur
1318 2010 1362 2047 in
1381 2008 1762 2056 Constitutionihus,
1786 2012 1925 2046 octava
1951 2014 2083 2057 parte,
2111 2021 2147 2045 c.
2181 2010 2221 2054 6,

1188 2070 1213 2122 ξ
1231 2072 1269 2109 ⁶3.
1294 2071 1434 2109 Solum
1457 2082 1556 2121 ergo
1574 2071 1753 2120 positum
1778 2073 1839 2107 est
1859 2068 1959 2106 illud
1978 2069 2148 2106 verbum
2170 2068 2224 2106 ad

1193 2132 1526 2183 exaggerandam
1542 2132 1831 2170 necessitatem
1854 2134 1894 2169 et
1916 2130 2156 2180 gravitatem
2175 2130 2224 2167 il-

1192 2194 1270 2232 lius
1297 2193 1465 2232 decreti.
1491 2194 1536 2230 In
1572 2204 1653 2242 quo
1674 2195 1736 2230 est
1767 2191 1890 2229 etiam
1917 2190 2223 2229 observandum

1191 2266 1275 2293 non
1300 2255 1413 2305 loqui
1433 2254 1567 2292 solum
1584 2253 1635 2291 de
1656 2251 1945 2302 eleemosynis,
1973 2263 2064 2300 quae
2084 2263 2108 2288 a
2134 2263 2222 2290 mo-

1191 2307 1392 2356 rientibus
1424 2315 1507 2366 peti
1529 2318 1715 2365 possunt,
1739 2313 1813 2352 sed
1835 2325 1859 2351 a
1875 2312 2220 2363 quibuscumque,

1193 2382 1233 2418 et
1252 2377 1345 2416 ideo
1366 2388 1450 2415 non
1477 2376 1687 2427 prohiberi
1709 2374 1950 2425 petitionem
1977 2373 2221 2424 simplicem,

1192 2439 1266 2478 sed
1294 2438 1631 2488 comparativam,
1655 2448 1742 2488 prce
1760 2435 1876 2478 aliis,⁸
1899 2446 1996 2473 nam
2022 2434 2102 2472 hoc
2120 2434 2226 2473 invi-

1191 2499 1354 2539 diosum
1373 2502 1433 2537 est
1449 2502 1488 2536 et
1505 2497 1770 2542 offensivum3
1792 2496 2023 2546 specialiter
2035 2507 2132 2533 vero
2149 2496 2226 2534 hoc

1191 2561 1325 2610 magis
1346 2559 1573 2609 explicatur
1591 2557 1643 2596 ad
1663 2568 1750 2595 rem
1780 2556 1833 2594 de
1854 2567 1936 2605 qua
1963 2556 2140 2606 agimus,
2164 2566 2225 2593 se-

1192 2620 1415 2672 quentibus
1450 2619 1618 2657 verbis:
1642 2617 1707 2657 Act
1737 2617 1964 2657 donationes
1993 2627 2082 2655 vero
2104 2626 2225 2666 quas-

1194 2693 1369 2733 cumque,
1397 2679 1477 2719 sioe
1493 2680 1638 2732 leyata,
1661 2678 1900 2730 simpliciter
1919 2678 2036 2717 etiam,
2052 2680 2089 2716 et
2106 2676 2226 2726 plane

1191 2745 1390 2795 possimus
1424 2745 1582 2781 tantum
1613 2742 1775 2780 nostras
1811 2739 2066 2779 necessitates
2101 2736 2227 2788 empli-

1194 2816 1298 2852 σανα,
1327 2802 1596 2852 definitionem
1621 2805 1753 2840 tamen
1771 2799 1857 2850 ejits
1888 2798 2082 2838 devotioni
2102 2798 2226 2836 retin-

1193 2876 1363 2920 quamus
1382 2875 1408 2904 a
1425 2875 1499 2916 quo
1516 2864 1795 2913 eleemosynam
1811 2860 2078 2913 postulamus,
2100 2861 2180 2897 etc.

1250 2926 1291 2966 6.
1315 2926 1349 2966 J
1351 2937 1420 2965 ure
1437 2925 1648 2970 communi,
1671 2924 1812 2962 nedum
1845 2920 2076 2965 societatis,
2094 2928 2226 2968 repre·

1194 2986 1403 3029 kensibiles
1418 2989 1515 3026 sunt
1530 2987 1791 3036 procurantes
1813 2982 1890 3022 sibi
1906 2993 1990 3033 prae
2007 2981 2101 3020 aliis
2121 2981 2224 3031 ἱερα-

1194 3048 1455 3094 tum—Quo
1475 3047 1566 3085 loco
1595 3050 1657 3085 est
1677 3044 1976 3084 advertendum
1997 3042 2118 3080 etiam
2130 3040 2224 3089 jure

1194 3110 1403 3151 communi
1420 3108 1528 3147 male
1550 3107 1694 3146 audire
1713 3107 1757 3144 in
1777 3103 1979 3155 religiosis
1997 3102 2104 3139 hanc
2123 3098 2225 3150 peti-

1190 3173 1378 3219 tionem,
1410 3182 1503 3210 cum
1535 3180 1731 3221 expressa
1753 3164 2075 3216 comparatione,
2103 3165 2147 3200 ut
2165 3160 2224 3199 le-

1195 3238 1289 3287 gata
1318 3233 1455 3285 potius
1486 3231 1564 3271 sibi
1599 3231 1886 3280 relinquantur
1899 3255 1908 3273 ‚
1951 3235 2074 3275 quam
2109 3221 2221 3267 aliis,

1195 3296 1307 3348 quia,
1336 3295 1433 3334 lieet
1461 3294 1541 3332 hoc
1566 3304 1651 3331 non
1685 3291 1735 3329 sit
1766 3300 1839 3340 per
1875 3298 1919 3325 se
1948 3285 2119 3327 malum,
2139 3281 2222 3318 imo

1196 3369 1275 3397 nec
1295 3356 1346 3395 sit
1373 3359 1514 3394 contra
1539 3352 1757 3404 justitiam,
1793 3347 2014 3386 moderatis
2037 3340 2224 3393 precibus

1197 3429 1420 3470 procurare
1446 3415 1700 3455 voluntatem
1732 3408 1882 3448 infirmi
1914 3406 2122 3448 inducere,
2156 3404 2223 3438 aut

1198 3482 1375 3525 mutare,
1402 3480 1449 3517 ut
1479 3475 1580 3516 mihi
1612 3473 1762 3524 polius,
1785 3479 1907 3520 quam
1939 3463 2058 3504 alteri
2084 3461 2223 3506 donet,

1201 3539 1299 3593 quia
1315 3538 1478 3578 nullum
1492 3539 1581 3576 erat
1597 3533 1712 3573 alteri
1722 3532 1791 3583 jus
1805 3526 2065 3577 acquisitum,
2076 3525 2123 3562 ut
2132 3531 2227 3560 cum
