2352 3880
109 255 198 300 686

110 331 159 380 ὅ
185 326 321 383 capite
355 328 517 383 quarto,
551 328 821 390 observetur,
855 344 955 374 nam
990 332 1036 374 in
1070 334 1143 375 illa

109 372 193 462 :tria
223 395 357 441 vota,
390 395 432 432 et
463 387 683 445 promissio
722 394 938 435 Societatis
972 407 1142 450 expres-

114 466 159 495 se
187 453 475 506 proferuntur;
507 455 671 496 traditio
698 469 828 506 vero,
850 470 890 497 et
916 458 1142 510 acceptatio

109 517 203 569 ipso
232 519 325 555 actu
357 513 536 556 vovendi
565 518 636 557 tali
672 519 824 567 modo,
852 523 893 559 et
926 532 1020 559 cum
1052 519 1145 560 tali-

110 578 190 618 bus
217 577 531 619 circumstantiis
547 609 561 629 ,
591 580 845 620 sufficienter
868 581 1140 633 significatur,

110 639 291 680 maxime
331 651 427 680 cum
464 641 508 680 in
548 640 682 680 forma
720 642 898 681 vovendi
935 643 1113 683 addatur
1131 655 1141 683 :

112 700 256 742 Omnia
287 699 542 753 inteltiqendo
561 702 689 754 juata
719 702 892 754 ejusdem
925 703 1145 746 Societatis

109 763 426 811 constitutiones,
448 762 492 802 in
512 762 664 814 quihus
681 761 781 803 satis
799 764 1052 805 declaratum
1067 769 1142 816 est,

107 835 184 877 per
213 824 321 864 hanc
339 824 559 873 [actionem
582 825 835 876 incorporari
854 826 979 867 talem
1001 824 1145 879 perso-

107 898 206 926 nam
236 886 334 926 huic
366 887 589 938 religioni'
578 899 623 925 1n
650 887 720 927 tali
743 887 891 938 gradu,
913 890 1025 941 quod
1058 902 1143 930 non

100 947 154 989 vfit:
173 948 260 988 sine
281 948 502 988 traditione
524 962 575 988 ex
604 953 722 1001 parte
745 951 893 1000 unius,
916 955 958 991 et
988 951 1144 992 admis-

99 994 221 1050 sione
253 1022 303 1050 ex
322 1015 439 1062 parte
461 1011 643 1051 alterius.
667 1011 785 1057 Quod
805 1013 838 1052 si
856 1012 949 1063 quis
968 1014 1142 1056 interro-

101 1076 171 1124 get
198 1084 251 1111 an
273 1072 426 1117 omnia,
450 1084 539 1122 quae
556 1072 600 1111 in
617 1073 688 1112 illa
704 1073 839 1114 forma
858 1073 1137 1126 continentur,

101 1132 183 1172 sint
202 1132 254 1172 de
277 1133 507 1172 substantia
527 1137 567 1173 et
586 1133 730 1175 valore
751 1133 910 1186 hujus
899 1148 1141 1188 incorpora-

100 1193 591 1246 tionis,respondendum
612 1201 688 1244 est,
703 1197 758 1238 ad
770 1197 999 1238 tollendum
1016 1211 1140 1241 omne

100 1255 287 1304 dubium,
314 1257 517 1309 optimum
536 1259 756 1299 consilium
780 1272 871 1300 esse
888 1260 1065 1300 formam
1092 1261 1141 1300 il-

98 1317 180 1357 lam
193 1318 356 1370 integre
379 1331 571 1367 servare;
594 1321 636 1359 in
653 1321 793 1373 rigore
812 1326 950 1362 tamen
970 1322 1141 1373 loquen-

98 1379 168 1427 do,
187 1392 271 1419 non
292 1384 376 1419 tota
396 1380 531 1421 forma
551 1383 731 1423 verbalis
750 1414 759 1430 ,
783 1395 877 1434 quae
904 1383 959 1423 ibi
986 1396 1140 1436 propo-

97 1441 225 1490 nitur,
246 1454 382 1494 neque
401 1454 546 1483 omnes
563 1443 880 1484 circumstantiae
897 1445 1052 1484 ibidem
1068 1445 1139 1487 ad-

96 1502 253 1552 hibitae,
276 1504 471 1544 videntur
492 1518 584 1545 esse
605 1506 658 1546 de
682 1506 912 1546 substantia
925 1537 939 1556 ,
968 1508 1044 1547 sed
1072 1520 1137 1548 so-

95 1563 182 1604 lum
216 1577 265 1604 ea
292 1567 421 1606 verba
457 1579 550 1619 quae
579 1567 632 1608 ad
664 1569 935 1620 exprimenda
968 1574 1063 1609 vota
1095 1574 1138 1611 et

95 1627 414 1678 promissionem
446 1629 685 1680 pertinent,
725 1631 976 1671 sufficienter
1002 1631 1133 1682 expli-

94 1689 229 1728 cando
251 1689 322 1729 illa
352 1690 443 1729 fieri
478 1691 522 1730 in
548 1692 781 1739 Societate;
805 1704 904 1731 nam
925 1692 978 1732 ad
1007 1691 1135 1744 expli·-

94 1751 273 1791 candam
300 1752 567 1792 traditionem
588 1758 627 1792 et
646 1765 815 1794 omnem
838 1754 1134 1806 obligationem

94 1813 183 1853 haec
205 1814 428 1853 sufficiunt.
452 1815 621 1866 Oportet
646 1816 770 1856 etiam
791 1821 838 1855 ut
866 1817 945 1856 hoc
969 1816 1136 1868 publice

94 1875 185 1923 fiat,
206 1876 262 1915 ita
298 1880 343 1915 ut
370 1881 523 1927 praeter
557 1889 669 1925 eum,
692 1878 761 1928 qui
783 1881 1031 1928 potestatem
1059 1879 1134 1919 ad-

93 1938 285 1978 mittendi
305 1938 445 1985 habet,
478 1938 604 1989 aliqui
633 1939 783 1987 adsint,
806 1951 985 1990 quorum
1017 1940 1135 1979 testi-

93 2000 235 2040 monio
248 2001 301 2041 de
321 2001 559 2053 hujusmodi
578 2001 818 2052 receptione
835 2006 876 2041 et
891 2003 1135 2054 incorpora-

93 2062 205 2102 tione
228 2067 418 2102 constare
447 2063 605 2114 possit;
628 2064 742 2113 quod
759 2064 930 2114 quidem
949 2064 992 2104 in
1009 2065 1132 2105 citato

93 2124 228 2175 capite
248 2125 288 2172 4,
310 2125 434 2164 litter.
454 2126 503 2173 D,
526 2135 720 2176 expresse
738 2127 987 2176 postulatur.
1001 2127 1052 2166 Et
1071 2130 1134 2166 est

91 2198 240 2226 revera
258 2187 379 2226 valde
399 2187 698 2234 necessarium,
717 2191 758 2226 et
778 2188 947 2227 omnino
965 2200 1133 2228 servan-

93 2247 209 2287 dum.
227 2249 317 2287 Non
335 2248 427 2288 dico
446 2253 586 2288 autem
604 2261 696 2288 esse
716 2249 958 2301 simpliciter
973 2249 1026 2290 de
1040 2250 1135 2291 sub-

93 2310 245 2350 stantia
263 2313 303 2350 et
317 2310 370 2350 de
387 2311 527 2350 valore
548 2315 665 2351 actus
682 2311 724 2351 in
741 2311 832 2351 foro
852 2312 1130 2358 conscientiae,

93 2372 193 2424 quia
212 2372 255 2411 id
273 2384 411 2424 neque
433 2386 483 2412 ex
501 2378 652 2413 natura
671 2374 731 2414 rei
752 2375 1034 2414 necessarium
1054 2377 1131 2423 est,

92 2445 232 2485 neque
257 2447 308 2474 ex
336 2435 547 2475 communi
572 2437 668 2487 jure
696 2436 950 2477 sufficienter
981 2437 1135 2488 colligi-

92 2497 176 2543 tur,
197 2508 338 2547 neque
355 2496 400 2537 in
418 2497 489 2538 illo
505 2498 602 2550 jure
622 2498 792 2551 speciali
817 2499 1033 2545 societatis
1061 2499 1133 2542 de-

92 2558 292 2601 claratur.

460 2678 631 2726 CAPUT
655 2680 760 2724 Vnt-¹

94 2809 234 2844 unum
257 2811 301 2845 m
326 2811 590 2846 summamus
615 2808 839 2846 scclnnrls
861 2810 1009 2845 'rAm’rA
1035 2812 1129 2847 Pno-

160 2875 289 2910 ussto
314 2876 386 2906 sEu
412 2876 696 2908 INGORI’ORATIO
717 2876 843 2908 Locum
865 2868 1057 2907 HABEAT?

149 2991 190 3030 1.
219 2989 367 3031 Partis
397 2985 667 3041 affirmativae
695 2989 816 3031 ratio.
834 3011 887 3018 —
904 2986 1128 3042 Neqantem

93 3054 251 3106 partem
270 3051 395 3092 tradit
414 3052 927 3104 Navar.—Ar9ameatam
943 3061 1019 3103 pro
1037 3050 1129 3094 Na·-

94 3125 232 3155 varro.
251 3134 305 3143 —
323 3113 397 3152 Hic
416 3125 514 3152 vero
544 3114 715 3164 quaestio
747 3114 970 3162 suboritur,
1000 3125 1056 3153 an
1087 3113 1132 3152 in

97 3175 177 3216 hac
207 3175 543 3227 incorporatione
581 3175 835 3215 scholarium
882 3170 1098 3220 Societafls
1116 3204 1128 3223 ‚

97 3249 226 3292 quam
242 3241 482 3284 tractamus,
505 3236 645 3276 locum
664 3237 816 3277 habeat
834 3237 1036 3288 professio
1055 3248 1131 3277 seu

97 3298 373 3352 incorporatio
392 3298 531 3338 tacita.
550 3299 654 3338 Nam
674 3299 757 3348 illa,
779 3311 871 3350 quse
887 3300 1006 3351 juxta
1027 3310 1128 3351 prse-

98 3362 252 3403 dictam
276 3361 450 3401 formam
469 3359 531 3408 fit,
551 3371 746 3411 expressa
765 3366 850 3407 est;
880 3361 922 3400 in
944 3361 1034 3401 aliis
1056 3373 1129 3401 au-

98 3428 186 3465 tem
216 3422 487 3476 religionibus
505 3449 517 3469 ,
550 3419 738 3472 quamvis
769 3421 902 3462 formu
935 3432 1129 3474 expresse

99 3485 323 3539 profitendi
340 3479 580 3536 praescripta
606 3483 673 3530 sit,
698 3483 966 3523 nihilominus
991 3485 1130 3523 locum

100 3547 231 3589 habet
247 3547 372 3588 tacita
394 3545 622 3599 professio;
644 3556 743 3596 ergo
762 3544 875 3585 idem
894 3545 974 3586 erit
990 3546 1034 3585 in
1053 3546 1132 3585 hac

101 3609 432 3660 incorporatione
450 3607 714 3655 scholarium,
732 3618 843 3655 cum,
859 3607 1019 3647 ratione
1036 3606 1132 3646 sub-

103 3669 307 3711 stantialis
337 3668 492 3711 vinculi
520 3681 622 3718 cum
647 3668 851 3723 religione
870 3697 884 3720 ,
912 3668 1133 3710 conveniat

507 259 584 300 tm.
603 260 659 299 m.
683 260 738 300 nt:
756 262 1000 303 Anuissmus
1019 259 1491 306 scuotluiu'ffiffivo'm
1508 267 1725 310 smmum,
1750 268 1838 304 erc.

1195 345 1292 375 cum
1306 332 1585 387 professione;
1604 339 1644 376 et
1658 330 1893 376 differentia
1906 332 1950 375 in
1967 334 2229 378 solemnitate
2256 365 2262 369 -

1195 407 1281 436 non
1314 396 1478 437 videtur
1505 397 1559 438 ad
1588 408 1774 449 praesens
1803 395 1994 447 referre3
2023 396 2124 446 imo,
2143 407 2228 450 quo

1196 458 1409 498 vinculum
1429 460 1510 499 hoc
1532 460 1670 499 minus
1690 460 1877 499 solemne
1899 461 1975 513 est,
1998 468 2048 499 eo
2067 458 2227 501 videtur

1196 519 1346 559 melius
1366 532 1489 572 posse
1509 522 1633 561 tacite
1653 521 1758 561 fieri.
1779 520 2056 561 Nihilominus
2077 520 2212 562 Navar

1196 593 1281 626 rus,
1300 583 1529 623 Comment‚
1547 582 1587 631 4,
1603 583 1654 623 de
1669 581 1924 635 Regularih„
1946 593 2121 622 numero
2137 593 2225 635 sep·

1197 644 1430 695 tuagesimo
1451 650 1582 694 sexto,
1603 645 1710 685 circa
1730 645 1858 685 finem
1872 675 1883 692 ,
1906 644 2155 696 generaliter
2173 642 2229 683 di-

1198 705 1254 745 cit
1284 706 1327 745 in
1359 706 1563 748 Societate
1589 720 1673 747 non
1697 707 1789 747 fieri
1809 706 2109 758 professionem
2130 706 2222 746 taci-

1199 770 1299 815 tam,
1324 771 1364 807 et
1382 767 1478 809 licet
1496 769 1539 808 in
1557 769 1623 809 his
1650 769 1788 809 verbis
1810 769 1861 808 de
1882 769 2138 820 professione
2163 780 2228 808 so-

1197 827 1326 868 lemni
1348 829 1556 880 loquatur,
1575 830 1619 869 in
1634 830 1793 871 ratione
1813 835 1968 879 tamen,
1986 841 2113 880 quam
2132 829 2227 870 sub-

1195 889 1273 938 dit,
1297 892 1495 942 snpponit
1515 891 1724 932 scholares
1753 904 1839 931 non
1858 903 1980 944 posse
2004 889 2163 930 admitti
2187 894 2229 931 et

1194 953 1434 1004 approbari,
1463 953 1538 992 nisi
1570 964 1648 1004 per
1677 953 1852 992 formam
1885 964 2139 1004 expressam,
2170 951 2229 994 sic

1192 1014 1307 1054 enim
1336 1013 1495 1065 inquit:
1513 1014 1569 1054 In
1586 1014 1864 1057 illustrissimo
1886 1013 2102 1055 societatis
2126 1013 2161 1055 J
2162 1026 2228 1057 esu

1193 1076 1332 1117 ordine
1361 1087 1441 1117 non
1467 1075 1626 1118 videtur
1655 1075 1746 1122 fieri
1772 1076 1966 1127 professio
1997 1075 2135 1124 tacita,
2157 1086 2229 1127 per

1193 1137 1319 1179 Solam
1345 1139 1603 1190 gestationem
1624 1138 1802 1186 liabitas,
1819 1150 1894 1189 per
1910 1148 2035 1179 unum
2059 1135 2120 1178 vel
2131 1137 2229 1191 plu-

1192 1210 1258 1241 res
1278 1210 1429 1249 annos,
1460 1199 1558 1252 quia
1582 1203 1735 1251 oportet
1755 1197 1904 1239 biennio
1930 1203 2085 1251 qestare
2110 1199 2228 1240 illum

1194 1260 1239 1300 in
1262 1272 1318 1308 eo,
1338 1264 1375 1300 et
1403 1261 1555 1303 biennio
1575 1261 1741 1312 expleto,
1763 1262 1939 1302 emittere
1966 1261 2106 1301 saltem
2133 1256 2227 1300 sim-

1191 1320 1353 1372 pliciter
1372 1321 1458 1362 tria
1478 1324 1569 1363 vota
1585 1320 1793 1375 reliqionis
1807 1321 2106 1363 substantialia.
2128 1321 2226 1368 Quae

1193 1381 1321 1421 verba
1338 1382 1608 1434 intelligenda
1626 1383 1820 1423 videntur
1838 1383 1890 1422 de
1912 1383 2132 1423 emissione
2158 1395 2226 1422 vo-

1190 1447 1328 1483 torum
1353 1454 1565 1494 expressa,
1589 1445 1690 1484 alias
1710 1445 1814 1484 ratio
1844 1444 1997 1484 nullius
2025 1445 2225 1484 momenti

1188 1509 1316 1553 esset,
1334 1505 1433 1557 quia
1454 1506 1490 1547 si
1510 1505 1649 1557 priora
1667 1510 1763 1547 vota
1782 1510 1951 1557 possent
1966 1507 2087 1546 tacite
2108 1506 2225 1545 emit-

1189 1567 1235 1616 ti,
1269 1577 1344 1607 cur
1368 1579 1454 1607 non
1485 1580 1666 1619 sequens
1697 1568 1931 1619 professio?
1958 1569 2047 1607 Non
2077 1567 2226 1619 probat

1189 1630 1397 1669 Navarrus
1418 1630 1689 1669 assertionem
1725 1642 1844 1668 suam
1875 1630 2014 1681 aliqua
2046 1630 2220 1670 ratione.

1188 1689 1326 1731 Potest
1346 1695 1488 1731 autem
1508 1703 1560 1731 ex
1579 1690 1778 1743 peculiari
1805 1692 1990 1730 instituto
2012 1691 2224 1731 Societatis

1186 1752 1246 1793 ita
1265 1751 1447 1800 suaderi,
1469 1753 1566 1804 quia
1585 1752 1788 1804 professio
1809 1752 1931 1793 tacita
1950 1765 2034 1792 non
2053 1753 2098 1793 fit
2112 1782 2122 1801 ,
2144 1752 2224 1792 nisi

1186 1815 1390 1866 gestando
1406 1814 1593 1854 habitum
1608 1814 1906 1865 professorum,
1925 1815 1990 1854 vel
2011 1813 2135 1853 etiam
2157 1827 2224 1854 eo-

1186 1887 1281 1915 rum
1312 1876 1502 1928 proprios
1531 1880 1646 1916 actus
1679 1875 1927 1924 exercendo,
1955 1887 2047 1927 cap.
2076 1875 2221 1926 Vidua,

1186 1947 1279 1989 cap.
1302 1937 1375 1978 Ex
1388 1941 1521 1989 parte,
1542 1950 1632 1990 cap.
1662 1937 1911 1985 Stataimas‚
1934 1937 1986 1976 de
2006 1937 2219 1989 Regular.,

1186 2001 1229 2038 et
1247 2009 1283 2038 e.
1307 2000 1346 2047 1,
1366 1999 1529 2047 eodem,
1548 2000 1592 2038 in
1611 2001 1650 2046 6,
1673 1996 1786 2050 quod
1805 1998 2007 2051 superiori
2025 2003 2139 2038 tomo
2155 2003 2222 2040 ex-¹

1185 2061 1383 2113 plicatum
1417 2065 1493 2101 est.
1531 2062 1575 2100 In
1611 2062 1813 2102 Societate
1836 2066 1976 2101 autem
1999 2073 2137 2112 neque
2160 2053 2223 2102 est

1187 2121 1408 2175 peculiaris
1438 2122 1606 2162 habitus
1623 2153 1636 2172 ,
1667 2135 1744 2163 nec
1764 2123 1851 2162 fere
1871 2127 1966 2162 sunt
1989 2120 2222 2174 peculiares

1188 2188 1306 2225 actus
1331 2184 1581 2224 scholarium
1601 2185 1940 2236 approbatorum,
1960 2188 2002 2224 et
2020 2184 2116 2225 ideo
2137 2197 2222 2225 non

1186 2246 1349 2287 videtur
1366 2247 1524 2287 habere
1542 2248 1682 2287 locum
1701 2247 1745 2286 in
1769 2248 1848 2287 hac
1865 2247 2067 2298 religione
2098 2239 2223 2286 tacita

1187 2309 1449 2361 approbatio,
1466 2321 1541 2349 seu
1557 2308 1851 2361 incorporatio.
1865 2308 2096 2358 Aliquando
2110 2309 2220 2358 enim

1187 2371 1329 2411 novitii
1363 2371 1560 2411 eumdem
1592 2371 1781 2411 habitum
1818 2381 2083 2410 communem
2125 2364 2222 2409 cum

1187 2432 1447 2474 scholaribus
1466 2437 1692 2484 gestantes,
1712 2431 1857 2472 studiis
1883 2443 2032 2471 vacare
2052 2432 2222 2483 permit-

1185 2499 1344 2543 tuntur,
1364 2500 1517 2535 etcum
1537 2494 1685 2535 iisdem
1703 2505 1968 2535 communem
1980 2494 2105 2534 vitam
2123 2505 2220 2546 age-

1184 2568 1248 2603 re,
1270 2559 1312 2597 et
1331 2556 1427 2598 ideo
1459 2557 1623 2598 nullum
1647 2555 1864 2600 intercedit
1889 2555 2056 2607 siguum
2085 2555 2219 2595 tacitae

1183 2618 1549 2672 incorporationis.

1236 2683 1278 2722 2.
1309 2682 1584 2732 Impaqnatur
1603 2679 1674 2720 Ιιοσ
1692 2681 1983 2730 armamentum.
1995 2699 2049 2708 —
2065 2676 2219 2730 Confir-

1181 2746 1320 2785 Μαίων
1338 2739 1751 2792 impuqnatio.—Sed
1771 2740 1858 2779 haec
1875 2739 1979 2779 ratio
2000 2752 2086 2779 non
2108 2739 2220 2780 vide-

1181 2807 1251 2845 tur
1270 2801 1539 2848 concludere;
1571 2812 1671 2840 nam
1703 2801 1933 2841 secundum
1956 2801 2053 2853 jura
2079 2802 2217 2852 citata,

1182 2865 1310 2908 etiam
1338 2864 1409 2904 ubi
1432 2863 1598 2903 habitus
1628 2862 1911 2915 professorum
1931 2875 2017 2903 non
2044 2868 2108 2904 est
2138 2864 2218 2904 dis-

1181 2928 1332 2968 tinctus
1347 2926 1401 2965 ab
1416 2924 1561 2965 habitu
1581 2925 1841 2974 novitiorum,
1859 2925 2034 2975 gestatio
2052 2925 2218 2966 habitus

1180 2989 1417 3042 religioniS,
1439 2992 1532 3039 post
1551 2985 1762 3040 integrum
1791 3000 1949 3028 annum
1970 2987 2216 3038 novitiatus,

1183 3050 1343 3092 inducit
1369 3050 1536 3090 tacitam
1555 3050 1854 3101 professionem
1866 3061 1878 3100 3
1901 3062 2000 3103 ergo
2021 3051 2145 3090 etiam
2174 3048 2216 3089 in

1183 3114 1387 3155 Societate
1403 3113 1711 3164 perseverantia
1729 3112 1773 3152 in
1795 3112 1944 3152 eodem
1962 3111 2107 3151 habitu
2125 3115 2215 3163 posi

1183 3175 1398 3216 biennium
1421 3174 1658 3223 novitiatus,
1673 3173 1833 3213 inducit
1850 3174 2017 3213 tacitam
2034 3172 2214 3213 emissio-

1184 3249 1283 3278 nem
1297 3240 1503 3285 votorum,
1520 3235 1680 3276 etiamsi
1697 3236 1863 3275 habitus
1880 3235 2130 3275 scholarium
2143 3246 2214 3288 pez

1182 3310 1229 3339 se
1255 3310 1341 3338 non
1379 3298 1430 3339 sit
1463 3298 1680 3338 distinctus
1704 3297 1758 3338 ab
1786 3297 1931 3336 habitu
1953 3297 2214 3338 novitiorum.

1182 3358 1326 3411 Neque
1346 3360 1458 3399 enim
1482 3359 1623 3404 refert,
1641 3359 1754 3411 quod
1773 3358 1939 3398 babitus
1966 3358 2092 3399 totius
2122 3356 2214 3398 reli-

1183 3422 1318 3474 gionis
1337 3429 1400 3461 est
1421 3422 1653 3462 communis
1671 3434 1766 3462 cum
1785 3421 1928 3461 habitu
1949 3421 2216 3460 honestorum

1186 3483 1430 3523 clericorum
1443 3514 1454 3532 ‚
1475 3488 1565 3524 tum
1585 3484 1683 3535 quia
1701 3483 1782 3524 hoc
1807 3481 1912 3523 nihil
1929 3480 2026 3521 facit
2057 3479 2109 3520 ad
2137 3479 2201 3520 dis

1184 3543 1459 3596 tinguendum
1479 3546 1712 3586 scholarem
1740 3557 1767 3585 a
1784 3543 1938 3584 novitio
1967 3540 2013 3582 in
2030 3540 2102 3581 tali
2125 3539 2202 3582 reli

1185 3606 1325 3658 gione,
1343 3610 1385 3648 et
1401 3608 1496 3648 ideo
1516 3609 1615 3649 satis
1634 3612 1697 3648 est
1715 3610 1878 3660 gestare
1892 3603 2013 3644 illum
2029 3602 2214 3643 habitum

1184 3671 1300 3710 tanto
1335 3672 1526 3723 tempore
1559 3669 1606 3710 in
1639 3668 1715 3710 tali
1746 3666 1950 3720 religione
1963 3693 1976 3715 ,
2009 3668 2214 3717 quatenus
