2352 3880
23 202 38 215 5
79 182 113 222 ,v

59 239 62 251 Ι

60 275 104 342 ἔ

129 345 196 388 22.
222 341 284 386 Do
300 347 481 386 oexamine
498 347 554 387 ad
575 348 895 391 concionandum.
908 369 963 381 —
979 347 1098 396 Quod

75 409 212 458 autem
228 405 274 445 in
283 408 479 459 praedicta
495 408 642 461 regula
649 409 912 451 Pr0vincialis
931 411 1096 460 dicitur,

38 479 41 485 ’
69 469 278 525 proemisso
296 470 500 510 domestico
520 471 709 519 oramine,
733 471 920 512 additum
938 477 1000 514 est
1014 472 1093 521 his,

72 541 166 582 quae
198 529 242 568 in
272 530 399 569 Bullis
434 530 657 570 Pontificiis
675 532 960 582 requiruntur.
992 531 1114 574 Nam'

45 584 53 598 ⁰
71 590 224 633 Paulus
249 592 303 631 111
331 591 465 630 solum
483 592 597 640 dixit,
615 593 686 644 qui
704 595 759 634 ad
776 595 844 635 lzoe
861 595 1021 637 idoneus
1037 606 1098 636 re-

69 656 210 707 pertus
220 669 237 699 ;
271 656 406 704 potest
439 656 580 692 autem
616 653 795 696 idoneus
832 657 1020 708 reperiri,
1055 658 1101 696 et

70 725 166 754 cum
185 714 386 760 examine,
410 717 450 752 et
473 713 563 753 sine
600 714 686 754 illo.
707 715 782 755 Illa
815 729 918 769 ergo
946 717 1095 765 forma,

47 775 173 829 -quod
194 775 428 826 approbatio
465 774 703 827 Superioris
736 779 793 819 sit
820 790 898 831 per
922 791 1100 828 examen,

67 848 153 876 non
173 839 235 874 est
253 835 305 874 de
322 836 550 875 substantia
569 837 695 888 huJus
709 843 841 888 actus,
860 840 944 880 imo
958 851 1097 891 neque

67 901 120 937 de
140 897 327 949 rigoroso
344 901 565 949 praecepto,
583 900 656 938 sed
670 900 722 939 de
734 901 986 952 obligatione
1002 901 1099 940 sim-

66 959 184 1012 plicis
216 960 386 1011 regulae,
413 972 539 1011 quam
567 974 735 1002 servare
762 964 880 1003 valde
914 963 1096 1015 expedit,

66 1021 256 1073 quamvis
291 1021 334 1059 in
366 1021 506 1074 aliquo
527 1035 640 1070 casu,
675 1024 747 1063 ubi
766 1037 833 1064 res
854 1028 918 1064 est
934 1023 1098 1074 publice

65 1087 166 1124 nota
184 1085 225 1122 et
244 1082 428 1130 evidens,
448 1084 490 1124 in
510 1096 558 1124 03
594 1085 907 1125 circumstantia
929 1085 1100 1136 dispen-

65 1145 150 1185 sari
168 1145 311 1198 possit.
337 1146 408 1185 Est
431 1151 573 1185 autem
600 1147 668 1185 illa
703 1147 849 1198 regula
882 1149 1100 1186 consentan-

66 1218 142 1246 nea
175 1206 241 1245 his
277 1217 370 1258 quae
391 1207 532 1246 statuit
551 1208 776 1247 Concilium
796 1208 1094 1254 Lateranense,

64 1268 144 1308 sub
164 1264 301 1307 Leone
326 1270 376 1316 X,
394 1281 494 1308 sess.
520 1271 587 1316 11,
609 1269 727 1309 Bulla
747 1272 786 1317 1,
807 1282 900 1321 quae
925 1270 1093 1321 incipit:

66 1328 266 1382 Supernoe
281 1330 509 1381 maiestatis
523 1332 730 1382 proesidio,
748 1331 818 1370 ubi
835 1333 896 1371 sic
913 1331 1063 1371 dicitur
1076 1342 1091 1370 τ

64 1390 195 1433 Sacro
213 1392 455 1444 approbante
487 1391 671 1440 Concili0,
693 1393 914 1434 statuimus
926 1398 965 1434 et
989 1393 1097 1434 ordi-

64 1463 218 1499 namus,
240 1456 288 1493 ut
305 1453 455 1501 nullus,
475 1456 558 1494 tam
576 1454 744 1494 clericus
758 1455 966 1503 secularis,
980 1466 1096 1505 quam

64 1514 338 1565 cuiuscumque
357 1515 477 1554 etiam
496 1515 806 1556 mendicantium
826 1517 1010 1556 ordinum
1032 1528 1097 1556 re-

64 1575 237 1626 pularis,
265 1579 337 1616 aut
370 1576 500 1627 quivis
529 1576 653 1624 alius,
685 1577 739 1615 ad
772 1588 885 1628 quem
920 1577 1095 1622 facultas

59 1635 304 1687 praedicandi
324 1641 405 1676 tam
426 1638 472 1677 de
495 1637 607 1687 jure,
630 1648 749 1689 quam
776 1639 821 1678 do
850 1639 1096 1680 consuetudi-

61 1708 125 1744 ne,
141 1697 202 1737 vel
214 1698 447 1749 privilegio,
469 1702 540 1738 aut
554 1699 661 1738 alias
675 1699 862 1751 pertinet,
879 1700 931 1740 ad
954 1700 1095 1751 hujus-

61 1757 170 1798 modi
213 1759 394 1810 osficium
425 1760 677 1801 excercendum
711 1761 951 1801 admittatur
965 1791 975 1807 ,
1008 1761 1096 1801 nisi

60 1820 180 1870 prius
193 1831 267 1870 per
279 1819 537 1872 Superiorem
556 1833 673 1862 suum
690 1821 899 1872 respective
921 1822 1094 1874 dilipen-

61 1883 122 1920 ter
144 1881 395 1920 examinatus
416 1880 474 1930 (in
505 1893 585 1933 qua
599 1894 643 1923 re
664 1882 942 1924 conscientiam
962 1884 1094 1933 ipsius

61 1940 303 1992 Superioris
331 1940 564 1993 oneramus)
596 1951 647 1983 ao
682 1955 839 1984 morum
874 1944 1090 1993 honestate,

60 2006 191 2051 oetate,
224 2003 421 2049 doctrina,
449 2004 663 2056 probitate,
682 2005 897 2055 prudentia
930 2009 967 2046 et
998 2006 1096 2046 nitoe

60 2063 359 2116 exemplaritate
377 2065 431 2104 ad
448 2065 554 2104 illud
570 2069 691 2116 aptus
721 2069 758 2107 et
783 2066 950 2106 idoneus
986 2076 1094 2117 repo-

60 2125 210 2165 riatur.
227 2127 272 2164 In
290 2125 441 2177 quibus
460 2126 598 2164 verbis
616 2138 772 2166 morum
790 2127 989 2174 honestas,
1000 2137 1095 2178 pro-

61 2185 177 2234 bitas,
196 2190 235 2229 et
267 2188 362 2227 vitoe
394 2187 696 2239 exemplaritas,
728 2187 782 2226 ad
816 2187 931 2227 idem
965 2186 1094 2238 perti-

59 2252 179 2294 nent;
196 2247 413 2301 prudentia
443 2260 542 2288 vero
559 2261 584 2287 a
604 2249 793 2288 doctrina
812 2253 854 2289 01
869 2249 1037 2296 virtute,
1058 2249 1094 2290 si

60 2308 183 2350 simul
208 2309 530 2361 conjungantur,
559 2310 628 2349 vix
658 2314 796 2361 potest
823 2310 1022 2362 separari.
1047 2310 1092 2350 In

58 2370 326 2422 praedicatore
367 2376 522 2418 autem,
544 2376 756 2423 quatenus
794 2371 890 2411 talis
926 2376 1007 2419 est,
1042 2382 1094 2411 ea

55 2432 277 2485 prudentia
311 2433 551 2484 requiritur,
572 2445 657 2484 qua
685 2433 740 2472 ad
771 2437 889 2473 recte
918 2433 1091 2485 loquen-

58 2493 161 2533 dum
189 2497 230 2533 et
255 2505 330 2545 pro
349 2494 550 2545 dignitate
571 2495 625 2533 de
652 2494 778 2533 rebus
817 2494 945 2533 sacris
966 2499 1011 2534 01
1037 2493 1093 2535 ad

56 2553 216 2595 bonum
233 2557 381 2594 animae
410 2556 714 2606 pertinentibus
749 2556 985 2595 necessaria
1011 2561 1091 2597 est.

56 2616 119 2657 De
133 2619 251 2659 aetate
272 2629 369 2657 vero
388 2617 492 2656 nihil
527 2618 570 2656 in
607 2617 847 2668 particulari
872 2617 1094 2657 definitum

59 2681 124 2718 est
149 2679 195 2719 in
221 2679 415 2718 Decretis.
439 2679 582 2718 Solum
619 2679 788 2718 invenio
823 2679 1087 2731 Gregorium,

57 2739 169 2781 hom.
191 2739 217 2779 2
241 2741 283 2779 in
302 2740 466 2788 Ezech„
492 2741 803 2791 expendentem
826 2742 1002 2780 verbum
1042 2740 1091 2780 il-

59 2800 162 2850 lum,
185 2802 382 2843 tricesimo
417 2813 537 2852 auno,
569 2806 610 2842 01
629 2803 860 2843 dicentem:
880 2803 1005 2842 Juxta
1025 2815 1089 2842 ra·

57 2862 182 2904 tionis
218 2875 357 2911 usum,
387 2861 585 2903 doctrinae
605 2876 740 2903 sermo
767 2876 853 2904 non
889 2865 1086 2916 suppetit,

58 2924 136 2964 nisi
153 2925 198 2964 in
213 2929 334 2965 aetate
353 2925 558 2975 perfecta;
574 2926 687 2976 quod
706 2926 788 2966 late
806 2927 1084 2977 prosequitur,

58 2983 212 3027 docens
237 2998 322 3025 non
356 2998 447 3026 esse
474 2988 552 3026 hoc
585 2999 739 3026 munus
771 2989 1084 3038 assumendum,

60 3046 192 3091 donec
213 3048 339 3086 homo
362 3048 414 3087 sit
433 3048 479 3086 in
499 3052 621 3088 aetate
650 3049 783 3088 solida
819 3053 862 3089 et
893 3054 1082 3089 matura:

61 3108 262 3157 Quatenus
284 3110 322 3150 ei
350 3110 513 3162 (inquit)
534 3123 623 3151 cum
648 3113 736 3151 vita
758 3112 796 3151 et
827 3111 979 3164 spiritu
1010 3124 1087 3152 om-

59 3168 145 3218 nia,
164 3183 252 3223 quoe
270 3170 324 3211 ad
343 3172 646 3222 praedicandum
675 3176 912 3223 conyruunt,
934 3184 1088 3213 eoncor-

62 3230 155 3272 dare
195 3232 419 3273 videantur.
455 3233 536 3272 Sed
572 3234 652 3272 hoc
689 3233 814 3272 etiam
852 3233 1085 3284 prudentiae

63 3289 219 3332 Praelati
236 3293 555 3344 relinquendum
587 3298 663 3342 051,
682 3295 780 3346 quia
811 3305 898 3334 non
931 3292 975 3333 in
1000 3307 1087 3334 om·

63 3351 199 3400 nibus,
218 3366 297 3394 nec
311 3366 386 3406 pro
404 3354 594 3393 omnibus
610 3355 712 3395 locis
733 3359 805 3395 aut
821 3355 1087 3397 concionibus

62 3413 210 3454 eadem
227 3415 443 3454 maturitas
461 3416 591 3454 aetatis
612 3417 858 3467 requiritur,
890 3417 1088 3457 multum-

66 3482 146 3524 que
165 3487 215 3515 ex
234 3476 324 3516 aliis
344 3476 523 3525 dotibus,
536 3477 766 3527 praesertim
779 3476 922 3530 judicii
950 3481 994 3518 et
1020 3489 1087 3520 so-

44 3544 46 3546 ’
65 3530 156 3582 fflae
171 3536 347 3586 virtutis,
370 3536 550 3590 suppleri
570 3541 722 3588 potest.

275 3738 359 3770 xw.

334 283 426 318 cAP.
449 283 476 318 1.
497 275 597 325 Qum
617 284 784 320 Posstm·
803 284 857 320 Ac
877 284 1064 323 omnm
1085 282 1289 325 antimosi
1308 291 1546 328 soem‘rA'ris
1565 292 1803 334 eumuna,
1821 291 1918 331 ETG.

2097 289 2183 335 977

1461 376 1691 420 observatio
1709 378 1870 432 quinem

1199 466 1268 512 23.
1285 471 1343 512 In
1356 472 1498 524 quibus
1517 474 1618 515 loeis
1631 476 1859 516 concionari
1877 475 1998 518 liceat
2012 486 2063 519 eto
2076 474 2184 520 dioto

1143 532 1371 585 privilegio.
1382 554 1436 562 —
1450 534 1624 574 Interest
1649 536 1754 575 inter
1772 537 1843 576 Ιιοο
1870 538 2128 590 privileyium
2142 543 2183 581 ot

1147 593 1324 634 aliorum
1360 595 1654 646 reliqiosorum.
1670 618 1724 626 —
1750 597 1902 643 Quinto
1934 600 2184 650 exponenda

1150 660 1374 706 supersunt
1391 656 1459 695 illa
1493 656 1636 707 verba,
1656 657 1702 697 in
1735 659 1940 709 quibusvis
1963 661 2181 713 Ecclesiis,

1148 720 1186 757 et
1204 717 1305 758 locis
1330 730 1378 758 ac
1399 718 1547 770 plateis
1565 720 1833 759 communibus
1851 732 1918 760 seu
1935 723 2125 775 publicis,
2146 728 2183 767 et

1152 778 1258 819 alias
1277 780 1421 832 ubique
1440 780 1628 820 locorum.
1653 780 1777 820 Juxta
1799 793 1924 831 quam
1942 782 2183 827 facultatem

1149 838 1300 879 dicitur
1314 841 1356 879 in
1369 841 1738 881 constitutionibus
1761 843 1990 892 SocietatiS,
2007 848 2183 896 septima

1149 905 1284 952 parte,
1307 902 1332 954 ξ,
1360 905 1383 942 7
1404 915 1414 942 ε
1433 904 1571 944 Potest
1587 907 1625 943 et
1652 904 1723 945 hoc
1741 904 1887 955 ipsum]
1909 906 2014 957 quod
2033 906 2184 950 dictum

1149 965 1209 1004 cst
1226 962 1283 1012 (id
1300 967 1376 1012 051,
1397 964 1622 1014 praedicare
1641 965 1814 1004 verbum
1835 966 1924 1018 Dei)
1942 970 2057 1007 extra
2071 970 2186 1011 eccle-

1148 1024 1255 1064 siam
1274 1024 1492 1066 Societatis
1511 1026 1609 1066 aliis
1640 1027 1686 1066 in
1718 1027 1906 1075 eeclesiis,
1927 1028 1990 1069 vel
2017 1029 2184 1082 plateis,

1148 1085 1211 1125 ml
1228 1084 1326 1126 aliis
1345 1086 1445 1127 locis
1458 1086 1664 1137 praestari,
1687 1090 1843 1141 quando
1873 1090 1925 1138 ei,
1940 1090 2012 1142 qui
2031 1094 2186 1135 eoeteris

1145 1150 1309 1199 proeest,
1332 1148 1385 1188 ad
1405 1148 1597 1200 majorem
1618 1150 1696 1189 Dei
1714 1150 1887 1203 gloriam
1918 1154 2098 1202 conferre
2123 1155 2186 1196 vi-

1146 1208 1317 1249 debitur.
1335 1210 1489 1260 Estque
1502 1210 1696 1261 praedicta
1713 1211 1887 1251 facultas
1905 1220 2188 1256 consentanea.

1144 1269 1227 1320 juri
1243 1271 1469 1319 communi,
1484 1275 1524 1310 01
1538 1271 1630 1310 31115
1649 1272 1916 1312 Summorum
1936 1273 2186 1318 Pontificum

1147 1332 1487 1371 concessionibus
1505 1360 1521 1381 ,
1560 1344 1659 1371 nam
1696 1333 1842 1372 similis
1893 1335 2071 1376 habetur
2110 1350 2187 1390 pro

1150 1393 1493 1432 Praedicatorihus
1513 1395 1554 1432 01
1570 1393 1815 1443 Minoribus,
1833 1395 1878 1434 111
1893 1395 2078 1438 Clemen.
2098 1400 2188 1441 Du-

1150 1453 1259 1502 dum,
1278 1454 1331 1494 de
1347 1454 1576 1506 Sepultur„
1589 1456 1792 1495 versiculo
1807 1456 1896 1499 Nos
1909 1463 2040 1499 autem
2053 1472 2069 1494 ··
2088 1460 2188 1502 Sta-

1145 1516 1303 1556 tuimus
1325 1516 1487 1567 (inquit)
1514 1521 1551 1558 et
1566 1518 1816 1569 ordinamus,
1838 1523 1884 1559 ut
1908 1521 2104 1562 dictorum
2121 1521 2193 1563 or-'

1149 1575 1287 1618 dinum
1314 1580 1485 1627 fratres,
1506 1578 1552 1617 in
1582 1579 1759 1620 ecclesiis
1779 1584 1816 1621 et
1835 1581 1934 1621 locis
1957 1595 2106 1632 eorum,
2139 1596 2189 1628 ao

1147 1636 1191 1677 in
1214 1638 1363 1688 plateis
1395 1639 1660 1680 communibus
1681 1641 1803 1681 libere
1831 1643 1989 1684 valeant
2019 1645 2119 1685 clero
2146 1650 2190 1687 et

1143 1699 1289 1751 populo
1302 1700 1535 1752 praedicare.
1560 1700 1703 1741 Simile
1722 1702 1900 1742 habetur
1915 1716 1967 1743 ex
1986 1705 2189 1747 Benedic-

1147 1763 1190 1798 to
1218 1761 1286 1810 XI,
1305 1761 1350 1801 in
1377 1761 1667 1813 Extravagant.
1691 1764 1809 1805 Inter
1828 1769 2007 1815 cunctas,
2026 1767 2079 1806 de
2103 1769 2188 1808 Pri-

1148 1821 1272 1874 vileg.
1291 1834 1303 1864 ι
1324 1823 1379 1864 In
1404 1823 1576 1864 ecclesiis
1597 1824 1756 1876 (inquit)
1783 1837 1833 1866 ac
1861 1827 1959 1866 locis
1991 1829 2187 1880 ipsorum,

1149 1894 1199 1924 ac
1233 1884 1278 1924 iu
1310 1885 1465 1935 plateis
1492 1888 1779 1935 communibus,
1801 1898 1870 1927 seu
1895 1889 2084 1940 publicis,
2105 1895 2186 1932 etc.

1150 1941 1350 1995 idemque
1369 1947 1573 1985 concessit
1593 1947 1730 1986 Sixtus
1743 1948 1796 1986 IV
1810 1948 2007 1988 fratribus
2025 1952 2187 1994 Carme-

1146 2003 1244 2051 litis,
1268 2008 1312 2045 et
1334 2006 1517 2046 Joannes
1534 2008 1657 2056 XXII,
1670 2012 1715 2047 ut
1734 2008 1922 2048 referunt
1941 2011 2186 2062 Cardinalis,

1147 2066 1304 2106 indict.
1322 2067 1469 2117 elem„
1494 2073 1534 2108 et
1567 2070 1690 2109 Joan.
1727 2071 1873 2119 Andr„
1902 2072 1945 2111 in
1966 2086 2005 2112 c.
2031 2074 2188 2115 Consti-

1148 2129 1337 2175 tationes,
1358 2129 1413 2169 de
1432 2130 1690 2181 Regularib.,
1719 2132 1762 2170 in
1783 2137 1914 2181 sexto,
1938 2138 1978 2173 et
1998 2134 2040 2173 in
2069 2136 2188 2176 Com-

1147 2187 1302 2240 pendio
1334 2190 1650 2241 privilegiorum
1686 2193 2030 2244 mendicantium,
2067 2198 2185 2237 verb.

1147 2250 1456 2299 Proedicatores,
1478 2252 1503 2305 ξς
1520 2253 1546 2291 8
1573 2257 1616 2293 01
1633 2254 1696 2293 10.
1719 2254 2030 2296 Consideranda
2043 2262 2187 2299 autem

1148 2316 1211 2350 est
1230 2311 1465 2353 differentia
1483 2313 1593 2352 inter
1601 2315 1729 2354 verba
1745 2316 1859 2355 Pauli
1876 2319 1929 2358 III
1946 2323 1986 2358 et
1999 2319 2187 2360 Clemen-

1145 2371 1198 2412 tis
1216 2372 1263 2420 V,
1285 2385 1358 2413 seu
1379 2375 1592 2414 Benedicti
1608 2377 1661 2415 XI
1670 2388 1681 2423 ;
1704 2389 1802 2417 113111
1829 2377 1869 2417 111
1894 2378 1977 2419 duo
1994 2382 2186 2423 restricte

1144 2432 1398 2485 loquuntur:
1413 2435 1468 2475 In
1480 2436 1656 2477 eeclesiis
1676 2449 1722 2478 ac
1741 2438 1840 2479 locis
1858 2440 2038 2492 ipsorum
2047 2457 2065 2488 ,·
2081 2442 2185 2482 Pau-

1143 2492 1210 2534 lus
1234 2499 1374 2535 autem
1405 2496 1599 2537 Societati
1631 2498 1876 2549 simpliciter
1899 2503 2117 2550 concessit,
2137 2504 2185 2543 in

1143 2556 1349 2609 quibusvis
1381 2559 1559 2600 ecclesiis
1586 2571 1657 2600 seu
1684 2561 1799 2609 locis,
1827 2567 1906 2603 etc.
1934 2563 2036 2610 Quae
2065 2565 2183 2605 diffe-

1144 2618 1278 2656 rentia
1314 2630 1366 2659 ex
1402 2630 1453 2658 eo
1492 2624 1581 2659 orta
1618 2620 1795 2670 videtur,
1813 2624 1926 2674 quod
1965 2625 2037 2664 illa
2068 2627 2183 2676 prior

1142 2678 1319 2718 facultas
1354 2681 1410 2720 ita
1444 2681 1770 2732 concedebatur,
1793 2689 1839 2725 ut
1867 2686 2010 2725 liceret
2046 2698 2097 2725 ea
2122 2688 2181 2727 uti

1144 2740 1302 2792 absque
1319 2741 1668 2790 dioecesanorum,
1690 2745 1756 2783 vel
1794 2745 1970 2785 aliorum
1993 2747 2181 2787 Praelato-

1141 2814 1235 2843 rum
1254 2805 1381 2855 petita
1399 2805 1582 2854 licentia,
1595 2811 1640 2845 ut
1652 2807 1902 2847 Benedictus
1911 2810 1964 2848 XI
1985 2821 2181 2861 expresse

1141 2864 1344 2913 declarat;
1366 2870 1406 2905 et
1436 2867 1529 2905 ideo
1552 2879 1636 2906 non
1670 2869 1972 2909 extendebatur
2004 2871 2180 2911 facultas

1137 2928 1281 2978 quoad
1300 2928 1390 2966 loca
1411 2929 1674 2979 particularia
1693 2931 1799 2969 ultra
1829 2927 2019 2983 pro'prias
2038 2934 2180 2973 Eccle-

1139 2989 1223 3027 5135
1240 2989 1306 3027 vel
1327 2989 1496 3038 domus3
1526 2991 1639 3041 quia,
1657 2995 1703 3030 ut
1719 2992 1776 3030 ibi
1794 2993 1849 3032 ait
1868 2994 2012 3032 Petrus
2028 2995 2079 3033 de
2098 2996 2178 3033 An-

1140 3051 1340 3099 charano,
1352 3051 1480 3090 voluit
1495 3052 1606 3103 Papa
1630 3053 1719 3092 sine
1739 3054 1915 3094 aliorum
1934 3056 2175 3107 praejudicio

1140 3112 1194 3151 de
1212 3124 1355 3151 eorum
1377 3112 1477 3151 locis
1497 3113 1744 3164 disponere;
1766 3128 1877 3156 nunc
1902 3119 2042 3156 autem
2057 3118 2176 3168 Juxta

1140 3172 1317 3212 formam
1338 3174 1505 3213 Concilii
1521 3175 1751 3215 Tridentini
1768 3178 2003 3217 necessaria
2024 3182 2086 3217 est
2106 3178 2176 3217 Or-

1134 3235 1396 3275 dinariorum
1420 3237 1679 3287 approbatio,
1714 3249 1805 3288 quae
1834 3239 1877 3277 in
1897 3239 2091 3290 praedicta
2113 3239 2175 3277 fa-

1138 3296 1294 3336 cultate
1312 3297 1647 3349 subintelligitur,
1660 3301 1706 3337 ut
1725 3299 2006 3349 exposuimus,
2027 3304 2066 3339 et
2079 3299 2172 3337 ideo

1139 3358 1390 3409 generaliter
1413 3360 1654 3399 conceditur
1682 3359 1856 3399 facultas
1884 3373 1959 3412 pro
1981 3359 2172 3399 omnibus

1139 3419 1349 3467 Ecclesiis,
1368 3421 1467 3472 quia
1500 3421 1558 3460 sic
1587 3420 1793 3460 intellecta
1820 3421 1974 3460 nullius
1990 3419 2173 3459 continet

1135 3481 1440 3536 praejudicium,
1461 3485 1510 3521 ut
1527 3481 1784 3522 declaratum
1804 3485 1881 3520 est.

1192 3542 1261 3581 24.
1295 3541 1496 3594 Objicitm·
1523 3546 1662 3583 contra
1693 3553 1811 3582 usum
1837 3540 2056 3583 Societatis
2081 3551 2172 3584 oon-

1141 3604 1324 3646 donandi
1344 3605 1388 3643 in
1406 3604 1503 3644 locis
1517 3603 1724 3654 profanis.
1738 3622 1790 3630 -
1805 3601 1954 3641 Contra
1978 3604 2084 3644 hauc
2103 3615 2170 3643 ve-

1141 3677 1188 3704 ro
1198 3665 1526 3712 concessionem,
1539 3667 1744 3715 quatenus
1755 3661 1916 3714 plateas
1933 3668 1974 3704 et
1991 3664 2082 3706 loca
2096 3677 2168 3718 pu·

1904 3733 1956 3772 62

2214 1698 2229 1730 A
