2352 3880
961 295 1088 341 ittbssx
1108 273 1262 346 nunna.

53 361 224 403 canonici
247 364 430 415 regulare-⁵
449 362 548 405 uncte
566 365 687 406 emm
710 361 916 407 habitarint.
942 365 981 401 οἳ
997 371 1082 412 ⁴1¹1ae

93 412 168 448 sint
186 414 418 457 proprietates
439 413 539 449 illius
555 415 677 455 status,
697 413 748 448 ib.

90 463 225 510 Regula
246 465 435 508 Augustini
457 464 589 511 scripta
604 472 679 499 non
701 463 772 504 fuit
799 472 865 508 pro
889 464 1080 506 canonicis

91 514 328 556 regularibus,
348 515 412 550 sed
434 514 679 561 proeremitis
700 518 852 559 tantum,
875 515 898 550 l.
921 510 954 558 ’2,
977 523 1008 555 e,
1025 518 1056 554 8.

90 563 214 599 Postea
234 574 320 600 vero
341 565 528 601 canonicis
549 564 773 611 regularibus
793 565 838 606 ab
861 565 988 604 eodem
1005 566 1079 605 Au·-

91 615 236 656 gustino
251 615 320 649 fuit
334 615 613 656 accommodata,
636 614 686 650 ib.

50 664 313 701 canonicorum
326 662 544 709 regularium
555 668 684 702 statum
695 672 770 705 non
783 664 1002 708 inchoatum.
1016 662 1081 701 sed

92 715 325 752 reformatum
351 715 462 757 fuisse
489 715 537 756 al>
559 715 759 759 Augustino
780 715 981 760 probabile.
998 715 1024 752 l.
1044 717 1080 756 2,

90 773 122 801 ο.
143 769 175 805 7,

90 815 230 864 Eosque
242 823 318 852 esse
330 824 352 855 a
364 819 524 860 tempore
537 814 786 860 Apostolorum
797 815 835 854 in
848 814 1005 855 Ecclesia
1016 812 1083 854 ati-

90 865 153 907 qui
171 870 372 911 senserunt,
389 866 437 903 ib.

49 914 310 950 canonicorum
332 916 551 959 regularium
566 919 654 958 quot
668 915 742 951 sint
756 923 901 960 genera.
918 923 952 953 6.
974 917 1008 950 ⁰.

47 965 222 1005 canonici
245 967 394 1004 nomine
414 967 506 1011 quid
528 966 661 1011 veniat,
682 965 734 1009 ib,

494 1050 636 1079 cantu.

48 1114 205 1158 capillos
225 1115 364 1155 nutrire
384 1123 434 1157 an
460 1115 567 1155 liceat
586 1114 828 1158 monialibus.
847 1117 892 1158 tr.
914 1116 959 1157 ο,
989 1112 1017 1154 i.
1034 1115 1084 1156 1.

91 1173 122 1199 c.
142 1167 194 1199 12.

46 1216 171 1252 solum
194 1216 404 1259 capitulum,
421 1216 496 1251 sive
510 1215 737 1259 congregatio
749 1214 927 1258 generalis
939 1212 1083 1256 religio·

90 1275 211 1301 sorum
227 1266 322 1300 infra
335 1268 465 1310 Papam
481 1267 585 1302 habet
600 1268 807 1309 potestatem
821 1264 1003 1304 condendi
1015 1268 1083 1300 sta-

89 1319 166 1350 tuta
185 1316 382 1359 religionis,
405 1321 446 1353 tr.
468 1321 501 1357 8,
517 1317 540 1351 l.
557 1320 588 1358 Ξ,
609 1324 639 1350 c.
659 1318 691 1350 8.

88 1367 131 1400 Et
161 1375 208 1400 an
239 1367 284 1400 ad
318 1368 386 1400 hoc
418 1367 576 1410 indigeat
597 1371 777 1402 consensu
796 1363 980 1400 Generalis
995 1390 1005 1407 ,
1025 1362 1084 1401 vet

89 1416 331 1458 Praesidentis,
353 1417 403 1451 ib.

46 1467 251 1510 capitulum
270 1466 472 1501 universale
494 1466 745 1510 religiosorum
760 1468 815 1501 est
834 1473 943 1509 supra
964 1465 1085 1508 ipsum

89 1518 312 1552 Generalem.

47 1567 251 1609 capitulum
274 1574 358 1601 vero
376 1566 543 1600 Ecclesiae
566 1564 782 1599 cathedralis
803 1572 878 1599 non
898 1568 951 1598 est
978 1571 1087 1606 supra

89 1617 316 1661 Episcopum,
332 1625 400 1651 nec
412 1616 613 1652 Concilium
634 1615 801 1659 generale
818 1624 926 1659 supra
941 1615 1084 1658 Papam,

92 1665 141 1699 ib.

47 1716 253 1759 capitulum
272 1716 437 1759 generale
456 1715 708 1759 religiosorum
728 1714 814 1750 sede
828 1717 976 1751 vacante
1003 1717 1088 1749 ante

89 1767 302 1801 electionem
318 1767 511 1808 Generalis,
532 1775 578 1800 an
602 1766 712 1809 possit
736 1765 831 1809 leges
852 1766 1019 1801 condere.
1035 1765 1089 1802 ib.

48 1817 254 1861 Capitulum
290 1817 457 1861 generale
493 1817 744 1859 religiosorum
777 1819 917 1851 tantum
949 1819 1085 1858 potest,

92 1872 267 1911 quantum
283 1868 316 1901 ei
333 1868 504 1907 universa
523 1867 651 1910 religio
672 1874 738 1910 per
754 1875 838 1903 suas
852 1866 1086 1905 constitutio·

92 1927 158 1956 nes
172 1918 348 1958 concedit,
372 1919 421 1953 ib.

49 1968 252 2010 Capitulum
275 1969 442 2010 generale
463 1967 712 2010 religiosorum
727 1977 794 2012 pro
812 1971 884 2003 tota
898 1966 1086 2009 religione,

93 2021 128 2056 et
162 2018 383 2061 provinciale
418 2026 483 2061 pro
509 2021 580 2053 tota
609 2017 819 2061 provincia,
843 2025 891 2051 an
908 2044 916 2058 ,
938 2020 975 2050 et
997 2022 1088 2058 quos

91 2075 194 2107 casus
218 2071 298 2111 1³95t
318 2068 501 2108 decretum
518 2068 712 2105 clementis
724 2067 799 2103 viu
811 2074 992 2107 reservare
1009 2073 1090 2108 pos·-

77 2118 149 2160 sit,
166 2127 198 2157 o.
214 2121 267 2159 ts-

51 2169 256 2212 Canitulum
277 2168 444 2210 Ecclesiae
467 2168 688 2206 cathedralis
706 2168 795 2205 sede
813 2170 964 2205 vacante
977 2168 1092 2211 potest

94 2218 320 2255 dioecesanas
338 2219 434 2261 leges
455 2218 624 2260 condere,
647 2226 679 2253 c.
702 2221 736 2253 8.

476 2300 680 2328 cupimus.

0 2356 1 2365 ¹
53 2369 255 2412 cardinalis
274 2369 464 2412 religiosus
481 2377 572 2411 quas
593 2367 834 2411 obligationes
848 2372 925 2405 suae
942 2364 1093 2409 reiigio-

97 2421 156 2456 nis
176 2420 340 2462 retineat,
363 2423 407 2454 tr.
424 2422 457 2460 8,
473 2418 497 2452 l.
521 2421 555 2460 3,
576 2426 608 2453 c.
631 2421 684 2452 18.

390 2503 640 2532 ennuntiat
661 2503 761 2531 0800.

56 2563 329 2605 carmelitarum
352 2563 476 2606 regula
494 2571 519 2603 a
544 2562 584 2599 t).
605 2561 738 2598 Basilio
763 2558 872 2597 traxit
897 2556 1090 2603 originem,

58 2614 331 2705 cggffiziiiiaihg
342 2615 449 2700 1ordo
481 2662 528 2703 ab
554 2661 632 2701 Elia
663 2661 844 2703 manavit,
874 2663 920 2697 tr.
939 2662 986 2703 ⁹,
1009 2657 1037 2694 1.
1057 2659 1093 2701 ι,

100 2722 134 2750 ‘¹¹
151 2717 204 2756 ²⁰¹
384 2761 664 2790 carausii-:usmis
687 2762 783 2788 0300.

59 2821 367 2861 carthusiensium
389 2822 490 2865 origo
512 2824 547 2855 et
568 2821 787 2862 institutum,
803 2822 848 2855 tr.
860 2821 895 2860 9,
916 2817 943 2854 t.
959 2823 1039 2861 ze.
1060 2820 1092 2852 b.

102 2873 168 2913 Qui
191 2873 272 2907 talis
294 2872 445 2906 instituti
470 2875 604 2909 auctor.
622 2872 672 2906 ib.

103 2923 188 2963 Quae
209 2926 244 2958 et
265 2922 384 2964 quatis
396 2923 476 2963 ejus
492 2921 704 2965 approbatio
717 2917 944 2958 ahmeinaim
959 2918 1009 2954 ib.

102 2974 236 3009 Eorum
251 2972 490 3012 observantia,
504 2971 554 3007 ib.

103 3026 159 3082 ,⁶¹¹
181 3024 287 3058 liceat
309 3022 382 3057 illis
396 3024 435 3057 in
454 3023 554 3057 omni
569 3030 655 3058 casu
679 3018 860 3058 abstinere
873 3030 896 3056 a
913 3018 1096 3066 carnibus,

105 3074 340 3183 ἓξιιιφιητιι·
358 3124 437 3158 naec
456 3121 584 3165 religio
595 3120 637 3157 in
654 3120 878 3166 perfectione
898 3127 983 3156 cum
1000 3118 1096 3162 aliis,

63 3176 374 3263 calxhusiensium
387 3223 557 3257 clausura
575 3223 722 3265 quanta,
736 3220 789 3257 ib.

104 3275 294 3317 'transitus
310 3283 335 3308 ι
351 3273 479 3316 quavis
490 3271 668 3315 religione
680 3272 728 3307 ad
741 3268 965 3306 carthusiam
978 3267 1100 3304 licitus

108 3329 173 3365 est.
196 3328 231 3359 et
249 3324 295 3358 ob
309 3332 418 3367 quam
435 3322 590 3356 maxime
610 3322 797 3361 rationem,
815 3320 865 3356 ib.

107 3376 163 3413 An
182 3373 418 3430 liceatftiam
431 3371 656 3408 acanthusta
679 3372 728 3407 ad
755 3371 866 3407 atium
886 3366 1101 3413 ‘dicionem

49 3423 386 3510 iwwsgnoi’um
411 3471 534 3515 regula
565 3480 589 3508 a
614 3471 720 3508 nullo
737 3468 967 3507 Men&
994 3466 1104 3506 Μ

65 3555 75 3570 ,,
107 3523 303 3568 originem,
323 3522 370 3561 π’.
390 3525 426 3566 8,
439 3520 464 3557 l.
480 3519 521 3564 ⁴1,
535 3529 568 3557 c.
581 3524 616 3557 ι.

501 3607 653 3636 ωῖΐῌί

51 3646 221 3757 *Ἢ
233 3669 436 3755 continuus
454 3669 589 3707 sumen
614 3669 662 3706 aa
682 3672 815 3706 natum
832 3667 1034 3714 raiginis,
1051 3669 1102 3705 «a

74 3737 102 3773 &i
128 3745 145 3770 ¹·
179 3745 190 3757 .
224 3728 282 3765 ,G-
319 3747 329 3756 .

76 3778 115 3880 i

1175 365 1361 406 Quomodo
1382 367 1429 402 sit
1450 367 1600 404 materia
1622 370 1780 414 consilii,
1799 372 1850 407 ib.

1134 413 1309 450 castitatis
1330 421 1453 453 votum
1480 419 1694 456 militarium
1716 421 1904 466 ordinum,
1928 427 2059 468 praeter
2085 428 2168 463 ltal-

1175 467 1326 521 tensem,
1347 475 1420 501 non
1443 471 1496 503 est
1517 469 1688 512 solemne,
1714 480 1781 506 nec
1805 474 1946 508 dirimit
1967 477 2170 519 praecedens

1175 517 1447 569 matrimonium
1465 522 1595 560 ratum,
1615 524 1676 555 aut
1695 521 1856 557 futurum
1880 524 2040 568 impedit.
2059 526 2108 561 ib.

1132 561 1174 602 ln
1196 564 1415 618 quibusdam
1430 575 1514 601 vero
1530 570 1719 614 participat
1740 573 2017 618 solemnitatem,
2037 575 2087 610 ib.

1175 612 1331 656 Simplex
1353 615 1521 650 castitatis
1539 624 1660 653 votum
1675 622 1772 663 quod
1792 623 1831 656 in
1848 624 2020 659 societate
2036 627 2168 661 emitti-

1174 666 1243 703 tur,
1265 668 1440 706 quantum
1463 669 1684 712 extendatur,
1701 675 1735 705 et
1752 676 1870 707 utrum
1890 674 1928 708 iu
1944 683 2000 717 eo,
2017 677 2171 712 durante

1175 717 1267 749 statu
1287 716 1485 759 religionis,
1506 719 1630 753 saltem
1645 729 1667 753 a
1680 722 1850 758 Pontifice
1866 724 2067 766 dispensari
2085 735 2171 770 pos-

1176 764 1234 806 sit,
1250 768 1292 798 tr.
1317 769 1368 806 10,
1390 767 1414 801 l.
1438 770 1472 807 4,
1493 776 1524 802 c.
1549 772 1579 803 1.

1175 815 1388 858 Huiusmodi
1407 821 1530 853 votum
1553 828 1575 853 a
1595 820 1777 864 principio
1796 822 1978 858 societatis
1993 825 2173 869 impedie-

1175 864 1236 898 bat
1258 866 1426 907 quidem,
1459 877 1534 902 non
1556 872 1677 904 tamen
1705 870 1869 907 irritabat
1898 875 2173 911 matrimonium

1176 915 1413 957 subsequens,
1437 917 1486 952 ih.

1176 965 1224 1006 De
1248 965 1339 999 sacto
1356 970 1475 1000 tamen
1493 968 1567 1010 =iam
1589 968 1679 1002 illud
1696 969 1823 1012 irritat,
1839 979 2098 1014 personamque
2114 973 2174 1008 in·-

1177 1014 1296 1048 habile
1314 1016 1432 1050 reddit
1444 1017 1490 1051 ad
1506 1020 1806 1063 contrahendum,
1826 1029 1869 1055 ex
1885 1021 2027 1058 decreto
2040 1023 2174 1067 Grego-

1177 1064 1221 1097 rii
1246 1066 1330 1104 xlll,
1358 1066 1408 1099 ib.

1177 1115 1287 1156 idque
1306 1116 1460 1153 maxime
1478 1117 1546 1150 fuit
1561 1118 1768 1160 expediens,
1785 1119 1834 1153 ib.

1177 1165 1229 1198 An
1254 1165 1454 1200 scholastici
1473 1167 1668 1207 societatis,
1692 1169 1752 1210 qui
1770 1169 1844 1210 Jam
1860 1172 1982 1203 votum
2005 1170 2177 1206 castitatis

1179 1214 1371 1248 emiserant
1388 1221 1470 1250 ante
1484 1218 1664 1251 decretum
1681 1218 1853 1260 Gregorii,
1872 1227 1935 1262 per
1951 1219 2039 1254 illud
2054 1221 2176 1255 decre-

1180 1267 1256 1296 tum
1279 1266 1503 1308 subsequens
1526 1268 1783 1310 redderentur,
1810 1272 1872 1304 aut
1900 1270 2000 1304 reddi
2030 1274 2177 1314 possent

1181 1313 1362 1348 inhabiles
1379 1317 1424 1349 ad
1442 1317 1727 1351 matrimonium.
1750 1318 1800 1351 ib.

1180 1365 1233 1399 Ad
1248 1367 1415 1400 castitatis
1431 1372 1553 1401 votum
1574 1369 1832 1411 perfectissime
1852 1369 2069 1406 servandum
2090 1370 2176 1415 qui-

1179 1414 1248 1449 bus
1266 1417 1396 1450 mediis
1415 1422 1534 1452 utatur
1551 1419 1717 1461 Societas,
1735 1428 1765 1454 c.
1785 1424 1815 1453 3.

1134 1464 1284 1499 castitas
1310 1467 1482 1509 perfectio
1511 1478 1534 1503 a
1562 1470 1736 1505 societate
1766 1470 1905 1504 intenta
1931 1470 2097 1504 omnium
2124 1474 2179 1506 est

1180 1516 1347 1553 maxima,
1374 1517 1420 1551 ib.

1178 1565 1233 1599 Ad
1255 1566 1452 1600 castitatem
1470 1569 1684 1603 servandam
1706 1568 1828 1604 media
1846 1569 2177 1604 accommodatissi-

1181 1622 1254 1655 ma,
1276 1625 1368 1657 quae,
1395 1617 1444 1650 ib.

1181 1664 1367 1699 Peccatum
1394 1670 1518 1700 contra
1539 1666 1735 1701 castitatem
1763 1675 1870 1710 opere
1890 1671 2180 1702 consummatum

1182 1723 1256 1749 non
1276 1721 1441 1751 censetur
1468 1721 1608 1753 tantum
1631 1719 1778 1762 coplua,
1799 1719 1861 1753 sed
1884 1719 1990 1752 etiam
2014 1719 2177 1762 pollutio,

1182 1768 1224 1800 tr.
1251 1770 1280 1806 8,
1306 1767 1328 1800 l.
1347 1771 1378 1807 2,
1398 1777 1428 1801 c.
1447 1771 1498 1801 18.

1182 1815 1247 1850 Ubi
1280 1822 1479 1852 reservatur
1507 1817 1695 1860 quodlibet
1716 1821 1901 1860 peccatum
1923 1821 2109 1851 externum
2140 1818 2180 1851 in

1180 1866 1247 1900 hac
1259 1868 1417 1905 materia,
1429 1868 1566 1902 etiamsi
1583 1876 1655 1901 non
1665 1868 1711 1902 s'it
1718 1871 2003 1901 consummatum
2015 1872 2108 1909 1qua!
2121 1877 2181 1901 re-

1180 1918 1334 1951 servatio
1352 1918 1511 1951 daturin
1535 1918 1741 1957 socictate),
1774 1918 1969 1959 requiritur
1993 1921 2028 1950 et
2053 1917 2183 1950 suflicit

1183 1967 1228 2000 ad
1252 1968 1530 2001 reservationem
1550 1968 1818 2006 incurrendam,
1835 1971 1875 2000 ut
1896 1968 2000 2000 detur
2014 1975 2105 2009 opus
2118 1976 2182 2000 ex-

1184 2019 1340 2057 ternum,
1358 2017 1456 2059 quod
1472 2026 1514 2050 ex
1527 2025 1564 2050 se
1579 2017 1625 2051 sit
1641 2017 1790 2050 mortale
1803 2027 1811 2058 ς
1825 2020 1865 2050 ut
1878 2021 1971 2051 sunt.
1985 2018 2083 2051 verbi
2098 2026 2182 2059 gra—

1184 2066 1245 2105 tia,
1270 2071 1383 2101 tactus
1415 2067 1607 2110 impudici,
1633 2070 1724 2108 etc.;
1745 2068 1774 2101 si
1798 2075 1881 2101 vero
1904 2068 1995 2101 actio
2023 2067 2098 2109 ipsa
2119 2076 2183 2101 ex-

1185 2118 1288 2151 terna
1314 2118 1412 2151 dese
1439 2117 1487 2150 sit
1516 2117 1616 2157 levis,
1645 2117 1811 2160 quamvis
1833 2120 1931 2150 actus
1949 2117 2113 2152 internus
2137 2117 2182 2152 sit

1186 2166 1337 2204 mortale
1358 2170 1557 2209 peccatum.
1572 2174 1647 2201 non
1660 2166 1731 2200 erit
1751 2170 1981 2208 reservatum,
1996 2167 2045 2201 ib.

1512 2277 1611 2304 “8118
1631 2277 1822 2303 nsnvffl.

1143 2365 1255 2401 Casus
1268 2365 1476 2399 reservandi
1493 2368 1698 2408 potestatem
1712 2365 1935 2400 ordinariam
1946 2367 2078 2400 habent
2089 2368 2184 2401 Prae-

1187 2415 1249 2450 lati
1273 2415 1491 2458 religionum
1507 2424 1592 2459 erga
1607 2424 1691 2450 suos
1703 2416 1866 2451 subditos
1880 2417 2077 2459 religiosos,
2092 2420 2136 2451 tr.
2150 2419 2184 2460 8,

1187 2464 1213 2500 l.
1237 2468 1270 2505 Ξ.
1293 2473 1325 2500 c.
1349 2468 1402 2498 18.

1185 2515 1284 2551 Hanc
1301 2524 1386 2550 vero
1406 2518 1612 2559 potestatem
1641 2516 1809 2550 limitavit
1830 2517 1993 2551 Clemens
2014 2517 2104 2551 Vin.
2135 2519 2186 2554 ita

1185 2569 1227 2601 ut
1238 2566 1410 2600 undecim
1428 2570 1567 2600 tantum
1582 2574 1684 2600 casus
1700 2566 1836 2608 possint
1849 2566 2034 2607 reservari,
2059 2561 2114 2602 id.

1186 2617 1425 2659 assignantur
1445 2620 1482 2651 et
1501 2617 1727 2659 explicantur
1748 2616 1910 2660 praedicti
1937 2615 2109 2651 undecim
2123 2623 2186 2651 ca·

1189 2674 1262 2705 sus,
1284 2668 1331 2700 ib.

1187 2715 1333 2751 Peccata
1347 2715 1505 2749 venialia
1520 2715 1693 2751 reservari
1711 2714 1855 2756 proprie
1869 2720 1942 2747 non
1958 2715 2117 2756 possunt,
2134 2712 2184 2747 ib.

1189 2766 1336 2800 Peccata
1363 2766 1526 2802 mortalia
1551 2773 1648 2797 mere
1673 2763 1825 2803 interna,
1843 2763 1982 2797 etiamsi
2012 2771 2187 2797 reservari

1191 2819 1351 2858 possunt,
1366 2822 1410 2848 ex
1424 2822 1494 2848 usu
1518 2817 1639 2847 tamen
1667 2813 1833 2847 Ecclesiae
1850 2821 1923 2847 non
1947 2817 2187 2854 reservantur,

1191 2866 1241 2898 ib.

1190 2913 1426 2958 congregatio
1439 2939 1447 2952 ‚
1480 2920 1545 2947 seu
1568 2911 1773 2955 capitulum
1801 2911 1967 2954 generale
2002 2910 2189 2954 religionis

1191 2974 1257 3009 pro
1273 2968 1344 2999 tota
1367 2963 1558 3006 religione,
1575 2966 1613 2996 et
1633 2961 1853 3004 provinciale
1869 2970 1932 3004 pro
1947 2965 2018 2995 tota
2037 2962 2189 3004 provin-

1192 3016 1259 3055 cia,
1285 3022 1359 3048 non
1373 3014 1584 3056 prohibetur
1601 3022 1621 3046 a
1637 3012 1817 3046 Clemente
1840 3013 1924 3051 vui.
1940 3012 2059 3054 plures
2072 3020 2189 3053 casus,

1190 3073 1301 3108 quam
1335 3063 1523 3106 praedictos
1557 3062 1729 3098 undecim
1761 3070 1959 3102 reservare,
1980 3062 2042 3095 sed
2070 3061 2188 3094 solum

1190 3114 1328 3150 Praetati
1346 3113 1533 3156 religionis
1546 3121 1588 3146 ea
1605 3112 1848 3155 prohibitione
1869 3111 2090 3148 inhibentur,
2114 3109 2163 3142 ib.
2201 3123 2206 3158 .'

1192 3166 1269 3200 Non
1284 3164 1540 3208 poterittamen
1555 3162 1800 3206 congregatio,
1813 3171 1875 3196 seu
1887 3160 2085 3202 capitulum
2101 3167 2188 3201 pro-

1192 3214 1350 3251 vinciale
1370 3222 1473 3248 casus
1485 3213 1575 3247 alios
1595 3221 1789 3253 reservare,
1804 3212 1832 3246 si
1854 3211 1943 3245 forte
1964 3218 2027 3251 per
2039 3218 2103 3243 sua
2118 3212 2188 3242 sta-

1193 3269 1267 3303 tuta
1278 3265 1324 3298 ad
1331 3263 1469 3298 similes
1479 3266 1578 3297 actus
1590 3266 1797 3306 potestatem
1810 3269 1883 3295 non
1898 3259 2038 3299 habeat,
2050 3262 2091 3292 ut
2101 3266 2188 3292 con-
2200 3287 2205 3295 ⁴,

1191 3315 1304 3358 tingit
1325 3314 1363 3347 in
1386 3313 1572 3355 societate,
1588 3313 1638 3347 ib.

1194 3366 1320 3401 Utrum
1336 3364 1486 3405 Praelati‚
1504 3363 1587 3397 licet
1606 3361 1863 3405 prohibeantur
1877 3366 1898 3392 a
1922 3357 2101 3391 Clemente
2114 3353 2188 3387 viil

1193 3415 1318 3460 plures
1338 3422 1442 3448 casus
1464 3421 1658 3453 reservare,
1675 3409 1815 3453 possint
1836 3406 2077 3441 nihilominus
2098 3411 2187 3439 cen·

1194 3473 1301 3501 ouras
1323 3472 1516 3504 reservare,
1532 3463 1582 3496 ib.

1195 3517 1227 3552 A
1241 3514 1384 3549 casibus
1403 3512 1591 3548 reservatis
1609 3508 1794 3552 religiosos
1809 3507 1890 3550 jure
1912 3504 2098 3540 ordinario
2121 3501 2189 3536 ab·-

1193 3565 1336 3601 solvere
1356 3571 1465 3598 nemo
1488 3564 1602 3604 potest
1625 3563 1723 3593 extra
1737 3565 1839 3592 suam
1866 3555 2090 3598 religionem,
2115 3550 2186 3586 nisi

1195 3615 1483 3651 semesummus
1496 3610 1668 3646 Pontifex,
1690 3616 1720 3642 c.
1736 3611 1787 3641 49.
2087 3651 2094 3658 .
2124 3650 2132 3656 .
2177 3649 2186 3656 ·

1198 3668 1229 3701 A
1249 3666 1391 3699 casibus
1405 3661 1591 3698 reservatis
1607 3658 1742 3694 absolvi
1766 3664 1840 3691 non
1867 3656 2016 3698 possunt
2031 3651 2188 3694 religiosi

1195 3714 1244 3751 ab
1269 3713 1488 3753 habentibus
1512 3708 1804 3757 iurisdictionem
1837 3704 2036 3748 delegatam
2057 3710 2081 3738 a
2097 3702 2192 3745 Papa
