2352 3880
53 340 59 358 θ

59 359 68 382 ÷

197 336 318 376 turin
332 337 463 386 prima
481 336 595 378 Balla
619 327 792 375 Paulilll
808 348 817 374 :
842 337 1113 384 Deam-antes,

7 392 13 406 ¹
79 399 196 456 ,qaod
208 409 284 437 ‘non
300 398 428 437 solum
445 399 657 448 privatim,
675 398 742 437 sed
758 409 874 448 neque
888 398 1006 437 etiam
1017 409 1122 438 com-

7 490 14 492 -
44 451 60 486 -‘
84 461 266 507 ,maniter
275 460 433 510 possim
442 469 514 509 pro
532 457 748 499 Societatis
755 462 1039 499 sustentatione
1048 461 1119 498 aut

43 518 46 519 ⁷
90 531 183 571 usu,
209 522 263 561 ad
279 521 374 560 bona
389 521 526 571 aliqua
538 519 719 566 stabilia,
741 522 812 559 aut
838 521 892 559 ad
907 524 1119 570 proventus

91 594 159 624 sou
175 582 367 623 introitus
401 580 555 632 aliquos
574 581 649 632 jas
671 581 836 632 aliquod
857 581 970 621 civile
988 580 1118 634 acqui-

90 655 192 685 rere.
213 643 320 683 Idem
341 643 381 680 in
400 641 515 680 Bulla
535 645 666 692 prima
684 642 780 680 Julii
811 642 873 689 ΙΙΙ,
891 643 960 681 ubi
981 643 1117 682 decla-

90 705 194 746 ratio
210 705 387 751 additur,
401 703 549 754 partim
564 702 889 753 ampliationem,
908 709 1052 755 partim
1069 704 1118 742 li-

27 792 30 795 ·
89 765 343 806 mitatiouem
363 764 574 803 continens
592 776 602 811 3
622 777 713 802 cum
731 766 842 803 enim
864 766 1027 812 dicitur,
1045 761 1114 805 ne*-

90 838 168 878 que
186 826 401 877 professos.
419 838 550 877 neque
570 838 710 864 eorum
733 827 872 865 domos
887 833 957 865 aut
979 828 1113 866 Eccle-

90 889 188 927 siam
202 900 316 939 posse
332 887 479 926 habere
495 893 730 939 proventus,
750 889 944 937 redditus,
960 901 1113 940 posses-

88 951 234 997 siones,
257 955 325 988 aut
356 951 461 988 bona
496 951 671 998 stabilia,
694 952 904 1001 ampliatio
924 953 1114 1003 quaedam

89 1015 163 1060 est,
180 1011 245 1050 vel
266 1012 406 1050 saltem
426 1012 556 1062 major
570 1012 800 1062 explicatio.
816 1013 915 1051 Cum
934 1025 1030 1051 vero
1046 1013 1116 1051 ad-

89 1072 221 1112 ditur:
245 1074 396 1113 Proeter
413 1085 455 1112 ea
470 1086 556 1124 qaoe
567 1079 788 1124 opportuna
801 1078 915 1113 erunt
931 1075 986 1114 ad
999 1086 1116 1116 asum

86 1134 294 1188 propriam
324 1138 359 1175 et
388 1135 680 1183 habitationem,
699 1134 893 1173 limitatio
923 1137 1115 1187 quaedam

88 1199 163 1235 est.
183 1196 271 1235 Alia
293 1197 414 1235 etiam
428 1200 485 1234 est
505 1196 715 1234 diversitas
736 1197 936 1246 notanda3
962 1210 1054 1236 nam
1072 1199 1113 1237 in

86 1258 209 1309 priori
221 1259 331 1296 Bulla
345 1257 662 1308 subjiciebantur
675 1258 763 1297 haec
780 1259 923 1297 verba:
940 1259 1023 1300 Sed
1031 1262 1116 1300 sint

87 1321 256 1360 contenti
273 1332 385 1358 usum
403 1323 554 1359 tantam
575 1332 707 1359 reram
721 1321 800 1360 sibi
815 1322 1050 1362 donaturam
1065 1324 1118 1363 ad

86 1383 309 1422 necessaria
329 1381 405 1420 sibi
423 1383 684 1431 comparanda
703 1383 886 1432 recipere.
909 1385 1006 1431 Quae
1029 1397 1115 1423 ver-

84 1441 137 1482 ba
149 1444 282 1482 statim
297 1443 535 1481 excitabunt
557 1444 667 1482 illam
680 1446 959 1495 quaestionem,
973 1458 1025 1484 au
1043 1447 1115 1485 do-

84 1504 259 1544 minium
279 1506 421 1543 talium
440 1516 576 1543 rerum
595 1507 701 1555 apud
723 1507 960 1546 Societatem
978 1508 1114 1547 sii.Ad

85 1565 190 1606 hanc
207 1579 304 1615 ergo
317 1567 581 1617 quaestionem
599 1568 818 1607 tollendam
837 1569 954 1608 aliter
967 1570 1008 1608 in
1027 1582 1114 1622 pos-

86 1628 224 1668 teriori
244 1628 358 1666 Bulla
379 1629 447 1667 illa
469 1630 668 1680 proposita
689 1637 798 1678 sunt,
813 1631 980 1679 scilicet,
1002 1633 1117 1672 rebus

87 1690 164 1731 sibi,
195 1703 241 1731 eat
263 1691 454 1730 charitate
482 1692 641 1731 donatis
659 1693 713 1731 ad
738 1695 1001 1733 necessarium
1021 1697 1115 1733 vitoe

86 1763 201 1793 usum
234 1752 412 1792 contenti.
435 1754 572 1804 Itaque
598 1754 640 1791 in
664 1754 861 1793 Societate
891 1768 972 1794 non
994 1756 1116 1794 habet

86 1813 220 1854 locum
239 1814 307 1852 illa
322 1816 505 1866 quaestio,
525 1827 614 1865 quae
633 1815 681 1854 de
702 1817 897 1865 religione
912 1818 1115 1856 Minorum

85 1877 328 1914 controverti
347 1876 462 1915 solet.
484 1877 582 1914 Nam
604 1889 743 1914 revera
764 1878 908 1915 domus
937 1879 1115 1929 professa

84 1940 143 1977 est
162 1948 286 1987 capax
306 1937 477 1987 alicujus
497 1938 667 1975 dominii
686 1939 727 1976 in
748 1941 970 1988 communi,
993 1941 1114 1979 nimi-

83 2007 175 2038 rum
191 2010 330 2037 earum
352 2011 488 2036 rerum
504 1999 716 2037 mobilium
734 2013 824 2051 quae
845 2001 894 2038 ad
911 2002 1113 2040 actualem

84 2069 202 2098 usum
222 2059 356 2098 habet.
382 2061 428 2098 Et
445 2061 500 2098 ita
518 2073 704 2111 expresse
724 2062 973 2100 declaratum
994 2068 1052 2100 est
1071 2063 1114 2100 in

85 2119 125 2160 d.
153 2133 240 2172 cap.
264 2122 437 2160 secundo
455 2127 578 2161 sextae
602 2124 724 2174 partis
746 2124 1110 2172 Constitutionum,

86 2180 110 2234 ξ
133 2182 173 2230 5,
190 2182 250 2220 lit.
273 2183 317 2220 E.
343 2185 531 2234 [demque
555 2186 802 2224 censendum
831 2191 891 2223 est
912 2187 960 2224 de
982 2186 1114 2225 domi·

84 2241 155 2281 nio
174 2243 282 2282 illius
299 2246 354 2282 rei
373 2245 604 2293 immobilis,
625 2258 714 2297 quae
726 2247 856 2285 solum
878 2248 926 2285 ad
950 2248 1112 2287 habita-

91 2303 260 2348 tionem,
283 2306 345 2343 vel
366 2306 491 2345 alium
519 2308 753 2358 hujusmodi
787 2321 920 2357 usum,
941 2310 1112 2358 scilicet,

90 2364 140 2404 ad
168 2365 342 2416 aliquam
376 2370 664 2408 recreationem
702 2370 899 2420 religiosis
935 2383 1113 2410 necessa-

88 2426 194 2466 riam
223 2427 429 2477 inserviat,
451 2442 533 2467 non
563 2443 658 2468 vero
682 2431 729 2468 ad
756 2432 937 2470 redditus
965 2437 1005 2471 et
1025 2445 1114 2483 pro-

88 2492 249 2534 ventus,
260 2501 306 2527 ex
320 2490 465 2540 quibus
473 2491 651 2541 religiosi
662 2497 952 2532 sustententur.
968 2493 1116 2538 Quam-

87 2549 148 2589 vis
161 2555 298 2589 autem
321 2552 462 2589 horum
482 2552 681 2590 bonorum
693 2553 920 2591 dominium
938 2554 1115 2594 habeant

87 2610 276 2663 professae
294 2612 452 2658 domus,
472 2613 633 2663 plenam
648 2619 783 2652 autem
799 2615 1115 2655 administratio-

87 2684 181 2712 nem
214 2685 296 2711 non
333 2673 498 2722 habent,
514 2675 582 2712 sed
613 2677 655 2714 in
688 2677 906 2727 Praeposito
928 2678 1115 2717 Generali

88 2734 290 2787 praecipue
310 2736 472 2783 residet,
495 2741 660 2787 propter
688 2737 909 2788 perfectam
931 2740 1114 2779 subordi-

89 2796 294 2835 nationem
314 2802 354 2835 et
375 2798 678 2837 monarchicum
699 2802 898 2850 regimen,
920 2803 1026 2852 quod
1045 2803 1115 2841 So-

90 2856 210 2896 cietas
247 2858 471 2908 profitetur,
506 2864 545 2897 et
568 2860 659 2899 ideo
687 2867 932 2911 contractus,
965 2864 1033 2912 qui
1064 2864 1115 2903 de

90 2916 155 2957 his
170 2918 289 2958 rebus
307 2920 347 2957 in
372 2920 558 2959 domibus
574 2922 775 2972 professis,
794 2936 875 2962 non
893 2937 916 2962 a
939 2937 1114 2964 couven-

89 2982 150 3027 tu,
175 2992 251 3019 nec
274 2983 437 3021 nomine
459 2983 561 3033 ejus,
584 2985 652 3023 sed
672 2997 696 3023 a
712 2986 927 3036 Superiora
947 2988 1114 3027 nomine

91 3039 299 3080 Generalis
319 3043 435 3090 fiunt,
456 3045 576 3083 tertia
604 3050 718 3097 parte
749 3047 1110 3098 Constitutionum,

93 3111 180 3153 cap.
201 3104 240 3150 3,
263 3103 340 3155 §5.
365 3105 544 3144 Aliorum
562 3111 700 3146 autem
720 3109 952 3148 reddituum
972 3111 1034 3148 vel
1047 3110 1115 3149 bo-

93 3173 239 3201 norum
254 3166 538 3214 immobilium,
554 3174 697 3219 praeter
715 3183 761 3209 ea
777 3183 866 3221 quae
883 3171 989 3210 dicta
1001 3177 1110 3221 sunt,

93 3221 265 3274 incapax
303 3231 361 3263 est
391 3227 585 3277 professa.
609 3231 810 3279 Societas3
850 3234 957 3283 quod
990 3236 1112 3273 etiam

95 3283 190 3323 Pius
211 3284 246 3323 V
266 3289 305 3324 et
323 3285 536 3337 Gregorius
554 3290 641 3330 XlIl
660 3293 703 3331 in
723 3294 805 3332 suis
826 3294 950 3333 Bullis
969 3296 1115 3335 confir-

93 3350 273 3384 marunt.
298 3347 407 3385 Idem
423 3348 594 3389 liabetur
609 3358 720 3393 sexta
733 3360 844 3406 parte
856 3356 1114 3397 Constitutio-

93 3417 211 3456 num,
230 3419 267 3446 c.
297 3409 335 3454 2,
359 3408 382 3460 ἓ
402 3410 441 3458 2,
463 3409 532 3448 ubi
551 3414 723 3463 amplius
751 3416 813 3455 his
833 3417 964 3456 verbis
985 3419 1115 3458 decla-

95 3471 231 3508 ratur:
249 3470 303 3509 In
321 3471 580 3518 domibus,vel
595 3474 801 3524 Ecclesiis,
814 3479 881 3529 qui
900 3491 925 3520 a
943 3479 1118 3521 Societa-

96 3533 135 3569 τε
145 3530 199 3570 ad
210 3531 402 3571 auxilium
418 3534 644 3574 animarum
659 3538 930 3588 admittentur,
941 3542 1118 3582 redditas

97 3589 216 3640 nulli,
234 3603 301 3633 neo
317 3594 516 3636 sacristiae
537 3597 694 3649 quidem
713 3602 783 3640 aut
801 3601 964 3648 sabricoe
988 3603 1118 3654 appli-

19 3763 68 3880 ἡῦ-
35 3687 54 3711 ·-
37 3659 42 3667 ·

0 226 20 240 »-
191 233 207 258 4
426 180 519 243 car.
539 207 597 242 ix.
617 206 673 242 nu
691 179 962 253 ιἈυΡι-Ξιιτιρὶκ
981 206 1025 241 m
1044 199 1228 241 connum
1248 207 1448 244 nomnium
1469 211 1773 252 runi-assium,
1793 211 1884 248 erc.

11 266 214 388 ff
237 274 469 327 aliquorum
497 274 699 314 bonorum
728 275 1004 315 immobilium
1020 284 1033 326 ;
1062 274 1120 314 ita

2123 199 2204 252 ⁷45⁵

1175 277 1270 324 cati,
1289 277 1426 318 haberi
1437 281 1606 328 possint,
1618 282 1686 321 sed
1700 292 1819 333 neque
1831 279 1918 321 alla
1932 279 2020 322 alia
2028 282 2201 330 ratione,

1172 337 1232 379 ita
1248 343 1293 378 at
1311 350 1426 390 penes
1449 338 1688 380 Socirtatem
1706 343 1760 381 sit
1774 342 1859 382 utta
1886 354 2015 383 eorum
2047 343 2203 392 dispon-

1172 401 1290 439 satio.
1314 399 1362 438 Et
1382 399 1406 451 g
1429 401 1454 439 5
1485 400 1679 439 additur:
1705 403 1802 444 Non
1835 404 1962 444 solam
1994 405 2202 455 redditas,

1173 462 1241 501 sed
1250 473 1318 501 nec
1330 462 1593 512 possessiones
1611 462 1719 502 ullas
1737 464 1903 506 habeant
1921 466 1964 506 in
1982 466 2203 517 particula-

1172 522 1227 567 ri,
1246 533 1364 573 neque
1383 523 1427 560 in
1449 522 1642 561 communi
1675 524 1811 563 domus
1829 527 1888 564 vet
1910 528 2098 568 Ecclesiae
2127 527 2205 569 So-

1172 583 1341 631 cietatz's,
1361 587 1625 634 praeterquam
1643 585 1745 635 qaod
1772 586 1825 624 ad
1842 587 2122 630 kalaeitatz‘wnem
2143 589 2204 630 vel

1173 656 1289 684 usam
1303 646 1566 684 necessariam
1583 647 1639 704 qis
1658 647 1884 686 conveniens
1895 649 2037 695 faerit,
2057 657 2131 691 etc.
2154 653 2200 691 ln

1171 707 1368 746 Examine
1399 707 1537 753 etiam,
1560 718 1649 756 cap.
1674 706 1866 758 prim0,§
1893 709 1931 755 3,
1956 709 2200 762 declaratur,

1170 773 1448 818 paupertatem
1472 768 1680 806 Societatis
1702 767 1824 806 talem
1851 781 1951 817 esse,
1974 775 2018 809 at
2049 783 2116 811 nec
2145 786 2204 814 ve-

1168 830 1231 875 lit,
1250 842 1317 870 nec
1332 830 1459 882 possit
1472 830 1652 869 redd-‘tas
1675 829 1778 869 ullos
1806 831 1859 868 ad
1874 843 1986 870 suam
2006 836 2204 875 sustenta·

1169 893 1326 939 tionem,
1342 904 1460 943 neque
1480 893 1533 931 ad
1550 891 1710 942 quidvis
1730 891 1846 931 aliud
1862 892 2014 932 habere.

1222 956 1260 993 2.
1286 954 1410 1001 Quam
1437 953 1517 993 late
1530 953 1750 1002 pateatz'lla
1760 955 2005 1004 incapacitas
2020 968 2087 996 seu
2103 968 2203 1008 pazt-
2244 971 2249 973 “

1167 1020 1302 1068 pertas
1319 1017 1503 1054 bonorum
1524 1016 1566 1053 ia
1587 1015 1795 1063 communi,
1818 1017 1856 1054 et
1875 1018 2091 1057 catu—Ubi
2113 1031 2204 1070 par-

1171 1078 1295 1116 ticula
1320 1078 1402 1124 illa,
1424 1089 1491 1118 neo
1511 1077 1669 1128 quidvis
1685 1077 1810 1123 aliud,
1834 1078 1962 1128 posita
1981 1084 2040 1118 est
2059 1081 2110 1119 ad
2130 1093 2204 1121 ex-

1170 1139 1420 1191 plicandum,
1432 1140 1554 1177 etiam
1567 1138 1615 1176 ad
1628 1139 1839 1177 servitium
1854 1140 1916 1178 vel
1935 1152 2131 1192 expensas
2142 1155 2202 1183 sa-

1169 1202 1334 1250 cristiae,
1360 1201 1421 1240 vel
1449 1202 1633 1240 sacrificii
1654 1201 1798 1249 divini,
1822 1206 1868 1240 ut
1889 1215 1962 1254 pro
1984 1216 2202 1246 ornamen-

1168 1263 1234 1310 tis,
1257 1263 1306 1301 ad
1327 1267 1513 1313 sumptus
1532 1263 1626 1311 olei,
1642 1273 1757 1308 cerae,
1774 1263 1913 1307 tritici,
1928 1269 1998 1303 aut
2012 1266 2205 1307 vinicon-

1171 1325 1358 1363 sumendi
1380 1324 1422 1362 in
1442 1324 1575 1371 altari,
1598 1336 1681 1362 non
1703 1335 1818 1374 posse
1839 1324 2081 1366 Societatem
2109 1340 2202 1379 pro·

1169 1384 1316 1423 fessam
1345 1385 1496 1424 habere
1521 1385 1716 1432 reddituS,
1744 1386 1792 1424 ad
1818 1398 1918 1436 quos
1944 1387 2092 1427 babeat
2110 1402 2202 1440 pro-

1170 1448 1304 1499 prium
1322 1449 1405 1498 jus.
1438 1449 1486 1486 Et
1504 1447 1580 1485 hoc
1609 1449 1743 1498 ipsum
1777 1448 2050 1499 significatum
2073 1458 2129 1490 est
2158 1453 2203 1492 in

1170 1515 1280 1549 sexta
1294 1514 1406 1560 parte
1426 1511 1772 1548 Constitutionum
1788 1510 1830 1548 in
1847 1511 1978 1550 verbis
1993 1513 2071 1552 illis
2090 1528 2098 1551 :
2117 1514 2205 1557 Neo

1169 1573 1369 1612 sacristioe
1383 1573 1534 1622 quidem
1557 1576 1628 1611 aut
1648 1572 1816 1620 fabrica?
1843 1574 2050 1622 applicati.
2078 1575 2203 1614 Addi-

1169 1639 1236 1671 tur
1255 1637 1455 1683 praeterea
1473 1633 1514 1670 in
1535 1638 1677 1683 quarta
1697 1637 1810 1684 parte
1840 1634 2200 1686 Constitutiouum,

1168 1708 1203 1734 c.
1222 1697 1261 1743 2,
1275 1694 1346 1746 §4,
1363 1695 1406 1732 in
1421 1695 1608 1732 domibus
1628 1699 1668 1733 et
1686 1695 1870 1733 Ecclesiis
1888 1696 2098 1737 Societatis
2113 1712 2202 1750 pro-

1168 1757 1282 1796 fessae
1302 1769 1383 1795 non
1400 1769 1514 1808 posse
1531 1757 1693 1795 admitti
1710 1757 1978 1807 obligationes
1995 1760 2045 1798 ad
2063 1774 2202 1802 curam

1169 1818 1493 1866 animarum,vel
1509 1819 1559 1856 ad
1581 1819 1737 1868 aliquas
1757 1821 1895 1858 missas
1907 1820 2117 1872 dicendas,
2134 1837 2203 1875 per

1170 1880 1570 1932 quod‘excluduutur
1589 1881 1710 1919 etiam
1742 1892 1883 1919 omnes
1910 1882 2105 1931 redditus,
2130 1885 2203 1935 qui

1170 1954 1219 1980 ex
1239 1942 1525 1979 anniversariis
1545 1953 1615 1979 seu
1645 1942 1879 1992 capellaniis
1898 1955 2112 1993 provenire
2139 1958 2203 1985 so-

1169 2002 1267 2041 lent.
1290 2003 1438 2041 Verum
1466 2003 1541 2040 hoc
1567 2015 1784 2041 commune
1813 2008 1870 2042 est
1895 2005 1969 2042 toti
1989 2006 2198 2058 Societati,

1170 2066 1292 2104 etiam
1316 2066 1355 2103 in
1377 2065 1570 2115 collegiis
1593 2065 1784 2103 provenit
1801 2066 1909 2103 enini
1930 2079 1977 2104 ex
1994 2067 2062 2105 illa
2080 2082 2200 2117 gene-

1169 2127 1244 2166 rali
1259 2127 1490 2165 conditione
1505 2127 1752 2178 paupertatis
1767 2128 1990 2175 Societatis,
2008 2131 2113 2180 quod
2128 2143 2200 2183 pro

1171 2190 1318 2238 missis,
1342 2189 1404 2228 vel
1433 2189 1523 2227 aliis
1559 2189 1793 2228 ministeriis
1821 2191 2096 2241 spiritualibus
2120 2206 2200 2233 non

1169 2255 1299 2301 potest
1319 2251 1568 2301 stipendium
1595 2251 1659 2289 vel
1680 2251 1978 2302 eleemosynam
2000 2255 2196 2305 accipere.

1170 2312 1410 2363 Quanquam
1429 2325 1510 2351 non
1532 2313 1620 2351 ham
1641 2314 1725 2352 sola
1745 2314 1847 2352 ratio
1862 2314 1917 2352 ibi
1940 2315 2197 2366 interveniat,

1170 2375 1237 2412 sed
1251 2375 1374 2412 etiam
1388 2379 1432 2411 ut
1449 2375 1622 2425 operarii
1638 2373 1846 2413 Societatis
1863 2376 2051 2426 professae
2070 2379 2199 2428 magis

1169 2435 1344 2485 expediti
1366 2436 1446 2473 sint
1470 2437 1519 2474 ad
1549 2448 1621 2474 sua
1645 2437 1883 2485 ministeria,
1910 2442 1950 2476 et
1973 2439 2022 2476 ad
2044 2441 2199 2479 missio-

1170 2508 1240 2534 nes
1251 2496 1474 2543 obeundas,
1492 2497 1848 2548 quaudoinjuucta
1864 2499 2027 2538 suerint.
2047 2502 2094 2538 Et
2109 2502 2199 2540 ideo

1168 2557 1331 2595 additur
1351 2558 1407 2595 ibi
1423 2559 1463 2595 in
1478 2559 1765 2607 declaratione,
1784 2560 1907 2610 quod,
1922 2560 2015 2600 licet
2029 2562 2198 2613 collegia

1168 2619 1321 2670 possint
1341 2620 1545 2658 interdum
1574 2620 1730 2671 aliquas
1754 2621 2020 2671 obligationes
2040 2626 2197 2675 accipe-

1169 2691 1226 2725 re,
1249 2692 1338 2731 quae
1363 2693 1494 2731 neque
1521 2683 1753 2720 animarum
1784 2695 1920 2721 curam
1943 2686 2193 2736 contineant,

1168 2753 1243 2780 nec
1262 2743 1562 2781 distractionem
1583 2743 1768 2790 afferant,
1787 2757 1860 2782 nec
1882 2745 2050 2784 multam
2078 2759 2197 2787 occu-

1168 2805 1374 2854 pationem
1395 2811 1692 2856 repugnantem
1712 2806 1902 2845 Societati
1921 2819 1929 2845 :
1952 2808 2006 2846 In
2021 2809 2197 2850 domibus

1169 2872 1295 2905 aulem
1309 2869 1576 2918 profifssoram
1599 2868 1761 2915 (dicitur
1781 2867 1868 2918 ibi),
1892 2870 2046 2919 quando
2065 2883 2132 2911 nec
2147 2872 2197 2910 il-

1169 2926 1217 2965 loe
1236 2928 1415 2967 redditas
1435 2928 1536 2967 allos
1554 2928 1707 2976 habent,
1726 2941 1792 2969 nec
1819 2930 1898 2980 ipsi
1918 2930 2095 2971 stabilem
2124 2933 2198 2973 Iza-

1170 2987 1423 3038 bitationem,
1459 2990 1686 3041 hujumodi
1706 2991 1965 3042 obliqatz'ones
1994 3004 2072 3032 non
2105 2994 2197 3035 tole-

1167 3054 1327 3090 rantur.

1221 3113 1259 3151 3.
1292 3111 1359 3153 Ad
1379 3124 1478 3165 quas
1506 3115 1626 3154 etiam
1651 3126 1842 3165 personas
1867 3114 2068 3156 domorum
2088 3116 2199 3167 ipsa-

1167 3185 1257 3213 rum
1280 3186 1320 3213 se
1338 3176 1533 3214 extendat.
1552 3197 1605 3204 —
1630 3176 1686 3214 Ex
1708 3177 1854 3226 quibus
1883 3178 2073 3216 omuibus
2103 3191 2197 3216 cou-

1168 3240 1246 3274 stat
1264 3236 1465 3274 occlusam
1485 3237 1654 3274 omnino
1671 3250 1754 3276 esse
1769 3239 1877 3276 viam
1901 3239 2091 3277 Soc-letati
2110 3251 2197 3289 pro-

1168 3297 1282 3336 fessae
1315 3297 1491 3336 habendi
1525 3298 1707 3336 redditus
1735 3304 1864 3338 certos
1894 3305 1934 3338 et
1963 3300 2123 3338 stabiles
2144 3298 2192 3336 ad

1168 3371 1444 3410 quascumque
1462 3372 1658 3411 expensas
1672 3360 1748 3398 sibi
1769 3362 2026 3406 necessarias,
2048 3361 2129 3398 sive
2144 3358 2195 3398 ad

1170 3419 1365 3459 fabricam
1386 3422 1585 3470 Ecclesiae,
1605 3428 1675 3460 aut
1696 3422 1855 3470 domus,
1874 3423 1957 3460 sive
1976 3421 2024 3458 ad
2047 3432 2195 3470 expen-

1169 3493 1233 3521 sas
1254 3483 1434 3522 Ecclesiae
1449 3513 1459 3531 ,
1490 3496 1562 3522 seu
1597 3486 1802 3532 sacristiae,
1821 3484 1904 3521 sive
1925 3481 1974 3519 ad
1997 3486 2190 3521 sustenta-

1170 3545 1322 3584 tionem
1346 3550 1430 3584 tam
1461 3547 1747 3597 professorum,
1770 3555 1889 3594 quam
1914 3543 2098 3581 omnium
2130 3554 2196 3582 eo-

1170 3618 1265 3647 rum
1286 3607 1357 3659 qui
1380 3618 1448 3646 eos
1467 3607 1516 3646 ad
1518 3608 1689 3659 Juvant,
1718 3604 1782 3644 vel
1812 3604 1856 3642 in
1890 3603 2194 3656 temporalibus,

2035 19 2042 26 »
2084 0 2086 2 ’
2124 0 2352 63 arf
