2352 3880
181 276 286 321 1036

178 350 310 400 plant,
329 347 465 387 varios
490 351 689 387 tractatus
708 346 977 398 scripserunt,
998 347 1207 399 praecipue

177 409 428 458 Ber-nardus,
451 409 504 449 de
533 409 720 449 Interior-i
751 409 911 458 Domo,
944 412 987 448 et
1015 407 1059 448 in
1085 406 1206 447 Scala

177 469 472 519 claustralium,
490 473 585 517 etc.;
615 473 657 510 et
674 469 865 510 Richard.
887 469 939 510 de
960 469 1003 510 S.
1026 469 1204 518 Victore,

175 531 217 570 in
235 535 412 571 tractatu
432 531 483 571 de
513 531 753 571 Eruditione
771 531 951 571 hominis
978 529 1202 579 interioris,

174 596 216 632 et
231 593 335 632 libro
349 593 402 632 de
414 593 714 645 Praeparatione
727 593 780 632 ad
794 593 1203 644 contemplationem,

174 666 269 694 cum
289 655 395 703 aliis,
427 667 520 707 quae
553 655 596 694 in
630 656 763 706 prima
782 657 898 706 parte
916 666 1088 706 operum
1113 653 1207 704 ejus

172 716 398 763 habentur3
424 721 466 757 et
493 718 783 756 Bonaventura
811 716 890 765 (ut
925 716 968 754 in
1002 714 1207 766 principio

172 776 511 829 dixi)proprium
542 778 693 816 librum
724 777 885 827 scripsit
916 776 969 815 de
997 775 1204 814 exercitiis

171 839 467 890 spiritualibus,
484 843 525 878 et
538 839 663 878 alium
685 839 736 876 de
757 840 934 888 quatuor
954 836 1204 877 mentalibus

171 901 390 950 exercitiis,
406 905 559 952 praeter
578 900 696 950 plura
717 899 796 937 alia
827 899 1025 948 opuscula
1046 898 1098 937 de
1118 909 1204 936 me-

170 961 452 1010 ditationibus,
468 962 521 1000 de
535 961 703 1010 Septem
715 959 930 998 itineribus
946 959 1203 1008 aeternitatis,

170 1027 212 1063 et
229 1023 490 1063 Itinerarium
509 1021 675 1068 mentiz
699 1024 740 1059 et
759 1021 931 1067 similia;
956 1020 1204 1060 Laurentius

170 1084 295 1124 etiam
313 1083 571 1123 Justinianus
593 1082 723 1120 multa
743 1082 869 1120 habet
889 1082 1056 1133 egregia
1080 1093 1202 1133 opus-

169 1145 277 1193 cula,
299 1145 530 1196 praesertim
552 1144 623 1183 lib.
646 1144 698 1183 de
719 1144 810 1182 Vita
828 1143 1024 1190 solitaria,
1057 1143 1128 1181 ubi
1146 1143 1204 1183 de

169 1206 302 1245 modis
321 1206 482 1253 orandi,
505 1210 545 1245 et
563 1206 615 1244 de
636 1206 885 1245 discretione
907 1205 1141 1255 spirituum,
1161 1207 1204 1243 et

169 1267 412 1307 necessitate
434 1267 675 1307 mentalium
709 1266 998 1306 exercitiorum
1013 1295 1025 1314 ,
1047 1269 1087 1305 et
1107 1275 1201 1315 quae

168 1327 237 1367 illa
257 1329 393 1369 futura
415 1330 518 1378 sint,
552 1329 786 1380 specialiter
807 1328 995 1375 disserit,
1018 1339 1106 1377 cap.
1132 1327 1201 1377 15,

170 1390 221 1430 16
237 1395 276 1429 et
297 1393 361 1430 18.
381 1391 531 1429 Omitto
550 1391 644 1433 alia,
677 1401 768 1440 quaa
792 1390 962 1434 mosius,
982 1389 1201 1438 Taulerus,

168 1451 341 1498 Gerson‚
360 1456 400 1490 et
422 1452 640 1503 Dionysius
661 1452 973 1497 Carthusianus‚
994 1455 1034 1489 et
1051 1450 1121 1488 alii
1140 1450 1202 1488 in-

169 1517 231 1553 ter
249 1525 322 1551 sua
343 1525 469 1562 opera
489 1513 540 1552 de
558 1514 637 1551 hac
651 1513 824 1551 materia
842 1512 1108 1562 scripserunt.
1126 1509 1203 1558 Qui

169 1579 307 1614 tamen
338 1587 483 1613 omnes
513 1575 650 1625 potius
682 1573 938 1613 exhortando
975 1584 1101 1622 quam
1134 1572 1202 1610 in-

169 1636 365 1676 struendo
397 1636 641 1686 procedunt,
672 1639 711 1674 et
741 1636 835 1674 ideo
862 1634 995 1672 fusius
1020 1632 1205 1672 scribunt

169 1699 220 1739 de
253 1698 461 1741 laudibus,
499 1702 539 1737 et
571 1697 787 1736 effectibus
820 1695 1115 1740 meditationis,
1137 1693 1205 1733 vel

169 1759 554 1811 contemplationis;
585 1759 838 1810 peculiarem
863 1761 1002 1796 autem
1042 1756 1205 1795 metho-

169 1822 267 1861 dum
291 1821 436 1860 orandi
462 1833 547 1859 non
564 1821 619 1859 ita
647 1821 838 1859 distincte
858 1818 1040 1858 tradunt.
1058 1818 1105 1857 Β.
1128 1828 1205 1857 au-

168 1888 253 1923 tem
290 1884 473 1934 Ignatius
507 1882 758 1922 brevissimis
792 1881 950 1933 regulis
983 1891 1033 1920 ac
1065 1878 1206 1919 verbis

168 1945 402 1984 mirabilem
415 1945 524 1982 hanc
539 1944 854 1982 instructionem
871 1940 1201 1994 comprehendit,

169 2018 295 2057 quam
315 2009 507 2045 nontam
532 2016 583 2044 ex
604 2004 737 2051 libris,
763 2014 890 2054 quam
921 2013 973 2041 ex
1005 2001 1205 2040 unctione

167 2068 343 2119 Spiritus
374 2066 530 2114 Sancti,
557 2070 601 2105 et
630 2077 684 2106 ex
712 2074 867 2116 magna
885 2061 1144 2115 experientia
1160 2063 1205 2102 et

168 2142 249 2169 usu
271 2128 459 2167 hausisse
476 2127 655 2166 videtur.

220 2193 262 2232 3.
288 2190 496 2236 Probatio‚
519 2199 568 2229 eo:
595 2186 765 2228 ratione.
784 2184 988 2226 -Tertio
1007 2214 1019 2234 ,
1040 2184 1204 2225 ratione

167 2253 212 2293 id
231 2251 392 2292 ostendi
408 2252 559 2302 potest,
577 2249 676 2301 quia
697 2249 737 2287 in
757 2248 952 2288 omnibus
972 2246 1205 2286 actionibus

167 2315 266 2363 suis,
288 2318 373 2353 tam
395 2311 575 2351 externis
594 2321 721 2362 quam
740 2309 931 2357 internis,
950 2307 1109 2359 indiget
1124 2307 1206 2347 ho-

168 2389 238 2416 mo
257 2374 528 2415 instructione
547 2376 590 2411 et
623 2370 827 2418 doctrina,
847 2374 894 2409 ut
921 2380 995 2408 eas
1029 2371 1142 2408 recte
1163 2370 1207 2407 et

169 2438 322 2478 utiliter
339 2439 535 2488 praestare
556 2433 708 2485 possit;
731 2432 805 2472 sed
822 2432 911 2470 haec
940 2429 1127 2482 operatio
1142 2429 1207 2468 in-

168 2500 308 2547 terior,
330 2510 424 2550 quae
441 2495 629 2549 generali
656 2495 826 2535 nomine
856 2492 987 2532 oratio
1012 2490 1206 2531 mentalis

169 2560 413 2613 appellatur,
429 2562 490 2598 est
504 2569 591 2596 una
615 2569 665 2596 ex
684 2555 916 2607 praecipuis,
937 2566 988 2592 ac
1007 2552 1206 2592 difficilio-

168 2623 299 2671 ribus,
321 2626 363 2662 et
387 2618 619 2660 utilioribus
636 2629 730 2668 quae
757 2617 810 2657 ab
828 2616 997 2656 homine
1019 2613 1205 2654 exerceri

168 2687 368 2737 possunt3
396 2693 497 2733 ergo
506 2680 638 2720 multo
652 2679 788 2730 magis
806 2678 931 2717 homo
952 2676 1114 2729 indiget
1127 2675 1204 2715 ali-

168 2758 252 2798 qua
271 2743 544 2785 instructione
563 2745 605 2781 et
623 2740 866 2788 directione,
888 2743 934 2779 ut
953 2738 997 2778 in
1025 2750 1076 2777 ea
1090 2740 1207 2777 recte

168 2806 393 2859 procedere
424 2810 467 2844 et
495 2802 697 2855 proficere
732 2801 877 2853 possit.
911 2799 1205 2850 Complectifur

170 2867 282 2907 enim
306 2864 547 2918 hujusmodi
568 2875 672 2915 opus
700 2863 842 2914 plures
865 2865 907 2900 et
927 2861 1205 2899 nobilissimos

170 2931 288 2967 actus
302 2927 509 2966 humanos
528 2923 760 2964 intellectus
791 2933 859 2961 res
878 2925 1057 2960 aeternas
1075 2924 1117 2960 ct
1141 2919 1207 2960 di-

170 2988 287 3029 vinas
304 2986 537 3038 cogitantis,
561 2989 603 3024 et
614 2983 834 3024 voluntatis
852 2981 1095 3021 detestantis
1108 2991 1207 3032 pec-

170 3054 280 3099 cata,
298 3046 505 3099 diligentis
523 3047 669 3092 Deum,
698 3049 741 3084 et
762 3043 1008 3094 contemptis
1041 3047 1206 3093 tempo-

170 3111 328 3153 ralibus
346 3113 500 3149 aeterna
524 3105 811 3146 desiderantis.
833 3105 879 3144 In
904 3115 988 3155 quo
1011 3103 1206 3144 exercitio

171 3183 349 3224 magnus
365 3170 523 3210 fructus
537 3179 628 3207 esse
642 3170 792 3218 potest,
814 3165 848 3205 si
858 3169 971 3206 recte
984 3164 1080 3213 fiat3
1101 3163 1208 3203 mul-

171 3237 260 3275 tum
278 3244 378 3273 vero
391 3229 501 3270 taedii
519 3233 561 3269 et
576 3227 806 3276 otiositatis,
823 3226 1033 3266 autetiam
1046 3225 1207 3276 pericu-

171 3294 217 3344 li,
243 3294 279 3335 εἰ
313 3292 423 3333 male
450 3290 544 3338 fiat3
567 3300 666 3341 ergo
695 3287 851 3328 habere
881 3287 1064 3338 aliquam
1095 3285 1205 3325 viam

172 3355 343 3398 brevem
362 3352 610 3399 ordinatam,
631 3352 673 3389 et
690 3346 881 3388 varietati
898 3347 1116 3386 hominum
1133 3357 1205 3385 ac·

173 3415 492 3464 commodatam,
513 3415 556 3453 et
579 3409 858 3463 perfectorum
883 3408 1101 3447 hominum
1124 3418 1205 3446 usu

175 3482 217 3519 et
230 3474 486 3529 experientia
503 3473 734 3525 probatam,
754 3480 839 3509 non
854 3469 987 3520 potuit
1003 3481 1088 3508 non
1112 3480 1205 3508 esse

175 3538 440 3579 utilissimum
464 3545 569 3588 opus
592 3544 642 3573 ac
672 3532 797 3584 plane
830 3530 1029 3570 divinum.
1070 3531 1207 3582 Atque

176 3600 234 3641 ita
255 3600 453 3648 Societas,
478 3607 576 3638 cum
603 3594 658 3635 ad
673 3591 978 3647 procurandam
996 3591 1208 3642 propriam

177 3665 220 3702 et
238 3659 415 3702 aliorum
432 3656 731 3713 perfectionem
754 3655 901 3695 vocata
933 3651 986 3692 sit
999 3682 1010 3700 ,
1031 3663 1124 3704 quae
1152 3652 1209 3693 ab

518 280 597 315 un.
619 281 678 317 ix.
698 280 753 316 nr.
773 279 922 320 unnim.
945 278 1024 316 sim
1043 278 1299 320 memus,
1321 275 1470 319 omnus
1488 277 1546 314 An
1566 268 1844 324 mortificem.
1865 280 1959 321 m

1258 345 1445 385 oratione
1464 347 1507 385 et
1524 347 1917 396 communicatione
1931 358 2027 390 cum
2053 351 2140 394 Deo
2159 333 2287 396 (15²⁷,
2291 319 2314 356 ἦ

1256 417 1326 446 me
1362 404 1533 457 pendet,
1553 407 1810 458 peculiarem
1835 407 1947 449 hanc
1975 405 2286 482 methodum'
2247 395 2290 442 ἶ

1257 466 1430 506 modum
1442 467 1671 507 meditandi
1690 471 1731 508 et
1750 469 2107 522 oranditanquam
2123 487 2245 527 prae
2275 493 2282 512 s

1257 539 1351 566 rum
1370 527 1580 578 quoddam
1614 528 1774 568 donum
1803 539 1856 570 ac
1888 541 2043 571 munus
2070 534 2234 576 aDeo
2242 536 2262 569 Γ
2308 537 2309 542 ’

1257 593 1362 635 tum,
1373 593 1414 628 et
1425 589 1608 628 medium
1622 589 1955 630 efficacissimum
1970 591 2024 631 ad
2035 604 2158 634 suum
2165 579 2268 667 ῦιιξε·

1258 650 1625 700 consequendum,
1661 651 1868 693 aestimare
1914 651 2053 693 debet.
2100 654 2205 703 Qu..

1259 712 1372 750 enim
1392 712 1630 764 principalis
1659 716 1803 754 auctor
1825 714 2032 755 interioris
2057 710 2310 779 profectus

1258 777 1298 813 et
1319 773 1502 812 exercitii
1520 784 1602 823 quo
1616 773 1657 813 id
1671 774 1894 823 obtinetur,
1909 775 1960 815 sit
1976 775 2152 828 Spiritus
2165 779 2206 818 S
2229 796 2250 819 ι

1255 840 1335 881 tus,
1358 835 1624 874 nihilominus
1654 846 1707 875 ex
1726 840 1844 887 parte
1862 841 2003 876 nostra
2028 838 2216 889 plantare
2257 847 2294 890 :7³

1256 896 1392 947 rigare
1407 908 1579 935 necesse
1596 900 1673 945 est,
1691 901 1737 935 ut
1757 897 2061 938 incrementum
2077 898 2148 939 det
2166 900 2223 940 De
2256 908 2288 954 ³³>

1257 958 1389 1010 gratia
1405 959 1531 1004 enim,
1549 963 1590 999 et
1603 958 1849 998 illuminatio
1881 959 2035 1008 divina,
2052 972 2138 1000 non
2156 961 2245 1002 cxci
2255 955 2261 995 ’
2299 971 2302 975 ’

1255 1019 1316 1058 dit
1334 1018 1670 1070 cooperationem
1686 1022 1726 1058 et
1736 1020 2082 1072 praeparationem
2095 1021 2149 1061 ho
2162 1022 2206 1056 ιε’
2218 1040 2225 1058 ι

1255 1080 1329 1120 sed
1349 1081 1486 1132 potius
1506 1081 1617 1119 illam
1634 1082 1822 1132 requirit.
1844 1083 1897 1123 Ut
1915 1094 2014 1135 ergo
2033 1083 2159 1123 homo
2181 1094 2272 1153 qu·-

1255 1142 1296 1180 in
1313 1154 1358 1181 se
1374 1145 1436 1181 est
1454 1142 1593 1189 faciat,
1611 1142 1791 1182 consiliis
1822 1145 1864 1182 et
1892 1143 2046 1196 regulis
2065 1145 2202 1195 juvari
2231 1163 2262 1181 .-

1255 1207 1316 1242 tei
1319 1203 1360 1251 ιι
1378 1215 1471 1254 quae
1490 1207 1630 1242 tamen
1642 1215 1723 1242 non
1741 1215 1791 1243 ea
1810 1204 2038 1245 intentione
2056 1205 2224 1246 tradunt

1257 1268 1301 1302 ut
1317 1263 1530 1302 hominem
1555 1264 1699 1314 ligent,
1723 1265 1788 1305 vel
1810 1269 1853 1304 ut
1873 1266 2009 1317 legem
2030 1271 2187 1318 ponant
2205 1254 2314 1322 5Ρ“”ε

1255 1325 1352 1363 ritui
1371 1326 1534 1371 Sancto,
1554 1326 1776 1375 quominus
1802 1331 2036 1366 creaturam
2067 1339 2186 1367 suam
2206 1340 2263 1368 m·
2307 1332 2315 1371 ’,

1255 1390 1363 1435 veat,
1390 1391 1512 1437 prout
1528 1387 1718 1433 voluerit,
1745 1387 1818 1427 sed
1836 1389 1971 1427 solum
1987 1389 2196 1429 instruunt
2217 1390 2262 1428 h

1256 1448 1427 1493 minem,
1447 1452 1536 1486 tum
1556 1452 1601 1486 ut
1621 1449 1783 1499 operari
1809 1449 1995 1500 incipiat,
2017 1454 2058 1489 et
2085 1450 2277 1491 meditari
2290 1496 2293 1498 ,
2307 1484 2318 1517 4

1257 1521 1306 1548 ac
1327 1509 1574 1557 discurrere,
1596 1509 1764 1559 quando
1789 1521 1815 1548 a
1843 1510 1997 1561 Spiritu
2020 1512 2172 1551 Sancto
2198 1510 2307 1563 spzs

1258 1570 1416 1609 cialiter
1428 1582 1512 1608 non
1519 1576 1807 1620 praemovetur,
1818 1575 1907 1611 tum
1917 1576 1963 1611 ut
1971 1572 2144 1623 Spiritus
2155 1573 2290 1613 Sanc
2314 1611 2315 1622 ἶ

1258 1631 1483 1681 impulsum
1502 1631 1686 1682 recipere
1711 1637 1834 1683 aptus
1853 1633 1917 1680 sit,
1939 1644 2120 1684 eumque
2138 1635 2264 1674 sentir
2277 1648 2310 1683 v„

1259 1696 1301 1731 et
1314 1692 1433 1743 sequi
1453 1691 1601 1731 valeat.
1623 1693 1673 1732 Et
1694 1693 1772 1732 hoc
1785 1693 1922 1745 ipsum
1935 1693 1979 1733 in
1997 1694 2155 1734 eisdem
2177 1707 2250 1734 exe
2286 1694 2316 1710 ””

1257 1752 1363 1794 citiis
1392 1753 1759 1802 animadvertitur,
1794 1758 1841 1794 ut
1874 1767 1927 1794 ex
1957 1729 2315 1863 annotationih'ff
2343 1776 2344 1780 =

1258 1826 1351 1867 quae
1370 1815 1414 1854 in
1433 1815 1635 1866 principio
1655 1826 1802 1855 eorum
1816 1816 2052 1866 traduntur,
2068 1821 2110 1856 et
2122 1828 2174 1856 ex
2191 1827 2233 1855 m
2342 1821 2345 1851 3

1257 1876 1311 1916 tis
1339 1874 1431 1916 aliis
1451 1875 1552 1917 locis
1568 1887 1714 1916 eorum
1736 1881 1912 1918 constat.
1934 1878 1985 1918 Et
2009 1888 2063 1918 ex
2083 1877 2152 1917 his
2179 1866 2309 1929 patefit
2334 1912 2344 1918 ,,

1259 1937 1408 1978 solutio
1420 1937 1473 1977 ad
1483 1937 1663 1990 primam
1681 1938 1960 1991 objectionem
1973 1950 2150 1980 numero
2159 1937 2222 1995 pri
2225 1928 2315 2030 mog
2342 1952 2345 1996 ᾗ

1256 1998 1529 2052 propositam.
2323 2024 2326 2026 v
2338 2046 2343 2054 ,

1258 2095 1562 2138 Exeo-citiorum
1575 2097 1802 2138 methodum
1819 2099 1875 2138 ad
1883 2099 2003 2147 finem
2020 2099 2216 2141 inteutmn
2227 2036 2312 2198 μθ
2341 2102 2344 2130 f

1309 2157 1410 2201 lutis
1427 2158 1657 2202 animarum
1674 2169 1757 2200 esse
1774 2160 2238 2201 accommodatissimam.
2302 2196 2308 2216 ,

1311 2247 1354 2287 4.
1382 2244 1507 2289 Ratio
1527 2245 1734 2288 brevitatis
1754 2245 1875 2299 huius
1898 2244 2008 2288 libri.
2026 2269 2080 2278 —
2096 2246 2214 2289 Circa
2230 2259 2275 2288 εκ
2297 2229 2305 2266 ⁸·
2342 2232 2345 2246 ’

1257 2309 1444 2349 cundum
1463 2314 1663 2360 punctum
1691 2320 1867 2349 numero
1886 2310 2069 2350 secundo
2084 2311 2263 2362 positum
2289 2338 2303 2358 a
2335 2307 2346 2353 j·

1261 2370 1563 2410 advertendum
1597 2371 1798 2422 imprimis
1826 2375 1903 2419 est,
1937 2376 2122 2411 mentem
2147 2372 2248 2421 Igna
2265 2275 2325 2430 ἐξ

1258 2430 1387 2471 fuisse
1407 2430 1650 2471 brevissime
1672 2432 2028 2483 comprehendere
2048 2433 2185 2472 omnia
2203 2438 2311 2483 qur-1⁸¹
2339 2434 2343 2435 ⁷

1260 2492 1315 2532 ad
1348 2493 1604 2544 spiritualem
1631 2494 1948 2534 instructionem
1978 2498 2021 2534 et
2054 2490 2305 2541 interioren'j
2342 2500 2345 2510 “

1259 2554 1407 2594 animae
1428 2555 1605 2595 salutem
1624 2555 1857 2596 conducere
1869 2560 2058 2608 possunt,
2074 2560 2164 2596 tum
2177 2560 2222 2596 ut
2235 2555 2265 2595 f:
2310 2586 2313 2594 .

1260 2616 1379 2656 cilius
1399 2617 1554 2656 addisci
1575 2621 1618 2657 et
1642 2618 1825 2657 exerceri
1839 2622 2011 2669 possent
2029 2630 2040 2666 ς
2062 2622 2151 2660 ιιιιιι
2170 2617 2239 2658 eti.
2261 2626 2286 2650 ιι·
2299 2659 2308 2665 ,
2342 2662 2346 2673 Ι

1257 2682 1306 2717 ιιι
1331 2678 1572 2718 exercitium
1592 2678 1727 2729 ipsum
1748 2679 1916 2718 suavius
1949 2683 1991 2719 et
2010 2678 2260 2719 delectabili
2279 2693 2309 2728 ..1'
2343 2681 2345 2684 '

1257 2738 1392 2785 fieret,
1413 2743 1459 2778 ut
1477 2739 1614 2778 statim
1624 2739 1783 2778 dicetur
1797 2738 1843 2778 in
1859 2750 1978 2779 num.
1996 2742 2037 2789 7;
2063 2744 2153 2780 tum
2169 2739 2249 2780 etia
2261 2735 2306 2796 “053
2335 2743 2338 2745 “

1259 2799 1357 2851 quia
1368 2799 1455 2840 sola
1471 2800 1672 2851 principia
1683 2800 1897 2851 generalia
1909 2806 2084 2852 possunt
2100 2813 2192 2842 esse
2205 2812 2230 2841 o
2241 2818 2288 2840 ιιι,
2299 2812 2313 2850 ,χ
2342 2829 2345 2850 :

1257 2860 1382 2900 nibus
1417 2860 1669 2909 communia,
1692 2860 1914 2912 applicatio
1941 2864 2080 2902 autem
2101 2862 2144 2902 in
2167 2869 2313 2915 par

1257 2920 1388 2961 culari
1407 2932 1502 2960 cum
1517 2921 1668 2973 majori
1685 2922 1751 2962 vel
1768 2922 1918 2962 minori
1939 2923 2195 2972 extensione,
2219 2934 2243 2962 a
2255 2939 2273 2957 w
2288 2923 2294 2958 ’.

1258 2993 1356 3022 cum
1386 2981 1452 3021 his
1487 2982 1554 3021 vel
1582 2982 1664 3022 illis
1693 2983 2028 3034 circumstantiis,
2048 2985 2224 3036 relinqui
2252 2995 2287 3027 ὼ
2304 3007 2309 3018 ε
2342 2993 2345 3025 3

1259 3041 1490 3095 prudentiae
1502 3042 1724 3094 spiritualis
1739 3045 1927 3096 magistri
1946 3049 1987 3086 et
2017 3043 2306 3211 instructori&

1259 3114 1387 3156 quam
1408 3104 1451 3142 in
1469 3104 1570 3155 ipsis
1597 3104 1742 3156 primis
1769 3105 2051 3145 notationibus
2084 3105 2248 3146 exerciti

1259 3177 1353 3204 rum
1379 3165 1572 3216 supponit
1598 3177 1815 3216 nunquam
1831 3166 2067 3208 defuturam
2085 3167 2139 3216 ei,
2162 3165 2305 3220 qui

1261 3226 1545 3278 spiritualibus
1564 3227 1751 3267 exerceri
1762 3227 1921 3280 incipit,
1936 3229 2057 3281 juxta
2075 3227 2236 3269 consili

1259 3288 1460 3329 Bernardi
1486 3287 1540 3328 ad
1561 3287 1711 3329 fratres
1741 3289 1795 3330 de
1823 3294 1966 3331 monte
1998 3290 2088 3340 Dei,
2109 3291 2172 3331 col
2213 3306 2233 3325 u
2254 3303 2311 3342 ‘a‘
2343 3302 2345 3314 ·

1259 3351 1312 3390 46
1331 3362 1340 3389 :
1368 3350 1567 3399 Quamdiu
1576 3350 1776 3404 parvulus
1790 3363 1845 3400 es,
1863 3356 1901 3394 et
1915 3353 2031 3393 donec
2043 3351 2204 3404 plenius
2228 3368 2235 3384 κ
2343 3369 2345 3378 ·

1259 3411 1397 3452 discas
1420 3411 1599 3451 divinam
1622 3415 1797 3466 ooyztare
1815 3412 2089 3465 prceeeutiam,
2105 3410 2233 3464 poeda
2268 3413 2271 3418 ’
2286 3404 2314 3421 '

1260 3483 1354 3523 ‚aum
1368 3471 1439 3513 tibi
1452 3483 1629 3524 procura
1638 3490 1655 3520 ,-
1674 3472 1739 3512 cui
1761 3473 1898 3512 statim
1916 3472 2016 3512 dicit
2023 3461 2276 3522 cogitation'
2287 3461 2302 3526 ,ᾖ

1261 3544 1408 3572 omnes
1424 3543 1516 3572 esse
1527 3533 1788 3584 aperiendas.
1803 3534 1922 3582 Nam,
1938 3536 1982 3572 ut
1998 3532 2174 3583 ipsemet
2190 3541 2234 3571 sc

1260 3592 1335 3639 bit,
1359 3593 1433 3632 lib.
1446 3592 1500 3633 de
1533 3593 1685 3634 Ordine
1704 3594 1812 3642 vitae,
1837 3593 2017 3632 column.
2038 3593 2079 3640 ⁵1,
2098 3603 2183 3634 ma
2198 3610 2209 3615 w
2224 3612 2225 3615 =
2242 3608 2247 3617 ι

1261 3653 1384 3704 hujm
1401 3652 1497 3694 vita·
1516 3653 1708 3695 solatium
1724 3655 1866 3704 estat
1895 3652 2038 3695 Mbm
2059 3651 2128 3694 oui
2285 3660 2297 3683 ὃ
2343 3662 2344 3665 ’
