2352 3880
81 310 200 370 timo.
228 316 462 366 rationibus
490 318 690 379 utrinqne
704 318 824 366 facus
856 319 1114 364 satisfactum

81 454 84 458 '
134 443 199 491 18.
229 443 375 490 Prima
386 448 580 504 perfectio
595 447 645 490 de
660 446 831 489 consilio
854 443 899 487 in
930 439 1109 488 obedien-

77 505 144 552 do,
158 530 212 541 —
224 507 285 551 Ex
300 507 367 551 his
393 514 535 552 autem
548 508 728 563 intelligi
756 512 893 562 potest
918 509 1106 558 ulterius,

86 566 177 630 quae
196 576 238 612 et
256 564 387 624 qualis
405 567 595 609 voluntas
618 567 670 607 ad
695 563 986 618 perfectionem
1013 566 1113 605 obe-

83 629 248 674 dientiae
267 625 472 684 pertinere
490 623 665 668 dicatur.
685 628 788 667 Cum
810 627 923 666 enim
941 626 993 666 ad
1018 622 1112 666 obe-

83 694 248 735 dientioe
280 687 550 733 substantiam
586 688 759 729 sufficiat
793 688 983 728 voluntas
1018 697 1112 728 exe-

83 754 236 808 quendi
250 750 294 793 id
308 752 417 805 quod
431 747 680 803 praecipitur,
694 747 828 789 omnis
842 749 1025 798 affectus,
1040 743 1112 800 qui

81 817 189 857 ultra
199 813 307 856 hanc
322 813 574 854 voluntatem
589 811 824 860 adhibetur,
839 815 880 851 et
898 810 1054 851 confert
1067 810 1113 850 ut

82 889 185 929 opus
207 875 358 929 ipsum,
375 874 441 914 vel
460 870 698 922 studiosius,
716 872 785 913 vel
810 870 1039 925 promptius
1064 883 1113 911 ac

79 935 274 980 libentius
292 937 381 986 fiat,
403 936 456 976 ad
477 936 584 975 hanc
605 935 897 987 perfectionem
924 934 1114 973 obedien-

79 1000 149 1040 tiae
190 1000 383 1054 pertinet.
417 997 555 1038 Primo
590 1009 691 1049 ergo
723 1000 766 1037 et
797 992 1001 1048 praecipue
1033 995 1115 1035 huc

79 1062 234 1114 spectat
250 1060 323 1100 illa
346 1071 450 1113 pura
467 1064 509 1099 et
525 1058 712 1099 formalis
732 1057 908 1097 intentio
924 1054 1114 1096 ohedien-

79 1121 148 1163 tiae
172 1126 338 1176 propter
368 1121 562 1174 praecepti
591 1120 940 1167 observationem,
959 1122 1001 1158 et
1019 1129 1114 1171 pro—

79 1189 172 1238 pter
200 1180 452 1224 voluntatem
482 1181 710 1233 Superioris
744 1180 995 1232 implendam
1015 1210 1027 1229 ,
1046 1175 1114 1219 vel

80 1245 204 1286 altius
225 1250 389 1298 propter
407 1241 660 1284 voluntatem
681 1241 768 1291 Dei,
793 1255 883 1294 quae
905 1243 950 1282 in
977 1241 1047 1282 illa
1072 1241 1113 1282 et

80 1319 152 1360 per
168 1307 279 1347 illam
294 1306 533 1358 applicatur.
555 1306 640 1344 Hoc
659 1305 756 1343 satis
778 1307 888 1355 patet
907 1316 958 1343 ex
977 1303 1107 1353 dictis,

79 1369 265 1423 quiahoc
278 1369 399 1409 modo
416 1373 627 1408 exercetur
642 1366 875 1407 obedientia
888 1378 939 1406 ex
952 1367 1112 1407 influxu

79 1432 271 1472 altiorum
302 1431 519 1478 virtutum,
546 1432 637 1468 tum
671 1429 798 1468 etiam
836 1429 931 1480 quia
967 1432 1022 1468 sic
1053 1432 1115 1469 est

78 1491 310 1533 obedientia
325 1491 596 1531 universalior
612 1502 664 1530 ex
678 1491 720 1530 vi
736 1491 799 1530 sui
818 1489 977 1539 motivi,
999 1493 1039 1530 et
1055 1491 1113 1531 ita

78 1553 225 1595 melius
244 1554 422 1606 disponit
439 1553 653 1592 hominem
680 1552 732 1592 ad
761 1552 1035 1592 obediendum
1064 1553 1110 1592 in

78 1617 283 1665 omnibus,
307 1615 379 1655 ubi
399 1615 543 1655 similis
561 1614 665 1654 ratio
686 1614 904 1655 obediendi
933 1615 1111 1654 interve-

78 1679 200 1718 nerit.
231 1678 281 1718 Et
312 1678 419 1717 hanc
438 1677 731 1728 perfectionem
752 1677 891 1716 docuit
912 1676 1108 1725 Christus,

79 1748 176 1793 cum
203 1752 322 1779 orans
344 1740 396 1779 ad
414 1739 590 1785 Patrem,
611 1739 735 1777 dixit:
758 1739 857 1781 Non
872 1749 957 1779 mea
976 1739 1113 1779 volun-

78 1800 162 1850 tas,
191 1802 260 1841 sed
277 1805 348 1842 tua
372 1802 479 1851 siat,·
502 1804 542 1840 et
560 1801 708 1839 Joann.
732 1801 783 1849 4,
806 1799 945 1839 dicens
965 1811 975 1839 ε
996 1801 1115 1840 Meas

79 1862 188 1903 cibus
206 1867 280 1911 est,
299 1866 346 1902 ut
370 1863 523 1913 faciam
543 1862 782 1902 voluntatem
802 1861 888 1912 ejus
908 1861 977 1913 qai
1001 1861 1116 1902 misit

76 1934 151 1966 mc.
183 1923 380 1964 Eamdem
414 1922 704 1976 perfectionem
743 1923 954 1962 insinuare
985 1922 1116 1962 voluit

76 1986 328 2037 Augustinus
349 1997 485 2037 supra,
507 1996 680 2024 numero
699 1983 849 2037 primo,
883 1995 978 2024 cum
1009 1982 1114 2023 dixit

77 2047 353 2088 obedientiam
375 2047 523 2086 debere
545 2058 630 2086 esse
657 2046 834 2087 devotam
865 2045 952 2087 sine
981 2045 1114 2096 dediq-

77 2109 236 2151 nattone
251 2127 269 2158 ,·
286 2112 327 2149 et
341 2110 386 2149 B.
408 2108 612 2160 Ignatius,
645 2119 740 2148 cum
766 2109 807 2147 in
843 2118 918 2147 sua
942 2106 1114 2160 epistola

79 2171 197 2222 dixit,
220 2173 492 2225 imperfectam
526 2182 607 2211 esse
634 2168 893 2211 obedientiam
908 2200 920 2219 ,
948 2181 1036 2222 qaoe
1063 2171 1122 2212 ad·

81 2245 166 2275 eum
186 2235 356 2285 qradam
373 2244 451 2273 non
470 2229 662 2280 ascendit,
680 2233 751 2284 qui
769 2232 1011 2272 voluntatem
1032 2231 1114 2273 Su-

80 2294 254 2348 perioris
277 2306 393 2336 suam
418 2293 563 2345 efficit,
585 2297 622 2335 et
640 2303 729 2335 cum
748 2305 793 2334 ea
808 2292 868 2334 ita
888 2294 1111 2342 concordat,

83 2359 222 2397 utnon
240 2356 368 2397 solum
385 2356 431 2397 in
449 2357 594 2408 effectu
615 2356 789 2396 executio
815 2359 1024 2408 appareat,
1052 2367 1114 2396 ve-

82 2429 174 2459 rum
203 2419 323 2460 etiam
351 2418 397 2458 in
427 2420 580 2470 affectu
612 2416 824 2458 consensio.
856 2417 1038 2469 Denique
1063 2417 1112 2457 D.

82 2478 276 2530 Thomas,
295 2481 336 2520 2.
358 2479 399 2528 2,
420 2482 563 2531 quaest.
584 2478 807 2518 centesima
833 2481 992 2530 quarta,
1014 2477 1114 2519 arti-

81 2541 174 2582 culo
196 2542 332 2591 tertio,
356 2545 520 2593 propter
541 2540 619 2579 hoc
637 2538 816 2580 maxime
836 2539 1001 2592 praefert
1020 2540 1115 2580 obe-

80 2601 281 2644 dientiam
303 2602 394 2642 aliis
418 2601 639 2641 virtutibus
659 2600 899 2650 moralibus,
920 2601 1030 2653 quod
1045 2612 1115 2642 vo-

97 2662 282 2706 untatem
300 2664 509 2716 propriam
531 2663 680 2702 divinae
705 2661 871 2715 subJ'icit
896 2666 938 2703 et
968 2664 1117 2704 immo·

81 2723 163 2778 lat,
179 2728 299 2779 juxta
331 2725 577 2765 sententiam
601 2724 803 2777 Gregorii,
823 2725 877 2766 35
895 2724 1058 2778 Moral.,
1077 2737 1112 2765 c.

80 2786 257 2840 decimo,
280 2787 381 2827 alias
399 2785 657 2826 duodecimo.

137 2851 202 2892 19.
231 2849 415 2891 Secunda
433 2849 631 2900 perfectio.
650 2869 703 2877 -—
718 2846 922 2898 Secundo,
943 2847 994 2888 ad
1009 2847 1118 2890 hanc

83 2911 373 2966 perfectionem
401 2914 555 2963 spectat
568 2940 583 2960 ,
601 2913 648 2950 ut
662 2909 853 2949 voluntas
872 2911 924 2949 sit
940 2922 1027 2951 non
1055 2923 1117 2952 so-

83 2973 171 3014 lum
192 2972 373 3014 absolata
387 3002 401 3022 ,
424 2972 496 3012 sed
526 2970 652 3012 etiam
685 2972 858 3023 integra.
880 2969 1116 3015 Absolutam

85 3046 202 3096 poco,
222 3047 312 3086 quae
331 3038 392 3074 est
415 3034 558 3074 efficax
583 3032 636 3072 ad
665 3033 938 3085 operandum,
959 3037 1000 3074 et
1029 3035 1117 3076 haec

86 3109 172 3136 non
202 3095 336 3135 solum
359 3095 410 3135 de
438 3095 688 3148 perfectione
707 3098 797 3145 est,
826 3095 897 3136 sed
915 3095 1040 3136 etiam
1065 3096 1116 3138 de

90 3156 325 3197 necessitate
349 3154 605 3207 obedientiae,
625 3156 723 3209 quia
750 3155 839 3196 sine
858 3156 930 3197 illa
947 3170 1031 3198 non
1057 3163 1118 3200 est

89 3210 288 3273 executio.
316 3217 525 3269 Integram
553 3222 691 3259 autem
710 3218 886 3271 appell0,
909 3229 1004 3272 quae
1023 3222 1118 3262 nul·

91 3277 176 3321 lam
206 3277 355 3318 habeat
390 3275 645 3319 voluntatem
682 3285 983 3332 repugnantem
1003 3312 1017 3332 ,
1044 3294 1117 3323 seu

88 3330 454 3377 contradicentem,
475 3330 528 3373 acl
545 3345 671 3387 quam
693 3335 991 3388 perfectionem
1008 3348 1120 3388 spec-

88 3395 154 3434 tat
171 3394 283 3446 quod
301 3394 558 3446 Augustinus
575 3396 700 3437 citato
727 3397 819 3438 loco
839 3396 956 3447 dixit,
985 3396 1122 3438 volun-

91 3456 201 3496 taria
229 3454 314 3495 sine
337 3455 661 3502 contradictione,
683 3462 725 3498 et
742 3460 854 3511 quod
884 3459 988 3499 dixit
1005 3460 1120 3500 Basi-

90 3513 187 3567 lius,
206 3517 251 3557 in
269 3517 564 3558 Constitution.
579 3520 812 3570 monastic„
833 3534 867 3561 c.
884 3523 962 3562 20:
983 3520 1124 3562 Liben-

93 3579 240 3620 tissime
257 3584 294 3620 et
311 3577 615 3632 diligentissime
636 3580 863 3634 obtemperet
872 3596 889 3627 ;
908 3594 994 3622 non
1011 3584 1124 3625 enim

93 3639 364 3683 libentissime
379 3640 442 3692 fit,
457 3641 570 3695 quod
586 3653 674 3682 non
689 3642 814 3695 plena
828 3642 1043 3685 voluntate
1054 3645 1119 3686 fit.

387 253 486 298 car.
509 248 606 297 xiv.
630 250 690 296 ns
712 211 916 297 musitio
931 213 1222 294 'omnium-m
1242 250 1398 301 onom
1421 249 1767 304 mammonas,
1791 250 1891 297 mc.

1165 316 1236 364 Sic
1263 320 1390 363 etiam
1411 318 1460 363 Β.
1493 318 1695 376 ignatius,
1725 320 1806 377 31³·
1828 320 2201 375 constitutionum,

1165 396 1201 425 c.
1217 380 1256 434 1,
1275 378 1378 437 §23‚
1398 378 1608 436 integram
1621 382 1903 427 obedientiam
1913 385 2104 439 requirit,
2114 391 2207 426 non

1163 440 1301 486 solum
1317 442 1457 498 quoad
1487 442 1790 497 executionem,
1810 444 1883 488 sed
1913 448 2042 489 etiam
2065 444 2206 500 quoad

1163 502 1439 556 voluntatem,
1469 506 1511 546 et
1539 504 1824 548 omnimodam
1850 502 2201 556 conformitatem,

1164 570 1256 615 quae
1274 569 1417 603 revera
1431 573 1514 602 non
1535 563 1596 602 est
1612 562 1686 602 ubi
1705 560 1840 603 adhuc
1858 567 2092 615 perseverat
2109 570 2204 607 cond

1165 623 1317 664 trax-ins
1335 623 1517 674 affectus,
1535 634 1607 664 seu
1626 623 1892 664 desiderium.
1913 625 2052 666 Dices:
2070 626 2206 668 Chris-

1164 686 1232 726 tus
1266 685 1352 738 ipse
1380 684 1610 727 obediendo
1638 685 1818 725 habehat
1849 685 2029 736 aliquam
2054 696 2204 741 repug-

1167 749 1355 788 nantiam
1372 748 1653 796 voluntatum,
1671 749 1713 786 et
1740 746 1978 796 Gregorius,
1998 747 2050 787 35
2071 749 2205 813 Μοταις

1165 806 1286 860 llum,
1304 819 1392 862 cap.
1415 809 1590 858 decimo,
1605 809 1705 848 alias
1724 808 1790 856 13,
1812 804 1910 847 dicit
1926 819 1975 846 eo
1993 810 2204 860 perfectio—¹

1166 880 1255 912 rem
1289 881 1374 912 esse
1406 870 1700 920 obedientiam,
1726 882 1806 922 quo
1835 866 1974 909 minus
1999 867 2125 911 habet
2154 874 2205 914 de

1168 945 1257 983 suo,
1275 932 1318 973 id
1332 937 1408 982 est,
1425 933 1476 973 de
1492 930 1656 985 proprio
1676 931 1877 971 desiderio
1895 934 1935 971 et
1956 931 2120 979 affectu,
2135 944 2176 972 se

1166 995 1303 1048 potius
1330 996 1583 1036 contrarium
1614 994 1807 1034 affectum
1827 997 1869 1032 et
1886 993 2206 1049 repugnantiam

1166 1057 1310 1097 vincit.
1343 1056 1624 1109 Respondetur
1649 1057 1811 1095 varium
1832 1065 1918 1094 esse
1948 1066 2061 1106 posse
2084 1055 2206 1095 affec-¹

1165 1121 1257 1159 tum
1277 1120 1546 1168 contrarium,
1563 1118 1630 1158 vel
1645 1121 1948 1170 repugnantem
1962 1116 2101 1168 aliquo
2120 1128 2205 1157 mo-

1166 1179 1219 1222 do
1241 1184 1492 1223 ordinationi
1526 1181 1788 1222 obedientiae.
1820 1181 1933 1220 Unus
1962 1188 2046 1219 esse
2074 1182 2206 1231 potest

1167 1253 1305 1284 merus
1323 1245 1535 1294 naturalis,
1553 1244 1597 1283 id
1614 1246 1688 1290 est,
1707 1247 1863 1282 naturae
1882 1242 2007 1281 etiam
2026 1241 2132 1281 bene
2144 1242 2207 1281 in-

1167 1309 1319 1347 stitutae
1341 1312 1382 1346 et
1400 1308 1621 1348 moderatae
1650 1308 1946 1345 consentaneus
1964 1315 1976 1353 3
1998 1307 2039 1343 et
2056 1304 2125 1344 hie
2143 1304 2206 1343 af-

1166 1369 1296 1409 fectus
1316 1382 1389 1421 per
1408 1381 1449 1409 se
1466 1380 1551 1408 non
1567 1368 1686 1407 affert
1703 1365 2074 1418 imperfectionem,
2097 1362 2210 1406 unde'

1166 1429 1201 1470 si
1219 1443 1303 1471 non
1322 1430 1502 1470 retardet
1519 1442 1594 1470 nec
1612 1430 1775 1468 minuat
1792 1428 1998 1468 efficacem
2013 1423 2209 1468 aflectum

1165 1488 1402 1543 obediendi,
1425 1493 1531 1532 nihil
1551 1493 1676 1532 etiam
1696 1491 1851 1531 minuit
1877 1492 1926 1530 de
1958 1491 2209 1542 perfectione

1166 1555 1410 1596 obedientiae
1428 1567 1439 1605 3
1459 1559 1499 1595 et
1516 1556 1575 1594 ita
1595 1567 1637 1594 se
1654 1555 1778 1606 gessit
1803 1553 1988 1593 Christus
2010 1553 2209 1592 Dominus

1164 1619 1211 1658 in
1228 1619 1463 1659 obedientia
1482 1621 1626 1658 mortis
1644 1630 1727 1657 suae
1741 1647 1751 1664 ,
1772 1629 1870 1655 nam
1891 1615 2058 1655 affectus
2088 1620 2208 1655 natu-

1166 1680 1263 1720 ralis
1295 1680 1482 1731 fugiendi
1509 1684 1685 1719 mortem
1706 1709 1715 1726 ,
1742 1690 1864 1730 quem
1886 1678 1931 1717 in
1957 1688 1999 1717 se
2026 1673 2213 1727 admisit,²

1166 1740 1480 1781 honestissimus
1502 1746 1603 1790 erat,
1621 1740 1808 1791 nihilque
1827 1738 1947 1778 illum
1977 1750 2001 1778 a
2021 1743 2210 1791 prompta

1170 1803 1389 1843 obediendi
1403 1804 1616 1842 voluntate
1630 1801 1880 1841 retardabat.
1892 1799 1942 1841 Et
1959 1800 2104 1840 eodem
2121 1799 2212 1840 mo-'

1170 1864 1223 1904 do
1243 1869 1376 1917 potest
1400 1865 1577 1914 intelligi
1610 1863 1844 1914 Gregorius,
1867 1862 2054 1914 quamvis
2086 1862 2210 1902 etiam

1170 1927 1215 1966 in
1242 1927 1322 1966 alio
1346 1925 1469 1965 modo
1491 1925 1778 1977 repugnantiae
1814 1924 2018 1963 sententia
2037 1922 2125 1975 ejus
2151 1923 2211 1963 lo-

1170 1999 1263 2028 cum
1287 1987 1460 2036 habeat3
1483 1987 1564 2026 alio
1590 1983 1701 2025 enim
1727 1985 1849 2024 modo
1871 1988 2002 2037 potest
2024 1985 2116 2036 quis
2138 1985 2210 2024 ha-

1168 2049 1265 2090 bere
1300 2049 1494 2089 affectum
1525 2047 1780 2087 contrarium
1814 2047 1874 2086 rei
1908 2051 2122 2098 praeceptae
2161 2059 2212 2086 ex

1169 2111 1308 2163 aliqua
1326 2109 1634 2150 inordinatione
1652 2109 1718 2148 vel
1740 2112 1925 2156 naturae,
1947 2108 2013 2147 vel
2045 2120 2211 2148 consue-

1169 2173 1338 2219 tudinis,
1358 2176 1404 2212 ut
1418 2172 1582 2224 quando
1602 2172 1694 2223 quis
1712 2183 1760 2210 ex
1780 2170 1960 2221 impulsu
1976 2169 2212 2211 vehementi

1165 2237 1376 2288 appetitus
1410 2232 1596 2274 sensitivi
1623 2233 1737 2273 aliud
1771 2230 2034 2284 concupiscit,
2065 2233 2131 2272 vel
2161 2245 2213 2273 ex

1169 2297 1301 2337 nimio
1331 2309 1489 2346 amore,
1521 2309 1603 2349 quo
1636 2293 1806 2335 affectus
1838 2298 1898 2333 est
1934 2294 1985 2334 ad
2014 2307 2103 2334 rem
2139 2293 2214 2334 ali-²

1170 2371 1295 2412 quam
1312 2374 1323 2408 3
1345 2363 1386 2398 et
1405 2362 1505 2398 tunc
1526 2359 1574 2407 si,
1598 2370 1682 2397 non
1706 2357 1893 2397 obstante
1913 2356 1985 2395 illo
2006 2357 2212 2396 contrario

1169 2421 1350 2473 impulsu
1369 2426 1410 2461 et
1430 2420 1595 2468 affectu,
1619 2420 1743 2459 homo
1764 2422 1951 2471 prompte
1978 2423 2018 2459 et
2038 2419 2211 2458 efficaci-

1168 2487 1233 2522 ter
1250 2479 1388 2523 obedit
1400 2514 1412 2531 ,
1433 2483 1620 2535 quamvis
1638 2482 1710 2521 illa
1729 2481 1966 2520 obedientia
1997 2478 2053 2519 im
2059 2481 2211 2532 perfec-

1168 2544 1326 2583 tionem
1345 2544 1526 2596 aliquam
1543 2552 1761 2595 supponat,
1783 2542 1848 2581 vel
1868 2543 2211 2581 concomitantem

1169 2604 1334 2652 habeat,
1356 2605 1402 2644 in
1422 2604 1504 2644 alio
1526 2617 1676 2656 genere
1694 2603 1873 2652 virtutis,
1886 2603 1951 2642 vel
1965 2603 2150 2651 affectus,
2166 2604 2211 2643 in

1171 2678 1215 2708 se
1244 2665 1516 2706 nihilominus
1544 2665 1722 2718 perfecta
1749 2666 1850 2712 erit,
1881 2663 1966 2704 imo
1998 2665 2212 2705 interdum

1171 2730 1291 2782 quasi
1314 2741 1387 2781 per
1411 2727 1757 2781 antiparastasim,
1779 2727 1857 2766 erit
1883 2724 2128 2778 perfectior3
2154 2735 2211 2766 ta-

1171 2802 1269 2830 men
1286 2790 1397 2842 quia,
1419 2789 1664 2841 regulariter
1683 2801 1731 2828 ac
1751 2787 1965 2827 moraliter
1985 2786 2211 2840 loquendo,

1171 2851 1262 2892 fieri
1282 2864 1366 2892 non
1386 2855 1519 2904 potest
1537 2851 1640 2903 quin
1666 2849 1753 2889 haec
1776 2850 2053 2902 repugnantia
2071 2850 2215 2902 aliquo

1171 2913 1294 2954 modo
1331 2913 1511 2954 retardet
1540 2912 1797 2952 voluntatem
1829 2911 2048 2951 obediendi
2071 2941 2084 2961 ,
2118 2912 2214 2953 ideo

1171 2975 1412 3028 simpliciter
1438 2973 1520 3014 dici
1539 2978 1670 3026 potest
1690 2973 1926 3013 obedientia
1956 2973 2209 3024 imperfecta,

1171 3048 1265 3091 quae
1295 3037 1370 3077 hos
1402 3035 1527 3076 habet
1556 3036 1726 3075 aflectus
1745 3035 2035 3074 immoderatos
2062 3048 2211 3088 repug-

1171 3103 1332 3148 nantes,
1343 3102 1541 3150 tantoque
1555 3097 1635 3137 erit
1649 3096 1729 3148 maj
1736 3097 2064 3149 orimperfectio,
2080 3105 2214 3149 quan-v

1171 3162 1216 3201 to
1234 3160 1295 3200 illi
1314 3159 1482 3200 aflectus
1501 3158 1634 3210 magis
1650 3158 1875 3198 voluntarii
1897 3158 2068 3197 fuerint.

1225 3221 1293 3262 20.
1325 3221 1465 3263 Tertia
1480 3220 1691 3274 perfectio.
1706 3242 1760 3250 —
1775 3219 1881 3259 Hinc
1902 3221 2028 3258 etiam
2048 3219 2101 3259 ad
2119 3222 2213 3272 pera¹

1171 3281 1395 3323 sectionem
1415 3282 1660 3322 obedientiae
1681 3285 1865 3333 spectare
1885 3285 2031 3333 potest,
2060 3285 2105 3318 ut
2137 3280 2212 3318 ho-

1174 3347 1244 3376 mo
1264 3336 1317 3377 ad
1335 3349 1426 3377 rem
1443 3338 1594 3390 ipsam,
1617 3349 1711 3390 quae
1723 3339 1979 3392 praecipitur,
1994 3338 2217 3388 afficiatur,

1177 3399 1314 3451 quoad
1333 3398 1426 3440 fieri
1444 3400 1587 3452 possit.
1623 3400 1746 3451 Nam,
1767 3404 1814 3441 ut
1842 3401 1946 3440 dixit
1977 3402 2059 3440 Leo
2087 3401 2214 3452 Papa,

1176 3472 1367 3501 sermone
1379 3463 1405 3501 4
1424 3461 1475 3502 de
1493 3463 1515 3503 J
1520 3462 1677 3515 eJunio,
1698 3475 1778 3502 non
1799 3463 1857 3503 z'bz·
1874 3460 1976 3500 dura
1996 3462 2218 3503 necessitate

1175 3523 1359 3573 servitur,
1380 3523 1449 3564 ubi
1480 3523 1676 3577 diliqitur
1692 3523 1799 3577 quod
1818 3522 1996 3576 jubetur.
2030 3522 2082 3562 Et
2107 3523 2214 3563 ratio

1178 3588 1241 3624 est
1257 3585 1382 3635 clara,
1403 3586 1504 3638 quia
1519 3590 1620 3626 tunc
1638 3585 1823 3638 operatio
1842 3587 1903 3622 est
1915 3583 2048 3635 magis
2067 3583 2213 3624 volun-

1170 3646 1295 3695 teria,
1324 3648 1438 3699 quod
1459 3651 1616 3698 spectat
1634 3645 1687 3686 ad
1705 3644 2003 3692 perfectionem
2029 3645 2210 3690 virtutis».
2282 3643 2284 3646 ’
