2352 3880
272 2 284 23 ς
363 0 433 26 '⁶35
499 0 501 2 ·
597 15 600 18 ⁴
651 0 698 19 ⁸,-
794 0 829 18 ’.Ἰ

34 19 38 46 ἶ
133 23 139 28 “
704 16 733 46 ⁴!
850 41 855 44 ,

108 67 166 104 ι·
596 57 630 100 a
704 46 860 99 ιι

121 142 228 224 im

404 183 483 220 nm
503 181 548 219 x.
567 181 623 217 na
641 146 839 220 ammittit*
857 165 1106 254 socoevqis
1126 178 1183 216 m·
1201 163 1521 243 coassumpta
1537 139 1596 224 rs
1606 160 1990 244 assumptis.
2083 157 2088 166 “
2109 144 2218 229 4²1«

118 250 274 304 ligiosis
291 230 504 290 SocIetatis
528 230 882 294 constituuntur,'
869 255 920 288 m
926 255 1017 297 quo
1030 243 1146 287 diffe-
1178 234 1473 300 ffleviorffioe,
1498 244 1692 296 religiosa
1728 245 2036 290 „laum-,uon
2067 249 2140 295 ω.
2171 247 2177 265 2
2207 229 2246 258 ,ῳ

117 317 215 354 runt
231 324 256 352 a
274 309 429 362 regulis
447 308 692 360 specialium
714 307 958 351 officiorum,
980 305 1034 347 de
1052 306 1146 358 qui·

102 371 193 422 ,bus
214 372 366 419 statim,
389 370 484 410 licet
502 374 774 420 utrarumque
794 368 933 407 nullus
950 367 1147 437 Superirn,⁸

93 425 218 476 'infra
237 432 480 474 Generalem
508 436 652 471 auctor
671 442 763 470 esse
778 430 920 481 possit,
939 433 984 469 ut
1004 430 1046 468 in
1059 429 1146 481 pri-

112 507 179 534 ma
195 494 538 546 congregatione,
553 493 720 531 decreto
742 493 832 535 143
851 491 1043 530 habetur.
1063 490 1146 531 Sed

111 555 154 595 in
166 557 243 595 hoc
252 555 501 595 conveniunt
513 567 607 594 cum
615 553 768 604 regulis
778 553 1056 604 generalibus,
1070 564 1145 592 seu

95 620 98 623 '
112 617 338 656 summario
351 617 710 661 constitutionum,
725 615 823 666 quia
839 615 963 654 etiam
976 614 1078 655 illud
1091 614 1145 654 ad

111 689 256 718 omnes
273 679 474 730 pertinet3
490 678 687 718 tamenin
702 677 876 717 materia
892 678 999 718 circa
1009 687 1141 728 quam,

111 739 272 780 videtur
294 752 384 780 esse
419 739 657 786 diversitas;
697 750 795 778 nam
824 736 1144 777 constitutiones

110 800 323 842 hactenus.
341 802 556 841 insinuatae
581 802 689 841 circa
717 800 928 851 generalia
954 799 1143 850 quaedam

109 865 308 917 principia
322 864 581 916 perfectionis
594 867 827 910 versantur,
853 864 894 901 et
910 873 959 911 ea
975 862 1143 901 consilia

109 926 290 972 tradunt,
314 938 404 977 quae
426 925 699 965 substantiam
733 926 793 972 (ut
814 923 870 963 ita
905 923 1055 973 dicam)
1079 923 1144 963 in-

110 989 238 1027 ternae
268 990 308 1026 et
339 993 518 1027 externae
538 984 802 1036 perfectionis
835 984 1068 1036 attingunt3
1103 984 1144 1024 in

109 1049 263 1100 regulis
277 1052 415 1087 autem
437 1046 743 1094 communibus,
766 1057 856 1096 quae
876 1048 1054 1086 exterius
1067 1047 1144 1087 ob-

109 1109 311 1150 servanda
333 1111 442 1153 sunt,
461 1111 502 1147 et
522 1107 575 1146 ad
594 1107 826 1146 communis
845 1107 936 1146 vita»
955 1108 1143 1147 ordinem

109 1177 151 1213 et
171 1171 486 1210 convenientem
517 1170 828 1221 dispositionem
847 1171 1070 1222 pertinent,
1099 1170 1141 1210 in

107 1232 344 1286 particulari
363 1236 613 1272 statuuntur.

161 1295 225 1333 12.
257 1294 418 1333 Earum
438 1292 667 1334 distributio
686 1290 1057 1345 quadripartita.-
1074 1291 1142 1331 Vi·

106 1353 259 1396 dentur
270 1359 409 1395 autem
428 1354 471 1394 in
486 1358 668 1406 quatuor
684 1354 915 1405 praecipuas
929 1357 1068 1404 partes
1084 1352 1142 1393 di-

105 1416 204 1456 vidi.
237 1417 341 1455 Nam
368 1415 548 1468 primum
571 1415 814 1454 ordinantur
833 1426 882 1454 ea
911 1425 1002 1464 quae
1030 1426 1143 1465 spec-

107 1480 195 1518 tant
224 1476 277 1516 ad
297 1477 602 1516 observantiam
624 1476 898 1527 spiritualium
929 1477 1143 1515 exercitio·

106 1548 199 1578 rum
231 1542 272 1577 et
298 1538 425 1577 divini
445 1538 600 1584 cultus,
623 1548 714 1588 quae
735 1538 776 1577 in
810 1537 922 1577 omni
943 1538 1142 1588 religione

105 1599 285 1651 primum
315 1600 451 1638 locum
474 1599 626 1638 habere
656 1599 830 1645 debent,
854 1603 897 1639 et
916 1602 1143 1637 consonant

105 1660 184 1700 illis
204 1661 358 1707 reg-ulis
379 1672 471 1711 quae
492 1660 618 1699 tradit
637 1661 828 1708 Basilius,
847 1660 981 1711 regul.
1004 1662 1070 1708 37,
1092 1671 1144 1701 ex

105 1721 344 1763 fusioribus.
377 1721 534 1761 Deinde
555 1734 579 1760 a
610 1722 754 1772 regula
787 1723 826 1767 5,
848 1733 939 1772 quae
959 1720 1012 1759 ad
1034 1725 1146 1761 exte·

105 1785 257 1825 riorem
287 1784 535 1832 decentiam,
568 1785 902 1835 temperantiam,
925 1787 1144 1834 pauperta-

105 1849 215 1896 tem,
253 1846 547 1894 obedientiam,
579 1846 776 1884 unionem
810 1846 1068 1892 animorum,
1103 1847 1147 1885 et

107 1907 209 1946 alias
240 1908 456 1958 religiosas
486 1909 674 1955 virtutes,
699 1912 740 1947 et
766 1907 1037 1958 particulares
1061 1907 1143 1946 cir—

106 1969 376 2009 cumstantias
399 1970 506 2007 circa
529 1969 621 2006 illas
641 1969 941 2015 observandas,
964 1968 1145 2019 pruden-

105 2030 264 2070 tissime
279 2033 320 2069 et
333 2029 643 2069 accuratissime
661 2029 949 2080 disponuntur.
966 2031 1144 2068 Docetur

107 2091 219 2131 enim
254 2091 461 2140 quomodo
492 2090 795 2141 unusquisque,
817 2090 860 2130 in
882 2094 968 2129 toto
1000 2089 1143 2130 ordine

105 2151 214 2200 vitae,
232 2154 272 2191 et
288 2152 395 2191 circa
413 2151 613 2202 seipsum,
630 2156 671 2192 et
691 2152 798 2191 circa
827 2149 1086 2202 Superiores,
1103 2154 1143 2190 et

107 2213 214 2254 circa
235 2213 381 2254 fratres
407 2225 517 2259 suos,
545 2223 591 2251 se
624 2224 769 2263 gerere
788 2211 961 2260 debeat-3
984 2212 1146 2264 legatur

106 2272 242 2317 Basilii
270 2276 391 2325 epist.
421 2274 476 2314 ad
493 2274 766 2319 eanonicam
795 2272 851 2312 ibi
872 2273 980 2313 enim
1002 2272 1142 2312 multae

109 2346 160 2377 ex
179 2335 257 2374 illis
277 2335 431 2388 regulis
447 2335 723 2386 reperientur,
741 2334 948 2386 praecipue
966 2346 1051 2373 non
1079 2334 1142 2373 in-

109 2397 323 2449 grediendi
356 2397 590 2436 cubiculum
628 2395 811 2442 alterius,
844 2407 919 2435 nec
951 2407 996 2435 sc
1025 2396 1143 2447 inge-

108 2458 226 2500 rendi
245 2459 422 2498 aliorum
445 2458 587 2497 officiis
604 2457 670 2497 vel
689 2457 941 2505 ministeriis,
960 2458 1049 2497 sine
1067 2458 1143 2497 Su-

107 2520 283 2574 perioris
318 2520 601 2568 ordinatione3
641 2519 804 2569 legatur
836 2519 962 2558 etiam
998 2519 1142 2571 regula

110 2583 299 2635 ejusdem
320 2583 458 2623 Basilii
478 2583 544 2631 50,
567 2582 634 2629 52,
650 2583 718 2630 53,
736 2586 777 2622 et
795 2593 832 2622 c.
851 2584 920 2630 41,
935 2592 987 2622 ex
1011 2581 1144 2622 fusius

109 2643 342 2696 disputatis,
363 2643 435 2684 ubi
461 2644 632 2683 modum
663 2644 750 2682 fere
771 2642 963 2683 eumdem
992 2642 1145 2695 depen-

110 2705 237 2746 dendi
254 2706 297 2745 in
314 2705 508 2745 omnibus
523 2716 548 2744 a
566 2704 855 2755 Superioribus
874 2703 1011 2744 tradit.
1030 2704 1145 2744 Post-

112 2777 162 2808 ea
187 2779 301 2813 veto,
324 2778 348 2806 a
367 2767 513 2819 regula
531 2766 598 2812 36,
617 2766 836 2806 traduntur
853 2776 905 2806 ea
924 2777 1016 2817 quae
1037 2766 1144 2806 circa

111 2828 394 2880 proximorum
437 2827 795 2867 conversationem
837 2830 879 2866 et
917 2827 1144 2867 ministeria

113 2889 316 2929 servanda
345 2893 455 2938 sunt,
477 2893 519 2929 et
537 2889 676 2928 omnia
707 2888 759 2928 ad
779 2888 858 2928 hoc
882 2893 1140 2936 revocantur,

113 2953 161 2991 ut
191 2961 241 2989 ex
273 2949 483 2990 voluntate
515 2952 558 2990 et
587 2949 756 2989 arbitrio
782 2949 1063 3000 Superiorum,
1095 2960 1143 2990 ea

114 3014 275 3053 tantum
307 3010 475 3060 negotia
508 3010 800 3061 suscipiantur,
821 3020 914 3061 quae
947 3010 999 3050 ad
1029 3009 1145 3061 spiri-

114 3073 270 3116 tualem
309 3071 589 3123 proximorum
620 3072 800 3111 fructum
836 3075 878 3111 et
913 3070 1145 3111 aedificatio-

115 3146 227 3183 nem,
247 3133 334 3173 sine
351 3133 659 3184 perturbatione
676 3133 742 3172 vel
759 3132 1008 3172 detrimento
1027 3134 1146 3185 spiri-

116 3197 287 3236 tualium
305 3194 510 3234 bonorum
526 3194 738 3245 religionis
755 3195 937 3245 expediri
955 3198 1144 3244 possunt.

117 3256 271 3306 Quibus
299 3256 420 3295 etiam
447 3259 674 3294 consonant
701 3266 790 3304 qua·-
813 3255 936 3294 tradit
955 3254 1144 3304 Basilius,

116 3318 259 3370 regula
277 3319 352 3358 312
373 3322 413 3357 et
430 3318 521 3367 313,
539 3329 590 3356 ex
604 3316 883 3366 brevioribus;
900 3329 947 3356 ac
965 3317 1146 3368 denique

117 3390 143 3422 a
163 3379 306 3431 regula
332 3380 400 3428 43,
429 3379 480 3418 de
501 3378 625 3418 modo
656 3377 893 3430 egrediendi
923 3377 1045 3416 domo
1067 3377 1146 3417 dis-

116 3442 299 3495 ponitur,
319 3440 390 3480 uhi
410 3440 602 3492 religiosa
623 3440 810 3479 clausura
835 3438 877 3478 in
896 3451 970 3478 sua
990 3439 1146 3491 perfec-

117 3502 229 3544 tione
249 3503 367 3555 juxta
387 3502 514 3542 finem
531 3501 704 3541 instituti
723 3500 979 3541 observanda
999 3513 1146 3553 propo-

117 3565 245 3615 nitur,
262 3566 318 3607 Ut
334 3565 446 3606 enim
466 3564 567 3606 dixit
589 3565 789 3617 Basilius,
806 3563 952 3617 regula
971 3565 1045 3606 311
1059 3594 1074 3613 ‚
1095 3575 1148 3608 ex

1172 306 1331 360 posita
1350 309 1426 352 est,
1449 310 1494 345 ut
1512 317 1726 358 nunquam
1745 318 1798 347 ex
1815 304 2008 363 ceEQvet
2019 304 2190 363 ᾱοφο*
2161 307 2251 363 w,

1198 368 1369 421 ligiosus
1389 367 1642 427 egrediatur,
1674 369 1749 408 sed
1770 373 1814 408 ut
1843 380 1928 409 non
1945 365 2050 413 sino
2062 362 2223 433 Quieta,

1198 441 1276 470 nec
1303 441 1398 468 cum
1426 430 1608 480 periculo
1632 430 1792 478 morali,
1813 441 1892 470 nec
1922 431 2010 472 sine
2031 433 2228 475 facultate

1200 491 1381 539 Praelati3
1405 494 1446 531 et
1466 491 1555 531 haec
1574 492 1654 531 tria
1674 497 1770 531 sunt
1795 504 1888 543 quae
1906 492 1951 531 in
1977 493 2054 532 illis
2071 496 2259 550 regulis
2264 503 2267 512 ·

1199 553 1468 594 intenduntur
1486 565 1533 592 ac
1554 556 1852 605 praecaventur,
1874 566 1943 606 qu
1934 559 2072 593 autum
2091 556 2136 596 in
2155 568 2224 610 ge-

1199 615 1328 654 nerali
1369 608 1652 655 necessarium
1691 620 1780 662 est;

1201 677 1310 716 enim
1326 675 1480 727 regulis
1495 676 1546 717 de
1563 677 1870 726 Sacerdotibus,
1884 677 1918 718 si
1932 677 2032 728 quid
2052 677 2226 728 amplius

1198 739 1480 778 necessarium
1496 742 1573 787 est,
1587 751 1672 778 non
1688 739 1902 787 omittitur,
1917 742 1966 780 ut
1978 739 2225 783 videbimus.

1198 839 1258 879 Da
1270 836 1422 891 regulis
1437 838 1616 891 propriis
1641 838 1830 891 cujusque
1846 838 1975 886 officii
1995 835 2227 883 Societatis.

1253 919 1316 960 13.
1340 921 1485 961 Brevis
1505 921 1683 962 excursio
1699 929 1770 973 per
1785 919 1946 972 regri-(las
1959 919 2148 971 specim:
2164 926 2225 962 ou·
2274 900 2279 954 Ῐ
2306 907 2309 935 ⁷

1189 982 1336 1034 jusque
1354 981 1715 1035 officii.—Reqnla
1735 980 2066 1032 Super-iorum—
2080 979 2229 1023 Minis·
2270 986 2271 989 ’
2302 1004 2322 1018 ‹·

1197 1045 1271 1091 tri,
1296 1043 1586 1088 Consiiiiorum,
1606 1049 1642 1083 et
1659 1043 1946 1083 Admoiiitoris.
1966 1042 2226 1095 -Maffl‘stri
2272 1059 2293 1098 g
2307 1035 2322 1097 f}

1197 1107 1437 1146 noviciorum.
1454 1109 1489 1143 et
1508 1105 1695 1153 Praefecti
1710 1104 2227 1155 spiritualia-Procura-
2270 1126 2275 1154 ,·
2315 1130 2321 1156 ,ι

1200 1168 1312 1208 toris.
1327 1187 1380 1198 --
1400 1166 1758 1213 Scholasticorum,
1782 1165 2056 1213 Sacerdocum,
2079 1169 2157 1204 oto.
2173 1184 2232 1196 —··
2279 1167 2289 1213 ’Ἴ

1198 1228 1351 1268 Praeter
1365 1229 1438 1267 bas
1449 1239 1553 1278 ergo
1566 1228 1783 1278 generales
1798 1232 1838 1267 et
1851 1238 2091 1266 communes
2106 1237 2228 1276 regu·

1195 1289 1272 1334 las,
1294 1294 1388 1328 sunt
1408 1289 1451 1328 iu
1471 1289 1672 1329 Societate
1700 1301 1774 1340 pro
1801 1288 1972 1339 singulis
1992 1287 2229 1328 ministeriis
2272 1278 2276 1282 ’
2314 1291 2322 1339 ξ

1197 1362 1271 1391 seu
1289 1349 1447 1398 officiis,
1469 1351 1646 1402 propriae
1666 1360 1714 1390 ac
1739 1350 1969 1401 peculiares
1989 1350 2143 1400 regulae
2164 1348 2228 1390 di·
2286 1356 2293 1399 j
2315 1358 2317 1362 ⁴

1196 1418 1337 1465 gestae,
1366 1412 1477 1463 quod
1505 1423 1588 1451 non
1611 1423 1702 1451 esse
1721 1423 1891 1460 novum,
1920 1423 1972 1452 ex
1994 1412 2071 1449 illis
2094 1409 2231 1452 verbis
2288 1447 2289 1450 ,

1200 1474 1338 1514 Basilii
1363 1474 1644 1523 intelligimus,
1668 1474 1709 1511 in
1730 1474 1861 1524 regul.
1885 1474 1977 1520 447,
2000 1484 2048 1512 ex
2071 1472 2229 1513 brevio·
2280 1491 2285 1523 g
2307 1470 2317 1501 ‚¹

1198 1536 1339 1575 ribus:
1378 1535 1655 1586 Unusquisque
1685 1535 1732 1573 iii
1763 1546 1920 1574 munere
1948 1546 2016 1575 sico
2051 1534 2229 1584 requiam

1195 1597 1404 1652 propriam
1435 1599 1645 1636 conseo-vet.
1670 1595 1812 1646 Neque
1836 1595 1878 1635 id
1910 1607 2130 1634 onerosum
2157 1597 2230 1635 aut
2287 1602 2302 1618 '¹

1198 1671 1323 1712 grave
1365 1659 1523 1698 censeri
1562 1657 1705 1704 debet,
1751 1658 1824 1697 sed
1862 1658 2144 1706 utilissimum,
2183 1660 2230 1699 ut

2307 1692 2318 1708 k

1201 1722 1486 1771 unusquisque
1520 1731 1673 1771 magna
1704 1718 1796 1758 luce
1819 1723 1857 1758 et
1876 1719 2058 1758 claritate
2088 1728 2230 1769 proce-
2298 1724 2305 1740 ¹

1200 1783 1286 1831 dat,
1306 1782 1489 1832 sciatque
1511 1781 1721 1831 quomodo
1750 1782 1910 1819 muneri
1929 1792 2004 1820 suo
2025 1779 2230 1821 satisface-

1199 1856 1245 1885 re
1273 1844 1437 1883 debeat.
1466 1842 1633 1894 Regulae
1656 1843 1778 1892 igitur
1797 1842 2003 1893 Praepositi
2025 1840 2231 1893 generalis

1200 1911 1295 1947 sunt
1312 1905 1630 1945 Constitutiones
1646 1904 1762 1954 ipsae,
1781 1908 1820 1942 et
1835 1908 1966 1943 totum
1981 1905 2228 1951 institutum,
2290 1887 2316 1955 J·

1198 1968 1377 2019 ideoque
1405 1976 1479 2017 pro
1505 1966 1573 2004 illo
1595 1965 1824 2017 peculiares
1852 1966 2005 2018 regulae
2030 1977 2116 2005 non
2148 1967 2231 2005 tra·

1199 2030 1375 2075 duntur;
1410 2028 1561 2067 dantur
1583 2038 1680 2068 vero
1705 2027 2040 2073 Provincialibus,
2072 2031 2112 2066 et
2142 2037 2231 2067 om·
2287 2031 2313 2075 ,ἐ

1195 2093 1321 2131 nibus
1344 2089 1608 2130 inferioribus
1638 2088 1834 2137 Praelatis,
1853 2089 1904 2129 de
1925 2089 2076 2140 quibus
2094 2088 2138 2128 in
2159 2099 2229 2129 su-

1197 2151 1429 2206 perioribus
1449 2151 1547 2190 satis
1568 2150 1721 2189 dictum
1744 2154 1829 2195 est;
1852 2153 1893 2189 et
1910 2151 2008 2202 quia
2028 2150 2083 2189 illi
2104 2150 2229 2190 etiam

1199 2214 1368 2254 consilio
1395 2217 1437 2251 et
1465 2211 1617 2251 auxilio
1639 2211 1838 2262 indigent,
1861 2215 1901 2251 et
1931 2211 2229 2260 admonitione,

1198 2287 1272 2326 pro
1296 2272 1479 2314 Ministro
1502 2274 1640 2320 etiam,
1667 2272 1990 2323 Consultoribus,
2016 2276 2057 2312 ct
2077 2271 2230 2312 Admo-
2275 2270 2301 2279 “’

1198 2337 1330 2377 nitore
1350 2333 1525 2387 propriae
1549 2335 1768 2373 traduntur
1785 2334 1962 2386 1·egulae;
1983 2345 2058 2387 pro
2079 2333 2230 2385 quibus

1198 2397 1329 2438 videri
1347 2401 1481 2450 potest
1508 2397 1650 2448 regula
1670 2398 1723 2436 48
1752 2401 1792 2437 et
1815 2398 1893 2444 54,
1915 2408 1967 2437 ex
1997 2396 2128 2434 fusius
2151 2395 2231 2437 dis-

1198 2459 1352 2512 putatis
1377 2470 1401 2497 a
1421 2458 1584 2497 Basilio.
1609 2459 1711 2497 Item
1738 2458 1890 2498 dantur
1915 2469 1991 2510 pro
2026 2456 2230 2510 Magistris

1200 2521 1462 2567 novitiorum,
1489 2523 1531 2560 et
1564 2519 1768 2559 Praefectis
1796 2519 2095 2570 spiritualibus,
2126 2529 2229 2572 quo-

1198 2591 1291 2622 rum
1311 2591 1465 2620 munus
1483 2591 1607 2631 quam
1644 2579 1695 2620 sit
1719 2591 1868 2631 grave,
1889 2585 1931 2619 et
1948 2580 2135 2631 religioni
2154 2589 2230 2620 ne·-

1202 2643 1439 2690 cessarium‚
1466 2642 1563 2681 satis
1593 2641 1788 2681 indicavit
1817 2641 2007 2688 BasiIIus,
2028 2651 2151 2680 serm.
2172 2639 2228 2681 de

1200 2704 1467 2745 Abdicatione
1488 2713 1644 2751 rerum,
1666 2703 1806 2743 dicens
1825 2714 1842 2742 τ
1865 2703 2034 2743 Summa
2055 2700 2228 2756 viyiiau-

1200 2767 1276 2815 tia,
1303 2767 1572 2817 acerrimeque
1608 2764 1733 2805 animi
1765 2764 2111 2814 circumspeccione
2140 2773 2231 2816 ope-

1199 2838 1289 2869 ram
1325 2829 1432 2875 dato,
1464 2829 1510 2866 iit
1550 2824 1722 2876 aliquem
1755 2824 1829 2864 tibi
1861 2824 1991 2864 virum
2027 2825 2226 2875 inveniar,

1198 2900 1308 2943 quem
1326 2889 1369 2927 in
1388 2886 1566 2927 omnibus
1578 2887 1756 2937 deinceps
1774 2885 1927 2927 delectae
1945 2885 2019 2926 tibi
2033 2888 2130 2926 viiie
2147 2890 2230 2928 sw-

1199 2950 1277 2991 dz'is
1310 2948 1574 2989 ceriissnnum
1608 2949 1740 2987 ducem
1773 2957 1950 2999 sequare,
1977 2947 2047 2998 qui
2077 2949 2228 2990 rectum

1198 3012 1277 3053 iter
1296 3010 1350 3051 ad
1367 3009 1493 3051 Deum
1510 3009 1725 3049 volentibus
1741 3019 1918 3060 peryere,
1933 3008 2036 3048 sciat
2054 3008 2231 3049 demons-

1199 3075 1335 3118 Μανᾶς
1353 3082 1399 3110 cu
1401 3071 1470 3122 jus
1489 3070 1659 3110 virtutes
1678 3074 1718 3109 et
1739 3070 2011 3121 proprietates
2030 3069 2226 3122 deinceps

1199 3133 1280 3173 late
1316 3132 1523 3171 describit.
1563 3132 1612 3171 Et
1648 3131 1837 3182 quamvis
1865 3131 1951 3171 haec
1985 3130 2144 3182 possint
2173 3128 2258 3172 ad,

1201 3194 1480 3245 Superiorem,
1501 3204 1573 3233 seu
1595 3194 1810 3233 Praelatum
1828 3192 2038 3242 religionis
2058 3191 2226 3245 adapta·

1200 3255 1258 3304 ri,
1282 3260 1422 3295 tamen
1449 3255 1654 3306 cumipse
1684 3266 1768 3293 non
1796 3266 1960 3305 semper
1993 3254 2120 3306 possit
2151 3263 2258 3308 per·

1200 3318 1381 3369 seipsum
1410 3316 1601 3357 omnibus
1632 3316 1863 3368 providere,
1887 3315 1991 3356 sicut
2019 3315 2062 3355 in
2094 3313 2230 3355 admi-
2254 3315 2259 3346 J

1198 3379 1440 3420 nistratione
1459 3389 1596 3418 rerum
1619 3377 1908 3430 temporalium
1935 3375 2130 3416 ministris
2146 3373 2226 3415 uti·
2252 3423 2254 3425 ι

1198 3444 1289 3490 tur,
1313 3442 1369 3481 ita
1402 3441 1447 3480 in
1470 3439 1741 3492 spiritualium
1775 3450 1915 3478 rerum
1935 3450 2032 3478 cura
2066 3431 2146 3476 illis
2161 3433 2248 3485 uti,

1198 3514 1369 3542 necesse
1387 3505 1463 3548 est,
1486 3513 1561 3553 pro
1588 3500 1750 3540 novitiis
1766 3499 1933 3552 quidem
1948 3497 2113 3552 proprio
2131 3494 2222 3536 illo-
2249 3502 2254 3515 ³

1197 3576 1292 3608 rum
1324 3563 1538 3617 Magistro,
1567 3574 1644 3616 pro
1677 3562 1768 3604 aliis
1791 3562 1882 3615 jam
1900 3555 2234 3620 provectioribus·

2117 3690 2126 3699 .
2187 3659 2227 3721 ‚l-

1823 616 1865 655 in
1913 616 2231 668 ρᾶιῐίοιιὶειτίὴηε
2267 633 2269 637 ’
2310 599 2311 602 ¹
