2352 3880
998 281 1136 322 'mnEx
1155 286 1309 324 RERUM.

150 357 204 390 An
216 354 324 388 addat
332 354 478 399 aliquod
486 353 672 389 vinculum
681 361 787 397 supra
796 351 1065 397 professionem.
1077 351 1128 387 ib.

109 403 196 439 Vota
212 404 414 447 personalia
434 404 684 447 religiosorum
700 403 776 438 tolli
796 406 945 446 possunt
964 411 986 437 a
999 402 1128 437 Praela·

149 453 197 488 tis
214 462 350 496 eorum,
365 462 439 489 non
460 454 509 489 ita
531 457 652 489 tamen
667 456 750 489 vota
767 457 889 494 status,
904 456 940 487 et
954 460 1036 496 quae
1057 452 1130 486 sint

149 508 232 538 vota
252 507 372 545 status,
388 505 411 538 l.
426 508 459 546 2,
472 512 503 538 c.
520 507 572 538 12.

112 547 231 593 ¹*ltrum
247 556 356 597 possit
369 555 535 588 Summus
547 552 709 587 Pontifex
722 555 845 587 votum
870 551 1017 594 aliquod
1038 548 1128 584 sub·

150 604 290 639 stantiae
318 604 504 647 religionis
532 611 713 637 annexum
740 602 892 643 irritare,
907 605 941 636 tr
981 604 1035 644 1⁰,
1054 599 1127 642 ιδ,

149 662 182 688 c.
200 658 236 689 2.

107 703 195 739 Vota
215 702 461 739 substantialia
486 702 672 745 religionis
692 702 872 746 quomodo
895 701 1054 744 obligent
1069 708 1128 736 re-

150 754 316 797 ligiosum
337 755 470 788 factum
485 754 712 796 Episcopum,
733 753 817 787 vide
835 752 1041 795 Episcopus.

106 802 184 838 Voti
209 804 365 847 religiosi
391 804 560 847 obligatio
590 807 643 837 est
670 803 810 838 diversa
837 802 882 836 ab
912 801 1132 845 obligatione

148 855 280 898 regulae
298 856 367 890 tale
378 859 501 890 votum
520 854 597 889 fieri
618 853 820 896 obligantis,
834 856 878 887 tr.
893 856 924 894 8,
940 852 964 887 1.
982 855 1016 895 2,
1029 860 1057 887 c.
1076 854 1127 887 12.

106 903 194 940 Vota
212 906 391 949 simplicia
405 905 586 940 sufficiunt
605 905 651 939 ad
665 913 789 939 verum
805 907 933 937 statum
962 907 997 936 et
1017 902 1129 937 tradi-

147 956 285 990 tionem
307 956 522 999 religiosam,
537 955 568 989 si
584 955 633 989 ita
648 957 875 997 acceptentur
890 954 935 987 ab
959 952 1125 994 Ecclesia,

148 1005 173 1040 l.
197 1009 229 1046 3,
244 1014 276 1042 c.
292 1008 324 1040 2.
336 1019 345 1027 ·

104 1055 234 1091 ¹Votum
256 1065 329 1100 quo
350 1057 482 1100 aliquis
510 1056 623 1091 tertiae
655 1062 818 1100 personae
836 1053 1024 1097 obligatur,
1053 1062 1128 1089 non

147 1107 366 1150 extinguitur
395 1115 459 1151 per
483 1106 754 1150 professionem,
782 1105 813 1141 si
833 1106 947 1139 tertiae
968 1112 1129 1148 personae

148 1158 368 1201 praejudicet,
388 1161 432 1192 tr.
447 1161 479 1201 9,
494 1158 517 1191 1.
533 1159 566 1200 2,
585 1165 617 1191 c.
631 1161 663 1191 6.

102 1207 194 1244 Vota
219 1209 409 1251 simplicia,
425 1217 488 1251 per
508 1215 589 1250 quae
606 1203 762 1249 religiosi
781 1204 963 1240 societatis
980 1205 1061 1239 Jcsu
1083 1205 1128 1239 fi·-

149 1259 226 1294 nito
256 1259 433 1293 novitatus
461 1258 610 1292 blennio
640 1257 805 1299 religioni
842 1256 1135 1301 incorporantur..

150 1317 223 1343 non
246 1309 464 1351 extinguitur
482 1316 524 1342 eo
545 1308 621 1350 ipso
640 1307 737 1349 quod
756 1305 828 1339 illis
850 1306 1064 1341 concedatur
1080 1307 1127 1340 li-

169 1359 267 1393 entia
300 1358 509 1393 transeundi
531 1358 577 1391 ad
607 1357 713 1391 aliam
750 1355 980 1398 religionem3
1010 1357 1128 1390 extin-

167 1414 302 1444 uentur
326 1413 445 1443 tamen
473 1417 537 1452 per
563 1406 847 1450 professionem,
876 1407 1021 1449 quando
1048 1415 1127 1442 eam

168 1460 343 1501 miserint,
360 1463 402 1493 tr.
418 1463 448 1499 8,
466 1458 489 1491 l.
507 1461 538 1500 3,
554 1466 583 1498 c,
601 1460 653 1491 12.

146 1518 220 1544 imo
248 1518 364 1552 neque
390 1517 453 1551 per
474 1508 733 1552 professionem
764 1507 1031 1550 extinguentur,
1056 1507 1126 1543 nisi

146 1562 304 1605 legitima
320 1561 468 1595 facultas
480 1569 501 1593 a
516 1559 766 1602 Superioribus
778 1559 961 1593 Societatis
977 1559 1028 1593 eis
1044 1569 1127 1594 con-

148 1614 292 1647 cedatur
314 1613 358 1646 ad
375 1611 480 1644 talem
502 1611 702 1650 transitum,
716 1611 739 1643 l.
757 1614 788 1652 2,
808 1618 839 1644 c.
855 1614 885 1645 6.

107 1662 188 1704 Quae
205 1666 367 1696 votorum
382 1661 549 1704 obligatio
566 1664 599 1694 et
620 1661 790 1703 perfectio
807 1659 958 1694 sufficiat
972 1660 1018 1695 ad
1039 1662 1128 1696 sub-

147 1713 313 1747 stantiam
327 1715 436 1746 status
458 1710 616 1754 religiosi
637 1711 935 1752 constituendam,
949 1715 992 1745 tr.
1008 1715 1040 1754 9,
1054 1712 1078 1745 l.
1092 1715 1125 1756 1,

147 1771 176 1798 c.
194 1767 226 1797 4.

105 1814 191 1848 Vota
210 1813 390 1855 castitatis,
406 1810 620 1856 paupertatis
642 1813 676 1844 et
698 1809 924 1853 obedientiae,
945 1820 1016 1854 qua
1030 1812 1126 1856 vigi-

146 1866 267 1907 lantia,
299 1866 415 1909 rigore
440 1869 474 1899 et
492 1864 710 1907 perfectione
737 1863 775 1897 in
802 1863 973 1898 societate
1002 1864 1126 1898 obser-

144 1920 285 1958 ventur,
299 1919 343 1950 tr.
359 1919 408 1955 10,
427 1915 451 1949 l.
467 1917 498 1956 1,
515 1922 546 1949 c.
564 1919 594 1948 3.

104 1965 189 2000 Vota
214 1974 293 2008 quae
319 1965 446 1999 novitii
472 1963 655 1998 societatis
681 1964 719 1996 in
750 1963 926 1998 novitiatu
948 1964 1125 2008 emittunt,

144 2020 318 2059 quantum
337 2015 508 2058 obligent,
535 2017 569 2047 et
587 2017 721 2056 quanta
739 2021 820 2046 cum
840 2013 1127 2050 consideratione

146 2067 218 2100 illis
237 2067 283 2100 sit
301 2066 418 2100 danda
433 2064 582 2098 facultas
604 2064 649 2097 ad
671 2072 712 2097 ea
734 2063 940 2105 emittenda,
958 2063 981 2097 l.
999 2067 1031 2104 2,
1047 2072 1077 2098 c.
1092 2067 1125 2100 ιἰ.

105 2115 189 2150 Vota
211 2115 389 2159 simplicia
411 2113 701 2148 scholasticorum
730 2112 913 2146 societatis
939 2122 1065 2148 verum
1092 2117 1128 2148 et

146 2166 331 2210 proprium
350 2167 479 2199 statum
492 2162 698 2206 religiosum
716 2162 947 2205 constituunt,
963 2162 987 2197 l.
1002 2167 1032 2204 3,
1048 2171 1078 2197 c.
1094 2166 1131 2200 3.

144 2217 263 2260 Neque
285 2216 322 2250 id
345 2215 467 2258 negari
488 2216 601 2257 potest
615 2213 693 2247 sine
713 2212 751 2245 in
766 2212 848 2253 fide,
863 2220 894 2247 c.
915 2213 947 2246 4.

144 2269 214 2302 Nec
229 2267 344 2301 solum
358 2265 477 2305 hodie,
492 2264 556 2299 sed
571 2271 710 2305 semper
724 2262 769 2296 ab
790 2262 894 2296 initio
908 2261 1126 2298 confirmatae

145 2317 328 2353 societatis
361 2324 486 2351 verum
522 2313 732 2356 religiosum
764 2314 893 2347 statum
931 2313 1126 2347 constitue-

143 2371 239 2408 runt,
255 2367 305 2402 ib.

143 2421 197 2454 An
219 2418 299 2452 talis
316 2419 427 2451 status
443 2423 509 2459 per
527 2417 610 2450 vota
622 2411 801 2456 simplicia
818 2412 993 2448 dicendus
1015 2413 1060 2447 sit
1078 2413 1126 2449 de

141 2470 222 2512 jure
244 2470 414 2509 humano,
430 2466 506 2500 sive
526 2463 724 2506 Pontificio,
744 2466 852 2498 status
867 2472 951 2498 vero
966 2472 1030 2507 per
1042 2470 1124 2499 vota

151 2520 310 2555 olemnia
323 2519 368 2553 de
383 2519 463 2561 jure
479 2517 618 2559 divino,
631 2514 680 2551 ita
693 2517 733 2550 ut
745 2515 899 2548 maxime
914 2515 953 2549 in
971 2516 1039 2549 hoc
1054 2516 1124 2550 dif-

143 2572 260 2605 ferant
282 2570 318 2603 hi
338 2573 459 2607 status,
475 2575 506 2602 c.
527 2571 558 2601 3.

140 2622 227 2656 Vota
243 2618 422 2663 simplicia
435 2617 726 2653 scholasticorum
742 2614 925 2650 societatis
940 2624 982 2650 ex
997 2616 1121 2660 dispo-

141 2671 271 2706 sitione
283 2669 463 2704 Pontificis
479 2668 621 2703 irritant
635 2666 892 2710 professionem
907 2666 947 2700 in
961 2668 1122 2710 qualibet

141 2722 212 2756 alia
240 2721 414 2764 religione
433 2719 597 2763 (exclusa
623 2716 824 2759 Carthasia)
848 2717 982 2760 absque
1003 2718 1119 2752 licen-

139 2771 190 2806 tia
202 2771 432 2814 superiorum
446 2769 629 2804 societatis
647 2771 767 2812 postea
781 2767 923 2809 factam,
937 2775 968 2803 c.
983 2770 1018 2804 4.

139 2823 194 2857 An
210 2821 316 2856 etiam
329 2821 465 2855 seclusa
477 2819 710 2863 dispositione
723 2818 915 2860 Pontificis,
932 2817 983 2852 ib.

140 2871 284 2906 Irritant
297 2870 403 2905 etiam
416 2871 637 2913 subsequens
651 2869 933 2911 matrimonium,
950 2868 974 2902 l.
993 2870 1024 2911 t,
1037 2875 1069 2904 c.
1084 2871 1117 2904 1.

140 2923 194 2958 An
213 2920 321 2955 etiam
339 2921 553 2956 antecedens
580 2919 851 2956 matrimonium
876 2922 992 2954 ratum
1007 2944 1016 2960 ,
1033 2919 1118 2954 vide

141 2970 417 3008 Matrimonium.

2102 285 2206 327 1207

1182 352 1356 393 Quaelibet
1370 352 1453 386 vota
1472 350 1512 385 in
1529 350 1663 386 saeculo
1680 350 1811 386 emissa
1830 350 2043 386 commutari
2056 356 2209 394 possunt

1224 402 1264 437 in
1285 402 1380 436 dicta
1396 405 1477 436 vota
1495 401 1675 445 simplicia
1695 401 1890 443 societatis,
1906 401 1930 436 l.
1953 405 1986 444 3,
2009 409 2041 437 c.
2058 403 2090 436 4.

1221 452 1265 487 Et
1281 452 1430 494 quidem
1448 455 1529 487 vota
1551 452 1859 494 incompossibilia
1879 459 1962 486 cum
1979 455 2073 486 statu
2090 454 2126 487 et
2139 459 2208 488 vo·

1220 501 1268 536 tis
1288 501 1513 544 simplicibus
1539 502 1723 536 societatis
1749 502 1788 536 in
1810 502 1941 537 saeculo
1966 502 2108 545 emissa,
2131 510 2207 538 non

1222 552 1339 586 solum
1361 554 1572 587 commutari
1593 556 1743 596 possunt
1761 553 1799 587 in
1822 553 1884 587 illa
1898 556 1991 595 vota,
2014 554 2078 587 sed
2098 554 2209 589 etiam

1222 609 1266 636 ex
1286 602 1322 637 vi
1346 603 1525 644 ingressus
1542 603 1579 636 in
1599 603 1806 637 Societatem
1828 604 2106 646 suspenduntur,
2125 604 2175 638 ib.

1220 654 1275 688 An
1298 651 1394 686 idem
1410 653 1605 692 dicendum
1626 653 1673 688 sit
1690 654 1734 688 de
1753 654 2076 697 compossibilibus‚
2093 655 2143 688 ib.

1220 703 1275 737 An
1288 706 1370 737 vota
1390 711 1455 746 per
1470 703 1606 737 dictum
1627 702 1827 746 ingressum
1845 703 1883 737 in
1906 704 2114 739 Societatem
2127 713 2207 738 sus-

1223 761 1335 796 pensa
1368 753 1596 795 reviviscant,
1619 751 1650 786 si
1683 753 1872 796 religiosus
1892 754 1938 788 ab
1958 762 2002 788 ea
2022 754 2205 796 ejiciatur,

1223 801 1277 836 ib

1182 851 1268 887 Vota
1286 852 1465 896 simplicia
1482 852 1774 888 scholasticorum
1792 853 1991 896 societatis,
2014 858 2055 891 ut
2073 863 2207 890 vovens

1223 904 1341 938 valide
1364 912 1427 947 per
1449 911 1491 938 ea
1513 903 1675 938 societati
1700 904 1958 947 incorporetur,
1987 908 2023 938 et
2039 906 2099 939 fiat
2119 906 2204 940 reli-

1223 953 1354 996 giosus,
1372 954 1485 988 emitti
1509 954 1640 988 debent
1661 954 1817 997 publice,
1841 961 1872 988 c.
1894 957 1928 988 7.

1220 1005 1263 1041 Et
1278 1013 1397 1039 coram
1413 1005 1534 1048 aliquo
1556 1006 1709 1040 habente
1731 1008 1938 1049 potestatem
1952 1005 2215 1049 incorporandi«

1223 1053 1261 1088 in
1285 1055 1468 1095 Societate,
1487 1055 1537 1089 ib.

1222 1105 1264 1138 Et
1281 1114 1402 1139 coram
1424 1106 1506 1140 aliis
1524 1105 1631 1140 etiam
1652 1109 1824 1148 tanquam
1851 1106 2020 1148 testibus,
2043 1106 2214 1150 quamvis-

1224 1155 1292 1189 hoc
1314 1164 1387 1190 non
1411 1156 1456 1190 sit
1478 1156 1522 1190 de
1545 1156 1755 1197 substantia,
1776 1164 1806 1190 c.
1827 1159 1858 1190 8.

1222 1205 1305 1244 Quae
1318 1205 1433 1240 forma
1453 1207 1652 1241 necessario
1666 1207 1840 1241 servanda
1855 1206 1893 1240 in
1908 1206 2113 1241 emittendis
2127 1206 2207 1242 dic-

1222 1255 1268 1289 tis
1285 1256 1388 1297 votis,
1410 1256 1459 1290 ib.

1221 1307 1276 1340 An
1294 1306 1409 1340 forma
1424 1316 1444 1341 a
1460 1307 1631 1341 societate
1642 1307 1849 1351 praescripta
1859 1308 1977 1351 quoad
1987 1316 2111 1342 omnes
2123 1316 2212 1352 par-¹

1222 1356 1350 1390 ticulas
1365 1357 1411 1391 sit
1429 1358 1683 1398 substantialis,
1705 1358 1753 1392 ib.

1221 1407 1384 1441 Defectus
1405 1408 1648 1443 substantialis
1677 1408 1715 1442 in
1743 1408 1935 1443 emissione
1955 1410 2082 1443 horum
2105 1413 2208 1445 voto-

1221 1466 1303 1491 rum
1318 1459 1477 1501 suppleri
1499 1462 1612 1502 potest
1628 1459 1671 1493 de
1685 1467 1861 1492 consensu
1875 1460 2076 1502 Superioris
2092 1460 2129 1493 in
2144 1471 2207 1503 pu-

1220 1506 1317 1542 blica
1336 1509 1567 1543 renovatione
1595 1512 1771 1550 votorum,
1802 1519 1909 1551 quam
1940 1514 2035 1544 sexto
2065 1519 2207 1553 quoque

1221 1566 1344 1592 mense
1374 1559 1512 1593 faciunt
1541 1559 1699 1602 religiosi
1728 1559 1910 1593 societatis
1935 1569 2008 1594 non
2031 1561 2207 1603 professi.

1222 1617 1339 1652 neque
1362 1609 1517 1651 formati,
1538 1610 1588 1644 ib.

1179 1658 1265 1693 vota
1287 1660 1465 1703 simplicia
1479 1659 1769 1695 scholasticorum
1783 1658 1964 1694 societatis
1977 1670 2023 1695 an
2040 1662 2208 1705 aliquan-

1222 1710 1268 1744 do
1291 1711 1429 1754 possint
1447 1720 1523 1745 esse
1549 1711 1648 1745 nulla
1664 1739 1672 1754 ,
1692 1715 1727 1745 et
1745 1712 1923 1754 quomodo
1942 1712 2092 1746 validari
2123 1723 2208 1756 pos-

1220 1759 1306 1802 sint,
1328 1761 1377 1795 ib.

1181 1809 1267 1844 Vota
1277 1810 1456 1854 simplicia
1464 1811 1758 1847 scholasticorum
1772 1810 1965 1853 societatis,
1983 1812 2114 1855 quibus
2128 1822 2209 1849 mo-

1222 1861 1279 1895 dis
1300 1862 1445 1897 dissolvi
1468 1862 1618 1906 possint,
1642 1871 1672 1897 c.
1691 1866 1722 1896 9.

1221 1911 1274 1945 Ab
1291 1913 1474 1955 Episcopis
1490 1916 1524 1947 et
1536 1912 1693 1947 Praelatis
1720 1912 1827 1946 etiam
1848 1911 2030 1947 societatis
2047 1917 2130 1948 sunt
2147 1915 2207 1948 in·-

1223 1961 1494 2006 dispensabilia,
1508 1966 1551 1996 tr.
1572 1966 1602 2002 8,
1626 1963 1651 1996 l.
1665 1967 1696 2004 2,
1712 1971 1743 1996 c.
1760 1965 1811 1996 12.

1222 2012 1325 2046 Solus
1338 2014 1431 2055 Papa
1446 2013 1486 2045 in
1508 2013 1561 2046 eis
1578 2016 1693 2055 potest
1709 2013 1930 2055 dispensare,
1950 2013 2042 2047 sicut
2056 2013 2095 2047 in
2118 2024 2208 2057 qua-

1220 2060 1309 2094 libet
1322 2062 1392 2095 alia
1411 2061 1644 2104 professione,
1659 2066 1704 2098 tr.
1728 2064 1779 2103 10,
1795 2062 1818 2095 l.
1842 2065 1873 2103 3,
1897 2071 1927 2095 c.
1952 2066 1983 2097 9.

1221 2111 1355 2145 Irritari
1371 2120 1456 2146 vero
1473 2115 1621 2154 possunt
1631 2113 1711 2153 jure
1726 2111 1910 2145 ordinario
1927 2121 1948 2145 a
1974 2113 2159 2154 Societate,
2172 2118 2208 2150 et

1221 2162 1299 2203 ejus
1317 2162 1507 2204 Praeposito
1529 2161 1707 2204 generali3
1725 2161 1769 2194 ab
1791 2160 1872 2194 aliis
1890 2170 1974 2195 vero
1991 2171 2064 2196 non
2079 2164 2148 2198 nisi
2163 2173 2207 2198 ex

1221 2212 1474 2246 commissione
1492 2212 1672 2246 Generalis
1687 2211 1742 2245 vel
1759 2211 1952 2251 Societatis,
1977 2212 2025 2246 ib.

1178 2260 1301 2295 Utrum
1319 2262 1357 2296 id
1371 2262 1484 2296 libere
1504 2266 1539 2297 et
1559 2262 1638 2296 sine
1656 2263 1749 2305 justa
1772 2270 1877 2296 causa
1894 2261 2012 2297 valide
2029 2262 2105 2297 fieri
2119 2273 2205 2308 pos-

1218 2312 1275 2353 sit,
1299 2312 1349 2346 ib.

1217 2362 1305 2397 Vide
1322 2362 1501 2397 Dimissio.

1176 2414 1262 2448 Vota
1281 2415 1461 2454 castitatis,
1485 2413 1703 2458 paupertatis
1724 2416 1759 2449 et
1775 2415 2000 2458 obedientiae,
2013 2417 2097 2452 vide
2115 2418 2200 2453 Cas-

1219 2465 1310 2503 titas,
1336 2466 1535 2508 Paupertas,
1555 2465 1775 2499 Obcdientia.

1176 2516 1367 2550 Promissio
1390 2526 1498 2559 quam
1521 2517 1719 2550 scholastici
1738 2517 1919 2551 societatis
1933 2517 2025 2552 ultra
2037 2519 2105 2552 tria
2120 2522 2202 2554 vota

1217 2567 1463 2601 substantialia
1476 2567 1625 2610 faciunt,
1637 2576 1683 2602 an
1696 2567 1742 2601 sit
1755 2572 1888 2610 votum,
1897 2571 1932 2601 ct
1943 2569 1989 2602 ad
2004 2569 2092 2611 quid
2105 2570 2200 2603 obli-

1216 2621 1283 2660 get.
1303 2617 1391 2652 Vide
1409 2617 1614 2652 Promissio.

1174 2667 1259 2702 Vota
1274 2676 1353 2710 quae
1368 2668 1518 2711 professi
1537 2668 1718 2702 societatis
1733 2672 1810 2712 post
1826 2669 2083 2712 professionem
2096 2680 2197 2704 suam

1215 2719 1391 2759 emittunt,
1416 2728 1524 2761 quam
1541 2719 1613 2752 sint
1631 2719 1892 2760 convenientia,
1909 2721 1932 2754 l.
1957 2723 1986 2761 b,
2004 2729 2033 2753 c.
2051 2724 2080 2753 5.

1173 2768 1254 2803 Haec
1274 2772 1355 2803 vota
1368 2777 1442 2803 non
1459 2772 1543 2803 sunt
1563 2769 1749 2811 solemnia,
1770 2771 1831 2804 sed
1846 2774 1982 2804 tantum
2005 2770 2201 2814 simplicia,'

1214 2818 1238 2852 l.
1263 2822 1294 2860 6,
1309 2827 1339 2852 c.
1361 2822 1412 2852 11
2204 2847 2207 2863 ἰ

1214 2869 1346 2902 Caetera
1359 2877 1424 2911 pro
1443 2869 1500 2902 his
1518 2868 1608 2903 votis
1628 2869 1665 2902 in
1686 2869 1904 2912 particulari,
1920 2869 2003 2905 vide
2021 2867 2206 2919 Dignitas,‚‘

1213 2918 1418 2962 Episcopus,
1443 2922 1477 2953 et
1496 2919 1688 2954 Professus.

1171 2966 1258 3004 Vota
1275 2968 1493 3025 religionum
1513 2968 1737 3012 militarium,
1751 2968 1836 3007 vide
1857 2969 2022 3006 Militares
2034 2969 2193 3007 ordines.

627 3648 856 3687 coemamus.
872 3669 909 3682 ι·
925 3658 1054 3707 ’ᾖροεικ
1070 3665 1190 3692 Anum·
1209 3664 1352 3693 PONSOT
1375 3666 1405 3694 et
1423 3667 1455 3695 P.
1475 3666 1668 3696 BRODARD.

1066 3839 1090 3868 Q
