2352 3880
134 347 262 388 habet
300 345 588 385 Bonaventura
619 341 664 382 111
695 341 895 394 Apologia
923 349 1167 397 pauperum,

134 409 213 449 art.
234 408 276 447 Ξ.
297 405 340 446 Si
358 407 497 445 autem
522 402 570 443 in
603 402 858 455 particulari,
884 407 1006 456 prout
1023 404 1070 444 in
1094 400 1168 444 So-

135 468 280 508 cietate
294 466 373 505 hoc
402 467 629 514 exercetur,
649 464 723 505 fiat
740 465 1006 517 comparatio,
1026 475 1090 506 res
1108 467 1169 505 est

133 527 351 569 manifesta
369 540 379 574 ;
401 526 500 578 qnia
531 525 737 579 imprimis
771 526 1024 576 observatur,
1057 524 1168 579 quod

131 590 180 630 D.
201 589 378 628 Thomas
395 587 570 637 monuit,
587 591 637 628 ut
661 599 744 639 res,
763 599 856 641 quae
873 587 1079 641 praecipue
1094 597 1166 629 ne-

132 651 314 691 cessariae
342 653 439 690 sunt
466 649 519 689 ad
553 649 709 690 victum
736 653 778 689 et
811 650 1166 698 sustentationem,

131 724 217 753 non
235 717 475 765 quaerantur
500 712 741 763 quotidiana
757 711 1076 761 mendicatione,
1096 710 1167 753 sed

131 775 323 827 congruis
350 774 604 827 temporibus
630 773 754 814 simul
796 776 1005 828 petantur,
1029 770 1165 826 quoad

130 836 222 878 fieri
256 837 398 889 possit,
425 837 467 876 et
500 839 805 877 conserventur.
840 834 1011 884 Deinde,
1030 831 1168 888 quoad

135 911 183 940 ea
201 910 293 952 quse
312 898 568 951 frequentius
586 897 760 951 petenda
772 901 884 947 sunt,
898 898 1019 949 pauci
1045 895 1167 937 desti-

133 964 302 1009 nantur,
323 960 435 1012 iique
464 963 560 1000 sunt
580 969 631 999 ex
661 958 744 1000 illis
774 959 848 1012 qui
885 958 1167 1012 spiritualibus

132 1021 371 1062 ministeriis
389 1021 586 1061 inservire
602 1031 687 1061 non
701 1023 889 1075 possunt,
905 1020 1057 1072 quique
1077 1030 1171 1072 pro-

132 1084 239 1125 batae
256 1084 421 1124 virtutis
439 1082 536 1132 sint,
555 1086 597 1122 et
623 1082 747 1122 simul
771 1093 820 1123 ac
850 1083 1035 1124 sociatim
1060 1082 1169 1122 ince-

133 1146 239 1187 dunt
251 1159 264 1195 ;
301 1149 424 1196 atque
455 1145 517 1185 ita
550 1144 740 1185 omnibus
773 1143 1044 1186 incommodis
1080 1143 1168 1183 sine

132 1218 286 1258 magna
305 1203 546 1246 difficultate
575 1205 829 1256 occurritur3
849 1216 943 1259 quae
962 1203 1102 1245 omnia
1123 1203 1168 1244 in

127 1268 286 1320 &agulis
304 1268 517 1308 Societatis
552 1266 837 1308 commendata
864 1269 974 1315 sunt,
994 1270 1042 1306 ut
1074 1277 1168 1307 con-

133 1333 212 1369 stat
235 1340 286 1369 ex
318 1329 427 1369 dicta
454 1341 541 1381 cap.
566 1330 593 1369 2
611 1332 735 1370 sextae
757 1328 883 1382 partis
900 1328 1168 1368 Constitutio-

131 1403 249 1440 num,
274 1390 298 1443 ξ
320 1393 386 1440 10,
409 1398 451 1430 et
465 1402 517 1431 ex
546 1391 699 1443 regulis
729 1390 954 1442 Praepositi,
974 1393 1061 1429 toto
1085 1402 1122 1429 c.
1138 1390 1166 1429 6

131 1457 175 1494 et
195 1455 237 1502 8,
257 1461 431 1492 numero
446 1453 692 1504 octogesimo
712 1457 872 1504 quarto.

183 1516 251 1554 10.
282 1513 352 1554 Ad
363 1514 637 1567 posteriorem,
659 1514 704 1553 in
719 1523 761 1553 n.
784 1514 821 1552 3.
836 1534 888 1544 -
907 1512 970 1554 Ad
994 1511 1166 1554 alteram

130 1585 228 1615 vero
247 1575 533 1625 obJectionem,
557 1585 648 1628 quae
667 1586 719 1615 ex
736 1578 851 1626 parte
869 1575 998 1626 ipsius
1024 1585 1167 1615 mune—

129 1637 185 1676 ris
204 1635 455 1686 praedicandi
489 1635 741 1684 sumebatur,
761 1636 873 1687 quia,
896 1635 1061 1685 scilicet,
1083 1647 1164 1675 11011

129 1709 223 1737 cum
241 1701 356 1736 tanta
371 1698 549 1736 efficacia
566 1700 608 1738 et
634 1696 822 1737 libertate
839 1697 924 1746 fiet,
942 1698 1166 1750 respondeo

129 1761 315 1800 eamdem
333 1760 607 1812 objectionem
623 1760 713 1801 fieri
730 1772 845 1812 posse
864 1763 1008 1801 contra
1020 1759 1167 1801 Christi

132 1821 367 1868 consilium,
401 1822 475 1873 qui
504 1833 597 1862 suos
642 1822 928 1874 praedicatores
967 1833 1166 1874 pauperes

132 1894 220 1922 esse
241 1883 388 1933 voluit,
413 1883 497 1922 imo
517 1883 576 1923 eis
595 1883 780 1935 permisit
796 1896 847 1923 ex
861 1884 1086 1934 Evangelio
1110 1882 1167 1924 vi-

131 1955 246 1992 vere,
268 1945 367 1984 Luc.
392 1945 457 1993 10,
477 1948 517 1983 et
532 1946 551 1984 1
571 1945 754 1983 Corinth.
778 1947 818 1985 9.
841 1945 1037 1984 Dominus
1053 1945 1166 1986 enim

131 2005 206 2057 (ait
220 2006 381 2056 Paulus)
406 2006 608 2047 ordinavit
624 2005 702 2054 Itis,
720 2006 791 2058 qui
808 2005 1078 2059 Evanqelium
1097 2016 1166 2047 an-

129 2067 339 2116 nunciant,
371 2070 418 2108 nt
446 2067 491 2107 dc
518 2067 746 2118 Evanyelz'o
779 2068 933 2115 vivant,
951 2067 994 2107 id
1012 2071 1086 2114 est,
1108 2065 1165 2106 eis

126 2126 335 2167 licentiam
366 2128 574 2177 concessit,
593 2132 639 2167 ut
668 2129 921 2180 Augustinus
951 2128 1163 2180 exposuit;

128 2189 226 2240 quia
246 2189 375 2228 futuri
395 2193 513 2229 erant
532 2201 745 2241 pauperes,
762 2194 808 2229 ut
824 2190 876 2229 ad
895 2189 995 2230 illud
1016 2200 1166 2230 munus

129 2254 266 2290 essent
282 2251 571 2303 expeditiores,
585 2256 632 2291 ut
651 2251 709 2291 ibi
727 2253 784 2291 ait
793 2252 926 2303 glossa
936 2267 948 2301 ;
960 2263 1057 2304 ergo
1068 2264 1167 2304 pau-

126 2316 263 2363 pertas
285 2324 370 2351 non
399 2313 573 2365 impedit
605 2313 836 2352 libertatem
857 2318 929 2352 aut
946 2314 1167 2354 efficaciam

127 2373 429 2424 praedicatoris3
446 2375 542 2426 quia
556 2374 590 2414 si
609 2387 703 2415 vere
722 2375 773 2414 sit
788 2386 960 2428 pauper,
982 2375 1076 2415 solis
1095 2386 1163 2417 ne-

126 2436 312 2475 cessariis
329 2437 409 2476 erit
427 2440 659 2484 contentus,
679 2435 865 2488 nihilque
878 2436 991 2476 aliud
1009 2436 1062 2476 ab
1090 2436 1164 2478 ho-

124 2496 308 2536 minibus
333 2497 524 2550 sperabit.
555 2498 633 2546 Qui
664 2502 804 2538 autem
823 2498 882 2538 ita
913 2501 974 2537 est
994 2498 1164 2553 disposi-

125 2561 207 2606 tuS,
236 2569 319 2598 non
351 2559 529 2599 multum
560 2559 792 2599 movebitur
809 2559 993 2599 humano
1024 2571 1162 2601 amore

125 2617 193 2658 vel
208 2619 368 2668 timore,
384 2625 430 2659 ut
446 2625 663 2672 propterea
674 2622 761 2674 ejus
776 2621 1010 2673 praedicatio
1024 2623 1164 2663 minus

125 2680 283 2729 efficax,
303 2682 491 2721 minusve
510 2682 641 2722 libera
659 2683 712 2722 sit
734 2694 857 2734 quam
877 2687 1073 2734 oporteat.
1097 2683 1163 2724 Di-

126 2755 191 2781 ces
210 2753 222 2782 2
240 2743 303 2782 his
317 2747 358 2783 et
377 2743 580 2783 similibus
598 2745 827 2783 rationibus
846 2745 1078 2784 dicebamus
1098 2756 1163 2785 su-

127 2814 216 2854 pra,
238 2805 482 2844 Societatem
502 2807 658 2844 motam
681 2817 781 2852 esse,
802 2809 850 2843 ut
870 2806 1071 2857 stipendia
1088 2818 1162 2858 pro

124 2865 257 2904 missis
273 2869 313 2905 et
332 2866 609 2917 spiritualibus
639 2866 880 2906 ministeriis
904 2878 988 2906 nou
1016 2867 1163 2906 admit·

124 2931 198 2966 tat.
239 2927 483 2979 Respondeo
514 2927 638 2979 longe
669 2928 782 2968 aliud
816 2939 917 2975 esse,
947 2929 1064 2980 quasi
1088 2939 1162 2980 per

122 2987 294 3028 modum
338 2989 670 3029 commutationis
698 3001 831 3031 unum
862 3001 937 3042 pro
960 2989 1041 3029 alio
1059 2991 1161 3032 reci-

120 3061 245 3102 pere;
268 3049 381 3090 aliud
413 3062 511 3091 vero
540 3063 591 3092 ex
622 3052 790 3092 incertis
820 3051 1088 3106 eleemosynis
1118 3055 1161 3095 et

122 3111 294 3152 omnino
324 3113 558 3166 spontaneis
596 3113 734 3155 vivere
742 3124 756 3166 3
786 3127 884 3155 nam
911 3114 1013 3155 illud
1044 3116 1159 3168 prius

122 3173 344 3226 quamdam
360 3173 485 3215 habet
502 3174 679 3228 speciem
698 3176 816 3225 lucri,
835 3180 876 3217 et
891 3177 1073 3230 reputari
1086 3190 1159 3230 po-

121 3237 203 3275 test
226 3240 425 3288 tanquam
448 3236 606 3277 tructus
631 3240 779 3287 certus,
799 3237 865 3278 vel
881 3238 1032 3291 species
1050 3250 1157 3291 quae-

122 3295 219 3336 dam
238 3295 501 3348 reddituum3
526 3296 823 3340 determinatur
855 3299 981 3340 etiam
1002 3299 1055 3339 ad
1070 3311 1155 3340 cer·

122 3361 184 3398 tas
201 3366 410 3411 personas,
431 3368 527 3400 cum
551 3360 702 3415 quibus
730 3360 879 3401 modus
898 3360 1067 3414 quidam
1083 3373 1156 3402 seu

122 3418 276 3471 species
309 3418 419 3475 pacti
447 3417 697 3474 intervenit3
717 3434 810 3476 quae
830 3423 972 3463 omnia
998 3424 1157 3464 cessant

121 3481 167 3521 in
184 3480 363 3534 incertis,
379 3485 423 3524 et
435 3482 604 3524 omnino
621 3484 856 3540 spontaneis
871 3484 1153 3538 eleemosynis,

48 3546 59 3549 ²
123 3543 164 3582 et
174 3539 266 3584 ideo
282 3554 368 3586 non
380 3548 443 3586 est
458 3541 509 3586 de
525 3542 711 3600 ‘utrisque
728 3546 872 3587 similis
883 3546 1007 3588 ratim
1016 3546 1051 3587 N
1054 3559 1157 3600 eque

123 3607 186 3643 est
202 3606 313 3657 quod
330 3606 528 3648 timeatur
546 3607 722 3649 arduum
741 3608 883 3658 nimia,
900 3612 975 3648 aut
992 3608 1156 3649 difficile

122 3663 308 3710 futurum
330 3669 545 3712 sustentari
565 3682 613 3711 ex
646 3669 712 3712 his
744 3668 838 3711 solis
867 3669 1153 3723 eleemosynis,

490 277 565 314 Lm.
588 276 642 312 IV.
666 276 721 312 ΒΕ
739 273 862 312 voris
882 274 1133 312 siurticissns
1154 274 1396 313 cas'rmrls
1414 277 1469 314 m·
1489 274 1784 318 PAUPERTATIS,
1807 275 1897 312 ETC.

1222 342 1391 384 seclusis
1424 338 1663 395 hujusmodi
1692 338 1919 397 stipendiis,
1939 339 2050 393 quia,
2073 343 2121 383 ut
2149 339 2252 384 dixi-

1221 414 1328 453 mus,
1347 402 1399 444 ad
1418 414 1639 459 pauperem
1656 402 1785 444 vitam
1802 402 2111 444 sustentandam
2124 415 2256 457 pauca

1222 465 1445 514 sufficiunt,
1461 467 1499 508 et
1516 465 1757 520 sperandum
1779 467 1836 506 est
1865 477 1892 506 a
1923 465 2060 507 divina
2081 464 2256 508 bonitate

1223 526 1286 581 (ut
1303 526 1454 566 dicitur
1468 525 1513 567 in
1530 526 1626 567 dict.
1654 539 1692 568 c.
1715 527 1741 567 5
1771 525 2009 578 regularum
2029 525 2254 578 Praepositi)

1220 588 1400 630 subsidia
1419 589 1653 641 temporalia
1680 599 1759 630 non
1782 589 1986 639 defutura,
2003 586 2041 628 si
2059 590 2097 628 et
2125 586 2256 629 nostri

1221 649 1546 704 adquaerendam
1575 651 1653 694 Dei
1680 662 1848 704 regnum
1884 651 1963 691 sibi
1993 653 2031 691 et
2056 649 2257 702 promimis

1221 713 1324 754 serio
1344 713 1589 763 incumbant,
1609 716 1647 754 et
1682 713 1836 755 ratione
1866 711 2101 763 indiqentioe
2133 711 2257 752 insti-

1222 774 1302 816 tuti
1318 773 1451 815 nostri
1479 774 1753 828 inteqritatem
1780 773 1929 815 violari
1958 785 2162 829 nunquam
2199 772 2257 815 si-

1221 839 1335 877 nant.

1277 898 1342 937 ll.
1374 896 1444 939 Ad
1449 896 1633 950 primum
1649 895 1935 938 incommodum
1951 894 1997 937 in
2013 907 2054 938 n.
2073 898 2116 945 4,
2137 895 2258 938 etde·

1224 957 1406 1000 claratur
1421 970 1492 999 cur
1519 958 1707 998 hactenus
1732 958 1815 998 sint
1846 968 1985 1012 panace
2002 959 2140 1000 domus
2162 968 2258 1010 pro-

1220 1021 1355 1068 fessae.
1371 1041 1424 1051 -
1441 1019 1503 1060 Ad
1522 1019 1800 1068 incommoda,
1830 1029 1922 1071 quae
1956 1019 2256 1070 inferebantur,

1221 1080 1267 1123 in
1293 1081 1429 1134 primo
1445 1092 1588 1122 eorum
1606 1081 1759 1134 petitur
1780 1092 1853 1120 cur
1871 1081 1917 1121 111
1942 1080 2140 1121 Societate
2155 1092 2258 1134 pau-

1222 1153 1280 1183 cae
1297 1142 1443 1182 domus
1458 1143 1648 1196 professae
1668 1143 1827 1192 sint,‘et
1845 1141 2051 1194 quomodo
2069 1142 2147 1182 hoc
2172 1153 2257 1182 non

1222 1206 1427 1257 repugnat
1459 1204 1703 1256 perfectioni
1721 1204 1974 1256 paupertatis
1992 1206 2179 1255 respectu
2197 1207 2258 1244 to-

1221 1265 1303 1305 tius
1328 1266 1539 1307 Societatis
1566 1265 1821 1319 simpliciter,
1840 1277 1932 1306 cum
1953 1277 2016 1306 res
2032 1263 2260 1317 judicanda

1221 1327 1410 1369 videatur
1428 1341 1480 1369 ex
1494 1328 1558 1368 his
1577 1341 1668 1381 quae
1693 1328 1738 1368 in
1766 1328 1950 1380 pluribus
1972 1328 2255 1368 inveniuntur.

1221 1390 1528 1442 Respondemus
1549 1391 1682 1443 primo
1701 1390 1937 1430 mirandum
1955 1402 2039 1430 non
2058 1402 2148 1429 esse
2160 1389 2259 1430 hac-

1220 1456 1339 1492 tenus
1355 1452 1498 1492 domos
1515 1453 1715 1504 professas
1733 1453 1778 1492 in
1809 1464 1938 1504 parvo
1963 1464 2134 1492 numero
2155 1451 2259 1491 mul-

1220 1510 1426 1566 tiplicatas
1450 1513 1591 1562 fuisse,
1613 1514 1709 1566 quia
1728 1517 2002 1554 necessarium
2027 1514 2103 1553 fuit
2124 1514 2259 1554 incre-

1221 1580 1409 1617 mentum
1429 1575 1639 1615 Societatis
1658 1575 1857 1628 paulatim
1875 1575 2070 1628 progredi
2091 1588 2118 1615 a
2142 1575 2258 1615 novi-

1221 1637 1289 1678 tiis
1311 1635 1362 1677 ad
1397 1636 1618 1687 scholares,
1639 1641 1681 1676 et
1710 1650 1734 1677 a
1753 1636 2003 1677 scholaribus
2025 1636 2077 1676 ad
2107 1636 2259 1689 profes-

1221 1709 1298 1738 sos.
1322 1698 1600 1738 Necessarium
1617 1698 1717 1738 item
1734 1697 1813 1738 fuit
1832 1703 1879 1738 ut
1897 1698 2099 1739 scholares
2116 1698 2259 1743 sintin

1222 1759 1354 1799 multo
1374 1759 1524 1812 majori
1552 1771 1741 1807 numero,
1761 1771 1887 1812 quam
1916 1761 2063 1800 novitii
2097 1765 2139 1802 et
2165 1772 2258 1813 pro-

1220 1822 1327 1870 fessi,
1351 1822 1450 1875 quia
1482 1827 1643 1873 tempus
1673 1822 1897 1862 novitiatus
1915 1822 2038 1863 breve
2059 1825 2121 1863 est
2149 1835 2258 1863 com-

1220 1883 1432 1936 paratione
1456 1883 1654 1934 temporis
1687 1881 1920 1922 studiorum
1933 1895 1947 1935 3
1966 1888 2007 1923 et
2025 1884 2117 1923 ideo
2137 1884 2257 1924 multi

1220 1948 1264 1984 in
1283 1943 1467 1996 collegiis
1500 1942 1623 1983 simul
1656 1948 1972 1995 congregantur,
2002 1944 2072 1997 qui
2101 1945 2146 1985 in
2165 1957 2256 1998 pro-

1219 2005 1385 2045 batione
1416 2005 1640 2045 successive
1662 2006 1854 2046 existunt,
1880 2006 1941 2045 Ex
1965 2006 2105 2045 multis
2131 2007 2257 2047 etiam

1221 2066 1474 2108 scholaribus
1489 2066 1609 2119 pauci
1626 2067 1854 2120 respective
1872 2068 1925 2108 ad
1944 2067 2019 2107 hos
2038 2067 2143 2106 fiunt
2165 2080 2256 2121 pro-

1222 2130 1339 2176 fessi;
1362 2127 1440 2168 fuit
1473 2141 1570 2180 ergo
1596 2128 1805 2168 moraliter
1830 2130 2106 2169 necessarium
2142 2129 2256 2181 prius

1221 2189 1393 2241 collegia
1428 2190 1706 2241 multiplicari.
1737 2191 1825 2230 Nou
1861 2196 2083 2242 potuerunt
2118 2195 2256 2232 autem

1219 2253 1345 2292 simul
1374 2252 1515 2291 omnia
1552 2252 1642 2291 fieri
1658 2267 1668 2300 ;
1688 2252 1926 2292 mirandum
1957 2265 2055 2305 ergo
2084 2265 2170 2293 non
2194 2256 2256 2294 est

1221 2313 1344 2365 quod,
1365 2313 1510 2353 eodem
1525 2315 1708 2365 tempore
1733 2326 1817 2366 quo
1832 2318 1893 2353 tot
1925 2314 2095 2366 collegia
2113 2313 2254 2356 multi-

1219 2375 1369 2427 plicata
1388 2378 1500 2424 sunt,
1521 2378 1563 2415 et
1591 2374 1736 2415 domus
1768 2376 1895 2416 etiam
1931 2377 2184 2429 probationis
2201 2376 2254 2417 ad

1217 2436 1290 2477 illa
1301 2436 1479 2478 fovenda
1494 2446 1536 2476 et
1548 2439 1828 2479 conservanda
1840 2443 1983 2478 erectae
2000 2439 2125 2478 etiam
2139 2445 2251 2489 sunt,

1215 2500 1405 2553 professae
1425 2501 1571 2541 domus
1590 2501 1634 2541 in
1654 2513 1806 2552 magna
1828 2502 2094 2542 multitudine
2114 2503 2254 2542 multi-

1215 2561 1376 2613 plicatae
1397 2574 1484 2603 non
1507 2563 1677 2602 fuerint.
1710 2565 1795 2603 Imo
1829 2565 1964 2616 potius
1982 2564 2254 2604 admiratione

1215 2623 1390 2675 dignum
1410 2628 1486 2674 est,
1495 2625 1605 2679 quod
1622 2629 1709 2664 tam
1728 2625 1844 2664 brevi
1863 2630 2061 2677 tempore,
2077 2625 2252 2664 intanta

1215 2696 1485 2737 personarum
1521 2697 1571 2725 ac
1599 2686 1904 2725 domiciliorum
1940 2686 2148 2734 varietate,
2189 2690 2252 2726 tot

1214 2758 1466 2800 progressus,
1485 2751 1526 2787 et
1545 2748 1588 2786 in
1603 2759 1849 2799 unoquoque
1875 2748 2007 2799 gradu
2026 2761 2120 2789 cum
2151 2761 2250 2801 pro-

1214 2810 1448 2861 portionato
1472 2810 1728 2849 incremento
1758 2811 1857 2850 facti
1893 2811 2057 2851 suerint.
2084 2811 2249 2853 Accedit

1215 2871 1340 2910 etiam
1360 2870 1469 2922 quod
1493 2871 1634 2922 populi
1665 2875 1707 2911 et
1738 2871 1922 2911 civitates
1944 2874 2078 2925 potius
2104 2873 2248 2913 volunt

1214 2931 1364 2971 habere
1383 2931 1539 2971 scholas
1557 2936 1598 2972 et
1618 2932 1834 2984 magistros
1852 2932 1903 2973 ad
1919 2934 2100 2975 filiorum
2118 2935 2162 2975 in
2179 2935 2247 2976 lit-

1214 2993 1312 3033 teris
1345 2997 1387 3034 et
1422 2993 1606 3034 moribus
1641 2995 1959 3046 institutionem,
1982 2998 2091 3049 quod
2121 2997 2170 3040 fit
2199 2997 2249 3039 in.⁴

1212 3055 1408 3107 collegiis,
1431 3067 1517 3097 non
1533 3058 1691 3097 veroin
1704 3058 1893 3099 domibus
1912 3059 2116 3111 professis.

1262 3117 1331 3158 12.
1350 3117 1492 3160 Altera
1505 3118 1928 3171 responsio—Deinde
1941 3122 2104 3172 dicitur,
2115 3133 2191 3174 per
2201 3134 2244 3164 se

1211 3177 1431 3232 loquendo,
1453 3184 1496 3221 et
1525 3184 1703 3233 spectato
1723 3182 1910 3224 instituto
1940 3182 2065 3235 hujus
2082 3185 2244 3238 religio-

1211 3242 1290 3292 nis,
1311 3243 1587 3283 necessarium
1604 3255 1690 3284 esse
1707 3247 1754 3284 ut
1783 3245 1928 3286 domus
1947 3246 2138 3298 professae
2158 3259 2242 3288 non

1209 3302 1340 3343 solum
1348 3305 1429 3344 sint
1439 3305 1484 3344 in
1493 3305 1645 3345 minori
1657 3318 1830 3346 numero
1840 3319 1964 3360 quam
1976 3307 2160 3360 collegia,
2170 3308 2243 3351 sed

1209 3364 1334 3405 etiam
1344 3365 1526 3408 absolute
1541 3366 1746 3420 loquendo
1761 3369 1806 3408 111
1822 3381 1947 3421 parvo
1957 3368 2040 3410 sint
2052 3381 2238 3413 numero.

1209 3424 1346 3466 Primo
1365 3426 1531 3481 quidem
1550 3427 1648 3480 quia
1662 3424 1857 3474 numerus
1869 3429 2141 3487 professorum
2155 3442 2240 3471 non

1209 3489 1341 3539 potest
1369 3500 1452 3530 esse
1480 3501 1671 3545 magnus,
1700 3488 1957 3536 considerata
1989 3490 2238 3544 perfectione

1210 3560 1302 3600 quae
1322 3550 1368 3590 111
1380 3549 1528 3591 litteris
1547 3557 1588 3591 et
1604 3550 1649 3591 111
1668 3550 1813 3605 spiritu
1825 3550 1871 3593 in
1895 3549 1954 3593 eis
1971 3551 2235 3594 desideratur.

1209 3609 1376 3660 Deinde,
1386 3612 1485 3663 quia
1503 3623 1554 3652 ex
1567 3613 1666 3666 ipsis
1680 3613 1884 3669 professis,
1905 3616 1951 3652 ut
1965 3613 2243 3683 respondeant,

1209 3674 1414 3713 vocationi
1431 3685 1529 3721 suae,
1543 3673 1662 3714 multi
1676 3674 1901 3715 necessario
1920 3672 2068 3715 debent
2080 3674 2124 3715 in
2142 3675 2237 3718 mis·

2336 3418 2352 3528 RQ'
2342 3363 2352 3389 ,ἡ
2337 3319 2352 3339 -5
