2352 3880
758 77 805 95 ὀ

451 121 473 135 ο

3 267 17 270 ’ν
40 202 192 308 {eiad
209 242 364 283 bonum
383 238 616 290 religionis,
638 241 679 278 et
696 236 820 289 ipsius
840 234 1038 286 religiosi,
1063 237 1111 273 ut

52 293 228 350 “ie2non
248 303 336 352 fiat,
355 302 485 342 donee
501 300 708 352 Superiori
727 297 927 344 videatur,
958 301 998 336 et
1017 295 1109 335 ideo

61 363 166 411 ‘bine
200 365 325 405 dubio
358 363 481 403 habet
510 362 701 414 Superior
722 358 941 410 aliquando
970 358 1036 410 jus
1065 356 1105 396 id

79 426 341 484 praecipiendi
361 437 455 464 cum
488 424 601 464 omni
634 423 790 473 rigore;
827 423 988 465 tamen,
1012 419 1109 471 quia

80 489 284 531 ordinarie
304 487 380 526 hoc
406 498 491 525 non
513 489 574 525 est
604 484 662 523 ita
693 481 960 534 prohibitum,
992 480 1056 519 vel
1086 492 1111 520 a

79 549 182 602 lege,
203 549 269 589 vel
290 561 315 588 a
334 547 518 595 Praelato,
536 545 644 590 ideo,
665 556 738 595 per
765 555 806 582 se
826 542 1046 594 loquendo,
1069 540 1110 580 id

79 615 154 659 est,
175 611 329 650 secluso
349 607 554 656 scandalo,
574 608 827 655 contemptu,
843 609 882 644 et
902 604 1108 643 conscien-

79 673 138 713 tia
154 684 335 718 erronea,
358 670 435 709 hoc
455 681 538 708 non
559 671 619 707 est
635 670 846 719 peecatum
871 678 1011 716 grave.

134 735 198 774 10.
231 733 373 773 matio
402 742 511 770 num.
534 730 560 768 6
585 731 699 779 facta
724 740 802 768 non
829 728 1007 779 procedit
1030 725 1111 766 sal·

27 793 29 795 ’
77 796 154 836 tem
169 798 262 847 post
280 792 632 844 Conqreqah'onem
653 791 907 842 quintam.—
920 790 1033 828 Hanc
1053 791 1109 826 to-

76 858 161 895 tam
189 854 428 901 illationem,
452 853 536 892 sive
571 852 842 903 objectionem
877 855 1017 890 contra
1048 861 1108 888 se·

78 917 257 956 cundam
293 915 559 955 assertionem
585 926 608 953 a
637 926 809 952 numero
829 915 854 952 6
875 916 1108 964 prosecutus

78 990 168 1018 sum
189 978 387 1026 consulto,
410 977 507 1028 quia
533 976 700 1015 fortasse
725 979 820 1013 ante
840 975 1006 1012 citatum
1034 985 1108 1024 pro

77 1040 165 1092 ipsa
184 1041 403 1079 assertione
422 1050 621 1077 canonem
641 1036 767 1075 videri
786 1039 941 1086 poterat
964 1035 1109 1085 proba-

77 1100 184 1141 bilis.
208 1103 324 1140 Nunc
346 1107 483 1139 autem
500 1129 514 1148 ,
541 1098 675 1137 utillo
700 1108 871 1135 numero
895 1096 1015 1134 tertio
1046 1095 1108 1134 di-

78 1163 271 1203 cebamus
292 1192 301 1209 ,
335 1161 417 1200 sive
450 1161 595 1199 citatus
615 1170 745 1197 canon
768 1157 1106 1208 Congregationis

77 1224 249 1276 quintae,
266 1233 413 1261 novum
430 1221 472 1259 in
488 1220 731 1259 Societatem
747 1219 815 1269 jus
835 1219 912 1257 hac
929 1219 972 1257 in
993 1222 1107 1270 parte

77 1285 326 1330 introducat,
354 1283 438 1321 sive
472 1281 752 1321 auctoritative
782 1280 958 1319 declaret
983 1280 1108 1319 anti-

79 1358 206 1398 quum
226 1345 239 1394 (
256 1344 305 1383 ad
327 1355 420 1382 eum
443 1343 526 1381 fere
554 1342 721 1381 modum
748 1353 828 1391 quo
847 1342 1021 1380 Ecclesia
1040 1353 1107 1381 ve·

75 1407 213 1446 ritates
241 1405 395 1455 aliquas
423 1404 557 1443 denuo
591 1403 782 1454 proponit
810 1403 1030 1442 credendas
1056 1403 1106 1442 de

75 1466 186 1517 fide),
204 1466 466 1517 simpliciter,
487 1471 609 1516 atque
628 1465 714 1503 sine
734 1464 817 1503 ulla
846 1465 1106 1504 distinctione

75 1539 243 1580 operum
259 1532 435 1579 piorum,
457 1532 526 1566 aut
540 1529 805 1578 profanorum
826 1527 1106 1578 accipiendum

74 1593 148 1638 est,
170 1594 292 1641 atque
309 1589 544 1636 dicendum,
566 1588 751 1626 illicitam
773 1592 912 1626 contra
931 1601 1105 1639 pauper-

73 1651 167 1690 tatis
196 1655 336 1689 votum
370 1663 455 1689 esse
480 1649 808 1688 distributionem
839 1650 882 1687 in
912 1650 1106 1700 quaelibet

76 1724 213 1764 opera,
235 1714 266 1751 si
284 1712 435 1763 absque
455 1712 676 1750 directione
700 1711 941 1762 Superioris,
964 1712 1106 1752 saltem

71 1778 346 1826 praesumpta,
367 1774 462 1820 fiat;
486 1785 532 1812 eo
564 1773 672 1824 quod
701 1773 792 1811 talis
822 1773 990 1811 directio
1025 1773 1106 1812 sive

73 1846 295 1875 consensus
320 1835 479 1873 Praelati
498 1835 674 1873 conditio
692 1835 756 1884 sit,
781 1840 826 1873 ut
846 1835 946 1882 dixi,
971 1846 1107 1873 neces-

70 1897 177 1937 saria
199 1909 250 1935 ne
278 1897 369 1934 talis
407 1896 640 1934 distributio
662 1896 858 1946 sacrilega
885 1897 936 1934 sit
966 1900 1106 1934 contra

72 1957 227 1999 dictum
249 1962 405 1996 votum.
429 1958 567 2007 Neque
588 1958 710 1996 verba
744 1958 812 1996 illa
844 1958 1106 1996 Constitutio-

71 2019 150 2067 nis,
171 2019 367 2058 devotione
386 2029 459 2058 sua
480 2018 492 2067 (
511 2018 621 2068 quod
641 2018 723 2057 fere
743 2022 874 2057 totum
896 2019 1021 2057 robur
1048 2022 1106 2056 est

70 2079 308 2131 obJectionis
323 2078 344 2132 )‚
370 2079 477 2118 dicto
497 2080 657 2119 decreto
682 2081 1018 2132 Congregationis
1043 2092 1107 2119 re-

70 2146 270 2194 pugnant.
304 2142 407 2180 Nam
438 2141 601 2180 devotio
628 2142 780 2181 subditi
810 2155 891 2181 non
927 2142 1107 2181 excludlt

68 2203 265 2254 praeviam
302 2202 513 2241 licentiam
548 2203 773 2254 Superioris
805 2204 859 2242 ad
888 2204 1105 2254 disponen-

71 2263 171 2304 dum
191 2264 448 2314 generaliter,
467 2264 536 2303 sed
556 2265 734 2303 excludit
754 2266 1040 2303 necessitatem
1060 2265 1106 2302 li-

72 2325 216 2365 eentiae
235 2325 447 2376 peculiaris
465 2326 515 2364 ad
537 2326 603 2376 pie
624 2325 947 2376 disponendum,
969 2328 1032 2365 vel
1050 2326 1103 2364 ad

69 2384 370 2437 disponendum
390 2386 432 2424 in
451 2386 542 2424 haec
569 2386 631 2424 vel
651 2387 719 2424 illa
741 2387 807 2437 pia
830 2399 952 2437 opera
965 2397 976 2436 3
994 2387 1102 2426 unde

68 2446 241 2486 citatum
270 2447 476 2485 decretum
506 2447 700 2497 explicuit
725 2447 836 2496 quod
858 2449 1098 2487 Constitutio

70 2503 339 2559 supponebat.
363 2509 412 2546 Et
441 2507 671 2546 declaratur
690 2508 833 2556 aliter3
858 2521 954 2547 nam
979 2510 1102 2548 devo-

69 2569 129 2609 tio
143 2599 157 2618 ,
181 2569 485 2620 quantumlibet
524 2569 755 2608 voluntaria
798 2573 838 2608 et
875 2572 1100 2620 meritoria,

68 2641 153 2670 non
173 2632 403 2669 necessario
421 2630 600 2669 excludit
621 2631 827 2670 licentiam
850 2632 1078 2684 Superioris
1089 2643 1101 2682 3

69 2691 127 2732 sic
146 2693 256 2731 enim
272 2692 453 2730 dicemus
470 2692 653 2740 inferius,
670 2705 757 2743 cap.
778 2706 904 2742 nono,
929 2707 1102 2734 numero

70 2762 195 2800 nono,
230 2753 271 2791 in
299 2753 451 2802 simili,
485 2765 536 2792 ex
567 2753 762 2793 charitate
792 2755 919 2794 etiam
948 2756 1105 2796 moveri

70 2825 200 2867 posse,
228 2815 298 2866 qui
319 2827 435 2854 suam
468 2815 758 2876 pbligationem
782 2817 938 2868 implet.
959 2819 1009 2857 Et
1028 2820 1105 2858 im-

70 2876 213 2928 primis
243 2877 276 2915 si
297 2877 456 2916 devotio
476 2878 743 2917 distribuendi
767 2879 952 2918 absolute
973 2885 1013 2919 et
1043 2881 1104 2920 in-

73 2936 259 2976 distincte
278 2939 320 2976 in
340 2940 407 2989 pia
426 2951 566 2991 opera,
586 2944 682 2978 ante
704 2940 836 2991 ipsam
856 2941 1061 2981 licentiam
1080 2955 1105 2983 a

74 2997 286 3050 Superiore
313 3001 483 3051 petitam
518 3002 770 3053 concipiatur
788 3032 798 3050 ‚
835 3015 908 3054 per
943 3006 1102 3055 petitio-

75 3069 170 3099 nem
201 3060 460 3101 subsecutam
498 3075 582 3102 non
619 3063 741 3102 modo
783 3076 867 3103 non
903 3067 1104 3106 minuitur

76 3123 148 3160 aut
166 3123 379 3171 evanescit,
398 3123 469 3163 sed
492 3126 624 3176 potius
647 3137 828 3164 crescere
854 3127 1020 3177 poterit,
1035 3140 1103 3179 pe·
1120 3171 1122 3176 ,

77 3180 265 3221 titionem
289 3183 478 3223 videlicet
505 3185 762 3237 imperando.
789 3187 831 3226 Si
858 3200 953 3226 vero
983 3189 1105 3228 licen-

78 3241 139 3282 tia
162 3243 287 3293 petita
313 3243 570 3284 devotionem
589 3248 802 3287 antecedat
821 3257 832 3299 (
848 3249 958 3300 quod
985 3250 1104 3290 facile

79 3303 322 3354 contingere
345 3307 490 3355 potest,
512 3307 546 3345 si
563 3308 812 3358 indistincte,
836 3323 908 3350 seu
944 3311 987 3350 in
1016 3312 1106 3350 uni-

78 3375 244 3404 versum
266 3364 316 3403 de
333 3364 525 3405 facultate
548 3370 720 3409 exuendi
746 3384 787 3410 se
804 3371 922 3411 bonis
945 3372 1043 3420 s'uis,
1063 3376 1107 3413 ut

80 3424 322 3466 Constitutio
355 3427 548 3478 loquitur,
570 3441 660 3468 cum
681 3432 896 3483 Superiore
916 3435 1105 3486 agatur),

17 3534 20 3537 ῃ
82 3485 188 3526 sicut
219 3492 307 3538 post
341 3487 555 3527 obtentam
581 3489 786 3531 licentiam
803 3495 960 3546 concipi
981 3499 1111 3546 potest

82 3546 275 3587 voluntas
293 3548 476 3588 donandi
492 3552 822 3602 consanguinem,
840 3555 899 3594 ita
915 3560 955 3596 et
970 3556 1113 3596 volun-

456 173 547 208 mr.
569 171 624 207 VI.
648 133 842 212 1)ΠοΜοΒο
863 168 893 203 Α
906 166 1193 204 acuoLAmnus
1215 169 1452 213 sccmTA'ns
1473 171 1703 215 SERVANDA,
1726 172 1816 209 ETC.

1418 0 1493 24 ,1
1640 22 1654 37 .
1771 0 1860 27 -ι-
1928 0 1965 25 ῑ,
2071 0 2114 17 ”·’
2171 0 2347 32 ·“’.

1333 78 1352 95 οΔ
1521 70 1534 86 '

1163 237 1228 274 tas
1248 235 1332 275 sive
1351 229 1511 277 devotio
1536 223 1719 280 donandi
1739 239 1817 292 piis
1846 237 2067 292 operibuez
2084 242 2200 287 nulla

1163 307 1261 347 ergo
1281 300 1341 336 est
1358 300 1638 347 repugnantia
1656 305 1729 340 aut
1754 301 1798 341 in
1822 299 1907 343 illis
1927 302 2107 355 juribus,
2126 307 2200 348 aut

1162 356 1198 395 si
1227 357 1328 408 quid
1363 357 1477 396 aliud
1507 358 1552 397 in
1590 359 1824 412 objiciendo
1854 365 2169 415 perstrinximus
2184 375 2200 417 ,'

1166 418 1264 468 quia
1302 418 1346 457 in
1379 430 1637 470 quacumque
1672 422 1806 463 forma
1834 426 1901 465 vel
1930 428 2200 471 instructione

1166 479 1378 519 Societatis
1404 479 1457 518 ad
1484 479 1789 531 disponendum
1818 486 1868 525 de
1898 487 2019 528 honis
2043 489 2199 542 absque

1164 541 1248 579 ullo
1284 536 1545 580 incommodo
1574 542 1640 581 vel
1681 549 1954 594 repugnantia
1984 550 2200 591 imbibitur

1164 603 1397 654 Superioris
1418 602 1603 652 directio,
1625 615 1698 642 seu
1718 604 1909 645 voluntas
1930 610 2072 650 saltem
2095 623 2200 663 prae-

1164 675 1352 717 sumpta;
1374 670 1496 716 atque
1515 665 1619 705 adeo
1639 666 1723 705 sive
1741 678 1765 705 a
1789 668 1991 718 principio
2015 673 2200 713 Societa-

1163 727 1230 775 tis,
1250 728 1335 766 sive
1358 731 1448 778 post
1467 727 1654 778 quintam
1677 728 2047 778 Congregationem
2069 735 2202 783 posita,

1164 789 1331 827 assertio
1364 788 1516 827 habere
1545 788 1678 840 potuit
1705 790 1934 829 veritatem.
1959 792 2039 830 Cur
2061 798 2199 834 autem

1163 849 1338 888 dixerim
1367 850 1507 890 saltem
1522 856 1787 902 praesumpta,
1805 851 1848 890 in
1869 852 1950 891 fine
1974 854 2118 904 capitis
2136 855 2198 894 in-

1162 911 1504 962 telligetur.U11de
1519 912 1707 963 expedita
1720 912 1907 952 similiter
1919 918 2198 966 manent,quae

1162 972 1204 1012 in
1226 974 1251 1011 2
1272 986 1311 1024 p.
1334 973 1564 1021 dubitandi,
1591 974 1634 1012 in
1661 986 1836 1013 numero
1857 975 2006 1026 primo,
2028 987 2078 1014 ex
2106 988 2198 1028 cap.

1162 1035 1189 1072 4
1214 1035 1422 1073 Examinis
1444 1038 1483 1073 et
1502 1046 1552 1073 ex
1572 1036 1693 1074 tertia
1717 1040 1831 1087 parte
1853 1037 2200 1077 Constitutionum

1163 1109 1249 1147 cap.
1276 1100 1292 1135 1
1329 1096 1631 1146 afferebantur3
1662 1110 1797 1149 neque
1828 1099 1939 1137 enim
1967 1111 2201 1150 repugnan-

1162 1158 1262 1196 tiam
1284 1158 1411 1196 ullam
1435 1160 1662 1208 continent,
1685 1160 1754 1198 sed
1779 1160 1911 1211 potius
1933 1162 2112 1200 maxime
2132 1173 2199 1201 00-

1162 1218 1333 1268 haerent,
1356 1220 1504 1260 debere
1525 1221 1766 1273 religiosum
1787 1234 1860 1261 sua
1881 1235 1931 1261 ex
1952 1227 2047 1262 voto
2068 1223 2199 1274 dispo-

1162 1292 1261 1320 nere
1290 1311 1299 1328 ,
1332 1282 1456 1320 etiam
1486 1283 1529 1320 in
1563 1283 1631 1333 pia
1666 1295 1802 1334 opera,
1827 1287 1867 1322 et
1895 1288 2037 1323 votum
2064 1285 2198 1335 ipsum

1162 1343 1361 1390 emisisse,
1385 1348 1431 1382 ut
1462 1344 1678 1382 consilium
1712 1345 1922 1395 Evangelii
1949 1358 2020 1384 seu
2054 1346 2201 1385 Christi

1163 1409 1419 1454 sequeretur,
1442 1410 1487 1443 ut
1508 1406 1640 1456 majus
1662 1406 1742 1444 Deo
1771 1406 2010 1457 obsequium
2033 1411 2201 1458 praesta-

1162 1469 1238 1511 ret,
1261 1470 1307 1504 ut
1327 1478 1428 1516 opus
1449 1467 1616 1517 majoris
1636 1468 1898 1518 perfectionis
1919 1469 2072 1508 ederet.

1215 1527 1279 1565 11.
1316 1527 1491 1573 Qacestz'o
1520 1529 1695 1576 suborta,
1724 1541 1776 1569 an
1796 1531 1927 1570 valeat
1953 1531 2199 1578 distributio,

1159 1599 1247 1641 quoe
1268 1589 1379 1628 circa
1397 1590 1650 1629 directionem
1672 1590 1910 1643 Superioris
1932 1595 2017 1631 erat
2035 1592 2198 1633 illicita.

1159 1671 1211 1680 —
1226 1650 1300 1688 Hic
1320 1661 1417 1689 vero
1450 1651 1722 1702 interrogabit
1743 1652 1894 1703 aliquis
1923 1653 2110 1702 ulterius,
2130 1666 2199 1703 an,

1161 1711 1258 1750 licet
1284 1712 1478 1751 alienatio
1499 1713 1607 1752 facta
1637 1714 1786 1765 absque
1813 1715 2036 1754 directione
2072 1717 2202 1767 Supe-

1161 1774 1280 1812 rioris
1303 1775 1444 1813 illicita
1466 1777 1516 1813 sit
1539 1779 1580 1814 et
1599 1777 1814 1826 sacrilega,
1837 1777 1972 1814 valida
1989 1777 2201 1816 nihilomi—

1161 1848 1238 1875 nus
1264 1836 1425 1875 evadat.
1449 1837 1551 1875 Cum
1573 1838 1684 1876 enim
1704 1838 1903 1888 ejusmodi
1932 1838 2128 1887 religiosi,
2151 1839 2201 1879 de

1162 1897 1312 1947 quibus
1332 1896 1556 1947 loquimur,
1582 1897 1739 1935 domini
1760 1899 1856 1946 sint,
1879 1902 1919 1936 et
1940 1900 2105 1948 propria
2131 1911 2202 1940 vo-

1162 1958 1321 1997 luntate
1362 1970 1434 1996 sua
1467 1958 1574 1996 bona
1610 1958 1810 2006 tribuant,
1837 1963 1883 1996 ut
1915 1960 2198 2011 supponimus,

1162 2023 1342 2069 spectato
1363 2020 1455 2070 jure
1479 2024 1636 2058 naturae
1660 2019 1796 2058 valida
1817 2025 1876 2059 est
1897 2021 1990 2060 talis
2017 2022 2197 2062 donatio.

1161 2081 1331 2121 Nullum
1352 2086 1490 2120 autem
1513 2086 1575 2120 est
1591 2083 1656 2133 jus
1677 2083 1921 2133 positivum,
1945 2084 2053 2134 quod
2085 2085 2200 2124 illam

1162 2142 1295 2181 irritet
1316 2153 1328 2192 3
1352 2155 1447 2181 nam
1466 2145 1575 2194 jura,
1597 2155 1687 2193 quae
1711 2144 1852 2181 dicunt
1873 2143 2113 2183 donationes
2133 2145 2200 2185 vel

1161 2204 1447 2253 alienationes,
1470 2217 1494 2243 a
1520 2205 1710 2255 religioso
1731 2205 1870 2252 factas,
1887 2218 1968 2244 non
1990 2218 2073 2244 esse
2099 2207 2199 2246 vali-

1162 2265 1245 2312 das,
1275 2265 1500 2316 loquuntur
1524 2266 1645 2316 juxta
1675 2266 1893 2316 antiquum
1918 2271 1957 2305 et
1978 2279 2199 2309 commune

1157 2326 1224 2375 jus
1245 2325 1294 2364 de
1312 2326 1529 2375 religiosis,
1557 2328 1626 2377 qui
1649 2338 1812 2377 capaces
1835 2340 1918 2366 nou
1942 2332 2037 2366 sunt
2071 2329 2200 2369 domi-

1158 2387 1233 2425 nii.
1256 2388 1321 2425 Sic
1340 2391 1480 2425 autem
1499 2387 1710 2438 loquimur
1729 2389 1778 2427 de
1797 2389 1994 2440 religiosis
2013 2389 2200 2429 habenti-

1158 2447 1233 2486 bus
1253 2448 1392 2499 aliqua
1412 2448 1534 2496 bona,
1556 2449 1605 2488 de
1624 2450 1771 2500 quibus
1791 2452 1947 2501 possint
1967 2451 2196 2502 disponere,

1158 2516 1197 2549 et
1214 2511 1303 2549 ideo
1322 2524 1406 2549 non
1423 2513 1541 2562 juxta
1558 2524 1776 2550 commune
1792 2514 1875 2562 jus,
1898 2514 1967 2552 sed
1987 2515 2103 2563 juxta
2122 2514 2199 2553 ali-

1158 2572 1267 2623 quod
1303 2573 1476 2622 speciale
1510 2573 1559 2612 de
1588 2574 1669 2612 illis
1697 2575 1968 2624 judicandum
2000 2581 2085 2614 est:
2110 2576 2199 2615 nul-

1158 2633 1245 2671 lum
1278 2638 1416 2672 autem
1449 2635 1659 2673 invenitur
1688 2636 1753 2685 jus
1774 2637 1946 2686 speciale
1968 2637 2196 2687 Societatis‚

1158 2707 1239 2745 quo
1259 2695 1351 2734 talis
1373 2695 1566 2734 alienatio
1587 2696 1770 2735 irritetur
1786 2707 1797 2745 ;
1821 2710 1916 2747 ergo
1948 2699 2096 2736 retinet
2127 2711 2198 2738 va-

1159 2756 1288 2795 lorem
1324 2769 1447 2807 quem
1483 2756 1606 2795 habet
1633 2757 1724 2808 jure
1760 2763 1930 2797 naturae.
1963 2759 2006 2797 In
2039 2763 2198 2799 contra-

1158 2819 1267 2857 rium
1298 2823 1436 2857 autem
1466 2823 1541 2866 est,
1572 2820 1667 2870 quia
1693 2819 1907 2869 religiosus
1935 2832 2016 2858 non
2044 2826 2104 2859 est
2135 2822 2198 2861 sui

1156 2881 1274 2932 juris,
1296 2893 1428 2932 neque
1449 2881 1573 2919 habet
1604 2880 1707 2919 velle
1736 2893 1869 2931 neque
1900 2881 2006 2919 nolle
2022 2892 2033 2930 ;
2054 2882 2099 2920 hi
2127 2894 2198 2921 au-

1159 2946 1243 2980 tem
1264 2946 1358 2980 sunt
1372 2954 1466 2981 vere
1486 2942 1686 2992 religiosi,
1704 2945 1744 2980 et
1761 2942 1893 2992 quoad
1913 2942 2020 2980 hanc
2040 2948 2198 2993 partem

1158 3007 1242 3043 tam
1268 3004 1446 3054 perfecte
1467 3004 1657 3054 subjecti,
1688 3007 1728 3042 et
1754 3003 1876 3042 alieni
1894 3004 2011 3054 juris,
2036 3017 2107 3055 per
2127 3016 2198 3044 vo-

1158 3069 1247 3104 tum
1268 3065 1524 3113 obedientiae,
1542 3077 1588 3103 ac
1612 3064 1785 3116 quilibet
1813 3065 1883 3103 alii
1904 3065 2085 3114 religiosi
2102 3080 2112 3113 3
2135 3077 2198 3104 er-

1158 3138 1225 3178 go,
1249 3126 1343 3164 licet
1362 3126 1591 3165 dominium
1619 3126 1815 3171 habeant,
1839 3138 1921 3163 non
1947 3126 2100 3165 habent
2127 3137 2197 3165 vo-

1158 3188 1359 3227 luntatem
1401 3188 1672 3227 sufficientem
1704 3188 1755 3226 ad
1789 3187 2116 3226 transferendum
2146 3187 2195 3228 il—

1159 3250 1244 3289 lud.
1266 3250 1435 3301 Propter
1451 3261 1574 3300 quam
1589 3249 1791 3288 rationem
1810 3254 1967 3300 partem
1989 3249 2093 3287 lianc
2110 3259 2193 3285 am-

1159 3311 1303 3363 plexus
1325 3314 1385 3350 est
1403 3311 1630 3350 Ludovicus
1649 3311 1815 3359 Molina,
1835 3315 1935 3349 tom.
1960 3312 1979 3348 1
2003 3311 2052 3348 de
2072 3310 2091 3347 J
2099 3307 2194 3345 usti-

1152 3373 1234 3426 113,
1249 3377 1366 3412 tract.
1380 3375 1420 3416 2,
1438 3373 1588 3424 disput.
1603 3373 1824 3411 centesima
1842 3371 2053 3422 trigesima
2070 3377 2192 3415 nona,

1162 3447 1265 3475 vers.
1296 3435 1373 3475 Illi
1398 3435 1467 3487 qui
1494 3439 1677 3487 tempore,
1698 3434 1769 3473 ubi
1787 3435 1909 3472 etiam
1931 3431 2085 3469 nullam
2114 3428 2195 3467 dis-

1164 3497 1408 3535 tinctionem
1445 3496 1543 3535 facit
1576 3497 1682 3535 inter
1717 3494 2006 3534 alienationem
2041 3489 2092 3528 ad
2127 3488 2190 3540 pia

1166 3569 1304 3609 opera,
1325 3561 1366 3598 et
1382 3557 1434 3597 ad
1455 3558 1556 3597 alios
1571 3569 1683 3606 usus,
1705 3557 1802 3608 quia
1819 3563 1979 3600 revera,
1993 3554 2191 3602 quantum
