2352 3880
135 324 369 371 societatis,
395 321 482 361 ulla
506 325 568 360 est
594 321 752 361 mentio
771 321 867 362 talis
898 322 1083 362 effectus.
1095 321 1174 364 vel

140 389 250 427 esset
267 383 475 436 generalis
508 383 752 434 approbatio
773 396 850 435 per
882 384 1050 424 decreta
1064 384 1172 436 juris

140 444 388 492 communis,
403 447 444 484 et
464 443 546 484 hoc
562 445 686 484 etiam
705 444 786 484 dici
806 458 890 485 non
908 450 1056 497 potest,
1074 445 1172 497 quia

136 506 204 560 jus
223 517 444 545 commune
460 505 595 544 solum
608 506 713 546 votis
733 507 990 547 solemnibus
1009 507 1171 546 emissis

139 569 182 607 in
197 566 458 618 professione
477 567 691 619 religionis
713 569 903 608 concedit
918 569 1030 608 hunc
1047 568 1173 608 effec-

138 633 243 676 tum,
261 632 309 668 ut
323 633 436 681 patet
451 641 503 670 ex
520 630 700 670 Concilio
717 631 1089 678 T1=identino‚sess.
1101 632 1171 679 24,

138 703 232 732 can.
252 692 295 740 6,
315 691 388 731 uhi
407 691 459 732 de
479 692 656 731 solemni
687 693 942 744 professione
962 693 1043 732 1100
1069 691 1173 731 defi-

137 755 256 796 niens
275 754 397 793 tacite
418 755 474 793 ita
510 754 688 806 explicat
711 754 810 806 jura
838 755 1023 804 antiqua,
1052 758 1094 794 et
1120 753 1173 793 si·

138 815 306 869 gnificat
324 827 407 854 non
421 815 540 854 aliter
557 815 675 854 solvi.
694 817 797 855 Item
815 827 865 854 ex
888 827 978 866 cap.
1012 815 1170 864 Verum,

137 890 230 930 cap.
259 878 332 918 Ex
356 877 528 930 publiw,
547 880 589 915 et
623 889 716 927 cap.
752 877 824 916 Ex
843 881 974 929 parte,
993 875 1046 916 de
1071 876 1173 916 Con-

137 951 245 981 vers.
266 939 493 989 conjugat„
517 941 558 977 et
583 938 801 989 Extravag.
827 938 949 978 unica
978 938 1031 978 de
1047 938 1170 987 Voto,

134 990 286 1042 Joann.
312 1000 432 1039 XXII.
452 1000 498 1038 In
526 999 628 1050 ipsis
647 1002 787 1039 autem
808 1000 936 1039 Bullis
955 1004 995 1039 et
1019 999 1173 1039 consti-

134 1062 363 1103 tutionibus
377 1061 634 1100 declaratum
650 1065 726 1111 est,
749 1061 837 1101 haec
856 1066 950 1100 vota
966 1073 1051 1100 non
1078 1072 1171 1100 esse

135 1124 351 1171 solemnia,
374 1134 511 1172 neque
547 1127 690 1162 actum
717 1123 849 1170 illum,
870 1123 911 1161 in
947 1135 1030 1172 quo
1054 1122 1172 1162 emit-

134 1191 279 1228 tuntur
309 1189 349 1224 et
376 1183 647 1235 recipiuntur,
672 1196 763 1225 esse
784 1184 1087 1236 professionem
1105 1196 1175 1224 re-

133 1247 313 1299 ligionis,
340 1244 392 1285 de
421 1257 501 1296 qua
535 1246 632 1296 jura
664 1246 903 1285 communia
927 1246 1174 1296 loquuntur.

134 1309 239 1348 Nam
258 1306 481 1357 Gregorius
503 1306 625 1345 etiam
636 1306 723 1346 XIII
744 1319 867 1359 supra
888 1306 1072 1346 declarat
1082 1306 1175 1346 sine

134 1369 206 1410 tali
236 1368 491 1420 professione
513 1367 603 1406 fieri
624 1369 808 1420 aliquem
833 1379 980 1407 verum
1011 1367 1174 1417 religio-

135 1442 228 1470 sum
250 1442 325 1480 per
343 1430 439 1469 talia
458 1433 578 1476 vota3
601 1442 702 1480 ergo
724 1441 776 1468 eo
802 1430 896 1480 ipso
916 1427 1177 1467 declaratum

136 1495 238 1538 erat,
264 1503 314 1529 ex
336 1491 377 1528 vi
403 1489 510 1541 juris
528 1489 764 1531 eommurjs
787 1502 874 1529 11011
891 1489 1048 1532 habere
1073 1500 1168 1542 prae·

135 1552 242 1592 dicta
264 1555 359 1590 vota
378 1551 495 1589 illum
512 1551 725 1590 effectum.

188 1615 228 1654 5.
263 1613 539 1662 Confirmatur
559 1614 628 1653 hoc
645 1611 860 1654 secundum
879 1615 1172 1664 aryumentum.

136 1698 189 1707 —-
207 1675 359 1716 Tertio.
377 1696 430 1704 —
447 1675 494 1714 Et
513 1674 785 1714 confirmatur
804 1704 819 1723 ‚
839 1675 939 1726 quia
966 1676 1076 1714 hanc
1108 1686 1177 1715 so-

134 1739 218 1778 lam
240 1738 294 1777 ob
314 1749 483 1776 eausam
504 1738 603 1776 satis
631 1742 730 1776 tunc
747 1737 1006 1776 declaratum
1027 1747 1171 1777 cense-

136 1800 338 1839 batnrilla
353 1804 447 1837 vota
465 1811 547 1837 non
570 1799 732 1838 irritare
752 1799 1062 1839 matrimonium
1080 1798 1176 1838 sub-

137 1873 334 1912 sequens,
368 1860 469 1911 quia
505 1860 826 1900 declarabantur
854 1860 925 1899 illa
952 1865 1047 1899 vota
1082 1871 1174 1900 esse

138 1922 341 1972 simplicia
359 1951 369 1967 ‚
404 1925 445 1960 et
475 1921 517 1959 in
546 1922 658 1972 jure,
680 1925 823 1960 votum
838 1950 851 1969 ‚
874 1921 987 1971 quod
1020 1920 1177 1961 dirimit

139 1984 395 2033 subsequens
423 1982 735 2022 matrimonium
756 2012 766 2029 ‚
789 1981 975 2021 solemne
1008 1982 1174 2031 dicitur,

138 2058 229 2096 cap.
257 2045 377 2083 unico
401 2044 452 2083 de
482 2046 585 2083 Volo
600 2074 612 2092 ‚
635 2045 675 2082 in
696 2045 735 2083 6.
760 2045 809 2083 Et
827 2044 940 2095 qnod
958 2044 1102 2083 attinet
1121 2043 1177 2083 ad

139 2112 279 2146 votum
303 2106 529 2156 religioniS‚
556 2106 693 2144 solum
724 2105 825 2144 illud
860 2106 943 2144 tale
964 2110 1174 2154 censetur,

139 2168 250 2219 quod
270 2167 311 2206 in
332 2167 590 2218 professione
614 2167 660 2206 fit
680 2179 691 2213 ;
714 2179 815 2218 ergo
839 2166 987 2206 eadem
1015 2167 1176 2207 ratione

140 2230 397 2270 declaratum
427 2229 555 2268 fuisse
588 2229 848 2268 censendum
879 2234 967 2276 est,
989 2228 1060 2268 illa
1080 2233 1177 2269 vota

140 2292 354 2332 Societatis
384 2303 468 2330 non
495 2291 709 2330 diremisse
731 2292 1041 2331 matrimonium
1062 2291 1178 2342 prius

139 2354 308 2394 factum.
333 2353 450 2399 Quod
471 2352 582 2391 enim
602 2352 771 2402 quidam
794 2353 937 2392 dicunt
952 2384 964 2402 ,
987 2354 1099 2392 hunc
1121 2352 1179 2392 ef—

138 2414 293 2454 fectum
312 2426 396 2452 non
419 2426 508 2453 esse
531 2426 777 2453 concessum
810 2414 1057 2465 professioni
1084 2426 1178 2466 pro-

138 2475 228 2527 prie
247 2481 436 2526 sumptae,
460 2480 532 2515 aut
551 2479 647 2515 voto
665 2476 857 2522 solemni,
877 2476 951 2516 sed
968 2476 1091 2516 statui
1111 2488 1180 2516 re-

138 2538 321 2590 ligionis,
335 2543 375 2576 et
391 2542 485 2577 voto
507 2538 755 2589 cuicumque
774 2538 993 2578 sufficienti
1010 2539 1064 2578 ad
1081 2550 1179 2577 con-

139 2600 395 2639 stituendum
430 2600 555 2639 talem
589 2604 741 2639 statum
761 2629 773 2648 ‚
808 2601 924 2640 nullo
957 2601 1177 2641 sufficienti

138 2662 412 2702 fundamento
449 2661 584 2713 magis
605 2661 770 2701 ostendi
801 2666 937 2712 potest
958 2662 1010 2701 de
1034 2667 1179 2714 praete-

139 2723 235 2771 rito,
257 2737 382 2775 quam
405 2723 458 2762 de
475 2724 614 2762 futuro
634 2723 918 2762 matrimonio.
936 2724 1072 2763 Tertio
1088 2729 1180 2764 tan-

141 2784 237 2824 dem
271 2785 486 2836 probatur,
515 2783 614 2834 quia
644 2783 902 2823 consuetudo
935 2789 1000 2824 est
1021 2785 1178 2835 optima

140 2845 285 2897 legum
315 2847 544 2895 interpres;
565 2846 608 2884 in
635 2844 708 2884 illo
732 2857 830 2884 vero
862 2849 1049 2896 tempore
1070 2857 1179 2885 nun·

142 2917 269 2958 qnam
287 2907 356 2945 illa
374 2911 469 2946 vota
487 2909 654 2957 recepta
669 2908 781 2952 sunt,
800 2910 846 2946 ut
862 2907 1109 2946 sufficientia
1123 2906 1179 2947 ad

142 2969 424 3009 dirimendum
444 2968 783 3015 matrimonium;
805 2981 945 3021 neque
967 2970 1176 3010 communi

143 3031 444 3070 consuetudine
470 3036 544 3070 aut
571 3031 848 3070 aestimatione
881 3031 993 3071 aliud
1021 3031 1179 3073 factum

143 3095 206 3133 est
239 3104 428 3144 unquam
463 3095 536 3131 aut
562 3093 835 3141 declaratum,
860 3096 908 3132 ut
934 3096 1094 3134 constat
1125 3106 1177 3134 ex

142 3156 354 3197 communi
370 3155 485 3207 praxi
499 3155 624 3206 hujus
637 3155 848 3206 religionis
862 3167 873 3202 ;
890 3167 990 3206 ergo
1010 3156 1179 3208 signum

143 3220 208 3259 est
225 3217 322 3258 talia
342 3221 438 3256 vota
457 3229 542 3256 non
563 3216 761 3256 hahuisse
782 3217 896 3257 hunc
910 3217 1119 3257 effectum.

196 3279 240 3321 6.
268 3279 422 3321 Deinde
451 3279 496 3319 de
531 3283 701 3330 tempore
725 3279 946 3330 posteriora
978 3279 1180 3331 probam·

144 3341 276 3384 eadem
288 3340 487 3385 ¹remeantia
500 3341 925 3392 primm—Instantia.
939 3344 1177 3382 renovetur.

146 3425 199 3433 —
211 3403 274 3444 Ex
292 3403 356 3442 his
375 3402 501 3442 facile
524 3405 588 3442 est
612 3402 791 3454 gradum
809 3401 950 3442 facere
967 3401 1023 3441 ad
1037 3405 1180 3454 poste·

146 3465 230 3504 rius
250 3476 325 3504 seu
343 3475 528 3516 praesens
546 3465 728 3515 tempus,
750 3466 795 3503 et
808 3463 862 3503 de
886 3463 960 3503 illo
977 3463 1089 3502 idem
1111 3475 1180 3503 os-

147 3525 319 3565 tendere
337 3525 420 3566 1100
433 3525 762 3578 enthymemate,
774 3525 870 3576 quia
887 3537 962 3577 per
977 3525 1179 3565 eonstitu-

146 3585 302 3628 tionem
329 3585 782 3639 praedictamflregorii
811 3587 903 3627 xm
931 3587 1036 3626 nihil
1069 3587 1180 3627 circa

147 3645 228 3690 1100
242 3654 447 3704 puuctum
465 3650 712 3698 innovatum
733 3652 821 3699 esu
840 3659 945 3703 ergo
959 3648 1005 3692 in
1026 3647 1179 3698 eodem

489 256 568 291 1111.
589 254 648 290 iv,
670 255 726 289 ne
743 224 865 293 mins
884 254 1136 294 simumus
1155 254 1471 294 0110111111οη
1490 253 1787 298 ramnum-2
1799 250 1906 300 m

1226 327 1335 364 statu
1354 327 1589 375 permanet,
1617 323 1662 363 in
1695 333 1786 375 quo·
1807 326 1933 363 antea
1955 325 2061 364 emt.
2078 321 2255 365 Antece-

1224 385 1330 426 dens
1351 386 1466 437 patet
1484 397 1536 426 ex
1555 384 1694 425 verbis
1713 383 1904 436 ejusdem
1924 382 2255 426 constitutionis:

1225 447 1314 489 Neo
1335 449 1425 487 ante
1446 446 1675 498 hujumodi,
1706 445 2040 495 dissolutionem,
2060 449 2157 487 raa:
2177 444 2256 488 So-

1227 508 1368 549 cietate
1385 507 1672 553 dimissionem,
1693 507 1992 548 matrimonium·
2011 506 2256 556 omnim,

1223 570 1321 623 quin
1338 570 1419 608 imo
1435 580 1497 609 eoo
1511 581 1641 610 omnes
1656 569 1711 610 ad
1725 568 2033 608 contrahendum
2048 566 2259 616 inhahitat,

1223 641 1273 670 ac
1291 632 1517 671 contractus
1539 630 1768 675 huiusmodi
1790 630 1923 670 nullos
1943 633 1979 670 et
1997 628 2143 669 irritos
2162 639 2258 675 osae,

1221 694 1342 741 prout
1364 691 1506 731 irritos
1535 692 1707 742 sacimas
1737 694 1773 732 ot
1799 690 2070 731 annullamus.
2093 689 2152 728 Ex
2172 686 2259 738 qui-

1224 751 1304 792 bus
1319 751 1459 791 verbis
1479 756 1652 799 constat,
1672 751 1910 792 Pontificem
1929 751 2064 790 solum
2079 749 2260 789 addidis-

1225 824 1273 853 se
1298 813 1363 852 his
1393 812 1499 853 votis
1528 824 1685 854 novum
1711 813 2060 866 impedimentum
2094 811 2261 852 irritans

1225 874 1538 913 matrimonium
1556 878 1701 925 postea
1721 874 2002 921 subsecutum,
2024 874 2078 912 de
2103 883 2260 924 praece·-

1225 935 1343 975 denti
1362 948 1460 976 vero
1479 936 1638 974 nullam
1666 935 1816 975 fecisse
1845 936 2120 976 mentionem.
2141 931 2264 980 Quod

1225 1010 1325 1038 vero
1366 1010 1500 1037 unum
1549 998 1631 1038 sub
1682 997 1814 1037 altero
1845 1010 1931 1037 non
1986 995 2262 1047 eomprehen-

1225 1058 1371 1107 datur,
1397 1071 1476 1099 nec
1506 1070 1557 1099 ex
1589 1059 1661 1098 illo
1693 1062 1997 1109 consequatur,
2019 1053 2278 1098 ostendetur

1222 1120 1441 1173 probando
1474 1120 1597 1160 simul
1627 1120 1973 1170 consequentiam
1994 1118 2091 1158 facti
2113 1119 2263 1170 enthy-

1223 1184 1434 1223 mematis.
1461 1183 1535 1222 Illa
1557 1195 1657 1222 vero
1677 1182 1880 1234 probatur
1906 1181 2040 1232 primo
2074 1193 2125 1221 ex
2153 1179 2266 1221 dicta

1225 1245 1445 1295 Extravag.
1466 1244 1518 1284 de
1551 1246 1651 1283 Voto
1681 1244 1859 1283 ,loannis
1877 1243 2015 1292 XXII,
2044 1242 2115 1281 ubi
2141 1239 2267 1281 simili

1228 1310 1475 1358 argumento
1500 1305 1663 1355 probat,
1686 1307 1830 1343 votum
1858 1305 1963 1342 sacri
1993 1303 2157 1343 Ordinis
2179 1314 2264 1342 non

1227 1367 1422 1406 dirimere
1444 1366 1753 1405 matrimonium
1773 1369 1911 1405 ratum
1941 1365 2054 1416 prius
2077 1369 2271 1419 contrac-⁸

1225 1432 1330 1475 tum,
1353 1428 1451 1479 quia
1469 1428 1805 1467 Ecclesiasticum
1823 1427 1895 1478 jus
1924 1428 2060 1466 solum
2084 1426 2266 1476 disponit

1223 1494 1274 1530 ut
1292 1490 1458 1529 dirimat
1478 1490 1829 1539 contrahendum,
1847 1492 1890 1528 et
1904 1488 1958 1528 de
1973 1491 2189 1528 contracto
2205 1487 2265 1526 ni-

1228 1553 1288 1591 hil
1305 1552 1503 1603 loquitur.
1524 1553 1647 1591 Recte
1671 1563 1771 1602 ergo
1796 1562 1875 1589 nos
1895 1550 1938 1588 in
1963 1549 2156 1600 praesenti
2183 1547 2266 1587 col·

1227 1614 1395 1665 ligimus
1413 1627 1424 1660 ;
1457 1617 1518 1653 est
1541 1613 1654 1651 enim
1690 1612 1840 1651 eadem
1871 1610 2006 1650 forma
2039 1621 2268 1661 argumen-

1229 1675 1360 1724 tandi,
1383 1678 1425 1713 et
1443 1674 1613 1712 omnino
1635 1672 1783 1712 eadem
1803 1672 1923 1719 ratio,
1945 1672 2151 1718 videlicet,
2171 1671 2274 1726 pluss

1231 1749 1324 1776 esse
1344 1736 1537 1775 dirimere
1556 1735 1729 1783 factum,
1746 1746 1873 1786 quam
1891 1733 2092 1784 impedire
2112 1733 2269 1772 faciene-

1229 1797 1327 1838 dum
1345 1810 1357 1845 ;
1378 1797 1576 1847 nulloque
1598 1796 1723 1835 modo
1750 1796 1792 1834 in
1818 1796 1896 1834 hoc
1920 1795 2137 1846 posteriori
2166 1793 2268 1833 illud

1228 1860 1343 1911 prius
1366 1859 1583 1898 contineri.
1605 1859 1747 1908 Neque
1769 1857 1918 1902 obstat,
1938 1857 1969 1894 si
1987 1856 2078 1905 quis
2100 1855 2268 1906 objiciat
2324 1852 2331 1857 ’

1230 1921 1327 1973 quia
1364 1921 1516 1971 optime
1545 1919 1720 1958 insertur
1746 1929 1758 1958 :
1785 1917 1937 1956 dirimit
1976 1920 2266 1964 contractum;

1231 1995 1330 2034 ergo
1349 1982 1523 2034 impedit
1538 1980 1892 2027 contrahendum
1915 1980 1970 2018 ita
1989 1981 2114 2019 etiam
2132 1992 2154 2019 e
2170 1992 2268 2019 con·

1229 2045 1356 2085 110110
1371 2047 1593 2094 sequetur:
1610 2043 1763 2082 dirimit
1784 2042 2114 2082 contrahendum
2131 2052 2144 2091 3
2167 2054 2267 2094 ergo

1231 2111 1272 2147 et
1289 2110 1563 2146 contractum.
1582 2106 1765 2156 Negatur
1778 2105 1887 2142 enim
1901 2103 2153 2149 consecutio,
2168 2103 2269 2154 quia

1230 2169 1343 2220 prior
1363 2167 1490 2206 illatio
1511 2171 1570 2207 est
1591 2178 1617 2205 a
1635 2165 1783 2217 majori
1804 2165 1859 2204 ad
1881 2165 2048 2211 miuus;
2071 2164 2167 2215 quia
2188 2164 2267 2204 dif-

1229 2230 1378 2271 ficilius
1395 2232 1460 2269 est
1479 2228 1639 2267 solvere
1659 2227 1831 2278 ligatum
1852 2238 1976 2276 quam
1995 2226 2197 2276 impedire
2209 2237 2266 2266 ne

1230 2291 1394 2343 ligetur,
1414 2290 1662 2340 turpiusque
1683 2289 1847 2340 ejicitur
1864 2299 1991 2338 quam
2010 2299 2095 2325 non
2117 2287 2269 2327 admit·
2328 2290 2330 2292 ’

1231 2353 1328 2393 titur
1349 2353 1514 2403 hospes.
1540 2351 1629 2390 Alia
1652 2362 1751 2389 vero
1770 2349 1898 2388 illatio
1918 2360 2000 2387 11011
2022 2353 2084 2388 est
2113 2348 2268 2399 forma-e

1231 2413 1297 2464 115,
1316 2414 1535 2464 solumque
1561 2413 1603 2452 111
1629 2411 1817 2451 terminis
1837 2409 2179 2450 convertibilihus
2204 2409 2267 2452 10-

1231 2487 1327 2516 011111
1360 2475 1502 2515 habet.
1533 2473 1653 2512 Addo
1684 2474 1808 2513 etiam
1832 2472 2011 2524 priorem
2042 2471 2268 2512 illationem

1229 2550 1317 2578 non
1332 2549 1425 2576 esse
1442 2548 1517 2587 per
1531 2535 1669 2574 locum
1690 2534 1979 2580 intrinsecum,
1999 2532 2095 2573 licet
2112 2532 2165 2572 de
2183 2532 2267 2572 fac-

1229 2603 1274 2639 to
1293 2598 1514 2639 credamus
1533 2609 1623 2637 esse
1643 2596 1798 2636 bonam
1824 2594 2054 2635 secundum
2074 2592 2268 2634 Ecclesiae

1230 2672 1394 2701 morem
1422 2659 1575 2699 rationi
1609 2662 1961 2702 consentaneum;
1988 2657 2031 2693 at
2060 2655 2265 2706 posterior

1230 2727 1380 2763 neutro
1398 2721 1524 2760 modo
1546 2719 1682 2758 valida
1703 2721 1781 2758 est.

1284 2784 1324 2822 7.
1364 2781 1571 2822 Probatur
1589 2779 1770 2820 secundo.
1788 2777 1976 2818 ——Unde
1993 2781 2265 2828 argumentor

1230 2842 1413 2884 secundo
1433 2870 1446 2891 ,
1474 2842 1571 2893 quia
1590 2841 1720 2880 multa
1741 2839 1825 2880 alia
1845 2845 1940 2880 suut
1965 2841 2265 2892 impedimenta

1230 2904 1433 2945 irritantia
1449 2903 1761 2942 matrimonium
1781 2903 2112 2942 contrahendum
2127 2931 2142 2951 ,
2168 2913 2266 2954 quae.

1231 2979 1316 3007 non
1336 2966 1535 3005 dirimunt
1557 2969 1835 3011 contractum;
1855 2976 1971 3015 ergO,
1987 2964 2084 3004 licet
2100 2965 2182 3004 hoc
2191 2975 2267 3005 nu·
2316 2958 2352 2974 “⁵

1230 3040 1329 3068 vum
1369 3026 1718 3078 impedimentum
1752 3026 1796 3064 in
1831 3026 2035 3066 Societate
2081 3025 2264 3076 positum
2334 3050 2338 3052 -

1229 3089 1360 3130 fuerit.
1372 3092 1566 3140 respectu
1582 3087 1709 3126 futuri
1728 3087 1943 3138 temporis,
1960 3098 2036 3126 seu
2054 3086 2265 3126 matrimo-

1229 3153 1306 3202 nii,
1324 3164 1409 3192 non
1430 3151 1618 3202 sequitur
1638 3150 1834 3190 dirimere
1852 3150 2120 3201 praeteritum.
2139 3150 2265 3190 Ante-

1232 3213 1386 3255 cedens
1403 3217 1531 3264 patet,
1545 3212 1643 3263 quia
1660 3210 1884 3262 aliquando
1901 3210 2263 3261 hocimpedimen-
2329 3215 2335 3269 ss

1228 3279 1319 3316 tum
1338 3275 1506 3327 ponitur
1531 3274 1576 3314 in
1601 3274 1790 3314 favorem
1817 3273 1970 3325 prioris
1993 3271 2264 3320 matrimonii,

1229 3338 1298 3378 vel
1318 3337 1360 3378 in
1381 3348 1548 3389 poenam
1563 3336 1704 3375 delicti
1722 3334 1950 3382 uxoriaiffli,
1967 3334 2034 3373 vel
2053 3333 2266 3375 maehina-
2326 3326 2352 3386 JK}

1229 3399 1355 3441 tionis
1371 3400 1541 3440 alterius
1562 3398 1745 3450 conjugii
1765 3409 1776 3436 :
1797 3395 2009 3436 interdum
2026 3395 2195 3446 ponitur
2208 3393 2264 3433 oh

1231 3460 1467 3502 decentiam
1473 3460 1888 3511 ‚utimpedimentum
1896 3454 2264 3507 consanguinitatis
2320 3460 2333 3485 ³

1229 3522 1296 3563 vel
1311 3522 1544 3571 affimtatis3
1562 3522 1771 3562 interdum
1788 3519 1847 3560 ob
1863 3519 1971 3559 altas
1980 3528 2150 3564 causas,
2169 3526 2266 3567 qun

1228 3596 1320 3628 nnn
1345 3590 1520 3639 poemat
1548 3582 1891 3629 accommodari.
1914 3579 1982 3622 vel
2005 3590 2091 3619 non
2120 3578 2179 3620 ita
2196 3588 2265 3621 aar·

1228 3648 1549 3695 commodantur
1579 3645 1791 3703 pretenta
1820 3641 1933 3688 actui
1967 3641 2075 3684 sicut
2099 3642 2303 3687 tuturo.
