<?xml version="1.0" encoding="UTF-8"?>
<!DOCTYPE html PUBLIC "-//W3C//DTD XHTML 1.0 Transitional//EN"
    "http://www.w3.org/TR/xhtml1/DTD/xhtml1-transitional.dtd">
<html xmlns="http://www.w3.org/1999/xhtml" xml:lang="en" lang="en">
 <head>
  <title>
</title>
<meta http-equiv="Content-Type" content="text/html;charset=utf-8" />
  <meta name='ocr-system' content='tesseract 3.04.00' />
  <meta name='ocr-capabilities' content='ocr_page ocr_carea ocr_par ocr_line ocrx_word'/>
</head>
<body>
  <div class='ocr_page' id='page_1' title='image "./operaomnia16suaauoft_0221.png"; bbox 0 0 2352 3880; ppageno 0'>
   <div class='ocr_carea' id='block_1_1' title="bbox 0 0 314 1835">
    <p class='ocr_par' dir='ltr' id='par_1_1' title="bbox 0 0 314 1835">
     <span class='ocr_line' id='line_1_1' title="bbox 0 0 314 550; baseline 0 -348"><span class='ocrx_word' id='word_1_1' title='bbox 0 0 314 550; x_wconf 95' lang='lat' dir='ltr'><strong>      </strong></span> <span class='ocrx_word' id='word_1_2' title='bbox 191 202 314 244; x_wconf 95' lang='lat' dir='ltr'><strong> </strong></span> 
     </span>
     <span class='ocr_line' id='line_1_2' title="bbox 0 550 41 1835; baseline 0 -1164"><span class='ocrx_word' id='word_1_3' title='bbox 0 550 41 1835; x_wconf 95' lang='lat' dir='ltr'><strong>   </strong></span> 
     </span>
    </p>
   </div>
   <div class='ocr_carea' id='block_1_2' title="bbox 98 239 162 265">
    <p class='ocr_par' dir='ltr' id='par_1_2' title="bbox 98 239 162 265">
     <span class='ocr_line' id='line_1_3' title="bbox 98 239 162 265; baseline 0 -10"><span class='ocrx_word' id='word_1_4' title='bbox 98 239 162 265; x_wconf 51' lang='grc' dir='ltr'><strong>..ὓ</strong></span> 
     </span>
    </p>
   </div>
   <div class='ocr_carea' id='block_1_3' title="bbox 23 265 1094 3713">
    <p class='ocr_par' dir='ltr' id='par_1_3' title="bbox 74 265 1094 391">
     <span class='ocr_line' id='line_1_4' title="bbox 74 265 1094 391; baseline -0.005 -10"><span class='ocrx_word' id='word_1_5' title='bbox 74 265 347 391; x_wconf 32' lang='lat' dir='ltr'><strong>adiendum</strong></span> <span class='ocrx_word' id='word_1_6' title='bbox 363 336 407 376; x_wconf 87' lang='lat' dir='ltr'><strong>in</strong></span> <span class='ocrx_word' id='word_1_7' title='bbox 433 337 626 377; x_wconf 84' lang='lat' dir='ltr'><strong>omnihus</strong></span> <span class='ocrx_word' id='word_1_8' title='bbox 659 337 911 390; x_wconf 86' lang='lat' dir='ltr'><strong>simpliciter,</strong></span> <span class='ocrx_word' id='word_1_9' title='bbox 934 335 1094 377; x_wconf 85' lang='lat' dir='ltr'><strong>etiamsi</strong></span> 
     </span>
    </p>

    <p class='ocr_par' dir='ltr' id='par_1_4' title="bbox 39 391 1093 1970">
     <span class='ocr_line' id='line_1_5' title="bbox 101 391 1093 450; baseline -0.002 -11"><span class='ocrx_word' id='word_1_10' title='bbox 101 391 115 402; x_wconf 58' lang='lat'><strong>⁵</strong></span> <span class='ocrx_word' id='word_1_11' title='bbox 143 400 152 409; x_wconf 84' lang='lat'><strong>‘</strong></span> <span class='ocrx_word' id='word_1_12' title='bbox 198 403 277 439; x_wconf 86' lang='lat' dir='ltr'><strong>aet</strong></span> <span class='ocrx_word' id='word_1_13' title='bbox 293 397 594 450; x_wconf 86' lang='lat' dir='ltr'><strong>perfectissima</strong></span> <span class='ocrx_word' id='word_1_14' title='bbox 628 399 723 447; x_wconf 87' lang='lat' dir='ltr'><strong>sint,</strong></span> <span class='ocrx_word' id='word_1_15' title='bbox 757 398 832 438; x_wconf 88' lang='lat' dir='ltr'><strong>sed</strong></span> <span class='ocrx_word' id='word_1_16' title='bbox 864 403 1026 438; x_wconf 87' lang='lat' dir='ltr'><strong>tantum</strong></span> <span class='ocrx_word' id='word_1_17' title='bbox 1049 398 1093 437; x_wconf 90' lang='lat' dir='ltr'><strong>in</strong></span> 
     </span>
     <span class='ocr_line' id='line_1_6' title="bbox 70 403 1092 516; baseline 0.001 -18"><span class='ocrx_word' id='word_1_18' title='bbox 70 403 258 516; x_wconf 55' lang='lat' dir='ltr'><strong>ffluae</strong></span> <span class='ocrx_word' id='word_1_19' title='bbox 288 459 342 498; x_wconf 86' lang='lat' dir='ltr'><strong>ad</strong></span> <span class='ocrx_word' id='word_1_20' title='bbox 359 459 660 511; x_wconf 83' lang='lat' dir='ltr'><strong>professionem</strong></span> <span class='ocrx_word' id='word_1_21' title='bbox 681 471 766 499; x_wconf 80' lang='lat' dir='ltr'><strong>suae</strong></span> <span class='ocrx_word' id='word_1_22' title='bbox 791 461 946 511; x_wconf 76' lang='lat' dir='ltr'><strong>regulae</strong></span> <span class='ocrx_word' id='word_1_23' title='bbox 978 471 1092 510; x_wconf 90' lang='lat' dir='ltr'><strong>spec·</strong></span> 
     </span>
     <span class='ocr_line' id='line_1_7' title="bbox 48 520 1091 570; baseline -0.001 -10"><span class='ocrx_word' id='word_1_24' title='bbox 48 520 155 570; x_wconf 64' lang='lat' dir='ltr'><strong>mm</strong></span> <span class='ocrx_word' id='word_1_25' title='bbox 171 520 325 560; x_wconf 83' lang='lat' dir='ltr'>directe</span> <span class='ocrx_word' id='word_1_26' title='bbox 362 520 428 560; x_wconf 87' lang='lat' dir='ltr'><strong>vel</strong></span> <span class='ocrx_word' id='word_1_27' title='bbox 461 520 699 569; x_wconf 81' lang='lat' dir='ltr'><strong>reductive3</strong></span> <span class='ocrx_word' id='word_1_28' title='bbox 729 520 802 559; x_wconf 84' lang='lat' dir='ltr'><strong>illa</strong></span> <span class='ocrx_word' id='word_1_29' title='bbox 835 525 975 560; x_wconf 85' lang='lat' dir='ltr'><strong>autem</strong></span> <span class='ocrx_word' id='word_1_30' title='bbox 1007 532 1091 560; x_wconf 90' lang='lat' dir='ltr'><strong>non</strong></span> 
     </span>
     <span class='ocr_line' id='line_1_8' title="bbox 37 580 1093 641; baseline -0.001 -19.996"><span class='ocrx_word' id='word_1_31' title='bbox 37 582 276 641; x_wconf 56' lang='lat' dir='ltr'><strong>&#39;pertinent</strong></span> <span class='ocrx_word' id='word_1_32' title='bbox 300 580 354 620; x_wconf 86' lang='lat' dir='ltr'><strong>ad</strong></span> <span class='ocrx_word' id='word_1_33' title='bbox 384 581 674 620; x_wconf 83' lang='lat' dir='ltr'><strong>monachalem</strong></span> <span class='ocrx_word' id='word_1_34' title='bbox 705 581 1022 632; x_wconf 81' lang='lat' dir='ltr'><strong>professionem,</strong></span> <span class='ocrx_word' id='word_1_35' title='bbox 1046 584 1093 621; x_wconf 92' lang='lat' dir='ltr'><strong>ut</strong></span> 
     </span>
     <span class='ocr_line' id='line_1_9' title="bbox 39 641 1091 699; baseline 0.002 -19.011"><span class='ocrx_word' id='word_1_36' title='bbox 39 646 143 699; x_wconf 61' lang='lat' dir='ltr'><strong>&#39;par</strong></span> <span class='ocrx_word' id='word_1_37' title='bbox 155 653 200 681; x_wconf 86' lang='lat' dir='ltr'><strong>se</strong></span> <span class='ocrx_word' id='word_1_38' title='bbox 229 645 403 681; x_wconf 83' lang='lat' dir='ltr'><strong>constat.</strong></span> <span class='ocrx_word' id='word_1_39' title='bbox 437 641 635 693; x_wconf 92' lang='lat' dir='ltr'><strong>Suppono</strong></span> <span class='ocrx_word' id='word_1_40' title='bbox 671 643 796 682; x_wconf 87' lang='lat' dir='ltr'><strong>etiam</strong></span> <span class='ocrx_word' id='word_1_41' title='bbox 825 655 877 682; x_wconf 86' lang='lat' dir='ltr'><strong>ex</strong></span> <span class='ocrx_word' id='word_1_42' title='bbox 905 643 1091 682; x_wconf 83' lang='lat' dir='ltr'><strong>omnium</strong></span> 
     </span>
     <span class='ocr_line' id='line_1_10' title="bbox 44 703 1092 757; baseline 0.002 -14"><span class='ocrx_word' id='word_1_43' title='bbox 44 703 280 751; x_wconf 65' lang='lat' dir='ltr'><strong>tumentia,</strong></span> <span class='ocrx_word' id='word_1_44' title='bbox 302 707 443 742; x_wconf 85' lang='lat' dir='ltr'><strong>votum</strong></span> <span class='ocrx_word' id='word_1_45' title='bbox 476 703 773 753; x_wconf 73' lang='lat' dir='ltr'><strong>obedientiae,</strong></span> <span class='ocrx_word' id='word_1_46' title='bbox 762 717 806 743; x_wconf 93' lang='lat' dir='ltr'><strong>1n</strong></span> <span class='ocrx_word' id='word_1_47' title='bbox 826 716 1092 757; x_wconf 83' lang='lat' dir='ltr'><strong>quacumque</strong></span> 
     </span>
     <span class='ocr_line' id='line_1_11' title="bbox 43 763 1089 815; baseline 0.002 -12"><span class='ocrx_word' id='word_1_48' title='bbox 43 763 275 815; x_wconf 65' lang='lat' dir='ltr'><strong>tmligione‚</strong></span> <span class='ocrx_word' id='word_1_49' title='bbox 299 767 501 814; x_wconf 83' lang='lat' dir='ltr'><strong>quantum</strong></span> <span class='ocrx_word' id='word_1_50' title='bbox 516 764 570 804; x_wconf 88' lang='lat' dir='ltr'><strong>ad</strong></span> <span class='ocrx_word' id='word_1_51' title='bbox 599 766 818 804; x_wconf 79' lang='lat' dir='ltr'><strong>materiam</strong></span> <span class='ocrx_word' id='word_1_52' title='bbox 848 778 982 812; x_wconf 90' lang='lat' dir='ltr'><strong>suam,</strong></span> <span class='ocrx_word' id='word_1_53' title='bbox 1003 776 1089 804; x_wconf 91' lang='lat' dir='ltr'><strong>non</strong></span> 
     </span>
     <span class='ocr_line' id='line_1_12' title="bbox 42 825 1091 878; baseline 0.004 -15"><span class='ocrx_word' id='word_1_54' title='bbox 42 825 179 870; x_wconf 60' lang='lat' dir='ltr'><strong>naliter</strong></span> <span class='ocrx_word' id='word_1_55' title='bbox 191 825 374 876; x_wconf 86' lang='lat' dir='ltr'><strong>obligare</strong></span> <span class='ocrx_word' id='word_1_56' title='bbox 396 830 588 877; x_wconf 91' lang='lat' dir='ltr'><strong>respectu</strong></span> <span class='ocrx_word' id='word_1_57' title='bbox 606 827 827 875; x_wconf 91' lang='lat' dir='ltr'><strong>Pontificis‚</strong></span> <span class='ocrx_word' id='word_1_58' title='bbox 853 839 980 878; x_wconf 91' lang='lat' dir='ltr'><strong>quam</strong></span> <span class='ocrx_word' id='word_1_59' title='bbox 1004 839 1091 867; x_wconf 89' lang='lat' dir='ltr'><strong>res-</strong></span> 
     </span>
     <span class='ocr_line' id='line_1_13' title="bbox 43 887 1090 941; baseline 0.003 -15"><span class='ocrx_word' id='word_1_60' title='bbox 43 890 182 941; x_wconf 59' lang='lat' dir='ltr'><strong>,pactu</strong></span> <span class='ocrx_word' id='word_1_61' title='bbox 203 887 469 926; x_wconf 87' lang='lat' dir='ltr'><strong>Praelatorum</strong></span> <span class='ocrx_word' id='word_1_62' title='bbox 503 888 730 939; x_wconf 85' lang='lat' dir='ltr'><strong>religionis,</strong></span> <span class='ocrx_word' id='word_1_63' title='bbox 768 890 864 940; x_wconf 89' lang='lat' dir='ltr'><strong>quia</strong></span> <span class='ocrx_word' id='word_1_64' title='bbox 896 890 1007 929; x_wconf 91' lang='lat' dir='ltr'><strong>idem</strong></span> <span class='ocrx_word' id='word_1_65' title='bbox 1027 892 1090 929; x_wconf 86' lang='lat' dir='ltr'><strong>est</strong></span> 
     </span>
     <span class='ocr_line' id='line_1_14' title="bbox 43 947 1090 997; baseline 0.007 -13"><span class='ocrx_word' id='word_1_66' title='bbox 43 947 302 990; x_wconf 69' lang='lat' dir='ltr'><strong>‹ohedientiae</strong></span> <span class='ocrx_word' id='word_1_67' title='bbox 324 953 481 997; x_wconf 89' lang='lat' dir='ltr'><strong>votum,</strong></span> <span class='ocrx_word' id='word_1_68' title='bbox 501 953 541 988; x_wconf 89' lang='lat' dir='ltr'><strong>et</strong></span> <span class='ocrx_word' id='word_1_69' title='bbox 562 951 795 990; x_wconf 90' lang='lat' dir='ltr'><strong>secundum</strong></span> <span class='ocrx_word' id='word_1_70' title='bbox 817 952 1009 991; x_wconf 90' lang='lat' dir='ltr'><strong>eamdem</strong></span> <span class='ocrx_word' id='word_1_71' title='bbox 1025 963 1090 991; x_wconf 84' lang='lat' dir='ltr'><strong>re-</strong></span> 
     </span>
     <span class='ocr_line' id='line_1_15' title="bbox 39 1008 1089 1064; baseline 0.005 -17"><span class='ocrx_word' id='word_1_72' title='bbox 39 1008 201 1063; x_wconf 63' lang='lat' dir='ltr'><strong>2&#39;gnlam</strong></span> <span class='ocrx_word' id='word_1_73' title='bbox 221 1009 280 1059; x_wconf 86' lang='lat' dir='ltr'><strong>fit,</strong></span> <span class='ocrx_word' id='word_1_74' title='bbox 302 1010 354 1049; x_wconf 87' lang='lat' dir='ltr'><strong>ad</strong></span> <span class='ocrx_word' id='word_1_75' title='bbox 373 1022 667 1063; x_wconf 86' lang='lat' dir='ltr'><strong>summumque</strong></span> <span class='ocrx_word' id='word_1_76' title='bbox 707 1013 949 1064; x_wconf 81' lang='lat' dir='ltr'><strong>gradatione</strong></span> <span class='ocrx_word' id='word_1_77' title='bbox 985 1024 1089 1063; x_wconf 88' lang='lat' dir='ltr'><strong>qua-</strong></span> 
     </span>
     <span class='ocr_line' id='line_1_16' title="bbox 41 1070 1088 1125; baseline 0.008 -20"><span class='ocrx_word' id='word_1_78' title='bbox 41 1070 410 1122; x_wconf 72' lang='lat' dir='ltr'><strong>.damextenditur‚</strong></span> <span class='ocrx_word' id='word_1_79' title='bbox 436 1075 477 1112; x_wconf 88' lang='lat' dir='ltr'><strong>et</strong></span> <span class='ocrx_word' id='word_1_80' title='bbox 498 1075 684 1113; x_wconf 89' lang='lat' dir='ltr'><strong>ascendit</strong></span> <span class='ocrx_word' id='word_1_81' title='bbox 705 1086 838 1125; x_wconf 89' lang='lat' dir='ltr'><strong>usque</strong></span> <span class='ocrx_word' id='word_1_82' title='bbox 875 1074 930 1113; x_wconf 91' lang='lat' dir='ltr'><strong>ad</strong></span> <span class='ocrx_word' id='word_1_83' title='bbox 965 1075 1088 1114; x_wconf 92' lang='lat' dir='ltr'><strong>Sum-</strong></span> 
     </span>
     <span class='ocr_line' id='line_1_17' title="bbox 61 1133 1088 1186; baseline 0.002 -13"><span class='ocrx_word' id='word_1_84' title='bbox 61 1144 173 1173; x_wconf 88' lang='lat' dir='ltr'><strong>mum</strong></span> <span class='ocrx_word' id='word_1_85' title='bbox 200 1133 439 1173; x_wconf 88' lang='lat' dir='ltr'><strong>Pontificem</strong></span> <span class='ocrx_word' id='word_1_86' title='bbox 468 1138 665 1184; x_wconf 83' lang='lat' dir='ltr'><strong>tanquam</strong></span> <span class='ocrx_word' id='word_1_87' title='bbox 700 1148 947 1186; x_wconf 91' lang='lat' dir='ltr'><strong>supremum</strong></span> <span class='ocrx_word' id='word_1_88' title='bbox 980 1136 1088 1175; x_wconf 87' lang='lat' dir='ltr'><strong>Prae-</strong></span> 
     </span>
     <span class='ocr_line' id='line_1_18' title="bbox 62 1193 1089 1247; baseline 0.002 -13"><span class='ocrx_word' id='word_1_89' title='bbox 62 1193 188 1234; x_wconf 80' lang='lat' dir='ltr'><strong>latum</strong></span> <span class='ocrx_word' id='word_1_90' title='bbox 225 1194 551 1246; x_wconf 85' lang='lat' dir='ltr'><strong>uniuscujusque</strong></span> <span class='ocrx_word' id='word_1_91' title='bbox 586 1196 812 1247; x_wconf 81' lang='lat' dir='ltr'><strong>religionis,</strong></span> <span class='ocrx_word' id='word_1_92' title='bbox 847 1201 893 1235; x_wconf 90' lang='lat' dir='ltr'><strong>ut</strong></span> <span class='ocrx_word' id='word_1_93' title='bbox 919 1197 964 1235; x_wconf 91' lang='lat' dir='ltr'><strong>in</strong></span> <span class='ocrx_word' id='word_1_94' title='bbox 1002 1197 1089 1237; x_wconf 89' lang='lat' dir='ltr'><strong>fine</strong></span> 
     </span>
     <span class='ocr_line' id='line_1_19' title="bbox 61 1254 1085 1298; baseline 0.003 -4"><span class='ocrx_word' id='word_1_95' title='bbox 61 1254 239 1294; x_wconf 81' lang='lat' dir='ltr'><strong>materiae</strong></span> <span class='ocrx_word' id='word_1_96' title='bbox 271 1255 323 1294; x_wconf 89' lang='lat' dir='ltr'><strong>de</strong></span> <span class='ocrx_word' id='word_1_97' title='bbox 357 1259 450 1295; x_wconf 91' lang='lat' dir='ltr'><strong>voto</strong></span> <span class='ocrx_word' id='word_1_98' title='bbox 494 1257 533 1295; x_wconf 92' lang='lat' dir='ltr'><strong>in</strong></span> <span class='ocrx_word' id='word_1_99' title='bbox 571 1258 781 1296; x_wconf 91' lang='lat' dir='ltr'><strong>communi</strong></span> <span class='ocrx_word' id='word_1_100' title='bbox 821 1257 976 1298; x_wconf 91' lang='lat' dir='ltr'><strong>dictum</strong></span> <span class='ocrx_word' id='word_1_101' title='bbox 1008 1262 1085 1297; x_wconf 86' lang='lat' dir='ltr'><strong>est.</strong></span> 
     </span>
     <span class='ocr_line' id='line_1_20' title="bbox 60 1314 1086 1369; baseline 0.003 -13"><span class='ocrx_word' id='word_1_102' title='bbox 60 1314 223 1356; x_wconf 82' lang='lat' dir='ltr'><strong>Constat</strong></span> <span class='ocrx_word' id='word_1_103' title='bbox 259 1321 398 1355; x_wconf 85' lang='lat' dir='ltr'><strong>autem</strong></span> <span class='ocrx_word' id='word_1_104' title='bbox 434 1318 650 1357; x_wconf 85' lang='lat' dir='ltr'><strong>Praelatum</strong></span> <span class='ocrx_word' id='word_1_105' title='bbox 683 1319 909 1358; x_wconf 85' lang='lat' dir='ltr'><strong>Carthusiae</strong></span> <span class='ocrx_word' id='word_1_106' title='bbox 929 1350 941 1368; x_wconf 90' lang='lat'><strong>,</strong></span> <span class='ocrx_word' id='word_1_107' title='bbox 979 1324 1086 1369; x_wconf 90' lang='lat' dir='ltr'><strong>etc.,</strong></span> 
     </span>
     <span class='ocr_line' id='line_1_21' title="bbox 61 1378 1089 1430; baseline 0.002 -12"><span class='ocrx_word' id='word_1_108' title='bbox 61 1387 141 1418; x_wconf 86' lang='lat' dir='ltr'><strong>non</strong></span> <span class='ocrx_word' id='word_1_109' title='bbox 162 1389 283 1428; x_wconf 88' lang='lat' dir='ltr'><strong>posse</strong></span> <span class='ocrx_word' id='word_1_110' title='bbox 302 1378 484 1430; x_wconf 85' lang='lat' dir='ltr'><strong>obligare</strong></span> <span class='ocrx_word' id='word_1_111' title='bbox 499 1379 709 1418; x_wconf 90' lang='lat' dir='ltr'><strong>subditum</strong></span> <span class='ocrx_word' id='word_1_112' title='bbox 730 1393 852 1419; x_wconf 90' lang='lat' dir='ltr'><strong>suum</strong></span> <span class='ocrx_word' id='word_1_113' title='bbox 873 1393 922 1420; x_wconf 86' lang='lat' dir='ltr'><strong>ex</strong></span> <span class='ocrx_word' id='word_1_114' title='bbox 945 1382 983 1420; x_wconf 91' lang='lat' dir='ltr'><strong>vi</strong></span> <span class='ocrx_word' id='word_1_115' title='bbox 1005 1381 1089 1420; x_wconf 91' lang='lat' dir='ltr'><strong>voti</strong></span> 
     </span>
     <span class='ocr_line' id='line_1_22' title="bbox 61 1438 1091 1492; baseline 0.002 -14"><span class='ocrx_word' id='word_1_116' title='bbox 61 1438 315 1487; x_wconf 87' lang='lat' dir='ltr'><strong>obedientiae,</strong></span> <span class='ocrx_word' id='word_1_117' title='bbox 332 1452 381 1479; x_wconf 88' lang='lat' dir='ltr'><strong>ac</strong></span> <span class='ocrx_word' id='word_1_118' title='bbox 399 1452 474 1491; x_wconf 90' lang='lat' dir='ltr'><strong>per</strong></span> <span class='ocrx_word' id='word_1_119' title='bbox 492 1453 536 1479; x_wconf 91' lang='lat' dir='ltr'><strong>se</strong></span> <span class='ocrx_word' id='word_1_120' title='bbox 554 1441 780 1492; x_wconf 90' lang='lat' dir='ltr'><strong>loquendo,</strong></span> <span class='ocrx_word' id='word_1_121' title='bbox 797 1446 842 1480; x_wconf 88' lang='lat' dir='ltr'><strong>ut</strong></span> <span class='ocrx_word' id='word_1_122' title='bbox 868 1447 934 1480; x_wconf 88' lang='lat' dir='ltr'><strong>eat</strong></span> <span class='ocrx_word' id='word_1_123' title='bbox 955 1443 998 1480; x_wconf 88' lang='lat' dir='ltr'><strong>in</strong></span> <span class='ocrx_word' id='word_1_124' title='bbox 1023 1443 1091 1481; x_wconf 91' lang='lat' dir='ltr'><strong>In·-</strong></span> 
     </span>
     <span class='ocr_line' id='line_1_23' title="bbox 59 1499 1088 1554; baseline 0.003 -14"><span class='ocrx_word' id='word_1_125' title='bbox 59 1499 183 1548; x_wconf 78' lang='lat' dir='ltr'><strong>diam,</strong></span> <span class='ocrx_word' id='word_1_126' title='bbox 204 1505 281 1540; x_wconf 87' lang='lat' dir='ltr'><strong>etc.</strong></span> <span class='ocrx_word' id='word_1_127' title='bbox 308 1514 317 1548; x_wconf 85' lang='lat'>3</span> <span class='ocrx_word' id='word_1_128' title='bbox 342 1514 441 1553; x_wconf 86' lang='lat' dir='ltr'><strong>ergo</strong></span> <span class='ocrx_word' id='word_1_129' title='bbox 465 1514 601 1553; x_wconf 87' lang='lat' dir='ltr'><strong>neque</strong></span> <span class='ocrx_word' id='word_1_130' title='bbox 622 1507 758 1554; x_wconf 89' lang='lat' dir='ltr'><strong>potest</strong></span> <span class='ocrx_word' id='word_1_131' title='bbox 793 1503 978 1542; x_wconf 80' lang='lat' dir='ltr'><strong>Pontifex</strong></span> <span class='ocrx_word' id='word_1_132' title='bbox 1008 1503 1088 1544; x_wconf 90' lang='lat' dir='ltr'><strong>hoc</strong></span> 
     </span>
     <span class='ocr_line' id='line_1_24' title="bbox 58 1561 1088 1615; baseline 0.002 -14"><span class='ocrx_word' id='word_1_133' title='bbox 58 1561 174 1601; x_wconf 82' lang='lat' dir='ltr'><strong>titulo</strong></span> <span class='ocrx_word' id='word_1_134' title='bbox 191 1562 232 1600; x_wconf 93' lang='lat' dir='ltr'><strong>id</strong></span> <span class='ocrx_word' id='word_1_135' title='bbox 249 1563 484 1613; x_wconf 77' lang='lat' dir='ltr'><strong>praecipere.</strong></span> <span class='ocrx_word' id='word_1_136' title='bbox 520 1564 616 1602; x_wconf 88' lang='lat' dir='ltr'><strong>Dico</strong></span> <span class='ocrx_word' id='word_1_137' title='bbox 641 1565 710 1604; x_wconf 74' lang='lat' dir='ltr'><strong>hoc</strong></span> <span class='ocrx_word' id='word_1_138' title='bbox 731 1565 863 1612; x_wconf 77' lang='lat' dir='ltr'><strong>titulo,</strong></span> <span class='ocrx_word' id='word_1_139' title='bbox 886 1565 983 1615; x_wconf 89' lang='lat' dir='ltr'><strong>quia</strong></span> <span class='ocrx_word' id='word_1_140' title='bbox 1003 1577 1088 1603; x_wconf 91' lang='lat' dir='ltr'><strong>non</strong></span> 
     </span>
     <span class='ocr_line' id='line_1_25' title="bbox 59 1623 1089 1674; baseline 0.004 -14"><span class='ocrx_word' id='word_1_141' title='bbox 59 1623 221 1673; x_wconf 85' lang='lat' dir='ltr'><strong>agimus</strong></span> <span class='ocrx_word' id='word_1_142' title='bbox 241 1623 587 1674; x_wconf 88' lang='lat' dir='ltr'><strong>dejurisdictione</strong></span> <span class='ocrx_word' id='word_1_143' title='bbox 604 1626 825 1672; x_wconf 85' lang='lat' dir='ltr'><strong>Pontificis,</strong></span> <span class='ocrx_word' id='word_1_144' title='bbox 839 1630 883 1664; x_wconf 89' lang='lat' dir='ltr'><strong>ut</strong></span> <span class='ocrx_word' id='word_1_145' title='bbox 903 1625 1089 1664; x_wconf 77' lang='lat' dir='ltr'><strong>Pontifex</strong></span> 
     </span>
     <span class='ocr_line' id='line_1_26' title="bbox 57 1685 1090 1736; baseline 0.001 -13"><span class='ocrx_word' id='word_1_146' title='bbox 57 1687 135 1731; x_wconf 85' lang='lat' dir='ltr'><strong>est,</strong></span> <span class='ocrx_word' id='word_1_147' title='bbox 158 1685 314 1723; x_wconf 86' lang='lat' dir='ltr'><strong>ratione</strong></span> <span class='ocrx_word' id='word_1_148' title='bbox 339 1686 456 1735; x_wconf 86' lang='lat' dir='ltr'><strong>cujus</strong></span> <span class='ocrx_word' id='word_1_149' title='bbox 488 1687 632 1736; x_wconf 72' lang='lat' dir='ltr'><strong>poteri*</strong></span> <span class='ocrx_word' id='word_1_150' title='bbox 665 1687 705 1724; x_wconf 88' lang='lat' dir='ltr'><strong>in</strong></span> <span class='ocrx_word' id='word_1_151' title='bbox 737 1687 874 1736; x_wconf 88' lang='lat' dir='ltr'><strong>aliquo</strong></span> <span class='ocrx_word' id='word_1_152' title='bbox 912 1699 1013 1725; x_wconf 89' lang='lat' dir='ltr'><strong>casu</strong></span> <span class='ocrx_word' id='word_1_153' title='bbox 1048 1686 1090 1724; x_wconf 89' lang='lat' dir='ltr'><strong>id</strong></span> 
     </span>
     <span class='ocr_line' id='line_1_27' title="bbox 56 1745 1091 1815; baseline 0.004 -33"><span class='ocrx_word' id='word_1_154' title='bbox 56 1745 294 1795; x_wconf 66' lang='lat' dir='ltr'><strong>praecipere,</strong></span> <span class='ocrx_word' id='word_1_155' title='bbox 314 1746 419 1785; x_wconf 86' lang='lat' dir='ltr'><strong>sicut</strong></span> <span class='ocrx_word' id='word_1_156' title='bbox 450 1747 610 1809; x_wconf 47' lang='lat' dir='ltr'><strong>etiam*</strong></span> <span class='ocrx_word' id='word_1_157' title='bbox 616 1751 719 1786; x_wconf 80' lang='lat' dir='ltr'><strong>-test</strong></span> <span class='ocrx_word' id='word_1_158' title='bbox 750 1747 977 1815; x_wconf 75' lang='lat' dir='ltr'><strong>praecipere</strong></span> <span class='ocrx_word' id='word_1_159' title='bbox 1007 1747 1091 1786; x_wconf 86' lang='lat' dir='ltr'><strong>clo-</strong></span> 
     </span>
     <span class='ocr_line' id='line_1_28' title="bbox 47 1806 1092 1855; baseline 0.003 -11.041"><span class='ocrx_word' id='word_1_160' title='bbox 47 1806 147 1844; x_wconf 89' lang='lat' dir='ltr'><strong>rico</strong></span> <span class='ocrx_word' id='word_1_161' title='bbox 170 1807 371 1855; x_wconf 79' lang='lat' dir='ltr'><strong>seculari3</strong></span> <span class='ocrx_word' id='word_1_162' title='bbox 404 1808 505 1846; x_wconf 87' lang='lat' dir='ltr'><strong>sed</strong></span> <span class='ocrx_word' id='word_1_163' title='bbox 497 1808 520 1843; x_wconf 60' lang='grc' dir='ltr'><strong><em>Ἰ</em></strong></span> <span class='ocrx_word' id='word_1_164' title='bbox 589 1820 708 1847; x_wconf 86' lang='lat' dir='ltr'><strong>casus</strong></span> <span class='ocrx_word' id='word_1_165' title='bbox 733 1813 773 1847; x_wconf 88' lang='lat' dir='ltr'><strong>et</strong></span> <span class='ocrx_word' id='word_1_166' title='bbox 794 1809 925 1846; x_wconf 85' lang='lat' dir='ltr'><strong>1a1·ior</strong></span> <span class='ocrx_word' id='word_1_167' title='bbox 956 1814 1033 1855; x_wconf 88' lang='lat' dir='ltr'><strong>est,</strong></span> <span class='ocrx_word' id='word_1_168' title='bbox 1050 1811 1092 1848; x_wconf 82' lang='lat' dir='ltr'><strong>et</strong></span> 
     </span>
     <span class='ocr_line' id='line_1_29' title="bbox 48 1867 1091 1920; baseline 0.004 -14.058"><span class='ocrx_word' id='word_1_169' title='bbox 48 1879 147 1906; x_wconf 88' lang='lat' dir='ltr'><strong>non</strong></span> <span class='ocrx_word' id='word_1_170' title='bbox 163 1872 225 1906; x_wconf 88' lang='lat' dir='ltr'><strong>est</strong></span> <span class='ocrx_word' id='word_1_171' title='bbox 243 1880 293 1906; x_wconf 84' lang='lat' dir='ltr'><strong>ex</strong></span> <span class='ocrx_word' id='word_1_172' title='bbox 311 1873 406 1908; x_wconf 85' lang='lat' dir='ltr'><strong>voto</strong></span> <span class='ocrx_word' id='word_1_173' title='bbox 427 1867 685 1917; x_wconf 49' lang='lat' dir='ltr'><strong>omnmentiae,</strong></span> <span class='ocrx_word' id='word_1_174' title='bbox 702 1870 814 1920; x_wconf 90' lang='lat' dir='ltr'><strong>quod</strong></span> <span class='ocrx_word' id='word_1_175' title='bbox 827 1881 939 1909; x_wconf 89' lang='lat' dir='ltr'><strong>nunc</strong></span> <span class='ocrx_word' id='word_1_176' title='bbox 955 1870 1091 1910; x_wconf 87' lang='lat' dir='ltr'><strong>consi-</strong></span> 
     </span>
     <span class='ocr_line' id='line_1_30' title="bbox 47 1929 272 1972; baseline -0.005 -1.934"><span class='ocrx_word' id='word_1_177' title='bbox 47 1929 272 1972; x_wconf 81' lang='lat' dir='ltr'><strong>,deramus.</strong></span> 
     </span>
    </p>

    <p class='ocr_par' dir='ltr' id='par_1_5' title="bbox 23 1991 1091 3276">
     <span class='ocr_line' id='line_1_31' title="bbox 109 1991 1089 2046; baseline 0.001 -13"><span class='ocrx_word' id='word_1_178' title='bbox 109 1994 174 2033; x_wconf 92' lang='grc'><strong>22.</strong></span> <span class='ocrx_word' id='word_1_179' title='bbox 214 1992 349 2035; x_wconf 68' lang='lat' dir='ltr'><strong>Videre·</strong></span> <span class='ocrx_word' id='word_1_180' title='bbox 370 1991 503 2035; x_wconf 76' lang='lat' dir='ltr'><strong>minus</strong></span> <span class='ocrx_word' id='word_1_181' title='bbox 522 1993 720 2046; x_wconf 73' lang='lat' dir='ltr'><strong>distinqui</strong></span> <span class='ocrx_word' id='word_1_182' title='bbox 739 1996 787 2036; x_wconf 84' lang='lat' dir='ltr'><strong>ab</strong></span> <span class='ocrx_word' id='word_1_183' title='bbox 816 1995 914 2036; x_wconf 78' lang='lat' dir='ltr'><strong>aliis</strong></span> <span class='ocrx_word' id='word_1_184' title='bbox 942 1993 1089 2036; x_wconf 78' lang='lat' dir='ltr'><strong>mendi-</strong></span> 
     </span>
     <span class='ocr_line' id='line_1_32' title="bbox 56 2057 1089 2109; baseline -0.002 -11"><span class='ocrx_word' id='word_1_185' title='bbox 56 2057 320 2098; x_wconf 78' lang='lat' dir='ltr'><strong>cantibus.—</strong></span> <span class='ocrx_word' id='word_1_186' title='bbox 359 2058 416 2096; x_wconf 90' lang='lat' dir='ltr'><strong>De</strong></span> <span class='ocrx_word' id='word_1_187' title='bbox 448 2058 718 2109; x_wconf 83' lang='lat' dir='ltr'><strong>religionibus</strong></span> <span class='ocrx_word' id='word_1_188' title='bbox 756 2057 1089 2098; x_wconf 70' lang='lat' dir='ltr'><strong>mendicantibus</strong></span> 
     </span>
     <span class='ocr_line' id='line_1_33' title="bbox 55 2118 1088 2170; baseline -0.002 -12"><span class='ocrx_word' id='word_1_189' title='bbox 55 2118 188 2169; x_wconf 84' lang='lat' dir='ltr'><strong>magis</strong></span> <span class='ocrx_word' id='word_1_190' title='bbox 205 2123 339 2168; x_wconf 88' lang='lat' dir='ltr'><strong>potest</strong></span> <span class='ocrx_word' id='word_1_191' title='bbox 365 2119 460 2169; x_wconf 91' lang='lat' dir='ltr'><strong>quis</strong></span> <span class='ocrx_word' id='word_1_192' title='bbox 492 2119 696 2165; x_wconf 86' lang='lat' dir='ltr'><strong>dubitare,</strong></span> <span class='ocrx_word' id='word_1_193' title='bbox 717 2121 810 2170; x_wconf 90' lang='lat' dir='ltr'><strong>quia</strong></span> <span class='ocrx_word' id='word_1_194' title='bbox 834 2130 884 2158; x_wconf 80' lang='lat' dir='ltr'><strong>ex</strong></span> <span class='ocrx_word' id='word_1_195' title='bbox 923 2119 1088 2163; x_wconf 47' lang='lat' dir='ltr'><strong>instituf</strong></span> 
     </span>
     <span class='ocr_line' id='line_1_34' title="bbox 53 2179 1090 2231; baseline 0 -13"><span class='ocrx_word' id='word_1_196' title='bbox 53 2179 165 2219; x_wconf 78' lang='lat' dir='ltr'><strong>tione</strong></span> <span class='ocrx_word' id='word_1_197' title='bbox 190 2192 265 2218; x_wconf 86' lang='lat' dir='ltr'><strong>sua</strong></span> <span class='ocrx_word' id='word_1_198' title='bbox 293 2180 431 2231; x_wconf 88' lang='lat' dir='ltr'><strong>aliquo</strong></span> <span class='ocrx_word' id='word_1_199' title='bbox 457 2181 581 2220; x_wconf 91' lang='lat' dir='ltr'><strong>modo</strong></span> <span class='ocrx_word' id='word_1_200' title='bbox 611 2181 854 2220; x_wconf 83' lang='lat' dir='ltr'><strong>ordinantur</strong></span> <span class='ocrx_word' id='word_1_201' title='bbox 888 2181 941 2220; x_wconf 85' lang='lat' dir='ltr'><strong>ad</strong></span> <span class='ocrx_word' id='word_1_202' title='bbox 963 2181 1090 2218; x_wconf 87' lang='lat' dir='ltr'><strong>actio-</strong></span> 
     </span>
     <span class='ocr_line' id='line_1_35' title="bbox 53 2240 1089 2291; baseline -0.001 -12"><span class='ocrx_word' id='word_1_203' title='bbox 53 2251 152 2279; x_wconf 86' lang='lat' dir='ltr'><strong>nem</strong></span> <span class='ocrx_word' id='word_1_204' title='bbox 172 2240 280 2279; x_wconf 83' lang='lat' dir='ltr'><strong>cirea</strong></span> <span class='ocrx_word' id='word_1_205' title='bbox 301 2241 536 2291; x_wconf 83' lang='lat' dir='ltr'><strong>proximos;</strong></span> <span class='ocrx_word' id='word_1_206' title='bbox 560 2246 600 2280; x_wconf 89' lang='lat' dir='ltr'><strong>et</strong></span> <span class='ocrx_word' id='word_1_207' title='bbox 631 2242 726 2280; x_wconf 92' lang='lat' dir='ltr'><strong>ideo</strong></span> <span class='ocrx_word' id='word_1_208' title='bbox 754 2242 804 2280; x_wconf 91' lang='lat' dir='ltr'><strong>de</strong></span> <span class='ocrx_word' id='word_1_209' title='bbox 833 2241 912 2280; x_wconf 89' lang='lat' dir='ltr'><strong>illis</strong></span> <span class='ocrx_word' id='word_1_210' title='bbox 946 2241 1089 2279; x_wconf 81' lang='lat' dir='ltr'><strong>verisi-</strong></span> 
     </span>
     <span class='ocr_line' id='line_1_36' title="bbox 54 2302 1089 2354; baseline 0.001 -14"><span class='ocrx_word' id='word_1_211' title='bbox 54 2302 152 2341; x_wconf 90' lang='lat' dir='ltr'><strong>mile</strong></span> <span class='ocrx_word' id='word_1_212' title='bbox 168 2307 229 2340; x_wconf 89' lang='lat' dir='ltr'><strong>est</strong></span> <span class='ocrx_word' id='word_1_213' title='bbox 243 2314 364 2353; x_wconf 89' lang='lat' dir='ltr'><strong>posse</strong></span> <span class='ocrx_word' id='word_1_214' title='bbox 379 2303 484 2342; x_wconf 89' lang='lat' dir='ltr'><strong>mitti</strong></span> <span class='ocrx_word' id='word_1_215' title='bbox 501 2303 554 2342; x_wconf 88' lang='lat' dir='ltr'><strong>ad</strong></span> <span class='ocrx_word' id='word_1_216' title='bbox 573 2303 695 2342; x_wconf 82' lang='lat' dir='ltr'><strong>Indos</strong></span> <span class='ocrx_word' id='word_1_217' title='bbox 708 2315 757 2342; x_wconf 86' lang='lat' dir='ltr'><strong>ex</strong></span> <span class='ocrx_word' id='word_1_218' title='bbox 769 2307 973 2354; x_wconf 83' lang='lat' dir='ltr'><strong>praecepto</strong></span> <span class='ocrx_word' id='word_1_219' title='bbox 990 2302 1089 2341; x_wconf 89' lang='lat' dir='ltr'><strong>obe-</strong></span> 
     </span>
     <span class='ocr_line' id='line_1_37' title="bbox 54 2362 1091 2415; baseline 0.001 -14"><span class='ocrx_word' id='word_1_220' title='bbox 54 2362 234 2410; x_wconf 66' lang='lat' dir='ltr'><strong>diemissa,</strong></span> <span class='ocrx_word' id='word_1_221' title='bbox 254 2367 298 2402; x_wconf 89' lang='lat' dir='ltr'><strong>ut</strong></span> <span class='ocrx_word' id='word_1_222' title='bbox 319 2363 481 2403; x_wconf 89' lang='lat' dir='ltr'><strong>videtur</strong></span> <span class='ocrx_word' id='word_1_223' title='bbox 499 2376 734 2415; x_wconf 88' lang='lat' dir='ltr'><strong>supponere</strong></span> <span class='ocrx_word' id='word_1_224' title='bbox 764 2366 875 2412; x_wconf 88' lang='lat' dir='ltr'><strong>Soto,</strong></span> <span class='ocrx_word' id='word_1_225' title='bbox 898 2364 968 2403; x_wconf 90' lang='lat' dir='ltr'><strong>lib.</strong></span> <span class='ocrx_word' id='word_1_226' title='bbox 991 2366 1013 2402; x_wconf 88' lang='lat'><strong>7</strong></span> <span class='ocrx_word' id='word_1_227' title='bbox 1036 2363 1091 2402; x_wconf 82' lang='lat' dir='ltr'><strong>de</strong></span> 
     </span>
     <span class='ocr_line' id='line_1_38' title="bbox 52 2424 1090 2477; baseline 0.002 -12"><span class='ocrx_word' id='word_1_228' title='bbox 52 2425 212 2474; x_wconf 60' lang='lat' dir='ltr'><strong>sustit„</strong></span> <span class='ocrx_word' id='word_1_229' title='bbox 233 2436 272 2475; x_wconf 89' lang='lat' dir='ltr'><strong>q.</strong></span> <span class='ocrx_word' id='word_1_230' title='bbox 298 2427 338 2471; x_wconf 75' lang='lat'><strong>2,</strong></span> <span class='ocrx_word' id='word_1_231' title='bbox 360 2427 530 2465; x_wconf 86' lang='lat' dir='ltr'><strong>articulo</strong></span> <span class='ocrx_word' id='word_1_232' title='bbox 549 2431 711 2477; x_wconf 84' lang='lat' dir='ltr'><strong>quarto,</strong></span> <span class='ocrx_word' id='word_1_233' title='bbox 730 2426 772 2464; x_wconf 91' lang='lat' dir='ltr'><strong>in</strong></span> <span class='ocrx_word' id='word_1_234' title='bbox 789 2426 871 2464; x_wconf 89' lang='lat' dir='ltr'><strong>fine</strong></span> <span class='ocrx_word' id='word_1_235' title='bbox 888 2424 1090 2476; x_wconf 73' lang='lat' dir='ltr'><strong>corporis·</strong></span> 
     </span>
     <span class='ocr_line' id='line_1_39' title="bbox 53 2486 1089 2538; baseline 0.003 -14"><span class='ocrx_word' id='word_1_236' title='bbox 53 2486 328 2525; x_wconf 90' lang='lat' dir='ltr'><strong>Nihilominus</strong></span> <span class='ocrx_word' id='word_1_237' title='bbox 343 2492 482 2527; x_wconf 84' lang='lat' dir='ltr'><strong>tamen</strong></span> <span class='ocrx_word' id='word_1_238' title='bbox 498 2489 685 2527; x_wconf 86' lang='lat' dir='ltr'><strong>absolute</strong></span> <span class='ocrx_word' id='word_1_239' title='bbox 703 2492 744 2527; x_wconf 89' lang='lat' dir='ltr'><strong>et</strong></span> <span class='ocrx_word' id='word_1_240' title='bbox 771 2488 1009 2538; x_wconf 81' lang='lat' dir='ltr'><strong>simpliciter</strong></span> <span class='ocrx_word' id='word_1_241' title='bbox 1026 2492 1089 2527; x_wconf 89' lang='lat' dir='ltr'><strong>est</strong></span> 
     </span>
     <span class='ocr_line' id='line_1_40' title="bbox 52 2548 1090 2600; baseline 0.002 -14"><span class='ocrx_word' id='word_1_242' title='bbox 52 2559 253 2598; x_wconf 80' lang='lat' dir='ltr'><strong>magnum</strong></span> <span class='ocrx_word' id='word_1_243' title='bbox 286 2548 522 2589; x_wconf 84' lang='lat' dir='ltr'><strong>discrimen.</strong></span> <span class='ocrx_word' id='word_1_244' title='bbox 561 2550 714 2597; x_wconf 89' lang='lat' dir='ltr'><strong>Primo,</strong></span> <span class='ocrx_word' id='word_1_245' title='bbox 751 2548 847 2599; x_wconf 87' lang='lat' dir='ltr'><strong>quia</strong></span> <span class='ocrx_word' id='word_1_246' title='bbox 869 2548 1090 2600; x_wconf 87' lang='lat' dir='ltr'><strong>religiosus</strong></span> 
     </span>
     <span class='ocr_line' id='line_1_41' title="bbox 53 2608 1089 2659; baseline 0.001 -11"><span class='ocrx_word' id='word_1_247' title='bbox 53 2608 222 2648; x_wconf 87' lang='lat' dir='ltr'><strong>alterius</strong></span> <span class='ocrx_word' id='word_1_248' title='bbox 256 2609 424 2659; x_wconf 91' lang='lat' dir='ltr'><strong>ordinis,</strong></span> <span class='ocrx_word' id='word_1_249' title='bbox 465 2611 590 2651; x_wconf 87' lang='lat' dir='ltr'><strong>etiam</strong></span> <span class='ocrx_word' id='word_1_250' title='bbox 627 2610 918 2658; x_wconf 80' lang='lat' dir='ltr'><strong>mendicantis,</strong></span> <span class='ocrx_word' id='word_1_251' title='bbox 951 2610 1089 2649; x_wconf 87' lang='lat' dir='ltr'><strong>solum</strong></span> 
     </span>
     <span class='ocr_line' id='line_1_42' title="bbox 53 2671 1088 2724; baseline 0.002 -15"><span class='ocrx_word' id='word_1_252' title='bbox 53 2674 187 2721; x_wconf 86' lang='lat' dir='ltr'><strong>potest</strong></span> <span class='ocrx_word' id='word_1_253' title='bbox 223 2671 396 2722; x_wconf 86' lang='lat' dir='ltr'><strong>obligari</strong></span> <span class='ocrx_word' id='word_1_254' title='bbox 429 2672 483 2712; x_wconf 89' lang='lat' dir='ltr'><strong>ad</strong></span> <span class='ocrx_word' id='word_1_255' title='bbox 517 2672 785 2724; x_wconf 86' lang='lat' dir='ltr'><strong>migrandum</strong></span> <span class='ocrx_word' id='word_1_256' title='bbox 820 2672 863 2711; x_wconf 90' lang='lat' dir='ltr'><strong>in</strong></span> <span class='ocrx_word' id='word_1_257' title='bbox 890 2672 1088 2723; x_wconf 87' lang='lat' dir='ltr'><strong>regiones</strong></span> 
     </span>
     <span class='ocr_line' id='line_1_43' title="bbox 52 2730 1086 2784; baseline 0.001 -13"><span class='ocrx_word' id='word_1_258' title='bbox 52 2730 314 2782; x_wconf 83' lang='lat' dir='ltr'><strong>longinquas,</strong></span> <span class='ocrx_word' id='word_1_259' title='bbox 342 2737 547 2783; x_wconf 88' lang='lat' dir='ltr'><strong>quatenus</strong></span> <span class='ocrx_word' id='word_1_260' title='bbox 583 2738 764 2784; x_wconf 86' lang='lat' dir='ltr'><strong>potesta</strong></span> <span class='ocrx_word' id='word_1_261' title='bbox 794 2744 871 2772; x_wconf 88' lang='lat' dir='ltr'><strong>suo</strong></span> <span class='ocrx_word' id='word_1_262' title='bbox 890 2733 1086 2773; x_wconf 88' lang='lat' dir='ltr'><strong>Generali</strong></span> 
     </span>
     <span class='ocr_line' id='line_1_44' title="bbox 52 2793 1089 2846; baseline 0.004 -16"><span class='ocrx_word' id='word_1_263' title='bbox 52 2793 263 2832; x_wconf 85' lang='lat' dir='ltr'><strong>transferri</strong></span> <span class='ocrx_word' id='word_1_264' title='bbox 279 2794 332 2832; x_wconf 86' lang='lat' dir='ltr'><strong>ab</strong></span> <span class='ocrx_word' id='word_1_265' title='bbox 352 2807 435 2833; x_wconf 88' lang='lat' dir='ltr'><strong>una</strong></span> <span class='ocrx_word' id='word_1_266' title='bbox 450 2795 661 2846; x_wconf 87' lang='lat' dir='ltr'><strong>provincia</strong></span> <span class='ocrx_word' id='word_1_267' title='bbox 681 2796 725 2834; x_wconf 90' lang='lat' dir='ltr'><strong>in</strong></span> <span class='ocrx_word' id='word_1_268' title='bbox 760 2795 884 2834; x_wconf 87' lang='lat' dir='ltr'><strong>aliam</strong></span> <span class='ocrx_word' id='word_1_269' title='bbox 915 2799 1089 2846; x_wconf 88' lang='lat' dir='ltr'><strong>propter</strong></span> 
     </span>
     <span class='ocr_line' id='line_1_45' title="bbox 53 2854 1085 2908; baseline 0.004 -16"><span class='ocrx_word' id='word_1_270' title='bbox 53 2854 185 2904; x_wconf 82' lang='lat' dir='ltr'><strong>majus</strong></span> <span class='ocrx_word' id='word_1_271' title='bbox 205 2855 362 2894; x_wconf 92' lang='lat' dir='ltr'><strong>bonum</strong></span> <span class='ocrx_word' id='word_1_272' title='bbox 392 2869 528 2904; x_wconf 91' lang='lat' dir='ltr'><strong>suum,</strong></span> <span class='ocrx_word' id='word_1_273' title='bbox 566 2857 632 2895; x_wconf 89' lang='lat' dir='ltr'><strong>vel</strong></span> <span class='ocrx_word' id='word_1_274' title='bbox 658 2857 890 2908; x_wconf 71' lang='lat' dir='ltr'><strong>religionis,</strong></span> <span class='ocrx_word' id='word_1_275' title='bbox 928 2861 976 2896; x_wconf 88' lang='lat' dir='ltr'><strong>ut</strong></span> <span class='ocrx_word' id='word_1_276' title='bbox 999 2857 1085 2897; x_wconf 86' lang='lat' dir='ltr'><strong>late</strong></span> 
     </span>
     <span class='ocr_line' id='line_1_46' title="bbox 53 2918 1082 2969; baseline 0.004 -15"><span class='ocrx_word' id='word_1_277' title='bbox 53 2918 198 2955; x_wconf 77' lang='lat' dir='ltr'><strong>tractat</strong></span> <span class='ocrx_word' id='word_1_278' title='bbox 212 2918 398 2964; x_wconf 84' lang='lat' dir='ltr'><strong>Navarr.‚</strong></span> <span class='ocrx_word' id='word_1_279' title='bbox 420 2918 646 2958; x_wconf 88' lang='lat' dir='ltr'><strong>Comment.</strong></span> <span class='ocrx_word' id='word_1_280' title='bbox 668 2919 694 2958; x_wconf 89' lang='lat'><strong>3</strong></span> <span class='ocrx_word' id='word_1_281' title='bbox 716 2919 767 2958; x_wconf 89' lang='lat' dir='ltr'><strong>de</strong></span> <span class='ocrx_word' id='word_1_282' title='bbox 802 2918 1016 2969; x_wconf 86' lang='lat' dir='ltr'><strong>Regular.‚</strong></span> <span class='ocrx_word' id='word_1_283' title='bbox 1037 2930 1082 2958; x_wconf 88' lang='lat' dir='ltr'><strong>n.</strong></span> 
     </span>
     <span class='ocr_line' id='line_1_47' title="bbox 53 2977 1085 3031; baseline 0.004 -16"><span class='ocrx_word' id='word_1_284' title='bbox 53 2977 253 3028; x_wconf 82' lang='lat' dir='ltr'><strong>vigesimo</strong></span> <span class='ocrx_word' id='word_1_285' title='bbox 274 2979 472 3025; x_wconf 84' lang='lat' dir='ltr'><strong>secundo,</strong></span> <span class='ocrx_word' id='word_1_286' title='bbox 500 2980 598 3030; x_wconf 85' lang='lat' dir='ltr'><strong>quia</strong></span> <span class='ocrx_word' id='word_1_287' title='bbox 618 2991 714 3019; x_wconf 88' lang='lat' dir='ltr'><strong>cum</strong></span> <span class='ocrx_word' id='word_1_288' title='bbox 747 2984 832 3019; x_wconf 89' lang='lat' dir='ltr'><strong>tota</strong></span> <span class='ocrx_word' id='word_1_289' title='bbox 860 2980 1005 3031; x_wconf 85' lang='lat' dir='ltr'><strong>religio</strong></span> <span class='ocrx_word' id='word_1_290' title='bbox 1031 2981 1085 3019; x_wconf 84' lang='lat' dir='ltr'><strong>sit</strong></span> 
     </span>
     <span class='ocr_line' id='line_1_48' title="bbox 54 3041 1087 3092; baseline 0.003 -14"><span class='ocrx_word' id='word_1_291' title='bbox 54 3049 182 3077; x_wconf 89' lang='lat' dir='ltr'><strong>unum</strong></span> <span class='ocrx_word' id='word_1_292' title='bbox 203 3052 367 3092; x_wconf 90' lang='lat' dir='ltr'><strong>corpus,</strong></span> <span class='ocrx_word' id='word_1_293' title='bbox 389 3041 580 3080; x_wconf 87' lang='lat' dir='ltr'><strong>distantia</strong></span> <span class='ocrx_word' id='word_1_294' title='bbox 615 3042 802 3080; x_wconf 88' lang='lat' dir='ltr'><strong>locorum</strong></span> <span class='ocrx_word' id='word_1_295' title='bbox 828 3053 914 3080; x_wconf 89' lang='lat' dir='ltr'><strong>non</strong></span> <span class='ocrx_word' id='word_1_296' title='bbox 949 3042 1087 3082; x_wconf 85' lang='lat' dir='ltr'><strong>obstat</strong></span> 
     </span>
     <span class='ocr_line' id='line_1_49' title="bbox 54 3102 1086 3155; baseline 0.004 -17"><span class='ocrx_word' id='word_1_297' title='bbox 54 3102 276 3151; x_wconf 82' lang='lat' dir='ltr'><strong>quominus</strong></span> <span class='ocrx_word' id='word_1_298' title='bbox 298 3114 372 3152; x_wconf 89' lang='lat' dir='ltr'><strong>per</strong></span> <span class='ocrx_word' id='word_1_299' title='bbox 384 3115 625 3154; x_wconf 90' lang='lat' dir='ltr'><strong>supremum</strong></span> <span class='ocrx_word' id='word_1_300' title='bbox 651 3103 972 3154; x_wconf 84' lang='lat' dir='ltr'><strong>gubernatorem</strong></span> <span class='ocrx_word' id='word_1_301' title='bbox 993 3115 1086 3155; x_wconf 85' lang='lat' dir='ltr'><strong>pos-</strong></span> 
     </span>
     <span class='ocr_line' id='line_1_50' title="bbox 41 3161 1085 3217; baseline 0.006 -18"><span class='ocrx_word' id='word_1_302' title='bbox 41 3161 107 3200; x_wconf 56' lang='lat' dir='ltr'><strong>&#39;sit</strong></span> <span class='ocrx_word' id='word_1_303' title='bbox 122 3161 211 3200; x_wconf 85' lang='lat' dir='ltr'><strong>fieri</strong></span> <span class='ocrx_word' id='word_1_304' title='bbox 230 3164 443 3202; x_wconf 80' lang='lat' dir='ltr'><strong>translatio</strong></span> <span class='ocrx_word' id='word_1_305' title='bbox 473 3165 526 3204; x_wconf 88' lang='lat' dir='ltr'><strong>ab</strong></span> <span class='ocrx_word' id='word_1_306' title='bbox 546 3178 630 3205; x_wconf 91' lang='lat' dir='ltr'><strong>uno</strong></span> <span class='ocrx_word' id='word_1_307' title='bbox 659 3165 702 3204; x_wconf 89' lang='lat' dir='ltr'><strong>in</strong></span> <span class='ocrx_word' id='word_1_308' title='bbox 738 3165 883 3211; x_wconf 86' lang='lat' dir='ltr'><strong>alium,</strong></span> <span class='ocrx_word' id='word_1_309' title='bbox 916 3166 1085 3217; x_wconf 88' lang='lat' dir='ltr'><strong>quando</strong></span> 
     </span>
     <span class='ocr_line' id='line_1_51' title="bbox 23 3222 1084 3276; baseline 0.009 -18"><span class='ocrx_word' id='word_1_310' title='bbox 23 3222 128 3274; x_wconf 58' lang='lat' dir='ltr'><strong>„toti</strong></span> <span class='ocrx_word' id='word_1_311' title='bbox 147 3224 309 3275; x_wconf 89' lang='lat' dir='ltr'><strong>corpori</strong></span> <span class='ocrx_word' id='word_1_312' title='bbox 329 3226 507 3276; x_wconf 85' lang='lat' dir='ltr'><strong>expedit.</strong></span> <span class='ocrx_word' id='word_1_313' title='bbox 543 3228 755 3268; x_wconf 88' lang='lat' dir='ltr'><strong>Professus</strong></span> <span class='ocrx_word' id='word_1_314' title='bbox 787 3231 926 3266; x_wconf 88' lang='lat' dir='ltr'><strong>autem</strong></span> <span class='ocrx_word' id='word_1_315' title='bbox 947 3228 1084 3268; x_wconf 91' lang='lat' dir='ltr'><strong>Socie-</strong></span> 
     </span>
    </p>

    <p class='ocr_par' dir='ltr' id='par_1_6' title="bbox 24 3285 1088 3713">
     <span class='ocr_line' id='line_1_52' title="bbox 54 3285 1085 3342; baseline 0.007 -19"><span class='ocrx_word' id='word_1_316' title='bbox 54 3285 166 3332; x_wconf 77' lang='lat' dir='ltr'><strong>tatis,</strong></span> <span class='ocrx_word' id='word_1_317' title='bbox 189 3297 240 3324; x_wconf 85' lang='lat' dir='ltr'><strong>ex</strong></span> <span class='ocrx_word' id='word_1_318' title='bbox 255 3286 298 3325; x_wconf 82' lang='lat' dir='ltr'><strong>vi</strong></span> <span class='ocrx_word' id='word_1_319' title='bbox 316 3287 440 3337; x_wconf 86' lang='lat' dir='ltr'><strong>hujus</strong></span> <span class='ocrx_word' id='word_1_320' title='bbox 460 3289 560 3337; x_wconf 83' lang='lat' dir='ltr'><strong>voti,</strong></span> <span class='ocrx_word' id='word_1_321' title='bbox 586 3290 690 3330; x_wconf 89' lang='lat' dir='ltr'><strong>mitti</strong></span> <span class='ocrx_word' id='word_1_322' title='bbox 710 3293 847 3342; x_wconf 88' lang='lat' dir='ltr'><strong>potest</strong></span> <span class='ocrx_word' id='word_1_323' title='bbox 870 3301 895 3327; x_wconf 92' lang='lat' dir='ltr'><strong>a</strong></span> <span class='ocrx_word' id='word_1_324' title='bbox 913 3289 1085 3330; x_wconf 91' lang='lat' dir='ltr'><strong>Summo</strong></span> 
     </span>
     <span class='ocr_line' id='line_1_53' title="bbox 35 3343 1087 3401; baseline 0.005 -16"><span class='ocrx_word' id='word_1_325' title='bbox 35 3343 270 3395; x_wconf 85' lang='lat' dir='ltr'><strong>.Pontifice‚</strong></span> <span class='ocrx_word' id='word_1_326' title='bbox 306 3348 475 3398; x_wconf 83' lang='lat' dir='ltr'><strong>praecise</strong></span> <span class='ocrx_word' id='word_1_327' title='bbox 505 3350 665 3390; x_wconf 89' lang='lat' dir='ltr'><strong>ratione</strong></span> <span class='ocrx_word' id='word_1_328' title='bbox 708 3350 894 3390; x_wconf 89' lang='lat' dir='ltr'><strong>muneris</strong></span> <span class='ocrx_word' id='word_1_329' title='bbox 938 3350 1087 3401; x_wconf 80' lang='lat' dir='ltr'><strong>praedi-</strong></span> 
     </span>
     <span class='ocr_line' id='line_1_54' title="bbox 24 3390 1086 3463; baseline 0.004 -16"><span class='ocrx_word' id='word_1_330' title='bbox 24 3390 35 3435; x_wconf 70' lang='grc' dir='ltr'>Ῐ</span> <span class='ocrx_word' id='word_1_331' title='bbox 56 3407 193 3456; x_wconf 72' lang='lat' dir='ltr'><strong>eundi,</strong></span> <span class='ocrx_word' id='word_1_332' title='bbox 212 3409 278 3448; x_wconf 89' lang='lat' dir='ltr'><strong>vel</strong></span> <span class='ocrx_word' id='word_1_333' title='bbox 298 3409 378 3448; x_wconf 84' lang='lat' dir='ltr'><strong>alio</strong></span> <span class='ocrx_word' id='word_1_334' title='bbox 390 3409 514 3449; x_wconf 90' lang='lat' dir='ltr'><strong>modo</strong></span> <span class='ocrx_word' id='word_1_335' title='bbox 547 3411 807 3452; x_wconf 86' lang='lat' dir='ltr'><strong>ministrandi</strong></span> <span class='ocrx_word' id='word_1_336' title='bbox 826 3411 1025 3463; x_wconf 84' lang='lat' dir='ltr'><strong>proximis</strong></span> <span class='ocrx_word' id='word_1_337' title='bbox 1043 3412 1086 3451; x_wconf 84' lang='lat' dir='ltr'><strong>in</strong></span> 
     </span>
     <span class='ocr_line' id='line_1_55' title="bbox 58 3468 1085 3521; baseline 0.004 -13"><span class='ocrx_word' id='word_1_338' title='bbox 58 3468 352 3521; x_wconf 77' lang='lat' dir='ltr'><strong>spiritualibus,</strong></span> <span class='ocrx_word' id='word_1_339' title='bbox 377 3471 536 3510; x_wconf 85' lang='lat' dir='ltr'><strong>etiamsi</strong></span> <span class='ocrx_word' id='word_1_340' title='bbox 557 3484 726 3512; x_wconf 89' lang='lat' dir='ltr'><strong>necesse</strong></span> <span class='ocrx_word' id='word_1_341' title='bbox 746 3474 797 3512; x_wconf 83' lang='lat' dir='ltr'><strong>sit</strong></span> <span class='ocrx_word' id='word_1_342' title='bbox 830 3485 881 3512; x_wconf 92' lang='lat' dir='ltr'><strong>eo</strong></span> <span class='ocrx_word' id='word_1_343' title='bbox 911 3472 1085 3512; x_wconf 87' lang='lat' dir='ltr'><strong>tendere</strong></span> 
     </span>
     <span class='ocr_line' id='line_1_56' title="bbox 58 3528 1086 3586; baseline 0.006 -18"><span class='ocrx_word' id='word_1_344' title='bbox 58 3528 129 3569; x_wconf 86' lang='lat' dir='ltr'><strong>ubi</strong></span> <span class='ocrx_word' id='word_1_345' title='bbox 146 3530 258 3570; x_wconf 88' lang='lat' dir='ltr'><strong>nulla</strong></span> <span class='ocrx_word' id='word_1_346' title='bbox 273 3532 324 3571; x_wconf 90' lang='lat' dir='ltr'><strong>sit</strong></span> <span class='ocrx_word' id='word_1_347' title='bbox 343 3533 559 3572; x_wconf 87' lang='lat' dir='ltr'><strong>Societatis</strong></span> <span class='ocrx_word' id='word_1_348' title='bbox 575 3533 737 3582; x_wconf 83' lang='lat' dir='ltr'><strong>domus,</strong></span> <span class='ocrx_word' id='word_1_349' title='bbox 759 3544 896 3586; x_wconf 89' lang='lat' dir='ltr'><strong>neque</strong></span> <span class='ocrx_word' id='word_1_350' title='bbox 922 3534 1086 3586; x_wconf 84' lang='lat' dir='ltr'><strong>provin·</strong></span> 
     </span>
     <span class='ocr_line' id='line_1_57' title="bbox 51 3588 746 3646; baseline 0.007 -17"><span class='ocrx_word' id='word_1_351' title='bbox 51 3588 136 3640; x_wconf 59' lang='lat' dir='ltr'><strong>mia,</strong></span> <span class='ocrx_word' id='word_1_352' title='bbox 161 3601 298 3643; x_wconf 87' lang='lat' dir='ltr'><strong>neque</strong></span> <span class='ocrx_word' id='word_1_353' title='bbox 317 3594 485 3633; x_wconf 86' lang='lat' dir='ltr'><strong>moralis</strong></span> <span class='ocrx_word' id='word_1_354' title='bbox 506 3606 601 3646; x_wconf 83' lang='lat' dir='ltr'><strong>spes</strong></span> <span class='ocrx_word' id='word_1_355' title='bbox 623 3594 746 3634; x_wconf 87' lang='lat' dir='ltr'><strong>illius.</strong></span> 
     </span>
     <span class='ocr_line' id='line_1_58' title="bbox 115 3650 1088 3713; baseline 0.008 -22"><span class='ocrx_word' id='word_1_356' title='bbox 115 3650 184 3692; x_wconf 77' lang='lat'><strong>23.</strong></span> <span class='ocrx_word' id='word_1_357' title='bbox 210 3652 330 3695; x_wconf 85' lang='lat' dir='ltr'><strong>Unde</strong></span> <span class='ocrx_word' id='word_1_358' title='bbox 344 3655 472 3698; x_wconf 80' lang='lat' dir='ltr'><strong>etiam</strong></span> <span class='ocrx_word' id='word_1_359' title='bbox 499 3655 546 3697; x_wconf 87' lang='lat' dir='ltr'><strong>fit</strong></span> <span class='ocrx_word' id='word_1_360' title='bbox 567 3659 614 3697; x_wconf 88' lang='lat' dir='ltr'><strong>ut</strong></span> <span class='ocrx_word' id='word_1_361' title='bbox 631 3667 684 3698; x_wconf 82' lang='lat' dir='ltr'><strong>ex</strong></span> <span class='ocrx_word' id='word_1_362' title='bbox 704 3656 746 3697; x_wconf 78' lang='lat' dir='ltr'><strong>vi</strong></span> <span class='ocrx_word' id='word_1_363' title='bbox 763 3656 846 3701; x_wconf 83' lang='lat' dir='ltr'><strong>voti</strong></span> <span class='ocrx_word' id='word_1_364' title='bbox 868 3656 976 3701; x_wconf 78' lang='lat' dir='ltr'><strong>mitti</strong></span> <span class='ocrx_word' id='word_1_365' title='bbox 988 3668 1088 3713; x_wconf 76' lang='lat' dir='ltr'><strong>pos·</strong></span> 
     </span>
    </p>
   </div>
   <div class='ocr_carea' id='block_1_4' title="bbox 447 270 1785 316">
    <p class='ocr_par' dir='ltr' id='par_1_7' title="bbox 447 270 1785 316">
     <span class='ocr_line' id='line_1_59' title="bbox 447 270 1785 316; baseline 0.001 -8"><span class='ocrx_word' id='word_1_366' title='bbox 447 274 536 308; x_wconf 72' lang='lat' dir='ltr'>GAP.</span> <span class='ocrx_word' id='word_1_367' title='bbox 560 274 614 308; x_wconf 80' lang='lat' dir='ltr'><strong>lv.</strong></span> <span class='ocrx_word' id='word_1_368' title='bbox 637 274 692 309; x_wconf 74' lang='lat' dir='ltr'><strong>AN</strong></span> <span class='ocrx_word' id='word_1_369' title='bbox 713 273 969 308; x_wconf 61' lang='lat' dir='ltr'><strong>unanimum</strong></span> <span class='ocrx_word' id='word_1_370' title='bbox 990 270 1129 306; x_wconf 70' lang='lat' dir='ltr'><strong>vorm!</strong></span> <span class='ocrx_word' id='word_1_371' title='bbox 1147 271 1206 306; x_wconf 74' lang='lat' dir='ltr'><strong>Al)</strong></span> <span class='ocrx_word' id='word_1_372' title='bbox 1223 270 1395 307; x_wconf 72' lang='lat' dir='ltr'><strong>sunum!</strong></span> <span class='ocrx_word' id='word_1_373' title='bbox 1416 271 1671 316; x_wconf 66' lang='grc' dir='ltr'><strong>ΡΟΝΤΙῈΙΕΕΙ.</strong></span> <span class='ocrx_word' id='word_1_374' title='bbox 1692 273 1785 310; x_wconf 72' lang='lat' dir='ltr'><strong>m.</strong></span> 
     </span>
    </p>
   </div>
   <div class='ocr_carea' id='block_1_5' title="bbox 1132 335 2184 3712">
    <p class='ocr_par' dir='ltr' id='par_1_8' title="bbox 1138 335 2184 2710">
     <span class='ocr_line' id='line_1_60' title="bbox 1147 335 2174 393; baseline 0.005 -18"><span class='ocrx_word' id='word_1_375' title='bbox 1147 335 1216 384; x_wconf 85' lang='lat' dir='ltr'><strong>sit,</strong></span> <span class='ocrx_word' id='word_1_376' title='bbox 1235 336 1306 376; x_wconf 89' lang='lat' dir='ltr'><strong>ubi</strong></span> <span class='ocrx_word' id='word_1_377' title='bbox 1326 340 1529 388; x_wconf 87' lang='lat' dir='ltr'><strong>perpetuo</strong></span> <span class='ocrx_word' id='word_1_378' title='bbox 1545 341 1661 378; x_wconf 85' lang='lat' dir='ltr'><strong>extra</strong></span> <span class='ocrx_word' id='word_1_379' title='bbox 1676 339 1824 380; x_wconf 86' lang='lat' dir='ltr'><strong>domos</strong></span> <span class='ocrx_word' id='word_1_380' title='bbox 1839 341 1881 380; x_wconf 87' lang='lat' dir='ltr'><strong>et</strong></span> <span class='ocrx_word' id='word_1_381' title='bbox 1900 337 2074 393; x_wconf 81' lang='lat' dir='ltr'><strong>collegia</strong></span> <span class='ocrx_word' id='word_1_382' title='bbox 2100 339 2174 380; x_wconf 88' lang='lat' dir='ltr'><strong>So·</strong></span> 
     </span>
     <span class='ocr_line' id='line_1_61' title="bbox 1146 397 2176 453; baseline 0.003 -17"><span class='ocrx_word' id='word_1_383' title='bbox 1146 397 1306 437; x_wconf 86' lang='lat' dir='ltr'><strong>cietatis</strong></span> <span class='ocrx_word' id='word_1_384' title='bbox 1329 397 1500 445; x_wconf 89' lang='lat' dir='ltr'><strong>habitet,</strong></span> <span class='ocrx_word' id='word_1_385' title='bbox 1518 409 1594 447; x_wconf 91' lang='lat' dir='ltr'><strong>per</strong></span> <span class='ocrx_word' id='word_1_386' title='bbox 1611 399 1770 439; x_wconf 86' lang='lat' dir='ltr'><strong>alienas</strong></span> <span class='ocrx_word' id='word_1_387' title='bbox 1793 400 1939 440; x_wconf 88' lang='lat' dir='ltr'><strong>domos</strong></span> <span class='ocrx_word' id='word_1_388' title='bbox 1970 405 2011 441; x_wconf 88' lang='lat' dir='ltr'><strong>et</strong></span> <span class='ocrx_word' id='word_1_389' title='bbox 2037 399 2176 453; x_wconf 83' lang='lat' dir='ltr'><strong>hospi-</strong></span> 
     </span>
     <span class='ocr_line' id='line_1_62' title="bbox 1144 458 2173 513; baseline 0.003 -16"><span class='ocrx_word' id='word_1_390' title='bbox 1144 458 1243 497; x_wconf 86' lang='lat' dir='ltr'><strong>talia</strong></span> <span class='ocrx_word' id='word_1_391' title='bbox 1260 458 1564 510; x_wconf 83' lang='lat' dir='ltr'><strong>peregrinando</strong></span> <span class='ocrx_word' id='word_1_392' title='bbox 1582 470 1592 504; x_wconf 91' lang='lat'>;</span> <span class='ocrx_word' id='word_1_393' title='bbox 1612 459 1665 497; x_wconf 90' lang='lat' dir='ltr'><strong>ad</strong></span> <span class='ocrx_word' id='word_1_394' title='bbox 1681 460 1793 510; x_wconf 90' lang='lat' dir='ltr'><strong>quod</strong></span> <span class='ocrx_word' id='word_1_395' title='bbox 1811 461 1869 513; x_wconf 87' lang='lat' dir='ltr'><strong>(ut</strong></span> <span class='ocrx_word' id='word_1_396' title='bbox 1909 461 2067 513; x_wconf 81' lang='lat' dir='ltr'><strong>opinor)</strong></span> <span class='ocrx_word' id='word_1_397' title='bbox 2104 460 2173 501; x_wconf 81' lang='lat' dir='ltr'><strong>alii</strong></span> 
     </span>
     <span class='ocr_line' id='line_1_63' title="bbox 1143 518 2174 571; baseline 0.004 -12"><span class='ocrx_word' id='word_1_398' title='bbox 1143 519 1325 570; x_wconf 87' lang='lat' dir='ltr'><strong>religiosi</strong></span> <span class='ocrx_word' id='word_1_399' title='bbox 1345 532 1397 558; x_wconf 82' lang='lat' dir='ltr'><strong>ex</strong></span> <span class='ocrx_word' id='word_1_400' title='bbox 1414 518 1455 558; x_wconf 87' lang='lat' dir='ltr'><strong>vi</strong></span> <span class='ocrx_word' id='word_1_401' title='bbox 1473 519 1555 557; x_wconf 93' lang='lat' dir='ltr'><strong>voti</strong></span> <span class='ocrx_word' id='word_1_402' title='bbox 1572 519 1664 570; x_wconf 85' lang='lat' dir='ltr'><strong>cogi</strong></span> <span class='ocrx_word' id='word_1_403' title='bbox 1681 532 1765 559; x_wconf 88' lang='lat' dir='ltr'><strong>non</strong></span> <span class='ocrx_word' id='word_1_404' title='bbox 1787 527 1974 571; x_wconf 88' lang='lat' dir='ltr'><strong>possunt.</strong></span> <span class='ocrx_word' id='word_1_405' title='bbox 2001 524 2051 563; x_wconf 91' lang='lat' dir='ltr'><strong>Et</strong></span> <span class='ocrx_word' id='word_1_406' title='bbox 2067 523 2174 563; x_wconf 82' lang='lat' dir='ltr'><strong>forte</strong></span> 
     </span>
     <span class='ocr_line' id='line_1_64' title="bbox 1143 580 2173 631; baseline 0.005 -11"><span class='ocrx_word' id='word_1_407' title='bbox 1143 580 1186 620; x_wconf 92' lang='lat' dir='ltr'><strong>in</strong></span> <span class='ocrx_word' id='word_1_408' title='bbox 1204 581 1284 621; x_wconf 89' lang='lat' dir='ltr'><strong>hoc</strong></span> <span class='ocrx_word' id='word_1_409' title='bbox 1315 593 1440 620; x_wconf 91' lang='lat' dir='ltr'><strong>sensu</strong></span> <span class='ocrx_word' id='word_1_410' title='bbox 1478 580 1672 619; x_wconf 81' lang='lat' dir='ltr'><strong>dixerunt</strong></span> <span class='ocrx_word' id='word_1_411' title='bbox 1701 581 1829 631; x_wconf 88' lang='lat' dir='ltr'><strong>aliqui</strong></span> <span class='ocrx_word' id='word_1_412' title='bbox 1867 584 2058 624; x_wconf 89' lang='lat' dir='ltr'><strong>moderni</strong></span> <span class='ocrx_word' id='word_1_413' title='bbox 2087 596 2173 624; x_wconf 89' lang='lat' dir='ltr'><strong>non</strong></span> 
     </span>
     <span class='ocr_line' id='line_1_65' title="bbox 1142 641 2173 697; baseline 0.005 -16"><span class='ocrx_word' id='word_1_414' title='bbox 1142 653 1266 694; x_wconf 86' lang='lat' dir='ltr'><strong>posse</strong></span> <span class='ocrx_word' id='word_1_415' title='bbox 1285 642 1538 693; x_wconf 90' lang='lat' dir='ltr'><strong>religiosum,</strong></span> <span class='ocrx_word' id='word_1_416' title='bbox 1563 641 1689 680; x_wconf 88' lang='lat' dir='ltr'><strong>etiam</strong></span> <span class='ocrx_word' id='word_1_417' title='bbox 1720 642 2043 690; x_wconf 77' lang='lat' dir='ltr'><strong>mendicantem,</strong></span> <span class='ocrx_word' id='word_1_418' title='bbox 2071 657 2173 697; x_wconf 79' lang='lat' dir='ltr'><strong>prae-</strong></span> 
     </span>
     <span class='ocr_line' id='line_1_66' title="bbox 1143 702 2171 758; baseline 0.004 -16"><span class='ocrx_word' id='word_1_419' title='bbox 1143 707 1263 754; x_wconf 88' lang='lat' dir='ltr'><strong>cepto</strong></span> <span class='ocrx_word' id='word_1_420' title='bbox 1290 702 1536 742; x_wconf 78' lang='lat' dir='ltr'><strong>obedientiae</strong></span> <span class='ocrx_word' id='word_1_421' title='bbox 1566 702 1741 753; x_wconf 84' lang='lat' dir='ltr'><strong>obligari</strong></span> <span class='ocrx_word' id='word_1_422' title='bbox 1766 707 1812 741; x_wconf 85' lang='lat' dir='ltr'><strong>ut</strong></span> <span class='ocrx_word' id='word_1_423' title='bbox 1842 708 1910 742; x_wconf 87' lang='lat' dir='ltr'><strong>eat</strong></span> <span class='ocrx_word' id='word_1_424' title='bbox 1937 705 1990 744; x_wconf 90' lang='lat' dir='ltr'><strong>ad</strong></span> <span class='ocrx_word' id='word_1_425' title='bbox 2019 707 2171 758; x_wconf 86' lang='lat' dir='ltr'><strong>Indos;</strong></span> 
     </span>
     <span class='ocr_line' id='line_1_67' title="bbox 1142 764 2174 816; baseline 0.002 -11"><span class='ocrx_word' id='word_1_426' title='bbox 1142 775 1241 805; x_wconf 88' lang='lat' dir='ltr'><strong>nam</strong></span> <span class='ocrx_word' id='word_1_427' title='bbox 1277 765 1318 804; x_wconf 91' lang='lat' dir='ltr'><strong>id</strong></span> <span class='ocrx_word' id='word_1_428' title='bbox 1347 770 1515 816; x_wconf 88' lang='lat' dir='ltr'><strong>propter</strong></span> <span class='ocrx_word' id='word_1_429' title='bbox 1550 764 1681 803; x_wconf 89' lang='lat' dir='ltr'><strong>solam</strong></span> <span class='ocrx_word' id='word_1_430' title='bbox 1718 764 1954 803; x_wconf 81' lang='lat' dir='ltr'><strong>distantiam</strong></span> <span class='ocrx_word' id='word_1_431' title='bbox 1986 766 2174 807; x_wconf 89' lang='lat' dir='ltr'><strong>absolute</strong></span> 
     </span>
     <span class='ocr_line' id='line_1_68' title="bbox 1141 825 2174 876; baseline 0.003 -12"><span class='ocrx_word' id='word_1_432' title='bbox 1141 838 1288 865; x_wconf 89' lang='lat' dir='ltr'><strong>verum</strong></span> <span class='ocrx_word' id='word_1_433' title='bbox 1305 838 1390 865; x_wconf 90' lang='lat' dir='ltr'><strong>non</strong></span> <span class='ocrx_word' id='word_1_434' title='bbox 1410 830 1487 875; x_wconf 88' lang='lat' dir='ltr'><strong>est,</strong></span> <span class='ocrx_word' id='word_1_435' title='bbox 1500 825 1640 876; x_wconf 89' lang='lat' dir='ltr'><strong>quoad</strong></span> <span class='ocrx_word' id='word_1_436' title='bbox 1660 826 1771 865; x_wconf 91' lang='lat' dir='ltr'><strong>hunc</strong></span> <span class='ocrx_word' id='word_1_437' title='bbox 1786 830 1927 865; x_wconf 91' lang='lat' dir='ltr'><strong>autem</strong></span> <span class='ocrx_word' id='word_1_438' title='bbox 1950 826 2114 866; x_wconf 89' lang='lat' dir='ltr'><strong>vivendi</strong></span> <span class='ocrx_word' id='word_1_439' title='bbox 2133 832 2174 868; x_wconf 88' lang='lat' dir='ltr'><strong>et</strong></span> 
     </span>
     <span class='ocr_line' id='line_1_69' title="bbox 1141 887 2174 938; baseline 0.003 -13"><span class='ocrx_word' id='word_1_440' title='bbox 1141 887 1437 938; x_wconf 86' lang='lat' dir='ltr'><strong>peregrinandi</strong></span> <span class='ocrx_word' id='word_1_441' title='bbox 1458 887 1630 926; x_wconf 92' lang='lat' dir='ltr'><strong>modum</strong></span> <span class='ocrx_word' id='word_1_442' title='bbox 1665 891 1727 927; x_wconf 89' lang='lat' dir='ltr'><strong>est</strong></span> <span class='ocrx_word' id='word_1_443' title='bbox 1742 887 1973 938; x_wconf 89' lang='lat' dir='ltr'><strong>probabile.</strong></span> <span class='ocrx_word' id='word_1_444' title='bbox 1995 888 2174 928; x_wconf 89' lang='lat' dir='ltr'><strong>Maxime</strong></span> 
     </span>
     <span class='ocr_line' id='line_1_70' title="bbox 1142 949 2176 999; baseline 0.002 -13"><span class='ocrx_word' id='word_1_445' title='bbox 1142 959 1240 987; x_wconf 88' lang='lat' dir='ltr'><strong>vero</strong></span> <span class='ocrx_word' id='word_1_446' title='bbox 1277 949 1466 988; x_wconf 83' lang='lat' dir='ltr'><strong>excusari</strong></span> <span class='ocrx_word' id='word_1_447' title='bbox 1504 953 1712 999; x_wconf 86' lang='lat' dir='ltr'><strong>poterunt,</strong></span> <span class='ocrx_word' id='word_1_448' title='bbox 1752 949 1785 988; x_wconf 94' lang='lat' dir='ltr'><strong>si</strong></span> <span class='ocrx_word' id='word_1_449' title='bbox 1814 950 1970 988; x_wconf 87' lang='lat' dir='ltr'><strong>versari</strong></span> <span class='ocrx_word' id='word_1_450' title='bbox 1993 949 2176 988; x_wconf 88' lang='lat' dir='ltr'><strong>debeant</strong></span> 
     </span>
     <span class='ocr_line' id='line_1_71' title="bbox 1142 1009 2176 1062; baseline 0.002 -14"><span class='ocrx_word' id='word_1_451' title='bbox 1142 1009 1251 1048; x_wconf 90' lang='lat' dir='ltr'><strong>inter</strong></span> <span class='ocrx_word' id='word_1_452' title='bbox 1267 1009 1379 1061; x_wconf 90' lang='lat' dir='ltr'><strong>ipsos</strong></span> <span class='ocrx_word' id='word_1_453' title='bbox 1398 1009 1603 1057; x_wconf 79' lang='lat' dir='ltr'><strong>infideles,</strong></span> <span class='ocrx_word' id='word_1_454' title='bbox 1619 1022 1714 1050; x_wconf 92' lang='lat' dir='ltr'><strong>cum</strong></span> <span class='ocrx_word' id='word_1_455' title='bbox 1744 1010 1797 1049; x_wconf 91' lang='lat' dir='ltr'><strong>sit</strong></span> <span class='ocrx_word' id='word_1_456' title='bbox 1823 1010 2039 1061; x_wconf 89' lang='lat' dir='ltr'><strong>probabile</strong></span> <span class='ocrx_word' id='word_1_457' title='bbox 2067 1010 2176 1062; x_wconf 89' lang='lat' dir='ltr'><strong>peri-</strong></span> 
     </span>
     <span class='ocr_line' id='line_1_72' title="bbox 1141 1071 2175 1123; baseline 0.002 -14"><span class='ocrx_word' id='word_1_458' title='bbox 1141 1071 1283 1110; x_wconf 87' lang='lat' dir='ltr'><strong>culum</strong></span> <span class='ocrx_word' id='word_1_459' title='bbox 1315 1072 1458 1110; x_wconf 90' lang='lat' dir='ltr'><strong>mortis</strong></span> <span class='ocrx_word' id='word_1_460' title='bbox 1479 1083 1554 1110; x_wconf 90' lang='lat' dir='ltr'><strong>seu</strong></span> <span class='ocrx_word' id='word_1_461' title='bbox 1590 1072 1777 1123; x_wconf 86' lang='lat' dir='ltr'><strong>martyrii</strong></span> <span class='ocrx_word' id='word_1_462' title='bbox 1812 1071 1856 1111; x_wconf 93' lang='lat' dir='ltr'><strong>in</strong></span> <span class='ocrx_word' id='word_1_463' title='bbox 1889 1073 1961 1111; x_wconf 86' lang='lat' dir='ltr'><strong>tali</strong></span> <span class='ocrx_word' id='word_1_464' title='bbox 1999 1084 2175 1112; x_wconf 89' lang='lat' dir='ltr'><strong>munere</strong></span> 
     </span>
     <span class='ocr_line' id='line_1_73' title="bbox 1142 1132 2176 1185; baseline 0.002 -14"><span class='ocrx_word' id='word_1_465' title='bbox 1142 1132 1351 1172; x_wconf 91' lang='lat' dir='ltr'><strong>obeundo.</strong></span> <span class='ocrx_word' id='word_1_466' title='bbox 1370 1133 1419 1172; x_wconf 88' lang='lat' dir='ltr'><strong>Et</strong></span> <span class='ocrx_word' id='word_1_467' title='bbox 1437 1133 1530 1172; x_wconf 92' lang='lat' dir='ltr'><strong>ideo</strong></span> <span class='ocrx_word' id='word_1_468' title='bbox 1551 1133 1590 1172; x_wconf 93' lang='lat' dir='ltr'><strong>S.</strong></span> <span class='ocrx_word' id='word_1_469' title='bbox 1614 1132 1858 1172; x_wconf 84' lang='lat' dir='ltr'><strong>Franciscus</strong></span> <span class='ocrx_word' id='word_1_470' title='bbox 1876 1134 1918 1172; x_wconf 90' lang='lat' dir='ltr'><strong>in</strong></span> <span class='ocrx_word' id='word_1_471' title='bbox 1944 1134 2090 1185; x_wconf 88' lang='lat' dir='ltr'><strong>regula</strong></span> <span class='ocrx_word' id='word_1_472' title='bbox 2110 1144 2176 1173; x_wconf 89' lang='lat' dir='ltr'><strong>so·</strong></span> 
     </span>
     <span class='ocr_line' id='line_1_74' title="bbox 1141 1193 2175 1245; baseline 0.004 -13"><span class='ocrx_word' id='word_1_473' title='bbox 1141 1193 1230 1232; x_wconf 91' lang='lat' dir='ltr'><strong>lum</strong></span> <span class='ocrx_word' id='word_1_474' title='bbox 1253 1194 1381 1233; x_wconf 87' lang='lat' dir='ltr'><strong>dixit:</strong></span> <span class='ocrx_word' id='word_1_475' title='bbox 1411 1194 1488 1242; x_wconf 74' lang='lat' dir='ltr'><strong>Qui</strong></span> <span class='ocrx_word' id='word_1_476' title='bbox 1504 1195 1671 1235; x_wconf 77' lang='lat' dir='ltr'><strong>voluerit</strong></span> <span class='ocrx_word' id='word_1_477' title='bbox 1696 1195 1755 1234; x_wconf 77' lang='lat' dir='ltr'><strong>ire</strong></span> <span class='ocrx_word' id='word_1_478' title='bbox 1779 1197 1885 1235; x_wconf 77' lang='lat' dir='ltr'><strong>inter</strong></span> <span class='ocrx_word' id='word_1_479' title='bbox 1911 1195 2175 1245; x_wconf 78' lang='lat' dir='ltr'><strong>Sarracenos,</strong></span> 
     </span>
     <span class='ocr_line' id='line_1_75' title="bbox 1138 1256 2177 1307; baseline 0 -11"><span class='ocrx_word' id='word_1_480' title='bbox 1138 1260 1250 1307; x_wconf 78' lang='lat' dir='ltr'><strong>petat</strong></span> <span class='ocrx_word' id='word_1_481' title='bbox 1267 1256 1488 1304; x_wconf 78' lang='lat' dir='ltr'><strong>licentiam,</strong></span> <span class='ocrx_word' id='word_1_482' title='bbox 1509 1261 1606 1304; x_wconf 63' lang='lat' dir='ltr'><strong>etc„</strong></span> <span class='ocrx_word' id='word_1_483' title='bbox 1624 1256 1815 1295; x_wconf 88' lang='lat' dir='ltr'><strong>indicans</strong></span> <span class='ocrx_word' id='word_1_484' title='bbox 1833 1257 1951 1296; x_wconf 84' lang='lat' dir='ltr'><strong>aliter</strong></span> <span class='ocrx_word' id='word_1_485' title='bbox 1966 1258 2070 1297; x_wconf 89' lang='lat' dir='ltr'><strong>mitti</strong></span> <span class='ocrx_word' id='word_1_486' title='bbox 2090 1269 2177 1296; x_wconf 91' lang='lat' dir='ltr'><strong>non</strong></span> 
     </span>
     <span class='ocr_line' id='line_1_76' title="bbox 1142 1318 2178 1370; baseline 0.002 -14"><span class='ocrx_word' id='word_1_487' title='bbox 1142 1329 1278 1368; x_wconf 89' lang='lat' dir='ltr'><strong>posse,</strong></span> <span class='ocrx_word' id='word_1_488' title='bbox 1299 1323 1343 1356; x_wconf 85' lang='lat' dir='ltr'><strong>ut</strong></span> <span class='ocrx_word' id='word_1_489' title='bbox 1364 1318 1521 1357; x_wconf 87' lang='lat' dir='ltr'><strong>notavit</strong></span> <span class='ocrx_word' id='word_1_490' title='bbox 1543 1318 1719 1356; x_wconf 88' lang='lat' dir='ltr'><strong>Cordub.</strong></span> <span class='ocrx_word' id='word_1_491' title='bbox 1735 1331 1875 1369; x_wconf 88' lang='lat' dir='ltr'><strong>supra,</strong></span> <span class='ocrx_word' id='word_1_492' title='bbox 1906 1323 2053 1370; x_wconf 79' lang='lat' dir='ltr'><strong>quaest.</strong></span> <span class='ocrx_word' id='word_1_493' title='bbox 2069 1321 2109 1367; x_wconf 85' lang='grc'><strong>2,</strong></span> <span class='ocrx_word' id='word_1_494' title='bbox 2134 1319 2178 1358; x_wconf 91' lang='lat' dir='ltr'><strong>in</strong></span> 
     </span>
     <span class='ocr_line' id='line_1_77' title="bbox 1141 1379 2177 1431; baseline 0.001 -14"><span class='ocrx_word' id='word_1_495' title='bbox 1141 1379 1401 1429; x_wconf 85' lang='lat' dir='ltr'><strong>expositione</strong></span> <span class='ocrx_word' id='word_1_496' title='bbox 1422 1379 1591 1430; x_wconf 82' lang='lat' dir='ltr'><strong>Regulae</strong></span> <span class='ocrx_word' id='word_1_497' title='bbox 1624 1380 1664 1418; x_wconf 88' lang='lat' dir='ltr'><strong>S.</strong></span> <span class='ocrx_word' id='word_1_498' title='bbox 1694 1379 1913 1426; x_wconf 71' lang='lat' dir='ltr'><strong>Framisci,</strong></span> <span class='ocrx_word' id='word_1_499' title='bbox 1938 1392 2028 1431; x_wconf 88' lang='lat' dir='ltr'><strong>cap.</strong></span> <span class='ocrx_word' id='word_1_500' title='bbox 2062 1379 2177 1418; x_wconf 88' lang='lat' dir='ltr'><strong>deci-</strong></span> 
     </span>
     <span class='ocr_line' id='line_1_78' title="bbox 1142 1439 2178 1491; baseline 0.003 -14"><span class='ocrx_word' id='word_1_501' title='bbox 1142 1451 1211 1478; x_wconf 91' lang='lat' dir='ltr'><strong>mo</strong></span> <span class='ocrx_word' id='word_1_502' title='bbox 1230 1453 1240 1486; x_wconf 86' lang='lat'>;</span> <span class='ocrx_word' id='word_1_503' title='bbox 1260 1444 1301 1478; x_wconf 87' lang='lat' dir='ltr'><strong>et</strong></span> <span class='ocrx_word' id='word_1_504' title='bbox 1319 1441 1500 1478; x_wconf 64' lang='lat' dir='ltr'><strong>joannes</strong></span> <span class='ocrx_word' id='word_1_505' title='bbox 1526 1441 1578 1479; x_wconf 93' lang='lat' dir='ltr'><strong>de</strong></span> <span class='ocrx_word' id='word_1_506' title='bbox 1605 1439 1845 1491; x_wconf 87' lang='lat' dir='ltr'><strong>Capistrano</strong></span> <span class='ocrx_word' id='word_1_507' title='bbox 1874 1441 1918 1479; x_wconf 93' lang='lat' dir='ltr'><strong>in</strong></span> <span class='ocrx_word' id='word_1_508' title='bbox 1938 1442 2023 1479; x_wconf 90' lang='lat' dir='ltr'><strong>suis</strong></span> <span class='ocrx_word' id='word_1_509' title='bbox 2050 1441 2178 1480; x_wconf 91' lang='lat' dir='ltr'><strong>Cons—</strong></span> 
     </span>
     <span class='ocr_line' id='line_1_79' title="bbox 1141 1500 2179 1552; baseline 0 -13"><span class='ocrx_word' id='word_1_510' title='bbox 1141 1500 1423 1548; x_wconf 70' lang='lat' dir='ltr'><strong>mationibus,</strong></span> <span class='ocrx_word' id='word_1_511' title='bbox 1457 1512 1546 1552; x_wconf 88' lang='lat' dir='ltr'><strong>cap.</strong></span> <span class='ocrx_word' id='word_1_512' title='bbox 1571 1501 1832 1540; x_wconf 89' lang='lat' dir='ltr'><strong>duodecimo.</strong></span> <span class='ocrx_word' id='word_1_513' title='bbox 1867 1502 2078 1541; x_wconf 90' lang='lat' dir='ltr'><strong>Professus</strong></span> <span class='ocrx_word' id='word_1_514' title='bbox 2102 1514 2179 1540; x_wconf 89' lang='lat' dir='ltr'><strong>au-</strong></span> 
     </span>
     <span class='ocr_line' id='line_1_80' title="bbox 1141 1562 2180 1614; baseline 0.001 -13"><span class='ocrx_word' id='word_1_515' title='bbox 1141 1566 1227 1601; x_wconf 89' lang='lat' dir='ltr'><strong>tem</strong></span> <span class='ocrx_word' id='word_1_516' title='bbox 1262 1562 1491 1610; x_wconf 88' lang='lat' dir='ltr'><strong>Societatis,</strong></span> <span class='ocrx_word' id='word_1_517' title='bbox 1517 1564 1678 1602; x_wconf 86' lang='lat' dir='ltr'><strong>ratione</strong></span> <span class='ocrx_word' id='word_1_518' title='bbox 1704 1564 1765 1601; x_wconf 91' lang='lat' dir='ltr'><strong>sui</strong></span> <span class='ocrx_word' id='word_1_519' title='bbox 1791 1563 1889 1608; x_wconf 89' lang='lat' dir='ltr'><strong>voti,</strong></span> <span class='ocrx_word' id='word_1_520' title='bbox 1922 1576 2005 1602; x_wconf 92' lang='lat' dir='ltr'><strong>non</strong></span> <span class='ocrx_word' id='word_1_521' title='bbox 2044 1566 2180 1614; x_wconf 88' lang='lat' dir='ltr'><strong>potest</strong></span> 
     </span>
     <span class='ocr_line' id='line_1_81' title="bbox 1142 1625 2180 1677; baseline 0.001 -14"><span class='ocrx_word' id='word_1_522' title='bbox 1142 1625 1221 1663; x_wconf 91' lang='lat' dir='ltr'><strong>hoc</strong></span> <span class='ocrx_word' id='word_1_523' title='bbox 1243 1625 1359 1663; x_wconf 87' lang='lat' dir='ltr'><strong>titulo</strong></span> <span class='ocrx_word' id='word_1_524' title='bbox 1384 1626 1664 1677; x_wconf 84' lang='lat' dir='ltr'><strong>tergiversari,</strong></span> <span class='ocrx_word' id='word_1_525' title='bbox 1682 1630 1722 1664; x_wconf 85' lang='lat' dir='ltr'><strong>et</strong></span> <span class='ocrx_word' id='word_1_526' title='bbox 1739 1626 1793 1664; x_wconf 88' lang='lat' dir='ltr'><strong>ita</strong></span> <span class='ocrx_word' id='word_1_527' title='bbox 1814 1626 1856 1664; x_wconf 85' lang='lat' dir='ltr'><strong>in</strong></span> <span class='ocrx_word' id='word_1_528' title='bbox 1874 1626 2059 1676; x_wconf 86' lang='lat' dir='ltr'><strong>pluribus</strong></span> <span class='ocrx_word' id='word_1_529' title='bbox 2075 1626 2180 1665; x_wconf 91' lang='lat' dir='ltr'><strong>casi-</strong></span> 
     </span>
     <span class='ocr_line' id='line_1_82' title="bbox 1143 1686 2180 1738; baseline 0.003 -15"><span class='ocrx_word' id='word_1_530' title='bbox 1143 1686 1221 1724; x_wconf 88' lang='lat' dir='ltr'><strong>bus</strong></span> <span class='ocrx_word' id='word_1_531' title='bbox 1238 1687 1445 1738; x_wconf 84' lang='lat' dir='ltr'><strong>obligatur</strong></span> <span class='ocrx_word' id='word_1_532' title='bbox 1457 1688 1616 1726; x_wconf 87' lang='lat' dir='ltr'><strong>ratione</strong></span> <span class='ocrx_word' id='word_1_533' title='bbox 1639 1688 1762 1737; x_wconf 83' lang='lat' dir='ltr'><strong>hujus</strong></span> <span class='ocrx_word' id='word_1_534' title='bbox 1779 1688 1877 1733; x_wconf 81' lang='lat' dir='ltr'><strong>voti,</strong></span> <span class='ocrx_word' id='word_1_535' title='bbox 1893 1688 1931 1725; x_wconf 91' lang='lat' dir='ltr'><strong>in</strong></span> <span class='ocrx_word' id='word_1_536' title='bbox 1947 1689 2096 1738; x_wconf 88' lang='lat' dir='ltr'><strong>quibus</strong></span> <span class='ocrx_word' id='word_1_537' title='bbox 2110 1688 2180 1726; x_wconf 87' lang='lat' dir='ltr'><strong>alii</strong></span> 
     </span>
     <span class='ocr_line' id='line_1_83' title="bbox 1142 1748 2179 1800; baseline 0.002 -15"><span class='ocrx_word' id='word_1_538' title='bbox 1142 1748 1325 1798; x_wconf 85' lang='lat' dir='ltr'><strong>religiosi</strong></span> <span class='ocrx_word' id='word_1_539' title='bbox 1342 1761 1391 1787; x_wconf 83' lang='lat' dir='ltr'><strong>ex</strong></span> <span class='ocrx_word' id='word_1_540' title='bbox 1411 1754 1504 1787; x_wconf 87' lang='lat' dir='ltr'><strong>voto</strong></span> <span class='ocrx_word' id='word_1_541' title='bbox 1539 1749 1784 1787; x_wconf 60' lang='lat' dir='ltr'><strong>obedientiae</strong></span> <span class='ocrx_word' id='word_1_542' title='bbox 1821 1762 1903 1787; x_wconf 88' lang='lat' dir='ltr'><strong>non</strong></span> <span class='ocrx_word' id='word_1_543' title='bbox 1927 1751 2179 1800; x_wconf 81' lang='lat' dir='ltr'><strong>obligantur.</strong></span> 
     </span>
     <span class='ocr_line' id='line_1_84' title="bbox 1144 1810 2182 1861; baseline 0.002 -14"><span class='ocrx_word' id='word_1_544' title='bbox 1144 1810 1313 1847; x_wconf 79' lang='lat' dir='ltr'><strong>Accedit</strong></span> <span class='ocrx_word' id='word_1_545' title='bbox 1333 1811 1456 1847; x_wconf 86' lang='lat' dir='ltr'><strong>etiam</strong></span> <span class='ocrx_word' id='word_1_546' title='bbox 1478 1810 1672 1860; x_wconf 72' lang='lat' dir='ltr'><strong>obligatio</strong></span> <span class='ocrx_word' id='word_1_547' title='bbox 1702 1810 1742 1847; x_wconf 91' lang='lat' dir='ltr'><strong>in</strong></span> <span class='ocrx_word' id='word_1_548' title='bbox 1777 1811 1900 1848; x_wconf 88' lang='lat' dir='ltr'><strong>modo</strong></span> <span class='ocrx_word' id='word_1_549' title='bbox 1920 1811 2060 1854; x_wconf 83' lang='lat' dir='ltr'><strong>eundi,</strong></span> <span class='ocrx_word' id='word_1_550' title='bbox 2084 1811 2182 1861; x_wconf 85' lang='lat' dir='ltr'><strong>quia</strong></span> 
     </span>
     <span class='ocr_line' id='line_1_85' title="bbox 1142 1870 2183 1922; baseline 0.004 -16"><span class='ocrx_word' id='word_1_551' title='bbox 1142 1870 1218 1907; x_wconf 83' lang='lat' dir='ltr'><strong>viri</strong></span> <span class='ocrx_word' id='word_1_552' title='bbox 1240 1871 1455 1909; x_wconf 86' lang='lat' dir='ltr'><strong>Societatis</strong></span> <span class='ocrx_word' id='word_1_553' title='bbox 1484 1876 1680 1909; x_wconf 85' lang='lat' dir='ltr'><strong>tenentur</strong></span> <span class='ocrx_word' id='word_1_554' title='bbox 1701 1873 1757 1909; x_wconf 85' lang='lat' dir='ltr'><strong>ire</strong></span> <span class='ocrx_word' id='word_1_555' title='bbox 1776 1873 1837 1920; x_wconf 91' lang='lat' dir='ltr'><strong>(ut</strong></span> <span class='ocrx_word' id='word_1_556' title='bbox 1856 1872 1913 1910; x_wconf 90' lang='lat' dir='ltr'><strong>sic</strong></span> <span class='ocrx_word' id='word_1_557' title='bbox 1938 1870 2086 1922; x_wconf 82' lang='lat' dir='ltr'><strong>dicam)</strong></span> <span class='ocrx_word' id='word_1_558' title='bbox 2112 1884 2183 1910; x_wconf 87' lang='lat' dir='ltr'><strong>ex-</strong></span> 
     </span>
     <span class='ocr_line' id='line_1_86' title="bbox 1141 1932 2184 1981; baseline 0.002 -13"><span class='ocrx_word' id='word_1_559' title='bbox 1141 1932 1284 1981; x_wconf 88' lang='lat' dir='ltr'><strong>pensis</strong></span> <span class='ocrx_word' id='word_1_560' title='bbox 1306 1932 1406 1978; x_wconf 85' lang='lat' dir='ltr'><strong>suis,</strong></span> <span class='ocrx_word' id='word_1_561' title='bbox 1423 1932 1463 1969; x_wconf 89' lang='lat' dir='ltr'><strong>id</strong></span> <span class='ocrx_word' id='word_1_562' title='bbox 1484 1936 1558 1978; x_wconf 88' lang='lat' dir='ltr'><strong>est,</strong></span> <span class='ocrx_word' id='word_1_563' title='bbox 1584 1932 1672 1970; x_wconf 85' lang='lat' dir='ltr'><strong>sine</strong></span> <span class='ocrx_word' id='word_1_564' title='bbox 1692 1933 1859 1979; x_wconf 89' lang='lat' dir='ltr'><strong>viatico,</strong></span> <span class='ocrx_word' id='word_1_565' title='bbox 1885 1937 1924 1971; x_wconf 89' lang='lat' dir='ltr'><strong>et</strong></span> <span class='ocrx_word' id='word_1_566' title='bbox 1944 1933 2184 1971; x_wconf 87' lang='lat' dir='ltr'><strong>mendican-</strong></span> 
     </span>
     <span class='ocr_line' id='line_1_87' title="bbox 1142 1992 2182 2042; baseline 0.003 -12"><span class='ocrx_word' id='word_1_567' title='bbox 1142 1992 1211 2036; x_wconf 82' lang='lat' dir='ltr'><strong>do,</strong></span> <span class='ocrx_word' id='word_1_568' title='bbox 1234 1993 1265 2030; x_wconf 93' lang='lat' dir='ltr'><strong>si</strong></span> <span class='ocrx_word' id='word_1_569' title='bbox 1289 1993 1541 2042; x_wconf 85' lang='lat' dir='ltr'><strong>oportuerit;</strong></span> <span class='ocrx_word' id='word_1_570' title='bbox 1573 1993 1643 2030; x_wconf 87' lang='lat' dir='ltr'><strong>alii</strong></span> <span class='ocrx_word' id='word_1_571' title='bbox 1679 1999 1836 2040; x_wconf 87' lang='lat' dir='ltr'><strong>autem,</strong></span> <span class='ocrx_word' id='word_1_572' title='bbox 1868 2005 1963 2031; x_wconf 91' lang='lat' dir='ltr'><strong>cum</strong></span> <span class='ocrx_word' id='word_1_573' title='bbox 1983 1995 2060 2032; x_wconf 91' lang='lat' dir='ltr'><strong>hoc</strong></span> <span class='ocrx_word' id='word_1_574' title='bbox 2097 2007 2182 2033; x_wconf 89' lang='lat' dir='ltr'><strong>non</strong></span> 
     </span>
     <span class='ocr_line' id='line_1_88' title="bbox 1141 2053 2181 2105; baseline 0.004 -14"><span class='ocrx_word' id='word_1_575' title='bbox 1141 2053 1431 2105; x_wconf 83' lang='lat' dir='ltr'><strong>profiteantur,</strong></span> <span class='ocrx_word' id='word_1_576' title='bbox 1446 2066 1529 2092; x_wconf 90' lang='lat' dir='ltr'><strong>non</strong></span> <span class='ocrx_word' id='word_1_577' title='bbox 1551 2059 1745 2104; x_wconf 82' lang='lat' dir='ltr'><strong>poterunt</strong></span> <span class='ocrx_word' id='word_1_578' title='bbox 1766 2055 2045 2105; x_wconf 78' lang='lat' dir='ltr'><strong>obligaricum</strong></span> <span class='ocrx_word' id='word_1_579' title='bbox 2067 2060 2181 2095; x_wconf 82' lang='lat' dir='ltr'><strong>tanto</strong></span> 
     </span>
     <span class='ocr_line' id='line_1_89' title="bbox 1141 2115 2182 2167; baseline 0.003 -13"><span class='ocrx_word' id='word_1_580' title='bbox 1141 2116 1295 2164; x_wconf 75' lang='lat' dir='ltr'><strong>rigore.</strong></span> <span class='ocrx_word' id='word_1_581' title='bbox 1320 2117 1507 2165; x_wconf 78' lang='lat' dir='ltr'><strong>Denique</strong></span> <span class='ocrx_word' id='word_1_582' title='bbox 1532 2115 1741 2165; x_wconf 81' lang='lat' dir='ltr'><strong>professus</strong></span> <span class='ocrx_word' id='word_1_583' title='bbox 1763 2116 1977 2155; x_wconf 80' lang='lat' dir='ltr'><strong>Societatis</strong></span> <span class='ocrx_word' id='word_1_584' title='bbox 1997 2117 2115 2167; x_wconf 86' lang='lat' dir='ltr'><strong>quasi</strong></span> <span class='ocrx_word' id='word_1_585' title='bbox 2132 2129 2182 2157; x_wconf 83' lang='lat' dir='ltr'><strong>cx</strong></span> 
     </span>
     <span class='ocr_line' id='line_1_90' title="bbox 1142 2177 2180 2227; baseline 0.003 -13"><span class='ocrx_word' id='word_1_586' title='bbox 1142 2177 1278 2215; x_wconf 85' lang='lat' dir='ltr'><strong>officio</strong></span> <span class='ocrx_word' id='word_1_587' title='bbox 1302 2181 1467 2215; x_wconf 88' lang='lat' dir='ltr'><strong>tenetur</strong></span> <span class='ocrx_word' id='word_1_588' title='bbox 1482 2189 1571 2215; x_wconf 88' lang='lat' dir='ltr'><strong>esse</strong></span> <span class='ocrx_word' id='word_1_589' title='bbox 1596 2177 1805 2227; x_wconf 82' lang='lat' dir='ltr'><strong>expositus</strong></span> <span class='ocrx_word' id='word_1_590' title='bbox 1825 2178 1877 2215; x_wconf 86' lang='lat' dir='ltr'><strong>ad</strong></span> <span class='ocrx_word' id='word_1_591' title='bbox 1898 2179 1974 2216; x_wconf 87' lang='lat' dir='ltr'><strong>hoc</strong></span> <span class='ocrx_word' id='word_1_592' title='bbox 2011 2191 2180 2227; x_wconf 84' lang='lat' dir='ltr'><strong>munus,</strong></span> 
     </span>
     <span class='ocr_line' id='line_1_91' title="bbox 1139 2238 2179 2290; baseline 0.003 -14"><span class='ocrx_word' id='word_1_593' title='bbox 1139 2238 1199 2276; x_wconf 84' lang='lat' dir='ltr'><strong>ita</strong></span> <span class='ocrx_word' id='word_1_594' title='bbox 1220 2242 1265 2277; x_wconf 91' lang='lat' dir='ltr'><strong>ut</strong></span> <span class='ocrx_word' id='word_1_595' title='bbox 1299 2239 1388 2277; x_wconf 90' lang='lat' dir='ltr'><strong>sine</strong></span> <span class='ocrx_word' id='word_1_596' title='bbox 1422 2238 1591 2289; x_wconf 87' lang='lat' dir='ltr'><strong>speciali</strong></span> <span class='ocrx_word' id='word_1_597' title='bbox 1629 2238 1873 2276; x_wconf 86' lang='lat' dir='ltr'><strong>necessitate</strong></span> <span class='ocrx_word' id='word_1_598' title='bbox 1895 2238 1998 2277; x_wconf 90' lang='lat' dir='ltr'><strong>mitti</strong></span> <span class='ocrx_word' id='word_1_599' title='bbox 2034 2241 2179 2290; x_wconf 87' lang='lat' dir='ltr'><strong>possit,</strong></span> 
     </span>
     <span class='ocr_line' id='line_1_92' title="bbox 1142 2299 2178 2350; baseline 0.004 -13"><span class='ocrx_word' id='word_1_600' title='bbox 1142 2299 1241 2348; x_wconf 88' lang='lat' dir='ltr'><strong>quia</strong></span> <span class='ocrx_word' id='word_1_601' title='bbox 1277 2300 1387 2338; x_wconf 90' lang='lat' dir='ltr'><strong>hunc</strong></span> <span class='ocrx_word' id='word_1_602' title='bbox 1416 2299 1587 2338; x_wconf 88' lang='lat' dir='ltr'><strong>modum</strong></span> <span class='ocrx_word' id='word_1_603' title='bbox 1626 2299 1789 2337; x_wconf 89' lang='lat' dir='ltr'><strong>vivendi</strong></span> <span class='ocrx_word' id='word_1_604' title='bbox 1831 2300 2044 2350; x_wconf 88' lang='lat' dir='ltr'><strong>professus</strong></span> <span class='ocrx_word' id='word_1_605' title='bbox 2086 2306 2178 2349; x_wconf 80' lang='lat' dir='ltr'><strong>est3</strong></span> 
     </span>
     <span class='ocr_line' id='line_1_93' title="bbox 1142 2360 2181 2408; baseline 0.003 -10"><span class='ocrx_word' id='word_1_606' title='bbox 1142 2360 1212 2399; x_wconf 86' lang='lat' dir='ltr'><strong>alii</strong></span> <span class='ocrx_word' id='word_1_607' title='bbox 1227 2372 1311 2399; x_wconf 91' lang='lat' dir='ltr'><strong>non</strong></span> <span class='ocrx_word' id='word_1_608' title='bbox 1325 2361 1441 2408; x_wconf 86' lang='lat' dir='ltr'><strong>item,</strong></span> <span class='ocrx_word' id='word_1_609' title='bbox 1460 2360 1534 2400; x_wconf 90' lang='lat' dir='ltr'><strong>sed</strong></span> <span class='ocrx_word' id='word_1_610' title='bbox 1554 2373 1603 2399; x_wconf 83' lang='lat' dir='ltr'><strong>ex</strong></span> <span class='ocrx_word' id='word_1_611' title='bbox 1632 2360 1849 2407; x_wconf 88' lang='lat' dir='ltr'><strong>accidenti,</strong></span> <span class='ocrx_word' id='word_1_612' title='bbox 1871 2362 1936 2400; x_wconf 90' lang='lat' dir='ltr'><strong>vel</strong></span> <span class='ocrx_word' id='word_1_613' title='bbox 1968 2362 2181 2402; x_wconf 89' lang='lat' dir='ltr'><strong>communi</strong></span> 
     </span>
     <span class='ocr_line' id='line_1_94' title="bbox 1143 2421 2182 2473; baseline 0.002 -12"><span class='ocrx_word' id='word_1_614' title='bbox 1143 2422 1238 2473; x_wconf 87' lang='lat' dir='ltr'><strong>lege</strong></span> <span class='ocrx_word' id='word_1_615' title='bbox 1253 2422 1478 2470; x_wconf 82' lang='lat' dir='ltr'><strong>charitatis,</strong></span> <span class='ocrx_word' id='word_1_616' title='bbox 1498 2421 1768 2472; x_wconf 83' lang='lat' dir='ltr'><strong>justitiae,aut</strong></span> <span class='ocrx_word' id='word_1_617' title='bbox 1784 2422 2031 2462; x_wconf 77' lang='lat' dir='ltr'><strong>obedientiae</strong></span> <span class='ocrx_word' id='word_1_618' title='bbox 2051 2425 2182 2463; x_wconf 89' lang='lat' dir='ltr'><strong>chris-</strong></span> 
     </span>
     <span class='ocr_line' id='line_1_95' title="bbox 1142 2483 2176 2536; baseline 0.002 -13"><span class='ocrx_word' id='word_1_619' title='bbox 1142 2484 1283 2530; x_wconf 87' lang='lat' dir='ltr'><strong>tianae,</strong></span> <span class='ocrx_word' id='word_1_620' title='bbox 1296 2484 1358 2522; x_wconf 89' lang='lat' dir='ltr'><strong>vel</strong></span> <span class='ocrx_word' id='word_1_621' title='bbox 1372 2483 1426 2523; x_wconf 92' lang='lat' dir='ltr'><strong>ob</strong></span> <span class='ocrx_word' id='word_1_622' title='bbox 1442 2483 1623 2535; x_wconf 87' lang='lat' dir='ltr'><strong>aliquem</strong></span> <span class='ocrx_word' id='word_1_623' title='bbox 1648 2484 1902 2534; x_wconf 83' lang='lat' dir='ltr'><strong>peculiarem</strong></span> <span class='ocrx_word' id='word_1_624' title='bbox 1922 2489 2176 2536; x_wconf 89' lang='lat' dir='ltr'><strong>respectum,</strong></span> 
     </span>
     <span class='ocr_line' id='line_1_96' title="bbox 1142 2544 2179 2596; baseline 0.003 -11"><span class='ocrx_word' id='word_1_625' title='bbox 1142 2544 1350 2586; x_wconf 89' lang='lat' dir='ltr'><strong>serviendi</strong></span> <span class='ocrx_word' id='word_1_626' title='bbox 1383 2557 1467 2585; x_wconf 85' lang='lat' dir='ltr'><strong>suae</strong></span> <span class='ocrx_word' id='word_1_627' title='bbox 1501 2546 1714 2596; x_wconf 85' lang='lat' dir='ltr'><strong>religioni,</strong></span> <span class='ocrx_word' id='word_1_628' title='bbox 1752 2550 1797 2585; x_wconf 91' lang='lat' dir='ltr'><strong>ut</strong></span> <span class='ocrx_word' id='word_1_629' title='bbox 1835 2546 1888 2585; x_wconf 89' lang='lat' dir='ltr'><strong>de</strong></span> <span class='ocrx_word' id='word_1_630' title='bbox 1919 2548 2094 2587; x_wconf 84' lang='lat' dir='ltr'><strong>transitu</strong></span> <span class='ocrx_word' id='word_1_631' title='bbox 2125 2549 2179 2588; x_wconf 92' lang='lat' dir='ltr'><strong>ab</strong></span> 
     </span>
     <span class='ocr_line' id='line_1_97' title="bbox 1141 2606 2179 2658; baseline 0.004 -11"><span class='ocrx_word' id='word_1_632' title='bbox 1141 2619 1226 2647; x_wconf 92' lang='lat' dir='ltr'><strong>uno</strong></span> <span class='ocrx_word' id='word_1_633' title='bbox 1259 2607 1350 2648; x_wconf 91' lang='lat' dir='ltr'><strong>loco</strong></span> <span class='ocrx_word' id='word_1_634' title='bbox 1372 2608 1412 2646; x_wconf 89' lang='lat' dir='ltr'><strong>in</strong></span> <span class='ocrx_word' id='word_1_635' title='bbox 1436 2606 1563 2647; x_wconf 87' lang='lat' dir='ltr'><strong>alium</strong></span> <span class='ocrx_word' id='word_1_636' title='bbox 1582 2607 1709 2658; x_wconf 88' lang='lat' dir='ltr'><strong>paulo</strong></span> <span class='ocrx_word' id='word_1_637' title='bbox 1733 2611 1828 2648; x_wconf 82' lang='lat' dir='ltr'><strong>ante</strong></span> <span class='ocrx_word' id='word_1_638' title='bbox 1854 2607 2097 2649; x_wconf 85' lang='lat' dir='ltr'><strong>dicebamus</strong></span> <span class='ocrx_word' id='word_1_639' title='bbox 2127 2622 2179 2651; x_wconf 83' lang='lat' dir='ltr'><strong>ex</strong></span> 
     </span>
     <span class='ocr_line' id='line_1_98' title="bbox 1140 2668 1339 2710; baseline -0.01 0"><span class='ocrx_word' id='word_1_640' title='bbox 1140 2668 1339 2710; x_wconf 86' lang='lat' dir='ltr'><strong>Navarro.</strong></span> 
     </span>
    </p>

    <p class='ocr_par' dir='ltr' id='par_1_9' title="bbox 1132 2727 2178 3712">
     <span class='ocr_line' id='line_1_99' title="bbox 1191 2727 2178 2784; baseline 0.003 -12"><span class='ocrx_word' id='word_1_641' title='bbox 1191 2733 1259 2772; x_wconf 65' lang='grc'><strong>24.</strong></span> <span class='ocrx_word' id='word_1_642' title='bbox 1310 2730 1483 2782; x_wconf 76' lang='lat' dir='ltr'><strong>objectio</strong></span> <span class='ocrx_word' id='word_1_643' title='bbox 1516 2727 1663 2783; x_wconf 74' lang='lat' dir='ltr'><strong>triceps</strong></span> <span class='ocrx_word' id='word_1_644' title='bbox 1696 2734 1836 2772; x_wconf 78' lang='lat' dir='ltr'><strong>contra</strong></span> <span class='ocrx_word' id='word_1_645' title='bbox 1877 2731 1949 2773; x_wconf 69' lang='lat'><strong>7200</strong></span> <span class='ocrx_word' id='word_1_646' title='bbox 1986 2733 2178 2784; x_wconf 76' lang='lat' dir='ltr'><strong>quartum</strong></span> 
     </span>
     <span class='ocr_line' id='line_1_100' title="bbox 1135 2792 2174 2847; baseline 0 -12"><span class='ocrx_word' id='word_1_647' title='bbox 1135 2793 1412 2835; x_wconf 66' lang='lat' dir='ltr'><strong>votum—Ad</strong></span> <span class='ocrx_word' id='word_1_648' title='bbox 1422 2792 1601 2844; x_wconf 79' lang='lat' dir='ltr'><strong>primum</strong></span> <span class='ocrx_word' id='word_1_649' title='bbox 1619 2793 1837 2844; x_wconf 58' lang='lat' dir='ltr'><strong>can—Ad</strong></span> <span class='ocrx_word' id='word_1_650' title='bbox 1852 2795 2064 2835; x_wconf 73' lang='lat' dir='ltr'><strong>secundum</strong></span> <span class='ocrx_word' id='word_1_651' title='bbox 2083 2807 2174 2847; x_wconf 79' lang='lat' dir='ltr'><strong>cap.</strong></span> 
     </span>
     <span class='ocr_line' id='line_1_101' title="bbox 1137 2855 2177 2906; baseline 0.003 -11"><span class='ocrx_word' id='word_1_652' title='bbox 1137 2874 1186 2885; x_wconf 91' lang='lat'><strong>·-</strong></span> <span class='ocrx_word' id='word_1_653' title='bbox 1211 2855 1315 2895; x_wconf 91' lang='lat' dir='ltr'><strong>Hinc</strong></span> <span class='ocrx_word' id='word_1_654' title='bbox 1335 2866 1431 2894; x_wconf 90' lang='lat' dir='ltr'><strong>vero</strong></span> <span class='ocrx_word' id='word_1_655' title='bbox 1449 2859 1619 2894; x_wconf 85' lang='lat' dir='ltr'><strong>sumunt</strong></span> <span class='ocrx_word' id='word_1_656' title='bbox 1639 2855 1769 2906; x_wconf 85' lang='lat' dir='ltr'><strong>aliqui</strong></span> <span class='ocrx_word' id='word_1_657' title='bbox 1804 2856 2065 2896; x_wconf 89' lang='lat' dir='ltr'><strong>occasionem</strong></span> <span class='ocrx_word' id='word_1_658' title='bbox 2103 2858 2177 2899; x_wconf 86' lang='lat' dir='ltr'><strong>ob-</strong></span> 
     </span>
     <span class='ocr_line' id='line_1_102' title="bbox 1132 2915 2177 2967; baseline 0.004 -12"><span class='ocrx_word' id='word_1_659' title='bbox 1132 2915 1303 2967; x_wconf 85' lang='lat' dir='ltr'><strong>jiciendi</strong></span> <span class='ocrx_word' id='word_1_660' title='bbox 1328 2921 1471 2956; x_wconf 89' lang='lat' dir='ltr'><strong>contra</strong></span> <span class='ocrx_word' id='word_1_661' title='bbox 1491 2917 1571 2957; x_wconf 87' lang='lat' dir='ltr'><strong>hoc</strong></span> <span class='ocrx_word' id='word_1_662' title='bbox 1588 2921 1729 2957; x_wconf 91' lang='lat' dir='ltr'><strong>votum</strong></span> <span class='ocrx_word' id='word_1_663' title='bbox 1756 2918 1982 2958; x_wconf 88' lang='lat' dir='ltr'><strong>novitatem</strong></span> <span class='ocrx_word' id='word_1_664' title='bbox 2015 2923 2056 2958; x_wconf 91' lang='lat' dir='ltr'><strong>et</strong></span> <span class='ocrx_word' id='word_1_665' title='bbox 2096 2920 2177 2959; x_wconf 87' lang='lat' dir='ltr'><strong>sin-</strong></span> 
     </span>
     <span class='ocr_line' id='line_1_103' title="bbox 1136 2979 2177 3032; baseline 0.002 -14"><span class='ocrx_word' id='word_1_666' title='bbox 1136 2979 1420 3032; x_wconf 84' lang='lat' dir='ltr'><strong>gularitatem,</strong></span> <span class='ocrx_word' id='word_1_667' title='bbox 1440 2979 1523 3018; x_wconf 90' lang='lat' dir='ltr'><strong>imo</strong></span> <span class='ocrx_word' id='word_1_668' title='bbox 1542 2982 1584 3018; x_wconf 88' lang='lat' dir='ltr'><strong>et</strong></span> <span class='ocrx_word' id='word_1_669' title='bbox 1599 2979 1877 3019; x_wconf 87' lang='lat' dir='ltr'><strong>temeritatem</strong></span> <span class='ocrx_word' id='word_1_670' title='bbox 1897 2993 1908 3027; x_wconf 78' lang='lat'>3</span> <span class='ocrx_word' id='word_1_671' title='bbox 1935 2992 2034 3019; x_wconf 87' lang='lat' dir='ltr'><strong>nam</strong></span> <span class='ocrx_word' id='word_1_672' title='bbox 2061 2981 2177 3020; x_wconf 81' lang='lat' dir='ltr'><strong>vide-</strong></span> 
     </span>
     <span class='ocr_line' id='line_1_104' title="bbox 1138 3040 2177 3093; baseline 0.004 -14"><span class='ocrx_word' id='word_1_673' title='bbox 1138 3044 1207 3080; x_wconf 89' lang='lat' dir='ltr'><strong>tur</strong></span> <span class='ocrx_word' id='word_1_674' title='bbox 1225 3040 1415 3092; x_wconf 81' lang='lat' dir='ltr'><strong>quaedam</strong></span> <span class='ocrx_word' id='word_1_675' title='bbox 1435 3041 1704 3093; x_wconf 82' lang='lat' dir='ltr'><strong>praesumptio</strong></span> <span class='ocrx_word' id='word_1_676' title='bbox 1723 3045 1782 3081; x_wconf 91' lang='lat' dir='ltr'><strong>tot</strong></span> <span class='ocrx_word' id='word_1_677' title='bbox 1802 3042 2114 3082; x_wconf 83' lang='lat' dir='ltr'><strong>difficultatibus</strong></span> <span class='ocrx_word' id='word_1_678' title='bbox 2135 3047 2177 3083; x_wconf 90' lang='lat' dir='ltr'><strong>et</strong></span> 
     </span>
     <span class='ocr_line' id='line_1_105' title="bbox 1137 3102 2174 3155; baseline 0.002 -14"><span class='ocrx_word' id='word_1_679' title='bbox 1137 3102 1337 3154; x_wconf 88' lang='lat' dir='ltr'><strong>periculis</strong></span> <span class='ocrx_word' id='word_1_680' title='bbox 1367 3113 1415 3142; x_wconf 90' lang='lat' dir='ltr'><strong>se</strong></span> <span class='ocrx_word' id='word_1_681' title='bbox 1444 3102 1640 3153; x_wconf 85' lang='lat' dir='ltr'><strong>objicere.</strong></span> <span class='ocrx_word' id='word_1_682' title='bbox 1685 3104 1840 3142; x_wconf 90' lang='lat' dir='ltr'><strong>Verum</strong></span> <span class='ocrx_word' id='word_1_683' title='bbox 1876 3104 1965 3143; x_wconf 89' lang='lat' dir='ltr'><strong>haec</strong></span> <span class='ocrx_word' id='word_1_684' title='bbox 1996 3104 2174 3155; x_wconf 78' lang='lat' dir='ltr'><strong>obiectio</strong></span> 
     </span>
     <span class='ocr_line' id='line_1_106' title="bbox 1137 3164 2171 3216; baseline 0.001 -12"><span class='ocrx_word' id='word_1_685' title='bbox 1137 3174 1249 3216; x_wconf 85' lang='lat' dir='ltr'><strong>saepe</strong></span> <span class='ocrx_word' id='word_1_686' title='bbox 1265 3168 1329 3204; x_wconf 88' lang='lat' dir='ltr'><strong>est</strong></span> <span class='ocrx_word' id='word_1_687' title='bbox 1346 3164 1391 3203; x_wconf 91' lang='lat' dir='ltr'><strong>in</strong></span> <span class='ocrx_word' id='word_1_688' title='bbox 1409 3165 1694 3216; x_wconf 88' lang='lat' dir='ltr'><strong>superioribus</strong></span> <span class='ocrx_word' id='word_1_689' title='bbox 1709 3165 1916 3216; x_wconf 83' lang='lat' dir='ltr'><strong>expedita,</strong></span> <span class='ocrx_word' id='word_1_690' title='bbox 1943 3170 1989 3206; x_wconf 84' lang='lat' dir='ltr'><strong>ut</strong></span> <span class='ocrx_word' id='word_1_691' title='bbox 2021 3165 2067 3204; x_wconf 92' lang='lat' dir='ltr'><strong>in</strong></span> <span class='ocrx_word' id='word_1_692' title='bbox 2098 3166 2171 3205; x_wconf 90' lang='lat' dir='ltr'><strong>lib.</strong></span> 
     </span>
     <span class='ocr_line' id='line_1_107' title="bbox 1135 3226 2175 3278; baseline -0.001 -11"><span class='ocrx_word' id='word_1_693' title='bbox 1135 3228 1179 3273; x_wconf 81' lang='lat'><strong>2,</strong></span> <span class='ocrx_word' id='word_1_694' title='bbox 1200 3237 1236 3266; x_wconf 88' lang='lat' dir='ltr'><strong>c.</strong></span> <span class='ocrx_word' id='word_1_695' title='bbox 1256 3226 1298 3274; x_wconf 72' lang='lat'><strong>4,</strong></span> <span class='ocrx_word' id='word_1_696' title='bbox 1320 3237 1345 3265; x_wconf 85' lang='lat' dir='ltr'><strong>a</strong></span> <span class='ocrx_word' id='word_1_697' title='bbox 1362 3238 1405 3265; x_wconf 89' lang='lat' dir='ltr'><strong>n.</strong></span> <span class='ocrx_word' id='word_1_698' title='bbox 1423 3227 1463 3266; x_wconf 77' lang='lat'><strong>2.</strong></span> <span class='ocrx_word' id='word_1_699' title='bbox 1489 3226 1535 3266; x_wconf 88' lang='lat' dir='ltr'><strong>Si</strong></span> <span class='ocrx_word' id='word_1_700' title='bbox 1552 3226 1664 3265; x_wconf 90' lang='lat' dir='ltr'><strong>enim</strong></span> <span class='ocrx_word' id='word_1_701' title='bbox 1684 3227 1831 3278; x_wconf 84' lang='lat' dir='ltr'><strong>religio</strong></span> <span class='ocrx_word' id='word_1_702' title='bbox 1863 3227 2078 3267; x_wconf 87' lang='lat' dir='ltr'><strong>Societatis</strong></span> <span class='ocrx_word' id='word_1_703' title='bbox 2108 3239 2175 3266; x_wconf 87' lang='lat' dir='ltr'><strong>se-</strong></span> 
     </span>
     <span class='ocr_line' id='line_1_108' title="bbox 1137 3287 2173 3340; baseline -0.002 -12"><span class='ocrx_word' id='word_1_704' title='bbox 1137 3287 1323 3328; x_wconf 88' lang='lat' dir='ltr'><strong>cundum</strong></span> <span class='ocrx_word' id='word_1_705' title='bbox 1360 3299 1485 3327; x_wconf 89' lang='lat' dir='ltr'><strong>suum</strong></span> <span class='ocrx_word' id='word_1_706' title='bbox 1518 3288 1734 3340; x_wconf 91' lang='lat' dir='ltr'><strong>proprium</strong></span> <span class='ocrx_word' id='word_1_707' title='bbox 1766 3289 2000 3328; x_wconf 88' lang='lat' dir='ltr'><strong>institutum</strong></span> <span class='ocrx_word' id='word_1_708' title='bbox 2037 3292 2079 3328; x_wconf 85' lang='lat' dir='ltr'><strong>et</strong></span> <span class='ocrx_word' id='word_1_709' title='bbox 2117 3288 2173 3326; x_wconf 88' lang='lat' dir='ltr'><strong>vi-</strong></span> 
     </span>
     <span class='ocr_line' id='line_1_109' title="bbox 1136 3346 2173 3401; baseline 0 -13"><span class='ocrx_word' id='word_1_710' title='bbox 1136 3349 1261 3389; x_wconf 86' lang='lat' dir='ltr'><strong>vendi</strong></span> <span class='ocrx_word' id='word_1_711' title='bbox 1288 3349 1460 3389; x_wconf 90' lang='lat' dir='ltr'><strong>modum</strong></span> <span class='ocrx_word' id='word_1_712' title='bbox 1490 3360 1599 3389; x_wconf 89' lang='lat' dir='ltr'><strong>nova</strong></span> <span class='ocrx_word' id='word_1_713' title='bbox 1636 3354 1714 3394; x_wconf 81' lang='lat' dir='ltr'><strong>est,</strong></span> <span class='ocrx_word' id='word_1_714' title='bbox 1743 3350 1844 3401; x_wconf 90' lang='lat' dir='ltr'><strong>quid</strong></span> <span class='ocrx_word' id='word_1_715' title='bbox 1877 3352 2026 3390; x_wconf 88' lang='lat' dir='ltr'><strong>mirum</strong></span> <span class='ocrx_word' id='word_1_716' title='bbox 2059 3346 2173 3400; x_wconf 89' lang='lat' dir='ltr'><strong>quod</strong></span> 
     </span>
     <span class='ocr_line' id='line_1_110' title="bbox 1135 3409 2172 3463; baseline -0.002 -13"><span class='ocrx_word' id='word_1_717' title='bbox 1135 3411 1296 3463; x_wconf 87' lang='lat' dir='ltr'><strong>aliquid</strong></span> <span class='ocrx_word' id='word_1_718' title='bbox 1310 3411 1405 3450; x_wconf 91' lang='lat' dir='ltr'><strong>novi</strong></span> <span class='ocrx_word' id='word_1_719' title='bbox 1425 3411 1551 3451; x_wconf 83' lang='lat' dir='ltr'><strong>etiam</strong></span> <span class='ocrx_word' id='word_1_720' title='bbox 1570 3411 1844 3463; x_wconf 74' lang='lat' dir='ltr'><strong>profiteatur?</strong></span> <span class='ocrx_word' id='word_1_721' title='bbox 1865 3411 2038 3459; x_wconf 87' lang='lat' dir='ltr'><strong>Quando</strong></span> <span class='ocrx_word' id='word_1_722' title='bbox 2059 3409 2172 3449; x_wconf 89' lang='lat' dir='ltr'><strong>enim</strong></span> 
     </span>
     <span class='ocr_line' id='line_1_111' title="bbox 1138 3471 2177 3525; baseline 0.001 -15"><span class='ocrx_word' id='word_1_723' title='bbox 1138 3473 1283 3524; x_wconf 83' lang='lat' dir='ltr'><strong>religio</strong></span> <span class='ocrx_word' id='word_1_724' title='bbox 1314 3473 1357 3511; x_wconf 92' lang='lat' dir='ltr'><strong>S.</strong></span> <span class='ocrx_word' id='word_1_725' title='bbox 1404 3472 1614 3513; x_wconf 86' lang='lat' dir='ltr'><strong>Francisci</strong></span> <span class='ocrx_word' id='word_1_726' title='bbox 1658 3476 1945 3525; x_wconf 86' lang='lat' dir='ltr'><strong>paupertatem</strong></span> <span class='ocrx_word' id='word_1_727' title='bbox 1978 3471 2020 3509; x_wconf 90' lang='lat' dir='ltr'><strong>in</strong></span> <span class='ocrx_word' id='word_1_728' title='bbox 2060 3481 2177 3523; x_wconf 45' lang='lat' dir='ltr'><strong>comff</strong></span> 
     </span>
     <span class='ocr_line' id='line_1_112' title="bbox 1138 3530 2178 3585; baseline -0.001 -13"><span class='ocrx_word' id='word_1_729' title='bbox 1138 3534 1255 3573; x_wconf 90' lang='lat' dir='ltr'><strong>muni</strong></span> <span class='ocrx_word' id='word_1_730' title='bbox 1285 3533 1471 3585; x_wconf 86' lang='lat' dir='ltr'><strong>profiteri</strong></span> <span class='ocrx_word' id='word_1_731' title='bbox 1499 3535 1638 3585; x_wconf 85' lang='lat' dir='ltr'><strong>coepit,</strong></span> <span class='ocrx_word' id='word_1_732' title='bbox 1675 3545 1829 3572; x_wconf 89' lang='lat' dir='ltr'><strong>novum</strong></span> <span class='ocrx_word' id='word_1_733' title='bbox 1862 3532 2035 3570; x_wconf 83' lang='lat' dir='ltr'><strong>fortasse</strong></span> <span class='ocrx_word' id='word_1_734' title='bbox 2064 3530 2178 3584; x_wconf 81' lang='lat' dir='ltr'><strong>fuit3&#39;</strong></span> 
     </span>
     <span class='ocr_line' id='line_1_113' title="bbox 1138 3593 2170 3647; baseline 0 -12"><span class='ocrx_word' id='word_1_735' title='bbox 1138 3595 1322 3647; x_wconf 87' lang='lat' dir='ltr'><strong>profiteri</strong></span> <span class='ocrx_word' id='word_1_736' title='bbox 1339 3596 1462 3636; x_wconf 87' lang='lat' dir='ltr'><strong>etiam</strong></span> <span class='ocrx_word' id='word_1_737' title='bbox 1496 3596 1699 3642; x_wconf 87' lang='lat' dir='ltr'><strong>militiam,</strong></span> <span class='ocrx_word' id='word_1_738' title='bbox 1733 3598 1804 3632; x_wconf 92' lang='lat' dir='ltr'><strong>aut</strong></span> <span class='ocrx_word' id='word_1_739' title='bbox 1836 3593 2170 3646; x_wconf 89' lang='lat' dir='ltr'><strong>redemptionem</strong></span> 
     </span>
     <span class='ocr_line' id='line_1_114' title="bbox 1138 3653 2168 3712; baseline 0.011 -15"><span class='ocrx_word' id='word_1_740' title='bbox 1138 3657 1413 3712; x_wconf 83' lang='lat' dir='ltr'><strong>captivorum,</strong></span> <span class='ocrx_word' id='word_1_741' title='bbox 1431 3666 1588 3699; x_wconf 82' lang='lat' dir='ltr'><strong>novum</strong></span> <span class='ocrx_word' id='word_1_742' title='bbox 1602 3654 1827 3706; x_wconf 78' lang='lat' dir='ltr'><strong>aliquando</strong></span> <span class='ocrx_word' id='word_1_743' title='bbox 1842 3653 1924 3702; x_wconf 72' lang='lat' dir='ltr'><strong>fuit</strong></span> <span class='ocrx_word' id='word_1_744' title='bbox 1941 3654 1989 3710; x_wconf 55' lang='grc' dir='ltr'><strong>ἕρ</strong></span> <span class='ocrx_word' id='word_1_745' title='bbox 2013 3655 2168 3712; x_wconf 57' lang='lat' dir='ltr'><strong>Qu*</strong></span> 
     </span>
    </p>
   </div>
  </div>
 </body>
</html>
