2352 3880
180 338 275 379 liori
295 336 489 380 nuberet,
511 333 607 384 quia
635 337 675 371 et
694 331 840 371 Christi
873 331 1037 370 Domini
1068 331 1209 380 verba,

180 402 221 438 et
238 399 327 438 aliae
346 397 524 436 rationes
540 394 726 434 adductae
743 403 858 444 aeque
875 391 922 432 in
937 392 1002 432 his
1020 392 1211 432 omnibus

179 459 312 500 locum
332 457 500 496 habent.

228 522 270 561 4.
303 519 563 570 Temperatur
586 517 735 557 dictum
751 516 1054 568 pronuntiatum
1078 516 1209 567 dupli-

177 579 214 622 ci
236 581 508 630 fundamento.
528 598 582 608 —
606 578 798 626 Quamvis
821 581 958 616 autem
980 577 1056 615 hoc
1078 577 1207 616 consi-

151 655 153 658 ’
176 641 277 681 lium
304 654 387 680 non
407 639 667 691 relinquendi
684 639 793 678 bona
812 638 1127 689 consanguineis
1146 650 1207 677 re-

175 703 372 755 gulariter
398 702 643 742 servandum
677 701 753 750 sit,
781 712 865 740 non
887 703 1102 740 esttamen
1132 699 1206 738 du-

174 764 289 804 bium
305 765 404 816 quin
426 764 632 803 interdum
652 762 762 802 aliud
782 761 983 813 expediat,
1003 760 1112 812 quod
1132 761 1205 799 du·

172 825 269 877 plici
288 838 338 866 cx
357 826 486 877 capite
506 828 637 877 potest
656 823 884 876 provenire.
914 823 1065 871 Primo,
1089 823 1206 873 quasi

172 899 245 940 per
273 900 329 936 se,
350 889 447 940 quia
479 888 665 937 indigent
697 886 789 936 ipsi,
810 889 856 924 ut
885 884 1040 924 dictum
1074 890 1146 932 est,
1165 888 1206 924 et

172 951 325 1002 optime
348 951 525 991 declarat
544 949 794 994 Ambrosius,
819 950 837 986 1
861 947 994 996 Offic.,
1021 959 1108 998 cap.
1131 946 1205 985 tri-

171 1013 342 1064 gesimo.
366 1012 575 1058 Secundo,
609 1010 738 1060 magis
767 1021 839 1061 per
861 1009 1061 1049 accidens.
1083 1008 1132 1047 ad
1148 1008 1205 1046 vi-

168 1074 342 1134 Ιίιειῐιᾶιηι]
369 1073 623 1120 scandalum,
648 1075 694 1110 ut
714 1071 838 1118 rixas,
860 1070 925 1110 vel
952 1070 1201 1118 inimicitias,

168 1120 261 1186 ¹quae
282 1134 377 1173 inde
401 1135 498 1173 oriri
520 1133 666 1181 solent,
683 1136 729 1171 ut
749 1132 911 1183 egregie
934 1132 1120 1179 Basilius,
1140 1143 1203 1170 re-

170 1195 254 1247 gul.
286 1198 312 1236 9
343 1208 394 1235 ex
427 1195 660 1243 fusioiibus,
692 1198 781 1245 post
814 1194 1009 1233 medium.
1035 1195 1203 1243 Propter

170 1268 269 1309 quos
298 1270 413 1297 casus
438 1263 478 1297 et
507 1257 657 1296 similes
688 1255 852 1295 additur
881 1257 924 1294 in
954 1255 1048 1293 dict.
1077 1255 1199 1306 capit.

170 1326 312 1370 quarto
333 1319 556 1367 Examinis,
580 1319 603 1370 ἓ
624 1320 668 1364 3,
691 1318 735 1356 in
754 1318 812 1357 eis
831 1329 915 1356 non
935 1316 1112 1367 proprio.
1133 1315 1202 1354 sed

170 1381 289 1419 unius
303 1385 373 1419 aut
388 1381 566 1432 plurium
582 1380 765 1428 arbitrio,
782 1379 852 1430 qui
866 1379 950 1417 vita
964 1382 1004 1417 et
1018 1378 1203 1416 doctrina

168 1443 522 1490 commendentur,
549 1447 588 1481 et
619 1442 670 1480 ab
693 1443 780 1493 ipso
801 1441 990 1491 religioso
1011 1451 1104 1478 cum
1134 1452 1203 1490 ap-

166 1503 407 1554 probatione
447 1504 675 1554 Superioris
712 1503 917 1552 eligantur
937 1530 950 1548 ,
989 1501 1200 1550 negotium

165 1563 242 1603 hoc
261 1576 344 1603 esse
366 1565 688 1614 transigendum,
708 1564 760 1603 ad
778 1561 1050 1603 declinandum
1069 1561 1128 1610 (ut
1144 1560 1201 1598 ibi

166 1625 334 1676 dicitur)
357 1627 519 1666 errandi
545 1628 587 1665 in
609 1625 836 1676 hujusmodi
860 1622 1016 1674 judicio
1045 1623 1202 1672 pericu-

165 1687 261 1737 lum,
284 1690 387 1740 quod
403 1689 450 1728 ab
477 1689 615 1738 effectu
632 1686 845 1737 sanquinis
870 1685 969 1725 solet
987 1683 1199 1735 proficisci.

164 1749 275 1788 Idem
296 1749 494 1800 repetitur
513 1748 585 1795 ibi,
604 1747 626 1798 ξ
645 1748 683 1795 5,
701 1750 740 1786 et
760 1747 801 1784 in
820 1746 941 1785 tertia
961 1750 1090 1796 parte,
1108 1758 1197 1796 cap.

163 1812 311 1863 primo,
333 1812 377 1849 in
407 1811 683 1849 declaratione
714 1809 774 1847 lit.
798 1809 851 1856 G,
883 1818 989 1847 recte
1019 1808 1193 1848 dicitur:

163 1872 267 1912 Ante
286 1872 510 1923 inqressum
525 1901 534 1917 ‚
556 1871 689 1922 quivis
714 1871 757 1910 de
776 1870 885 1909 bonis
903 1869 987 1908 suis
1007 1872 1198 1919 tempora-

163 1933 267 1973 libus
296 1946 369 1984 pro
409 1945 477 1972 suo
515 1932 716 1971 arbitratu
747 1934 919 1970 statuere
948 1933 1098 1982 potest,
1132 1931 1201 1971 sed

162 1999 370 2048 postquam
399 1996 605 2046 inqressus
635 1996 708 2039 est,
730 1995 812 2031 tam
840 1993 883 2031 de
901 1991 1195 2041 ecclesiasticis,

162 2069 279 2109 quam
308 2059 353 2097 de
378 2056 622 2097 secularibus
653 2054 838 2104 disponat
867 2055 1037 2104 oportit,
1059 2055 1118 2092 ita
1151 2057 1197 2094 ut

162 2120 263 2159 decet
293 2119 388 2158 vitae
418 2116 655 2169 spiritualis
682 2118 923 2155 sectatorem.
957 2115 1006 2153 Et
1030 2119 1196 2166 propter

160 2179 267 2220 hanc
293 2192 454 2218 causam
488 2182 686 2217 statutum
713 2188 798 2216 esse
830 2176 994 2225 dicitur,
1016 2177 1124 2215 utin
1146 2189 1194 2217 eo

161 2253 257 2280 casu
281 2253 343 2279 res
364 2240 498 2278 alieno
528 2239 695 2277 arbitrio
726 2238 1019 2277 committatur.
1043 2239 1195 2277 Potest-

160 2314 239 2353 que
256 2302 319 2340 his
338 2301 487 2351 regulis
507 2300 659 2350 optime
675 2299 974 2338 accommodari
992 2298 1194 2337 sententia

159 2364 297 2402 Basilii
318 2364 361 2402 in
380 2363 520 2413 regula
540 2364 580 2409 9,
601 2374 650 2401 ex
670 2360 903 2408 fusioribuS,
925 2360 995 2398 uhi
1015 2363 1193 2399 tractans

158 2425 281 2465 verba
294 2425 468 2464 Christi:
492 2425 614 2466 Vende
634 2436 719 2476 quoe
734 2422 865 2471 babes,
882 2425 917 2461 et
936 2421 986 2461 da
1001 2422 1193 2475 pauperi-

159 2487 243 2535 bus,
265 2490 362 2534 etc.‚
386 2486 443 2524 sic
468 2486 603 2537 inquit
624 2495 634 2523 ε
656 2485 854 2536 Equidem
876 2494 924 2523 etc
944 2483 1013 2523 noc
1030 2483 1187 2534 coltz‘qO,

155 2547 223 2598 qui
244 2547 318 2587 bac
341 2551 466 2587 mente
485 2559 509 2586 a
537 2547 624 2587 suis
645 2546 841 2593 discedat,
863 2545 964 2585 bunc
990 2544 1191 2595 IiuJ'usmo-

155 2608 198 2649 di
223 2620 359 2648 curam
385 2610 429 2649 de
450 2614 568 2659 parte
593 2607 832 2661 patrimonii
857 2606 922 2646 sui
952 2606 1060 2645 nullo
1079 2606 1190 2646 modo

155 2673 331 2721 oportere
349 2670 560 2722 neqtiqere,
583 2673 791 2720 contraque
807 2667 916 2708 illud
933 2678 1136 2714 accurare,
1155 2670 1191 2708 et

155 2741 243 2770 cum
265 2743 350 2770 eam
371 2742 520 2770 omnem
539 2729 844 2781 ditiqentissime
869 2740 996 2769 secum
1022 2728 1191 2770 abstule-

154 2790 225 2838 rit,
245 2803 331 2831 eam
359 2792 482 2832 veluti
501 2792 594 2841 jam
621 2802 705 2830 rem
725 2790 894 2829 Domino
925 2793 1191 2830 consecratam

154 2860 311 2891 summa
331 2863 417 2891 cum
432 2851 624 2902 retiqione
635 2849 866 2897 distribuat,
885 2849 945 2889 cet
953 2849 1038 2899 ipse
1049 2861 1119 2900 per
1132 2862 1187 2899 se,

154 2910 192 2952 si
217 2912 486 2962 hujuscemodi
506 2922 664 2952 munere
688 2910 856 2951 scienter
873 2909 1188 2951 administrando

154 2983 237 3013 esse
262 2973 347 3023 ipse
375 2984 455 3025 par
482 2972 624 3025 possit,
645 2972 705 3012 vet
734 2982 805 3023 per
836 2970 952 3019 alios,
971 2982 1068 3023 quos
1098 2975 1191 3013 ante

154 3033 332 3073 maxima
358 3034 537 3074 adbibita
571 3033 783 3085 ditiqentia
815 3032 1015 3083 deiecerit,
1047 3033 1191 3085 quique

155 3095 382 3136 certissima
407 3096 583 3135 dederint
603 3096 830 3135 documenta
845 3105 961 3146 posse
985 3106 1026 3134 se
1042 3094 1117 3134 itta
1137 3095 1190 3144 fi-

155 3155 293 3197 detiter
315 3168 362 3197 ac
379 3157 595 3207 prudenter
611 3155 860 3203 distribuere,
880 3168 966 3195 cum
983 3155 1089 3195 iliud
1101 3166 1190 3206 per·

154 3227 318 3259 suasum
336 3218 409 3265 sit,
440 3229 518 3257 non
541 3228 681 3258 vacare
704 3217 896 3286 periculo,
923 3217 1006 3257 sive
1019 3217 1190 3268 propin-

153 3279 247 3332 quis
263 3279 351 3320 suis
369 3278 446 3319 itta
471 3279 695 3331 relinquat,
718 3280 803 3319 sive
820 3279 864 3318 in
882 3289 928 3318 ea
947 3276 1189 3319 distribuen—

155 3339 222 3409 da,
247 3340 440 3392 cujusvis,
465 3339 580 3383 natta
607 3339 791 3382 adbibita
821 3336 1040 3388 detectione,
1073 3350 1191 3392 opera

154 3386 283 3442 'usus
276 3402 340 3442 it.

209 3463 249 3502 5.
279 3462 435 3504 Basilii
451 3463 600 3506 verba
582 3475 627 3505 in
645 3461 776 3506 tribus
793 3463 1004 3505 concinunt
1022 3473 1110 3505 cum
1126 3462 1192 3504 iw-

178 3522 298 3564 tituto
327 3523 543 3566 Societatis
572 3526 618 3566 in
647 3527 838 3578 praesenti
856 3525 1042 3568 materia.
1064 3545 1117 3555 -—
1143 3525 1190 3565 In

156 3532 309 3634 finibus
327 3586 463 3627 verbis
482 3586 686 3639 imprimis
715 3585 882 3627 adverto
894 3617 905 3635 ,
925 3586 1056 3626 videri
1076 3585 1190 3639 loqui

155 3641 356 3687 Basilium
373 3647 426 3688 de
445 3647 733 3691 distributione
748 3646 971 3698 bonorum,
990 3659 1083 3701 quoe
1098 3650 1191 3702 post

533 268 607 302 ΗΒ.
632 266 685 300 IV.
710 266 764 299 DE
785 265 905 298 VOTlS
925 265 1174 299 SIMPLICIBUS
1195 266 1434 300 CASTITATIS
1456 265 1508 300 ΕΤ
1528 265 1826 308 murmanus,
1847 267 1937 302 mc.

1262 336 1404 371 votum
1423 334 1672 384 paupertatis
1700 337 1798 372 tunc
1818 334 1943 373 etiam
1969 333 2110 386 fiebat,
2130 335 2295 389 quando
2324 382 2325 386 ,

1263 393 1432 434 fortasse
1463 406 1556 446 pars
1587 395 1826 446 patrimonii
1856 395 1968 446 prius
2001 395 2175 438 obtineri
2209 410 2293 440 non

1265 459 1437 507 poterat,
1457 456 1522 495 vel
1546 457 1637 496 aliae
1664 459 1785 508 Justae
1812 468 1942 496 causae
1970 457 2291 501 intercedebant.

1265 518 1349 557 Hoc
1371 518 1473 557 mihi
1499 518 1681 558 indicant
1699 518 1769 558 illa
1787 518 1936 568 verba,
1963 519 2087 560 vetuti
2106 533 2189 563 rem
2197 522 2293 573 ¹iam
2349 555 2352 558 Α

1262 579 1433 618 Domino
1458 584 1723 621 consecratam
1732 596 1749 627 ;
1765 591 1850 619 non
1877 579 1988 619 enim
2014 582 2176 632 proprie
2195 594 2293 624 con-

1261 644 1456 688 secratur,
1475 641 1712 693 priusquam
1731 642 1921 689 donetur,
1940 642 2019 681 nisi
2039 654 2111 694 per
2127 653 2266 684 votum
2273 658 2288 694 ς

1260 703 1366 754 quod
1381 702 1556 741 multum
1572 703 1817 742 confirmant
1831 704 2042 754 sequentia
2055 703 2195 753 verba,
2206 716 2291 745 uon

1259 776 1404 803 vacare
1424 764 1602 815 periculo
1622 777 1632 810 ;
1655 765 1763 816 quod
1783 765 1896 804 enim
1924 769 2028 803 esset
2043 765 2291 817 periculum,
2318 816 2322 821 Ι

1258 826 1337 865 nisi
1356 830 1495 864 votum
1518 826 1810 878 praecessisset?
1826 826 1938 874 Quod
1963 827 2093 877 magis
2113 826 2292 868 declarat

1260 888 1449 932 inferius,
1480 888 1618 927 dicens
1641 902 1649 926 :
1677 888 1803 934 Quam
1822 900 1942 939 qrave
1965 889 2119 928 tandem
2140 900 2292 930 censere

1261 951 1436 990 debemus
1447 950 1648 1000 judicium
1671 948 1755 989 ictis
1780 949 1998 999 imminere,
2026 951 2094 1001 qui
2115 951 2158 989 in
2176 951 2291 991 rebus

1259 1013 1335 1052 Dei
1363 1012 1513 1051 nomini
1537 1012 1629 1063 Jam
1658 1012 1894 1051 consecratis
1923 1010 2171 1052 vindicandis
2189 1011 2290 1054 tenta

1259 1085 1305 1114 ac
1325 1075 1572 1125 neqtiqenter
1598 1085 1639 1113 se
1657 1073 1864 1123 qesserint.
1887 1073 1947 1111 Ex
1969 1085 2049 1123 quo
2069 1085 2189 1112 sensu
2208 1074 2289 1113 col-

1258 1135 1453 1185 ligimus,
1487 1135 1722 1186 religiosum
1758 1146 1829 1186 per
1863 1138 2007 1173 votum
2042 1135 2289 1185 paupertatis

1257 1201 1354 1236 tunc
1375 1209 1457 1236 non
1477 1196 1599 1235 fuisse
1616 1196 1780 1235 solitum
1801 1196 1937 1235 statim
1960 1195 2049 1235 fieri
2064 1196 2289 1237 inhabilem

1257 1259 1306 1296 ad
1328 1259 1619 1309 patrimonium
1641 1270 1761 1296 suum
1779 1257 2124 1304 distribuendum,
2149 1258 2218 1298 sed
2238 1269 2288 1298 ex

1257 1324 1351 1359 voto
1381 1321 1504 1360 fuisse
1531 1320 1757 1371 obligatum
1778 1319 1829 1358 ad
1850 1320 1889 1358 id
1914 1324 2019 1360 recte
2038 1319 2286 1370 iaciendum,

1257 1383 1363 1434 quod
1384 1387 1442 1421 est
1460 1383 1635 1421 multum
1655 1386 1973 1421 consentaneum
1996 1381 2205 1421 Societatis
2223 1382 2286 1422 in-

1257 1443 1411 1482 stituto.
1446 1443 1596 1482 Deinde
1627 1443 1749 1482 etiam
1774 1443 1818 1481 in
1842 1443 1983 1489 modo,
2017 1454 2089 1481 seu
2121 1442 2285 1482 consilio

1255 1508 1364 1542 recte
1382 1505 1652 1543 distribuendi
1671 1508 1733 1543 est
1759 1503 2041 1552 conformitas3
2058 1515 2155 1542 nam
2177 1503 2285 1554 quod

1256 1563 1425 1603 Basilius
1440 1566 1510 1613 ait,
1526 1564 1747 1615 aliquando
1764 1577 1877 1614 posse
1895 1565 2130 1615 religiosum
2152 1575 2224 1615 per
2245 1576 2285 1605 se

1257 1626 1523 1674 distribuere,
1560 1627 1737 1665 maxime
1772 1626 1906 1664 locum
1939 1627 2087 1674 habet,
2123 1626 2286 1678 quando

1256 1687 1362 1726 bona
1396 1687 1539 1727 alienis
1558 1691 1598 1726 et
1629 1687 1907 1738 indigentibus
1938 1687 2144 1738 eroganda
2173 1691 2288 1737 sunt,l

1257 1750 1442 1798 quamvis
1462 1754 1560 1787 tunc
1587 1749 1710 1788 etiam
1729 1749 1929 1799 optimum
1958 1748 2009 1787 sit
2026 1749 2200 1788 aliorum
2217 1751 2285 1800 Ju-

1256 1810 1428 1860 dicium3
1459 1811 1566 1861 quod
1596 1822 1692 1849 vero
1725 1810 1805 1857 ait,
1827 1814 1873 1847 ut
1893 1810 2100 1848 interdum
2121 1810 2192 1850 fiat
2212 1822 2283 1863 per

1253 1873 1373 1920 alios,
1397 1873 1575 1911 maxime
1605 1872 1878 1910 necessarium
1907 1875 1980 1918 est,
2003 1871 2073 1909 ubi
2106 1872 2156 1911 de
2190 1885 2283 1912 con-

1254 1934 1570 1983 sanguineorum
1601 1944 1722 1971 causa
1752 1936 1792 1971 et
1820 1932 2046 1982 indigentia
2077 1937 2136 1971 est
2161 1945 2282 1984 agen-

1252 1995 1366 2043 dum,
1396 1999 1443 2034 ut
1471 1995 1516 2033 in
1550 1998 1688 2033 nostra
1714 1993 2007 2032 Constitutione
2036 1994 2280 2035 declaratur.

1251 2056 1446 2107 Denique,
1464 2056 1572 2107 quod
1594 2055 1766 2094 Basilius
1791 2055 1999 2102 admonet,
2018 2058 2062 2094 ut
2081 2055 2283 2107 aliqantwr

1249 2116 1327 2156 viri
1355 2119 1579 2169 prudentes,
1601 2121 1692 2165 ete„
1714 2120 1853 2156 nostra
1882 2116 2124 2155 Constitutio
2157 2117 2284 2181 Supe-

1249 2178 1366 2216 rimis
1393 2180 1544 2229 Judicio
1575 2179 1615 2218 id
1643 2178 1836 2227 remittit3
1857 2189 1955 2216 nam
1973 2179 2036 2217 vir
2066 2164 2284 2235 religiosus

1248 2240 1347 2279 illud
1370 2241 1499 2291 magis
1518 2241 1717 2292 suspicere
1737 2240 1871 2279 debet.
1891 2239 1964 2278 Cui
1983 2251 2031 2278 ex
2056 2243 2168 2289 palte
2185 2243 2283 2279 con-¹

1247 2303 1378 2347 sonat,
1407 2302 1512 2351 quod
1545 2303 1593 2339 de
1614 2303 1770 2341 Essenis
1796 2302 1922 2341 refert
1943 2300 2154 2352 Joscphus,
2175 2300 2279 2341 libro

1246 2361 1422 2400 secundo
1441 2361 1489 2399 de
1508 2361 1618 2399 Bello
1637 2362 1658 2400 J
1665 2364 1832 2409 udaico,
1862 2363 1993 2412 eapite
2010 2362 2198 2412 septimo,
2220 2361 2278 2400 di-

1246 2434 1340 2461 cens
1359 2422 1409 2460 de
1428 2421 1530 2460 illis:
1554 2421 1773 2462 Subvenire
1800 2422 1951 2474 diqnis,
1973 2433 2060 2462 cum
2087 2434 2183 2474 opus
2202 2414 2282 2468 est)

1244 2496 1314 2525 suo
1342 2483 1510 2524 arbitrio
1538 2484 1676 2536 cuique
1703 2483 1817 2533 ticet,
1838 2488 1874 2524 et
1901 2484 2173 2534 indiqentibus
2203 2484 2280 2524 ati-

1243 2549 1376 2587 menta
1402 2544 1620 2597 porricere,
1657 2556 1751 2586 sane
1781 2546 1960 2597 coqnatis
1995 2545 2091 2585 dare
2125 2545 2280 2597 aliquid

1243 2609 1329 2648 sine
1354 2607 1606 2648 curatoribus
1624 2606 1893 2647 interdictum.
1913 2605 2123 2644 Curatores
2140 2609 2277 2646 autem

1244 2673 1359 2708 vocat
1377 2668 1616 2719 Superiores
1633 2666 1703 2715 qui
1722 2678 1789 2705 eos
1808 2665 2058 2715 gubernant.

1296 2729 1336 2768 6.
1367 2728 1592 2769 Secundum
1626 2727 1932 2778 pronuntiatum
1949 2742 1964 2764 .·
1984 2727 2138 2778 quando
2166 2727 2276 2770 locus

1243 2801 1322 2830 non
1345 2793 1402 2830 est
1428 2787 1695 2829 distribuendi
1726 2787 2028 2839 consanguineis
2045 2817 2058 2835 ,
2090 2789 2135 2828 in
2157 2800 2276 2840 opera

1241 2851 1313 2902 pia
1332 2849 1561 2890 distributio
1589 2848 1772 2899 facienda
1805 2852 1875 2888 est.
1899 2869 1953 2878 —
1984 2848 2275 2898 Proeferuntm·

1243 2915 1373 2952 tamen
1387 2923 1434 2951 esc
1446 2911 1571 2950 debito
1576 2910 1758 2960 Justitioe
1778 2910 2005 2959 creditores,
2025 2911 2062 2950 si
2077 2912 2146 2964 qui
2162 2915 2271 2956 sunt.

1242 2994 1296 3003 -
1310 2972 1493 3014 Societas
1513 2972 1558 3011 in
1575 2969 1685 3011 bonis
1707 2971 1771 3011 bis
1790 2971 2071 3012 distribuendis
2088 2972 2166 3014 sibi
2182 2973 2276 3015 mcl-¹
2344 2962 2352 2964 “

1243 3034 1326 3074 tum
1337 3034 1413 3085 jus
1433 3033 1558 3074 babet.
1574 3054 1627 3062 —
1642 3032 1794 3071 Ultimo
1819 3033 1953 3084 quoad
1979 3033 2086 3072 hanc
2113 3039 2274 3085 partem
2343 3042 2352 3078 ἶ

1243 3095 1475 3135 addendum
1503 3098 1588 3141 est,
1610 3094 1773 3145 quando
1806 3094 1895 3133 haec
1922 3095 2032 3134 bona
2063 3107 2148 3135 non
2177 3100 2274 3138 sunt

1243 3156 1523 3196 distribuenda
1547 3156 1874 3207 consanguineis,
1892 3156 2049 3196 nullam
2068 3156 2191 3197 aliam
2211 3169 2273 3198 re-

1242 3218 1380 3270 gulam
1402 3217 1629 3269 praescribi,
1660 3217 1740 3256 nisi
1759 3222 1804 3256 ut
1819 3218 1937 3270 juxta
1970 3220 2176 3270 propriam
2197 3218 2274 3258 de-

1243 3279 1449 3318 votionem
1467 3279 1511 3317 in
1530 3278 1598 3330 pia
1615 3282 1656 3318 et
1674 3284 1812 3318 sancta
1830 3291 1953 3331 opera
1970 3279 2270 3331 dispensentur.

1244 3339 1339 3380 Haec
1359 3340 1470 3379 enim
1492 3339 1632 3379 omnia
1652 3340 1739 3380 sine
1757 3340 1883 3380 dubio
1916 3339 2272 3392 comprehendun-

1244 3405 1313 3441 tur
1332 3400 1377 3440 in
1395 3400 1563 3440 consilio
1591 3400 1765 3440 Christi:
1797 3401 1921 3446 Vende
1939 3402 2072 3441 omnia
2090 3412 2179 3454 quie
2203 3399 2272 3440 ha-

1247 3461 1309 3503 bes
1323 3490 1339 3511 ‚
1384 3465 1420 3503 et
1458 3462 1511 3503 da
1548 3461 1805 3516 pauperibus.
1843 3462 2095 3514 Supponitur
2133 3463 2274 3503 autem

1245 3523 1454 3577 (quamvis
1478 3535 1550 3575 per
1585 3535 1628 3564 se
1661 3524 1759 3564 satis
1792 3527 1939 3564 notum
1967 3522 2096 3572 erat),
2115 3521 2151 3561 si
2181 3531 2274 3591 qum

1242 3585 1396 3625 fuerint
1421 3584 1572 3635 debita,
1590 3585 1655 3625 vel
1669 3585 1938 3637 obligationes
1953 3583 2140 3636 Justitiae,
2157 3582 2272 3636 priua

1245 3658 1333 3689 esse
1354 3646 1563 3692 solvenda.
1575 3648 1660 3690 Imo
1674 3646 1855 3697 additur,
1875 3645 2106 3700 hoc,quam
2125 3642 2282 3691 cisia&
