2352 3880
139 214 220 254 '100

137 284 302 327 trahere
320 280 463 334 possit,
480 275 691 329 quiaillud
705 276 791 326 jam
805 288 890 315 non
907 280 982 323 est,
1003 280 1040 316 et
1055 276 1168 327 quod

136 357 222 388 non
242 348 318 392 est,
339 342 497 382 nullum
509 339 701 378 effectum
719 338 857 378 habet.
880 339 1017 378 Potest
1027 342 1166 378 autem

137 406 309 460 quaestio
339 401 505 443 tractari
541 404 613 440 aut
636 400 687 440 de
710 400 788 440 hoc
809 404 904 439 voto
936 391 1164 439 seeundum

137 481 182 508 se
201 468 348 511 solum,
370 467 575 515 quatenus
595 473 670 514 per
689 473 733 501 se
764 466 826 501 est
851 474 1062 501 annexum
1093 461 1163 501 tali

136 529 272 573 statui,
294 526 360 565 vel
379 525 536 565 ratione
553 525 658 576 juris
676 524 838 575 positivi
856 525 1089 575 specialiter
1106 524 1166 563 la-

134 590 165 631 ti
184 603 208 628 a
228 588 424 640 GregorIo
433 588 537 635 XIII,
553 586 596 626 in
612 586 911 628 Constitutione
929 586 1166 629 Ascendento

134 652 319 694 Domino.

185 716 226 754 3.
246 709 431 752 Assertio
446 708 828 750 certa.—Probatur
843 707 976 759 primo
996 717 1045 747 ex
1056 717 1163 746 men-

133 779 170 816 te
183 773 415 822 Pontifiois.
433 794 480 799 ——
500 770 664 812 Accedit
696 780 819 809 unum
842 771 1003 820 siquam
1024 779 1050 808 a
1073 778 1162 819 pos-

132 837 286 880 teriori.
299 855 352 864 —
365 832 545 873 Alterum
572 833 746 885 siquam.
763 830 944 870 -Racio
963 840 988 868 a
1009 831 1157 880 priori.

131 919 184 928 —
202 897 336 936 Primo
354 906 452 945 ergo
474 896 632 931 certum
655 895 716 931 est
746 891 824 929 1100
844 896 984 929 votum
1006 893 1099 930 ante
1116 891 1161 930 il-

129 959 202 999 lud
228 959 439 998 decretum
460 954 645 1004 Gregorii
675 951 938 1003 impedivisse
967 953 1157 1002 quidem,

130 1033 212 1060 non
233 1023 369 1059 tamen
384 1018 562 1055 irritasse
575 1014 883 1053 matrimonium
902 1018 1046 1064 postea
1067 1014 1161 1054 sub-

129 1086 330 1122 secutum.
359 1080 455 1117 Haec
480 1076 653 1115 ‘assertio
690 1080 801 1114 certa
828 1079 887 1114 est
906 1106 918 1123 ,
938 1076 1071 1126 primo
1109 1087 1159 1115 ex

128 1142 325 1193 Gregorio
339 1141 440 1185 XIII,
458 1139 499 1176 in
515 1138 621 1176 dicta
642 1137 954 1184 Constitutione,
974 1137 1043 1175 ubi
1059 1137 1159 1176 illud

126 1205 193 1256 jus
215 1202 353 1242 condit
372 1206 569 1251 tanquam
595 1212 763 1247 novum,
787 1203 826 1237 et
849 1199 941 1238 ideo
971 1199 1012 1238 in
1033 1200 1158 1250 priori

126 1265 252 1310 bulla,
274 1264 358 1309 ubi,
379 1262 490 1300 idem
514 1261 746 1299 institutum
764 1260 1094 1308 confirmaverat,
1120 1263 1161 1301 et

126 1327 202 1365 hos
222 1325 429 1364 scholares
444 1335 562 1361 veros
585 1323 800 1373 religiosos
816 1335 906 1361 esse
919 1322 1158 1364 declarave—

124 1391 203 1435 rat,
225 1386 380 1424 nnllam
403 1386 525 1436 hujus
541 1385 597 1423 rei
616 1384 867 1422 mentionem
885 1383 1000 1429 fecit3
1024 1388 1064 1421 et
1084 1395 1159 1423 no-

123 1449 200 1497 bis,
213 1448 283 1498 qui
300 1459 348 1486 eo
367 1451 551 1496 tempore
563 1445 830 1494 Theologiam
840 1445 978 1483 Romae
993 1444 1162 1494 111101110-

123 1509 287 1555 bamur,
306 1511 643 1557 constat,magna
658 1506 869 1554 diligentia
891 1509 931 1544 et
946 1505 1101 1554 studio,
1120 1509 1161 1545 et

124 1570 283 1620 abipso
303 1568 514 1614 Pontifice,
537 1568 605 1618 qui
628 1567 887 1606 doctissimus
916 1569 1016 1612 erat,
1046 1571 1087 1605 et
1106 1568 1159 1606 ab

124 1631 211 1670 aliis
241 1630 478 1668 doctoribus
499 1628 721 1679 Tlieologis
753 1631 795 1668 et
814 1628 1069 1679 jurisperitis
1098 1629 1159 1668 la-

122 1691 314 1731 boratum
330 1703 436 1738 esse,
452 1688 700 1740 inquirendo
723 1701 775 1728 an
796 1694 935 1740 posset
954 1690 1157 1739 Pontifex,

124 1757 163 1793 et
186 1766 239 1791 an
260 1753 470 1803 expediret
497 1752 581 1791 tale
604 1750 949 1803 impedimentum
969 1751 1125 1792 addere
1145 1783 1157 1801 ‚

123 1826 350 1864 omnesque
372 1827 445 1864 pro
467 1819 579 1852 certo
616 1813 909 1864 supponebant
935 1825 1072 1865 vusque
1106 1813 1159 1854 ad

122 1875 223 1914 illud
255 1879 419 1925 tempus
450 1875 529 1913 hoc
548 1879 693 1915 votum
720 1887 805 1914 non
826 1875 1020 1914 habuisse
1038 1876 1159 1915 illum

124 1937 331 1976 effectum.
354 1934 471 1983 Quod
489 1934 612 1974 etiam
640 1934 682 1972 in
705 1939 789 1973 tota
808 1935 1029 1983 Societate,
1055 1941 1093 1976 et
1113 1938 1157 1976 in

124 1998 317 2038 omnibus
337 1997 408 2048 qni
429 1995 531 2035 illud
552 1995 808 2044 emittebant,
827 2009 900 2047 pro
925 1998 1156 2038 indubitato

123 2071 288 2110 semper
304 2058 492 2096 habitum
523 2061 598 2104 est,
621 2057 734 2108 quod
754 2061 815 2096 est
833 2058 996 2108 signum
1018 2071 1156 2110 neque

123 2133 148 2160 a
168 2120 413 2159 voventibus
431 2118 536 2165 fieri,
557 2130 695 2169 neque
716 2131 740 2156 a
762 2119 967 2158 Societate
988 2121 1159 2159 solitum

123 2182 250 2221 fuisse
285 2180 491 2232 acceptari
511 2180 588 2218 sub
608 2180 678 2218 illa
709 2180 1152 2221 intentioneirritandi.

123 2243 325 2293 Denique,
341 2243 372 2280 si
394 2242 615 2292 aliquando
638 2241 807 2292 contigit
838 2243 919 2281 tale
947 2244 1156 2282 matrimo-

124 2305 239 2344 nium
274 2304 472 2355 sacrilege
499 2303 702 2351 contrahi,
734 2303 978 2342 dissolutum
1011 2310 1156 2356 postea

123 2378 207 2406 non
226 2369 300 2411 est,
324 2365 398 2403 sed
430 2368 565 2403 ratum
590 2365 830 2414 permansit,
852 2370 965 2405 extra
987 2379 1155 2407 omnem

124 2426 461 2473 controversiam,
484 2426 535 2464 de
556 2438 637 2476 quo
658 2426 782 2466 etiam
804 2426 922 2467 nobis
944 2428 1156 2468 evidenter

124 2493 297 2534 constat,
315 2488 424 2538 quod
446 2491 507 2526 est
526 2487 691 2538 signum
710 2487 788 2526 hoc
808 2500 934 2527 sensu
954 2488 1077 2529 fuisse
1091 2503 1155 2530 re-

123 2554 290 2601 ceptum
309 2550 390 2588 tale
410 2553 551 2588 votum
568 2549 610 2586 in
638 2549 832 2587 universa
853 2550 1048 2590 Ecclesia.
1074 2553 1156 2591 Ra-

122 2612 180 2651 tio
195 2623 291 2651 vero
310 2623 333 2648 a
354 2610 478 2661 priori
499 2613 575 2657 est,
599 2610 788 2660 quiahoc
809 2598 1155 2663 impedimentum

123 2685 207 2712 non
234 2676 295 2711 est
312 2683 520 2711 annexum
539 2675 633 2710 voto
656 2671 866 2721 castitatis,
889 2673 968 2712 nisi
986 2686 1036 2712 ex
1057 2687 1155 2714 con-

124 2735 333 2774 stitutione
354 2733 561 2780 Ecclesiae,
583 2732 680 2771 utin
691 2734 837 2772 eadem
862 2736 1154 2775 constitutione

123 2795 232 2834 idem
254 2795 438 2834 Pontifex
466 2793 607 2840 sensit,
633 2797 673 2832 et
705 2793 1007 2844 significaverat
1041 2797 1155 2846 prius

124 2856 356 2896 Bonifacius
375 2856 476 2902 VIII,
495 2854 537 2892 in
558 2866 647 2905 cap.
670 2854 793 2893 unico
818 2855 869 2894 de
888 2856 1004 2903 Voto,
1027 2857 1070 2894 in
1086 2858 1126 2895 6.

174 2918 217 2956 4.
239 2917 408 2967 Objectio
422 2918 559 2967 prima
575 2920 714 2956 contra
725 2917 1155 2957 assertionem—Duae

125 2987 224 3016 vero
248 2981 390 3016 contra
422 2977 500 3015 hoc
521 2981 741 3015 occurrunt
758 2977 1023 3028 objectiones.
1046 2979 1158 3019 Prior

126 3042 202 3087 est,
223 3038 319 3089 quia
332 3050 380 3077 ex
396 3038 617 3076 multorum
631 3038 837 3077 sententia
847 3043 984 3078 votum
995 3039 1157 3080 castita-

124 3099 191 3147 tis,
209 3112 257 3139 eo
272 3100 360 3150 ipso
379 3099 490 3150 quod
510 3104 570 3138 est
582 3111 655 3150 per
667 3112 710 3138 se
725 3112 934 3139 annexum
947 3101 1156 3142 traditioni

123 3161 336 3213 religiosae,
351 3161 482 3200 irritat
492 3161 800 3200 matrimonium
809 3164 1152 3214 contrahendum,

124 3234 176 3263 ex
200 3223 241 3263 vi
263 3222 504 3270 traditionis,
523 3223 678 3274 absque
710 3223 790 3262 alio
828 3228 978 3263 statuto
1016 3227 1151 3266 Eccle-

124 3286 194 3325 siae
211 3298 221 3333 ;
245 3297 344 3336 ergo
361 3286 479 3337 juxta
496 3285 609 3324 illam
624 3287 870 3325 sententiam
890 3287 999 3326 idem
1013 3288 1151 3328 dicen-

123 3346 223 3387 dum
248 3345 324 3386 erit
343 3347 394 3386 de
413 3347 491 3387 1100
510 3351 625 3394 voto;
650 3348 803 3386 namin
822 3348 1023 3389 Societate
1044 3362 1150 3389 sem-

123 3419 198 3458 per
214 3407 290 3447 fuit
317 3420 391 3460 per
422 3420 466 3448 se
495 3420 705 3448 annexum
734 3409 957 3458 traditioni,
979 3414 1019 3450 et
1050 3424 1149 3454 vero

122 3470 245 3508 statui
264 3469 472 3521 religioso,
492 3481 628 3521 neque
650 3471 788 3521 quoad
809 3471 902 3520 1100,
925 3476 970 3511 ut
994 3484 1119 3524 supra
1137 3503 1147 3523 ,

121 3528 226 3568 libro
245 3531 492 3580 praecedenti
512 3543 537 3570 a
556 3543 644 3582 cap.
664 3534 703 3580 2,
732 3532 866 3571 visum
894 3537 970 3582 est,
991 3534 1149 3587 Grego-

119 3591 211 3633 rius
227 3593 317 3634 XIII
335 3593 462 3635 edidit
483 3595 554 3648 jus
583 3597 753 3645 novum,
772 3595 848 3637 sed
865 3597 997 3650 magis
1017 3597 1150 3640 decla·

493 213 571 248 LIB.
588 211 643 245 tv.
666 210 720 244 DE
741 209 861 244 VOTIS
882 208 1131 245 SIMPLICIBUS
1153 210 1391 246 cASTtTATIS
1412 212 1465 246 ET
1478 201 1780 250 murmuris,
1802 209 1893 246 Em.

1221 278 1327 318 ravit
1343 277 1574 328 antiquum,
1596 288 1691 315 cum
1709 287 1806 327 quo,
1821 276 1887 315 vel
1907 287 1958 316 ex
1977 288 2059 328 quo
2072 278 2161 330 ipsa
2179 277 2243 319 So-

1222 339 1348 379 cietas
1368 342 1465 377 nata
1485 342 1560 377 est.
1578 338 1660 376 Nec
1681 336 1818 388 quoad
1846 337 1926 376 hoc
1947 338 2108 380 videtur
2125 339 2234 380 refer

1220 413 1280 448 re,
1303 400 1414 451 quod
1430 399 1519 439 haec
1554 398 1716 438 traditio
1737 410 1821 436 non
1854 397 1904 438 sit
1923 398 1981 438 ita
2000 400 2189 441 absoluta
2207 405 2248 442 et

1219 466 1421 514 perpetua
1441 472 1492 508 011
1506 465 1622 512 parte
1642 459 1872 508 Societatis,
1894 459 1999 500 sicut
2017 466 2077 500 est
2094 462 2137 500 in
2156 460 2248 501 aliis

1217 523 1512 572 religionibus;
1538 534 1649 568 nam,
1667 521 1764 560 hinc
1799 521 1932 560 solum
1961 522 2096 573 colligi
2113 523 2248 572 potest:

1218 598 1306 637 prog
1325 596 1372 624 or
1393 583 1536 623 ionalis
1557 582 1803 630 differentia,
1820 582 1989 630 scilicet,
2018 584 2096 622 hoc
2117 582 2248 635 impe-

1221 647 1449 686 dimentum
1477 645 1519 684 in
1546 646 1624 685 hoc
1656 645 1789 695 gradu
1815 645 2030 685 Societatis
2050 657 2132 684 non
2155 655 2247 685 esse

1217 709 1273 749 ita
1306 713 1552 760 perpetuum
1573 708 1808 756 intrinsece,
1829 711 1870 747 et
1903 720 1953 747 ex
1980 707 2094 746 omni
2129 707 2247 757 parte

1216 770 1489 818 immutabile,
1509 769 1610 808 sicut
1645 773 1706 808 est
1724 769 1768 807 in
1800 769 2004 819 religiosis
2035 767 2242 819 professis.

1214 833 1318 872 Illud
1337 836 1474 870 autem
1502 831 1603 869 nihil
1625 831 1788 870 obstare
1819 831 1998 876 videtur,
2022 831 2246 879 quominus

1216 906 1310 933 cum
1333 892 1597 944 proportione
1633 892 1787 930 dictum
1818 892 2161 943 impedimentum
2188 890 2246 930 ita

1215 959 1409 993 nascatur
1432 966 1482 992 ex
1515 952 1594 991 1100
1626 957 1735 1000 voto,
1758 953 1954 1003 quamdiu
1987 953 2121 998 durat,
2142 951 2248 992 sicut

1215 1029 1266 1058 ex
1286 1017 1378 1055 alio.
1404 1017 1506 1054 Nam
1526 1014 1644 1062 ratio,
1672 1014 1725 1053 ob
1743 1026 1866 1064 quam
1889 1014 2035 1053 dicitur
2062 1013 2177 1065 sequi
2195 1025 2247 1054 ex

1214 1082 1308 1118 voto
1331 1077 1518 1123 solemni,
1533 1076 1690 1115 ratione
1713 1075 1958 1122 traditionis,
1981 1079 2056 1119 est.
2072 1075 2169 1125 quia
2187 1078 2245 1114 ta-

1213 1141 1262 1180 lis
1282 1152 1458 1192 persona
1481 1139 1568 1190 jam
1589 1149 1672 1175 non
1691 1137 1816 1175 habet
1831 1136 2058 1175 dominium
2075 1135 2137 1173 sui
2158 1146 2245 1174 cor-

1212 1203 1340 1256 poris,
1357 1206 1402 1240 ut
1415 1200 1516 1238 illud
1532 1199 1667 1238 tradat
1683 1198 1813 1237 alteri.
1839 1199 1888 1237 At
1903 1198 1988 1236 haec
2003 1197 2106 1235 ratio
2121 1197 2245 1235 etiam

1213 1265 1257 1305 in
1277 1266 1354 1303 hoc
1389 1267 1507 1309 voto,
1531 1260 1729 1312 quamdiu
1763 1260 1898 1305 durat,
1920 1260 2057 1298 1000111
2086 1259 2240 1306 habet;

1211 1325 1314 1376 quia·
1331 1325 1454 1363 etiam
1474 1326 1535 1362 est
1558 1333 1765 1360 annexum
1784 1320 2006 1367 traditioni,
2030 1332 2102 1371 per
2119 1331 2244 1371 quam

1211 1386 1383 1427 omnino
1416 1384 1530 1424 idem
1560 1384 1629 1433 jus
1659 1382 1903 1421 translatum
1929 1386 1990 1421 est
2014 1382 2052 1420 in
2079 1381 2246 1432 religio-

1212 1459 1312 1488 nem
1331 1463 1341 1495 3
1362 1451 1402 1487 et
1421 1457 1614 1497 persona,
1636 1444 1809 1483 durante
1835 1444 1903 1482 illo
1918 1443 2100 1492 vinculo,
2125 1454 2244 1494 aeque

1213 1521 1296 1549 non
1317 1513 1382 1548 est
1407 1507 1606 1558 suijuris,
1630 1517 1767 1557 neque
1786 1505 1912 1544 habet
1932 1507 2175 1555 potestatem
2202 1504 2244 1541 in

1212 1581 1364 1622 corpus
1382 1581 1532 1615 suum3
1561 1580 1675 1618 ergo,
1699 1567 1875 1606 durante
1892 1567 1959 1605 illo
1982 1564 2245 1612 statu,tradi-

1213 1634 1269 1675 tio
1289 1633 1363 1671 erit
1394 1633 1520 1678 nulla,
1541 1631 1649 1669 facta
1667 1630 1782 1668 alteri
1799 1642 1873 1681 per
1891 1629 2214 1668 matrimonium.

1267 1695 1306 1734 5.
1339 1693 1566 1734 Roboraczar
1601 1692 1786 1742 exemplo.
1815 1711 1869 1720 ·-
1897 1691 2081 1729 Profecto
2117 1688 2243 1728 illatio

1215 1756 1457 1808 objectionis
1477 1753 1588 1806 apud
1609 1766 1675 1793 me
1696 1757 1757 1792 est
1785 1753 1905 1791 valde
1936 1752 2180 1802 probabilis,
2204 1755 2244 1791 et

1210 1818 1436 1858 efficaciter
1455 1817 1628 1867 probata
1654 1828 1703 1854 ex
1724 1814 2103 1865 proportionalitate
2123 1813 2246 1852 ratio·

1212 1880 1296 1927 nis,
1320 1890 1412 1928 quae
1434 1881 1570 1927 potest
1594 1877 1671 1914 hoe
1696 1876 1882 1926 exemplo
1902 1875 2117 1913 declarari.
2140 1876 2243 1913 Nam

1211 1941 1245 1980 si
1265 1941 1461 1987 Joannes,
1478 1938 1589 1978 verbi
1613 1937 1758 1987 gratia,
1779 1949 1822 1975 se
1849 1935 2029 1974 traderet
2046 1936 2088 1974 in
2117 1936 2245 1975 servi-

1211 2003 1340 2040 tutem
1365 2000 1482 2039 Petro
1507 1998 1583 2038 sub
1603 1998 1808 2048 reciproca
1826 1997 2086 2048 obligatione,
2106 2001 2149 2035 ut
2165 2009 2243 2036 1100

1211 2063 1394 2103 Joannes
1428 2072 1473 2099 50
1503 2071 1529 2099 a
1568 2060 1764 2098 servitute
1789 2059 1983 2106 eximere,
2005 2071 2081 2098 nec
2102 2058 2243 2098 Petrus

1211 2124 1326 2162 illum
1348 2122 1638 2161 manumittere
1661 2124 1821 2171 posset,
1843 2120 2082 2159 Franciscus
2103 2124 2243 2159 autem

1211 2197 1254 2224 se
1271 2184 1454 2223 traderet
1474 2184 1514 2221 in
1535 2186 1776 2233 perpetuam
1805 2182 2042 2220 servitutem
2063 2181 2150 2220 sine
2171 2181 2244 2220 ob-

1209 2246 1405 2296 ligatione
1429 2257 1479 2283 ex
1507 2247 1621 2295 parte
1643 2242 1813 2290 domini,
1835 2242 1908 2281 sed
1928 2255 2020 2281 cum
2041 2246 2242 2293 potestate

1209 2306 1525 2346 manumittendi
1562 2305 1697 2352 illum,
1727 2303 1762 2343 si
1794 2304 1939 2352 vellet,
1973 2304 2243 2344 nihilominus

1209 2368 1452 2408 Franciscus
1483 2370 1523 2406 et
1542 2367 1725 2405 Joannes
1745 2377 1863 2416 aeque
1890 2365 2138 2416 impotentes
2160 2377 2243 2405 ma-

1208 2435 1309 2471 nent
1329 2430 1503 2468 durante
1525 2428 1592 2466 illo
1612 2432 1732 2475 statu,
1752 2432 1794 2466 ut
1814 2440 1860 2466 se
1881 2428 1998 2466 alteri
2021 2427 2184 2466 tradant
2200 2427 2243 2466 in

1209 2504 1362 2539 servos,
1386 2491 1479 2541 quia
1507 2494 1681 2540 utraque
1711 2489 1877 2528 donatio
1909 2489 1987 2527 fuit
2006 2501 2124 2540 aeque
2143 2488 2244 2539 vali-

1207 2554 1277 2602 da,
1301 2557 1341 2594 et
1360 2556 1582 2602 unumque
1612 2562 1728 2601 aeque
1751 2551 1924 2602 privavit
1940 2551 2033 2600 jure
2055 2550 2093 2587 in
2116 2561 2160 2589 se
2182 2550 2244 2601 ip-

1208 2628 1322 2663 sum;
1357 2615 1575 2664 solumque
1604 2613 1851 2663 relinquitur
1883 2612 1952 2650 illa
1988 2611 2237 2660 differentia,

1209 2677 1322 2727 quod
1352 2677 1538 2716 Joannes
1571 2685 1787 2723 nunquam
1820 2674 1955 2723 potest
1975 2672 2122 2710 iterum
2152 2671 2243 2712 fieri

1208 2739 1326 2783 liber,
1345 2741 1384 2776 et
1402 2737 1494 2775 ideo
1513 2735 1753 2786 impotentia
1774 2734 1864 2785 ejus
1886 2737 1947 2772 est
1967 2734 2133 2772 omnino
2151 2745 2244 2785 per-

1207 2801 1362 2853 petua3
1385 2796 1624 2837 Franciscus
1658 2799 1799 2834 autem
1832 2799 1967 2846 potest
1991 2794 2240 2844 manumitti,

1208 2865 1252 2900 et
1271 2865 1391 2907 tunc,
1414 2858 1448 2897 si
1466 2858 1537 2896 fiat
1558 2857 1675 2903 liber,
1699 2856 1848 2908 poterit
1868 2856 1982 2895 alteri
2005 2868 2049 2896 se
2075 2855 2241 2897 tradere

1209 2921 1255 2961 in
1278 2932 1456 2969 servum,
1478 2919 1511 2958 si
1531 2918 1718 2958 voluerit.
1741 2919 1800 2957 Ita
1831 2929 1929 2969 ergo
1959 2922 2019 2957 est
2038 2918 2081 2956 in
2099 2917 2242 2958 Socie-

1209 2987 1317 3031 tate3
1336 2994 1434 3020 nam
1454 2994 1504 3020 ex
1523 2985 1638 3032 parte
1657 2992 1701 3019 se
1720 2980 1971 3019 tradentium
1993 2985 2054 3019 est
2071 2979 2243 3032 aequalis

1208 3044 1393 3091 donatio,
1416 3047 1456 3082 et
1477 3046 1778 3093 consequenter
1802 3041 1972 3092 aequalis
1990 3041 2163 3092 privatio
2175 3038 2240 3093 J‘u·

1208 3106 1265 3146 ris
1286 3106 1329 3144 in
1348 3117 1391 3144 se
1409 3105 1534 3156 ipsos.
1555 3104 1791 3144 Differentia
1811 3108 1949 3143 autem
1965 3103 2098 3142 solum
2117 3106 2178 3143 est
2195 3103 2242 3142 in

1209 3167 1459 3218 obligatione
1481 3179 1531 3205 ex
1551 3170 1667 3217 parte
1691 3165 1916 3217 religionis,
1945 3176 2036 3216 quae
2055 3163 2109 3203 ad
2138 3175 2239 3216 prae-

1203 3228 1360 3270 dictum
1400 3228 1592 3267 effectum
1632 3227 1735 3266 nihil
1774 3227 1930 3273 refert,
1965 3229 2011 3265 ut
2043 3237 2095 3265 ex
2129 3225 2239 3266 dicto

1205 3289 1393 3341 exemplo
1414 3291 1587 3328 constat.
1609 3289 1657 3328 Et
1685 3289 1789 3328 ratio
1818 3289 1942 3328 etiam
1964 3291 2026 3327 est
2046 3286 2237 3336 evidens,

1204 3353 1301 3404 quia
1321 3351 1392 3390 illa
1409 3350 1663 3402 impotentia,
1682 3350 1716 3389 si
1732 3363 1832 3390 vera
1850 3354 1926 3399 est,
1941 3361 2026 3388 non
2041 3348 2239 3388 fundatur

1203 3414 1247 3453 in
1267 3413 1519 3465 obligatione
1538 3412 1721 3460 alterius,
1737 3412 1866 3451 sedin
1886 3411 2114 3464 privatione
2130 3408 2237 3460 juris

1204 3476 1247 3515 in
1276 3488 1320 3515 se
1341 3475 1491 3526 ipsum,
1515 3473 1612 3525 quia
1643 3474 1887 3513 translatum
1923 3474 1985 3511 est
2015 3471 2056 3510 in
2090 3469 2233 3509 alium.

1204 3536 1451 3589 Respondeo
1473 3548 1570 3586 ergo
1592 3535 1644 3574 ad
1663 3535 1961 3586 objectionem,
1982 3532 2060 3571 1100
2081 3530 2239 3570 discur-

1205 3610 1257 3642 su
1283 3597 1424 3654 potius
1450 3597 1551 3639 mihi
1576 3597 1743 3654 probari
1770 3599 1812 3638 et
1845 3592 2096 3644 confirmari,
2121 3591 2236 3633 illam
