2352 3880
43 306 51 348 l
67 305 294 377 Quantam,
317 316 414 357 etin
429 315 556 356 rebus
573 314 857 368 spiritualibus
873 311 993 353 valde
1007 320 1126 351 exer·

69 383 148 424 ci
136 384 263 421 atum
283 379 434 427 virum,
453 382 499 418 ιιι
516 381 629 417 recte
646 377 747 415 dixit
765 375 938 422 Gerson,
959 374 1121 413 tractat.

86 441 148 485 'de
168 439 415 481 Probatione
433 439 667 507 spirituum,
697 436 866 488 alphab.
892 437 958 484 17,
981 434 1039 474 lit.
1072 434 1122 473 R.

71 502 171 551 *Qui
192 503 316 542 etiam
333 501 463 541 videri
482 499 643 569 potest
632 512 674 538 m
696 501 872 538 tractatu
884 497 936 537 de
955 494 1122 536 Distine-

67 557 207 605 tione
229 574 421 603 verarum
447 561 653 600 visionum
669 572 695 599 a
715 557 1122 609 falsis,alphah.17,

93 625 139 666 in
154 624 253 672 fine,
284 624 354 663 uhi
386 623 570 673 quinque
604 621 724 673 signa
754 620 937 667 adducit,
961 630 1050 669 quae
1081 617 1125 656 in

96 686 162 726 his
184 697 275 737 quae
295 685 488 730 diximus,
512 687 554 723 et
570 683 614 722 in
633 682 894 722 documentis
913 682 956 720 P.
976 677 1122 731 Ignatii

92 747 366 788 continentur.
400 747 523 784 Recte
545 744 668 783 etiam
689 743 741 783 de
763 744 841 782 hac
872 739 1124 792 materia-lo-

55 803 64 854 s
92 808 230 860 quitur
246 807 290 846 in
310 806 535 858 Centilogio
553 806 604 845 de
629 805 892 857 impulsibus,
914 801 1071 842 decade
1097 801 1123 841 3

68 878 69 881 ’
92 871 134 909 et
154 869 436 921 sequentibus,
454 868 620 920 alphab.
637 869 704 917 63,
718 867 776 906 lit.
794 868 826 915 I,
839 870 881 906 et
899 866 942 904 in
962 869 1062 904 tom.
1078 863 1120 910 4,

92 930 217 970 habet
235 935 454 970 tractatum
472 930 524 969 de
553 930 681 981 signis
701 929 822 968 bonis
847 931 889 966 et
906 925 1040 971 malis,
1063 923 1121 963 al-

90 992 215 1043 phab.
238 994 304 1039 17,
324 992 383 1032 lit.
410 993 455 1040 Β,
479 991 591 1043 quod
627 991 724 1031 huic
754 989 882 1030 etiam
912 985 1123 1039 proposito

90 1052 300 1093 deservire
316 1058 464 1105 potest.
486 1053 647 1105 Optime
677 1051 802 1091 etiam
815 1051 1119 1097 Bonaventura‚

89 1113 144 1160 de
162 1115 363 1157 Processu
377 1115 515 1167 relig„
537 1127 574 1154 c.
600 1115 667 1155 18.

361 1210 645 1254 Duodecimum
667 1209 842 1251 dubium.

142 1300 210 1340 4⁶2.
241 1299 430 1342 Primum
450 1298 665 1340 membrum
683 1296 807 1339 dubii.
822 1318 875 1326 -
895 1296 1124 1340 Secundum

88 1362 316 1404 membrum.
356 1383 409 1392 —
439 1360 693 1400 Duodecimn
730 1370 949 1399 occurrere
987 1363 1125 1411 potest

89 1423 133 1463 in
150 1424 230 1463 hoc
250 1434 375 1475 opere
396 1421 629 1470 difficultas,
651 1420 748 1473 quia
777 1420 988 1460 interdum
1010 1420 1124 1459 vide·

89 1490 156 1526 tur
169 1484 342 1525 nimium
356 1485 539 1524 tribuere
553 1483 708 1523 viribus
722 1483 892 1522 rationis
907 1483 1120 1530 naturalis,

89 1551 132 1587 et
148 1547 267 1587 liberi
294 1546 464 1593 arbitrii,
487 1545 696 1585 interdum
723 1556 822 1583 vero
842 1545 1016 1583 nimium
1037 1556 1123 1584 mo-

89 1610 191 1649 tioni
212 1609 370 1659 gratiae.
394 1608 577 1646 Primum
602 1605 776 1658 intelligi
795 1610 932 1657 potest
952 1618 1003 1645 ex
1023 1616 1125 1656 qua·

89 1670 187 1710 dam
203 1669 471 1709 meditatione
494 1668 547 1707 de
571 1668 705 1707 tribus
734 1667 953 1706 hominum
986 1667 1125 1707 classi·

89 1731 265 1779 bus‚ubi
277 1732 320 1770 in
344 1732 368 1770 3
385 1730 546 1777 dicitur,
560 1729 764 1781 quosdam
778 1740 869 1768 esse
887 1734 1055 1781 paratos
1071 1728 1125 1768 ad

90 1793 133 1833 id
151 1793 263 1845 quod
288 1792 568 1833 intellexerint
586 1792 723 1842 maius
752 1802 847 1830 esse
874 1790 1124 1841 obsequium

89 1854 179 1901 Dei,
208 1853 270 1894 vel
294 1865 343 1894 ece
378 1853 513 1893 divino
541 1854 751 1898 instinctu,
772 1851 834 1891 vet
864 1862 912 1891 ex
949 1850 1125 1891 rationis

90 1914 316 1956 dictamine.
338 1914 387 1954 In
408 1913 555 1965 regula
580 1915 622 1961 7,
648 1912 703 1951 ad
721 1911 1020 1952 discernendos
1038 1911 1125 1949 ani-

89 1987 167 2017 mae
185 1979 337 2024 motus,
355 1974 504 2016 dicitur
524 1973 791 2026 cogitandum
809 1983 900 2012 esse
925 1983 1002 2012 nos
1021 1972 1125 2010 inte-

89 2037 209 2077 rima
229 2036 405 2076 Domino
424 2036 546 2076 nobis
578 2035 679 2087 ipsis
709 2033 964 2088 probationis
997 2043 1126 2071 causa

90 2098 283 2151 relinqui,
308 2102 355 2138 ut
377 2108 453 2150 per
488 2097 701 2137 naturales
733 2106 906 2147 quoque
931 2095 1041 2134 vires
1061 2094 1125 2134 in-

92 2160 270 2201 sultibus
297 2158 454 2199 inimici
478 2158 608 2198 nostri
631 2156 895 2197 obsistamus.
931 2155 982 2195 Et
1016 2159 1126 2195 trac-

90 2221 219 2263 tando
241 2220 296 2261 de
324 2224 512 2271 tempore
541 2218 758 2259 electionis
790 2217 973 2256 dicitur:
996 2216 1129 2256 Porro

92 2283 374 2337 tranquillitas
393 2285 487 2322 tune
503 2281 684 2322 noscitur
705 2279 853 2324 adesse,
869 2278 1129 2331 quotiescum-

91 2356 165 2400 que
183 2345 335 2393 anima,
353 2341 480 2383 nullis
499 2343 660 2395 ayitata
672 2340 804 2381 variis
827 2339 1056 2392 spiritibus,
1069 2336 1128 2379 vi-

91 2418 158 2449 res
175 2404 386 2447 naturales
405 2414 503 2445 suas
521 2404 642 2444 tibere
658 2404 821 2443 eoeereet.
841 2401 1030 2440 Alterum
1056 2411 1127 2439 au·

91 2472 178 2510 tem
196 2464 434 2508 membrum
453 2464 562 2504 sumi
580 2466 720 2515 potest
749 2473 802 2502 ex
834 2461 986 2502 eodem
1018 2460 1125 2509 loce,

93 2529 168 2571 ubi
185 2528 350 2577 dicitur,
362 2524 588 2580 aliquando
605 2525 748 2565 divina
759 2522 892 2563 virtus
911 2522 970 2562 sic
985 2520 1129 2573 impel-

94 2591 142 2632 lit
157 2590 429 2637 voluntatem,
441 2592 489 2627 ιιι
507 2587 642 2627 omnis
661 2585 881 2634 dubitatio,
897 2584 981 2623 imo
1003 2583 1131 2623 etiam

95 2651 311 2694 dubitandi
330 2650 505 2692 facultas
522 2649 671 2688 animae
687 2647 851 2688 sublata
877 2646 945 2696 sit,
966 2644 1131 2698 quomi-

97 2726 178 2756 nus
197 2716 396 2766 sequatur
410 2710 705 2763 impulsionem
722 2709 864 2749 talem.

146 2777 216 2818 43.
250 2773 301 2819 S.
324 2773 490 2826 anatiz·
510 2775 546 2814 et
566 2771 790 2814 Societatis
807 2767 985 2823 spiritus
1001 2767 1131 2811 eonci-

95 2836 227 2880 liandi
244 2836 422 2890 qratiam
441 2845 529 2876 cum
541 2836 703 2874 naturoe
721 2833 893 2873 viribus.
910 2852 964 2862 —
981 2832 1030 2872 Is
1049 2830 1133 2884 spi-

95 2899 206 2942 ritus
221 2899 268 2939 in
279 2897 334 2939 B.
353 2896 516 2951 Iynatio
533 2896 662 2943 fuisse
675 2895 908 2935 ostenditur.
921 2915 975 2924 —
986 2894 1132 2935 Recen-

98 2961 200 3002 tium
210 2958 483 2999 haereticorum
497 2957 837 2997 errores.—Hanc
849 2955 1133 2995 difficultatem

70 3023 72 3026 ’
97 3031 311 3075 propono,
335 3029 421 3058 non
446 3017 543 3069 quia
561 3018 653 3057 loca
673 3018 797 3056 citata
826 3017 1007 3056 difficilia
1034 3015 1130 3063 sint,

100 3082 177 3138 sed
188 3086 234 3121 ut
250 3079 513 3120 occasionem
530 3090 693 3118 sumam
713 3077 970 3129 advertendi,
980 3077 1132 3124 zelum,

101 3153 227 3194 quem
245 3152 359 3181 nunc
385 3139 511 3179 habet
531 3139 730 3186 Societas,
752 3142 865 3178 recte
903 3137 1135 3188 explicandi

95 3203 374 3244 ¹concordiam
406 3201 550 3253 gratiae
578 3213 675 3240 cum
705 3199 836 3239 libero
869 3199 1052 3248 arbitrio,
1092 3202 1136 3239 et

103 3264 399 3306 convenienter
424 3262 624 3312 loquendi
659 3266 700 3301 et
734 3259 1046 3300 accommodate
1078 3259 1134 3300 ad

93 3324 381 3367 resistendum
397 3322 576 3362 Luthero
596 3316 768 3374 aliisque
800 3322 920 3373 hujus
938 3321 1133 3372 temporis

88 3399 90 3402 ’
103 3386 320 3433 haereticis,
333 3383 528 3423 eumdem
539 3383 666 3422 fuisse
681 3384 723 3422 in
733 3387 850 3434 patre
862 3385 1003 3421 nostro
1015 3382 1134 3432 Igna-

89 3447 177 3496 no,
200 3450 244 3486 et
260 3445 327 3485 vel
346 3444 399 3483 ab
419 3443 488 3482 illo
506 3443 550 3483 in
574 3443 822 3483 Societatem
839 3454 1048 3489 manasse,
1065 3442 1135 3483 vel

54 3543 58 3547 .
106 3507 299 3548 eumdem
315 3505 518 3557 spiritum,
533 3504 603 3555 qui
619 3504 723 3543 hanc
736 3504 979 3555 religionem
995 3507 1138 3551 movet

71 3583 82 3606 κ
103 3566 160 3608 nd
181 3565 460 3606 resistendum
474 3564 694 3613 haereticiS,
722 3564 848 3615 huJus
875 3574 967 3603 esse
983 3562 1135 3603 doctri-

109 3636 176 3667 noe
200 3630 427 3671 auctorem.
449 3625 656 3681 Imprimis
688 3635 791 3679 ergo
818 3624 864 3668 in
884 3623 1135 3677 quibusdam

442 248 535 285 cAP.
555 247 679 286 21³8
692 242 1000 284 srmmmmts
1018 240 1262 284 merrus,
1283 241 1338 278 m·
1358 241 1516 278 Pnffltm
1537 241 1636 284 Qun>
1655 241 1761 280 sm·
1785 241 1877 276 mc.

2114 240 2216 282 ⁴033

1177 309 1347 361 regulis,
1369 321 1472 360 quas
1490 310 1536 347 in
1570 309 1652 348 fine
1690 309 1815 348 totius
1833 306 1928 347 libri
1957 305 1998 348 S.
2023 306 2212 359 ignatius

1177 371 1385 421 proponit,
1415 374 1461 408 ut
1497 382 1593 409 cum
1628 371 1858 410 orthodoxa
1891 370 2076 409 Ecclesia
2114 381 2215 410 vere

1179 431 1422 479 sentiamus,
1445 431 1695 481 generaliter
1723 431 1858 470 notari
1894 435 2045 483 potest,
2068 443 2217 472 omnes

1179 493 1234 532 ad
1264 494 1341 531 hoc
1359 492 1549 539 tendere,
1572 497 1618 531 ιιι
1640 492 1694 531 ab
1726 493 1939 532 erroribus
1959 494 2084 544 hujus
2108 498 2216 533 tem-

1178 554 1290 605 poris
1307 564 1487 591 maxlme
1505 557 1707 601 avertant,
1728 554 1772 598 in
1789 554 1996 602 omnibus,
2019 559 2106 595 tam
2122 567 2216 595 ver-

1179 615 1244 654 bis
1264 626 1391 666 quam
1410 614 1543 659 factis,
1565 615 1814 653 contrariam
1835 616 2067 656 doctrinam
2090 616 2219 668 profi-

1178 677 1321 724 tendo,
1343 679 1389 714 ut
1408 675 1459 714 de
1478 675 1714 714 obedientia
1745 677 1937 715 Ecclesiae
1959 679 2213 728 praestanda,

1179 739 1231 779 de
1250 752 1328 778 usu
1360 738 1567 789 frequenti
1601 739 1907 777 communionis
1934 740 2214 789 Eucharistiae,

1178 800 1230 839 de
1247 800 1447 839 sacrificio
1459 800 1610 846 Missae,
1629 804 1669 838 et
1687 799 1876 838 cantibus
1895 813 1943 839 ac
1960 803 2216 841 caeremoniis

1178 862 1481 908 ecclesiasticis,
1501 875 1549 901 ac
1569 861 1718 900 divinis
1739 861 1899 908 officim,
1915 861 1968 900 de
1995 862 2100 900 votis
2126 874 2216 901 mo-

1178 925 1359 971 nasb'cis,
1383 934 1430 963 ac
1449 924 1651 971 caelibatu,
1670 923 1721 962 de
1743 924 1855 962 cultu
1881 935 1930 961 ac
1947 924 2217 963 veneratione

1178 986 1438 1033 Sanctorum,
1474 986 1760 1036 Reliquiarum
1796 997 1846 1024 ac
1879 985 2130 1036 Imaginum,
2163 986 2217 1024 de

1173 1047 1199 1088 J
1205 1047 1364 1086 ubilaeis
1376 1059 1426 1086 ac
1444 1046 1865 1099 peregrinationibus,
1880 1051 1922 1086 et
1940 1047 2137 1098 operibus
2152 1059 2218 1086 sa·-

1177 1109 1427 1158 assentatoriis,
1450 1114 1491 1149 et
1510 1110 1553 1148 in
1574 1110 1816 1149 universum
1836 1108 1888 1148 de
1907 1109 1991 1148 fide
2015 1113 2057 1148 et
2077 1109 2213 1159 operi-

1175 1172 1272 1219 bus,
1294 1184 1343 1212 ac
1374 1172 1525 1211 timore
1551 1171 1623 1211 Dei
1643 1176 1728 1210 tam
1750 1170 1903 1219 servili,
1925 1182 2051 1222 quam
2084 1170 2214 1218 filiali,

1177 1239 1220 1275 et
1236 1234 1417 1284 denique
1450 1234 1502 1273 de
1522 1233 1689 1273 tuendis
1720 1233 2011 1273 traditionibus
2031 1233 2214 1281 Pati-um,

1178 1300 1220 1336 et
1238 1296 1437 1336 doctrinis
1457 1294 1716 1344 Sanctorum,
1730 1306 1779 1334 ac
1798 1294 2069 1345 probatorum
2083 1295 2219 1332 Theo-

1178 1357 1386 1409 logorum,
1417 1359 1459 1395 et
1495 1357 1660 1402 similia,
1699 1367 1790 1406 quae
1827 1355 1952 1406 plane
1990 1355 2217 1394 ostendunt

1180 1419 1369 1470 spiritum
1392 1419 1550 1469 spiritui
1569 1418 1734 1457 Lutum-i
1758 1417 1912 1456 directe
1946 1418 2216 1465 contrarium,

1180 1492 1304 1532 quern
1323 1481 1411 1519 sine
1441 1480 1569 1519 dubio
1592 1481 1704 1518 Deus
1725 1479 1884 1529 Ignatio
1909 1478 2101 1529 praebuit,
2119 1482 2225 1519 tan-,

1177 1556 1306 1595 quam
1321 1543 1392 1582 uni
1411 1556 1462 1582 ex
1472 1542 1679 1593 prixnariis
1699 1541 1875 1580 ducibus
1895 1552 2000 1591 quos
2019 1540 2218 1579 adversus

1179 1617 1277 1646 eum
1294 1605 1496 1645 excitavit.
1520 1604 1707 1642 Tandem
1726 1614 1825 1642 vero
1846 1602 1954 1641 circa
1971 1601 2100 1640 finem
2129 1601 2219 1640 illa-

1178 1679 1272 1707 rum
1291 1668 1550 1719 regularum,
1568 1666 1610 1704 in
1626 1668 1690 1713 14,
1707 1665 1762 1704 ita
1779 1664 1831 1704 de
1850 1664 2218 1718 praedestinatione

1177 1728 1359 1780 loquitur
1374 1727 1690 1768 :Advertendum
1709 1730 1783 1773 est,
1805 1727 1965 1766 etiamsi
1981 1726 2102 1777 plane
2120 1737 2220 1765 com-

1177 1793 1338 1842 pertum
1355 1790 1631 1840 definitumque
1654 1788 1726 1836 sit,
1742 1788 1891 1828 nemini
1915 1788 2139 1836 contingere
2155 1798 2220 1827 sa-

1175 1852 1303 1892 ¹tutem
1319 1882 1328 1894 .
1349 1851 1431 1891 nisi
1451 1851 1739 1903 praedestinato
1752 1879 1763 1896 ‚
1789 1850 2066 1898 circum-specte
2087 1851 2220 1888 tamen

1180 1924 1300 1965 super
1312 1911 1383 1952 Ῐιοο
1398 1912 1631 1963 loquendum
1651 1922 1749 1957 esse,
1766 1921 1815 1949 ne
1833 1912 1939 1958 forte
1955 1911 2135 1957 qratiam
2149 1912 2222 1949 aut

1173 1973 1567 2025 praedestinationem
1586 1971 1662 2010 Dei
1679 1971 1806 2010 nimis
1824 1971 2085 2018 extendentes,
2106 1970 2223 2011 liberi

1182 2032 1349 2074 arbitrii
1363 2033 1470 2073 vires
1489 2035 1527 2072 et
1546 2043 1706 2083 operum
1717 2032 1904 2070 bonorum
1920 2036 2068 2072 merita
2090 2033 2223 2072 exclu-

1181 2096 1272 2136 dere
1300 2093 1402 2136 velle
1433 2094 1639 2134 videamur
1650 2109 1669 2142 ;
1690 2093 1751 2133 vet
1784 2103 1805 2132 e
1831 2105 2026 2138 converso,
2047 2105 2095 2132 ne
2126 2095 2224 2145 plus

1186 2167 1294 2208 „equo
1311 2154 1422 2195 hisee
1439 2155 1669 2202 tribuentes,
1693 2153 1782 2194 iltis
1799 2153 1960 2193 interim
1975 2154 2218 2205 deroqemus.

1182 2216 1233 2257 Et
1250 2216 1295 2255 in
1313 2215 1446 2267 regul.
1476 2215 1527 2254 17
1559 2214 1694 2265 magis
1712 2214 1793 2254 hoc
1813 2214 2032 2252 declarans
2051 2214 2218 2253 subdit:

1181 2275 1321 2328 Neque
1348 2275 1614 2329 praedicandae
1638 2279 1676 2315 et
1700 2275 1948 2316 inculcandae
1966 2276 2114 2327 qratioe
2145 2275 2224 2315 Dei

1182 2349 1306 2390 usque
1323 2339 1418 2380 adeo
1437 2337 1702 2378 insistendum
1722 2338 1869 2386 suerit,
1887 2339 1932 2376 ut
1965 2347 2124 2390 serpere
2156 2336 2224 2375 in-

1185 2400 1339 2440 terdum
1354 2399 1482 2451 possit
1499 2398 1752 2439 auditoribus
1766 2396 1925 2439 lethalis
1937 2408 2063 2446 error,
2078 2400 2226 2450 neyata

1181 2460 1300 2503 liberi
1318 2459 1485 2501 arbitrii
1511 2460 1645 2501 nostri
1658 2458 1869 2513 facultate.
1888 2458 1950 2500 De
1976 2459 2118 2511 qratia
2131 2469 2226 2510 erqo

1184 2522 1276 2574 ipsa
1294 2522 1447 2575 diffuse
1471 2521 1634 2573 quidem
1662 2520 1775 2573 toqui
1793 2522 1865 2570 fas
1899 2523 1972 2569 est,
1993 2520 2078 2560 Deo
2109 2523 2225 2571 aspi-

1182 2586 1314 2631 rante,
1332 2583 1402 2623 sed
1421 2586 1617 2635 quatenus
1636 2580 1680 2622 in
1696 2580 1873 2633 ,qloriam
1892 2581 1979 2632 ejus
2005 2582 2226 2622 uberiorem

1182 2644 1394 2692 redundat,
1420 2644 1536 2695 idque
1559 2643 1690 2695 juxta
1718 2642 1876 2683 modum
1905 2643 2192 2683 convenientem
2209 2671 2223 2690 ,

1181 2707 1337 2747 nostrie
1352 2706 1583 2758 praesertim
1604 2704 1845 2756 temporibus
1871 2706 1954 2744 tam
1965 2702 2221 2756 periculosis,

1183 2779 1232 2808 ne
1251 2771 1290 2808 et
1315 2767 1433 2808 liberi
1451 2766 1616 2807 arbitrii
1645 2776 1767 2814 usus,
1793 2769 1832 2806 et
1851 2775 2011 2817 operum
2036 2766 2225 2805 bonorum

1183 2828 1369 2881 efficacia
1401 2828 1583 2870 tollatur.
1602 2829 1689 2868 Hoc
1708 2839 1809 2879 ergo
1844 2828 1995 2879 ipsum,
2017 2827 2130 2879 quod
2162 2827 2223 2866 fa-

1186 2892 1386 2932 ciendum
1402 2891 1650 2943 praemonuit
1668 2891 1710 2931 S.
1733 2891 1931 2942 Ignatius,
1942 2902 2022 2929 usu
2042 2894 2083 2930 et
2107 2902 2224 2929 exer-

1187 2954 1284 2993 citio
1305 2954 1347 2992 in
1367 2965 1443 2992 suo
1458 2964 1584 3004 opere
1606 2950 1856 3002 observavit,
1878 2953 1919 2992 et
1940 2952 2019 2992 hoc
2039 2951 2223 2991 insinua-

1189 3026 1234 3054 re
1254 3014 1383 3054 voluit
1406 3015 1508 3054 locis
1529 3015 1572 3054 in
1592 3014 1793 3066 principio
1815 3013 1963 3062 citatis,
1987 3017 2028 3053 et
2050 3013 2092 3052 in
2112 3014 2218 3060 aliis,
2280 3043 2283 3045 .

1189 3076 1413 3128 praesertim
1450 3076 1495 3115 in
1531 3075 1830 3127 posterioribus
1856 3075 2028 3127 regulis,
2062 3074 2114 3113 de
2146 3074 2223 3111 dis-

1190 3137 1411 3177 cernendis
1449 3137 1683 3188 spiritibus,
1722 3137 1766 3176 in
1800 3138 1838 3188 Ξ,
1883 3136 2053 3188 egregie
2092 3135 2223 3185 expli-

1189 3203 1257 3239 cat
1273 3199 1498 3238 efficaciam
1535 3199 1692 3251 gratiae,
1715 3199 1870 3247 dicens,
1896 3198 2108 3251 proprium
2140 3206 2222 3236 esse

1190 3259 1394 3302 Creatoris
1406 3271 1530 3304 ,suam
1546 3260 1704 3313 inoredi
1719 3263 1962 3307 creaturam,
1980 3262 2018 3298 et
2044 3257 2158 3298 illam
2178 3256 2221 3295 in

1188 3333 1360 3363 amorem
1382 3324 1447 3362 sui
1477 3325 1601 3362 totam
1634 3323 1868 3366 convertere,
1889 3319 2045 3359 trahere
2068 3319 2104 3355 et
2134 3326 2219 3354 mu-

1190 3385 1292 3422 tare.
1325 3383 1375 3421 Et
1395 3382 1439 3421 in
1458 3382 1484 3421 8
1506 3386 1620 3421 ι·66ι6
1648 3381 1824 3432 gratiam
1846 3379 1920 3418 Dei
1957 3377 2218 3423 excitantem,

1191 3454 1267 3482 seu
1286 3443 1624 3494 praevenientem‚
1649 3442 1824 3492 ejusque
1843 3438 2066 3479 efficaciam
2086 3435 2220 3475 decla-

1189 3507 1253 3543 rat
1269 3503 1426 3552 dicens‚
1445 3503 1683 3542 immediate
1698 3502 1894 3540 divinitus
1914 3497 2092 3546 immitti,
2107 3496 2222 3536 nulla

1188 3576 1244 3605 ex
1263 3568 1378 3615 parte
1399 3564 1578 3603 hominis
1594 3556 1857 3614 praecedente
1873 3570 2015 3606 causa,
2038 3561 2080 3598 et
2112 3557 2223 3597 suffi-

1187 3625 1369 3671 cientem
1388 3635 1484 3664 esse
1502 3624 1558 3664 ad
1573 3620 1882 3672 ,consolandam
1913 3619 2114 3663 animam.
2138 3617 2234 3662 Ad·-v
