<?xml version="1.0" encoding="UTF-8"?>
<!DOCTYPE html PUBLIC "-//W3C//DTD XHTML 1.0 Transitional//EN"
    "http://www.w3.org/TR/xhtml1/DTD/xhtml1-transitional.dtd">
<html xmlns="http://www.w3.org/1999/xhtml" xml:lang="en" lang="en">
 <head>
  <title>
</title>
<meta http-equiv="Content-Type" content="text/html;charset=utf-8" />
  <meta name='ocr-system' content='tesseract 3.04.00' />
  <meta name='ocr-capabilities' content='ocr_page ocr_carea ocr_par ocr_line ocrx_word'/>
</head>
<body>
  <div class='ocr_page' id='page_1' title='image "./operaomnia16suaauoft_0024.png"; bbox 0 0 2352 3880; ppageno 0'>
   <div class='ocr_carea' id='block_1_1' title="bbox 184 243 1212 362">
    <p class='ocr_par' dir='ltr' id='par_1_1' title="bbox 184 243 1212 362">
     <span class='ocr_line' id='line_1_1' title="bbox 184 243 252 278; baseline 0 0"><span class='ocrx_word' id='word_1_1' title='bbox 184 243 252 278; x_wconf 73' lang='lat'>664</span> 
     </span>
     <span class='ocr_line' id='line_1_2' title="bbox 184 307 1212 362; baseline 0.003 -15"><span class='ocrx_word' id='word_1_2' title='bbox 184 319 352 360; x_wconf 84' lang='lat' dir='ltr'>genere.</span> <span class='ocrx_word' id='word_1_3' title='bbox 367 307 434 347; x_wconf 90' lang='lat' dir='ltr'>vel</span> <span class='ocrx_word' id='word_1_4' title='bbox 445 308 738 358; x_wconf 83' lang='lat' dir='ltr'>cujuscumque</span> <span class='ocrx_word' id='word_1_5' title='bbox 752 309 899 360; x_wconf 88' lang='lat' dir='ltr'>speciei</span> <span class='ocrx_word' id='word_1_6' title='bbox 912 309 1018 360; x_wconf 84' lang='lat' dir='ltr'>ejus3</span> <span class='ocrx_word' id='word_1_7' title='bbox 1042 315 1212 362; x_wconf 79' lang='lat' dir='ltr'>possunt</span> 
     </span>
    </p>
   </div>
   <div class='ocr_carea' id='block_1_2' title="bbox 490 241 1958 290">
    <p class='ocr_par' dir='ltr' id='par_1_2' title="bbox 490 241 1958 290">
     <span class='ocr_line' id='line_1_3' title="bbox 490 241 1958 290; baseline 0.002 -11"><span class='ocrx_word' id='word_1_8' title='bbox 490 241 574 281; x_wconf 88' lang='lat' dir='ltr'><strong>LIB.</strong></span> <span class='ocrx_word' id='word_1_9' title='bbox 593 242 652 278; x_wconf 86' lang='lat'>111.</span> <span class='ocrx_word' id='word_1_10' title='bbox 682 241 739 278; x_wconf 88' lang='lat' dir='ltr'>DE</span> <span class='ocrx_word' id='word_1_11' title='bbox 763 241 1030 280; x_wconf 87' lang='lat' dir='ltr'>ADMISSIONE</span> <span class='ocrx_word' id='word_1_12' title='bbox 1054 243 1340 282; x_wconf 77' lang='lat' dir='ltr'>SCHOLARIUM</span> <span class='ocrx_word' id='word_1_13' title='bbox 1365 243 1424 280; x_wconf 80' lang='lat' dir='ltr'>AD</span> <span class='ocrx_word' id='word_1_14' title='bbox 1451 242 1571 282; x_wconf 87' lang='lat' dir='ltr'><strong>VOTA</strong></span> <span class='ocrx_word' id='word_1_15' title='bbox 1595 242 1837 290; x_wconf 75' lang='lat' dir='ltr'>SIMPLICIA,</span> <span class='ocrx_word' id='word_1_16' title='bbox 1860 243 1958 282; x_wconf 78' lang='lat' dir='ltr'>E&#39;rc,</span> 
     </span>
    </p>
   </div>
   <div class='ocr_carea' id='block_1_3' title="bbox 1266 307 2297 362">
    <p class='ocr_par' dir='ltr' id='par_1_3' title="bbox 1266 307 2297 362">
     <span class='ocr_line' id='line_1_4' title="bbox 1266 307 2297 362; baseline 0 -12"><span class='ocrx_word' id='word_1_17' title='bbox 1266 310 1469 358; x_wconf 74' lang='lat' dir='ltr'>PontifeX,</span> <span class='ocrx_word' id='word_1_18' title='bbox 1490 310 1534 349; x_wconf 91' lang='lat' dir='ltr'>in</span> <span class='ocrx_word' id='word_1_19' title='bbox 1550 309 1665 350; x_wconf 90' lang='lat' dir='ltr'>bulla</span> <span class='ocrx_word' id='word_1_20' title='bbox 1698 309 1851 359; x_wconf 81' lang='lat' dir='ltr'>Quanto</span> <span class='ocrx_word' id='word_1_21' title='bbox 1878 307 2132 362; x_wconf 77' lang='lat' dir='ltr'><em>fructuosius,</em></span> <span class='ocrx_word' id='word_1_22' title='bbox 2162 308 2297 350; x_wconf 75' lang='lat' dir='ltr'>decla·</span> 
     </span>
    </p>
   </div>
   <div class='ocr_carea' id='block_1_4' title="bbox 182 367 2292 438">
    <p class='ocr_par' dir='ltr' id='par_1_4' title="bbox 182 367 2292 438">
     <span class='ocr_line' id='line_1_5' title="bbox 182 367 2292 438; baseline 0.001 -30"><span class='ocrx_word' id='word_1_23' title='bbox 182 367 297 408; x_wconf 87' lang='lat' dir='ltr'>enim</span> <span class='ocrx_word' id='word_1_24' title='bbox 313 368 417 407; x_wconf 87' lang='lat' dir='ltr'>varii</span> <span class='ocrx_word' id='word_1_25' title='bbox 435 370 565 406; x_wconf 88' lang='lat' dir='ltr'>status</span> <span class='ocrx_word' id='word_1_26' title='bbox 576 367 759 418; x_wconf 83' lang='lat' dir='ltr'>religiosi</span> <span class='ocrx_word' id='word_1_27' title='bbox 783 369 902 420; x_wconf 84' lang='lat' dir='ltr'>quasi</span> <span class='ocrx_word' id='word_1_28' title='bbox 919 369 1104 421; x_wconf 86' lang='lat' dir='ltr'>specifice</span> <span class='ocrx_word' id='word_1_29' title='bbox 1127 370 1207 410; x_wconf 90' lang='lat' dir='ltr'>dif-</span> <span class='ocrx_word' id='word_1_30' title='bbox 1260 376 1424 412; x_wconf 86' lang='lat' dir='ltr'>raverat</span> <span class='ocrx_word' id='word_1_31' title='bbox 1442 384 1516 423; x_wconf 87' lang='lat' dir='ltr'>per</span> <span class='ocrx_word' id='word_1_32' title='bbox 1533 372 1604 411; x_wconf 89' lang='lat' dir='ltr'>illa</span> <span class='ocrx_word' id='word_1_33' title='bbox 1617 372 1696 411; x_wconf 86' lang='lat' dir='ltr'>tria</span> <span class='ocrx_word' id='word_1_34' title='bbox 1708 375 1804 411; x_wconf 88' lang='lat' dir='ltr'>vota</span> <span class='ocrx_word' id='word_1_35' title='bbox 1817 371 2011 410; x_wconf 86' lang='lat' dir='ltr'>constitui</span> <span class='ocrx_word' id='word_1_36' title='bbox 2028 374 2182 438; x_wconf 80' lang='lat' dir='ltr'>statum</span> <span class='ocrx_word' id='word_1_37' title='bbox 2193 383 2292 411; x_wconf 87' lang='lat' dir='ltr'>vere</span> 
     </span>
    </p>
   </div>
   <div class='ocr_carea' id='block_1_5' title="bbox 179 428 1214 544">
    <p class='ocr_par' dir='ltr' id='par_1_5' title="bbox 179 428 1214 544">
     <span class='ocr_line' id='line_1_6' title="bbox 179 428 1210 482; baseline 0.003 -14"><span class='ocrx_word' id='word_1_38' title='bbox 179 428 318 468; x_wconf 89' lang='lat' dir='ltr'>ferre</span> <span class='ocrx_word' id='word_1_39' title='bbox 306 441 350 467; x_wconf 88' lang='lat'>111</span> <span class='ocrx_word' id='word_1_40' title='bbox 379 428 558 479; x_wconf 89' lang='lat' dir='ltr'>propriis</span> <span class='ocrx_word' id='word_1_41' title='bbox 585 430 888 470; x_wconf 81' lang='lat' dir='ltr'>conditionibus</span> <span class='ocrx_word' id='word_1_42' title='bbox 918 431 1057 482; x_wconf 90' lang='lat' dir='ltr'>aliquo</span> <span class='ocrx_word' id='word_1_43' title='bbox 1086 432 1210 472; x_wconf 90' lang='lat' dir='ltr'>modo</span> 
     </span>
     <span class='ocr_line' id='line_1_7' title="bbox 180 489 1214 544; baseline 0.006 -17"><span class='ocrx_word' id='word_1_44' title='bbox 180 489 479 539; x_wconf 79' lang='lat' dir='ltr'>essentialibus,</span> <span class='ocrx_word' id='word_1_45' title='bbox 513 494 561 529; x_wconf 90' lang='lat' dir='ltr'>ut</span> <span class='ocrx_word' id='word_1_46' title='bbox 577 494 718 542; x_wconf 87' lang='lat' dir='ltr'>aperte</span> <span class='ocrx_word' id='word_1_47' title='bbox 754 493 950 544; x_wconf 85' lang='lat' dir='ltr'>supponit</span> <span class='ocrx_word' id='word_1_48' title='bbox 985 494 1214 534; x_wconf 80' lang='lat' dir='ltr'>Concilium</span> 
     </span>
    </p>
   </div>
   <div class='ocr_carea' id='block_1_6' title="bbox 179 551 1216 660">
    <p class='ocr_par' dir='ltr' id='par_1_6' title="bbox 179 551 1216 660">
     <span class='ocr_line' id='line_1_8' title="bbox 179 551 1211 605; baseline 0.003 -13"><span class='ocrx_word' id='word_1_49' title='bbox 179 551 484 599; x_wconf 86' lang='lat' dir='ltr'>Tridentinum,</span> <span class='ocrx_word' id='word_1_50' title='bbox 505 564 602 591; x_wconf 83' lang='lat' dir='ltr'>sess,</span> <span class='ocrx_word' id='word_1_51' title='bbox 619 554 684 597; x_wconf 82' lang='lat'>25,</span> <span class='ocrx_word' id='word_1_52' title='bbox 707 566 795 605; x_wconf 84' lang='lat' dir='ltr'>cap.</span> <span class='ocrx_word' id='word_1_53' title='bbox 814 557 852 602; x_wconf 83' lang='lat'>1,</span> <span class='ocrx_word' id='word_1_54' title='bbox 865 554 915 593; x_wconf 90' lang='lat' dir='ltr'>de</span> <span class='ocrx_word' id='word_1_55' title='bbox 929 555 1094 605; x_wconf 64' lang='lat' dir='ltr'>Regul„</span> <span class='ocrx_word' id='word_1_56' title='bbox 1117 568 1211 595; x_wconf 89' lang='lat' dir='ltr'>cum</span> 
     </span>
     <span class='ocr_line' id='line_1_9' title="bbox 180 606 1216 660; baseline 0.005 -16"><span class='ocrx_word' id='word_1_57' title='bbox 180 606 373 645; x_wconf 83' lang='lat' dir='ltr'>omnibus</span> <span class='ocrx_word' id='word_1_58' title='bbox 392 607 652 659; x_wconf 84' lang='lat' dir='ltr'>regularibus</span> <span class='ocrx_word' id='word_1_59' title='bbox 666 609 867 660; x_wconf 87' lang='lat' dir='ltr'>praecipit,</span> <span class='ocrx_word' id='word_1_60' title='bbox 885 613 932 648; x_wconf 89' lang='lat' dir='ltr'>ut</span> <span class='ocrx_word' id='word_1_61' title='bbox 948 609 1126 649; x_wconf 88' lang='lat' dir='ltr'>fideliter</span> <span class='ocrx_word' id='word_1_62' title='bbox 1146 609 1216 649; x_wconf 89' lang='lat' dir='ltr'>oh-</span> 
     </span>
    </p>
   </div>
   <div class='ocr_carea' id='block_1_7' title="bbox 173 670 1214 1152">
    <p class='ocr_par' dir='ltr' id='par_1_7' title="bbox 173 670 1214 1152">
     <span class='ocr_line' id='line_1_10' title="bbox 179 670 1212 722; baseline 0.004 -16"><span class='ocrx_word' id='word_1_63' title='bbox 179 671 343 707; x_wconf 82' lang='lat' dir='ltr'>servent</span> <span class='ocrx_word' id='word_1_64' title='bbox 354 680 445 719; x_wconf 86' lang='lat' dir='ltr'>quae</span> <span class='ocrx_word' id='word_1_65' title='bbox 457 670 511 709; x_wconf 89' lang='lat' dir='ltr'>ad</span> <span class='ocrx_word' id='word_1_66' title='bbox 521 682 605 710; x_wconf 87' lang='lat' dir='ltr'>suae</span> <span class='ocrx_word' id='word_1_67' title='bbox 617 670 885 722; x_wconf 87' lang='lat' dir='ltr'>professionis</span> <span class='ocrx_word' id='word_1_68' title='bbox 902 671 1212 722; x_wconf 83' lang='lat' dir='ltr'>perfectionem,</span> 
     </span>
     <span class='ocr_line' id='line_1_11' title="bbox 179 730 1213 783; baseline 0.004 -15"><span class='ocrx_word' id='word_1_69' title='bbox 179 733 226 768; x_wconf 87' lang='lat' dir='ltr'>ut</span> <span class='ocrx_word' id='word_1_70' title='bbox 245 730 505 779; x_wconf 80' lang='lat' dir='ltr'>obedientiae,</span> <span class='ocrx_word' id='word_1_71' title='bbox 530 732 788 783; x_wconf 80' lang='lat' dir='ltr'>paupertatis</span> <span class='ocrx_word' id='word_1_72' title='bbox 808 736 850 771; x_wconf 85' lang='lat' dir='ltr'>et</span> <span class='ocrx_word' id='word_1_73' title='bbox 869 733 1081 780; x_wconf 86' lang='lat' dir='ltr'>castitatis,</span> <span class='ocrx_word' id='word_1_74' title='bbox 1104 745 1154 772; x_wconf 87' lang='lat' dir='ltr'>ac</span> <span class='ocrx_word' id='word_1_75' title='bbox 1179 733 1213 772; x_wconf 89' lang='lat' dir='ltr'>si</span> 
     </span>
     <span class='ocr_line' id='line_1_12' title="bbox 176 791 1214 890; baseline 0.003 -61"><span class='ocrx_word' id='word_1_76' title='bbox 176 799 271 890; x_wconf 49' lang='grc' dir='ltr'>ἔμω</span> <span class='ocrx_word' id='word_1_77' title='bbox 287 791 367 831; x_wconf 82' lang='lat' dir='ltr'>alia</span> <span class='ocrx_word' id='word_1_78' title='bbox 387 795 484 831; x_wconf 86' lang='lat' dir='ltr'>sunt</span> <span class='ocrx_word' id='word_1_79' title='bbox 497 792 674 843; x_wconf 89' lang='lat' dir='ltr'>alicujus</span> <span class='ocrx_word' id='word_1_80' title='bbox 690 793 844 845; x_wconf 86' lang='lat' dir='ltr'>regulae</span> <span class='ocrx_word' id='word_1_81' title='bbox 858 797 899 832; x_wconf 89' lang='lat' dir='ltr'>et</span> <span class='ocrx_word' id='word_1_82' title='bbox 917 792 1072 832; x_wconf 87' lang='lat' dir='ltr'>ordinis</span> <span class='ocrx_word' id='word_1_83' title='bbox 1089 805 1214 844; x_wconf 85' lang='lat' dir='ltr'>pecu-</span> 
     </span>
     <span class='ocr_line' id='line_1_13' title="bbox 194 851 1213 906; baseline 0.004 -15"><span class='ocrx_word' id='word_1_84' title='bbox 194 851 294 891; x_wconf 88' lang='lat' dir='ltr'>iaria</span> <span class='ocrx_word' id='word_1_85' title='bbox 313 857 408 893; x_wconf 82' lang='lat' dir='ltr'>vota</span> <span class='ocrx_word' id='word_1_86' title='bbox 436 858 476 892; x_wconf 89' lang='lat' dir='ltr'>et</span> <span class='ocrx_word' id='word_1_87' title='bbox 496 857 716 905; x_wconf 81' lang='lat' dir='ltr'>praecepta,</span> <span class='ocrx_word' id='word_1_88' title='bbox 754 855 809 895; x_wconf 88' lang='lat' dir='ltr'>ad</span> <span class='ocrx_word' id='word_1_89' title='bbox 841 865 974 894; x_wconf 86' lang='lat' dir='ltr'>eorum</span> <span class='ocrx_word' id='word_1_90' title='bbox 1000 855 1213 906; x_wconf 69' lang='lat' dir='ltr'>respective</span> 
     </span>
     <span class='ocr_line' id='line_1_14' title="bbox 175 915 1213 962; baseline 0.003 -9"><span class='ocrx_word' id='word_1_91' title='bbox 175 915 401 962; x_wconf 75' lang='lat' dir='ltr'>essentiam,</span> <span class='ocrx_word' id='word_1_92' title='bbox 432 926 597 954; x_wconf 83' lang='lat' dir='ltr'>necnon</span> <span class='ocrx_word' id='word_1_93' title='bbox 623 915 677 954; x_wconf 88' lang='lat' dir='ltr'>ad</span> <span class='ocrx_word' id='word_1_94' title='bbox 710 927 973 955; x_wconf 88' lang='lat' dir='ltr'>communem</span> <span class='ocrx_word' id='word_1_95' title='bbox 992 916 1142 954; x_wconf 90' lang='lat' dir='ltr'>victum</span> <span class='ocrx_word' id='word_1_96' title='bbox 1171 919 1213 956; x_wconf 85' lang='lat' dir='ltr'>et</span> 
     </span>
     <span class='ocr_line' id='line_1_15' title="bbox 173 975 1210 1029; baseline 0.003 -16"><span class='ocrx_word' id='word_1_97' title='bbox 173 975 366 1014; x_wconf 85' lang='lat' dir='ltr'>vestitum</span> <span class='ocrx_word' id='word_1_98' title='bbox 389 977 653 1027; x_wconf 83' lang='lat' dir='ltr'>pertinentia.</span> <span class='ocrx_word' id='word_1_99' title='bbox 683 977 765 1016; x_wconf 86' lang='lat' dir='ltr'>Sed</span> <span class='ocrx_word' id='word_1_100' title='bbox 787 977 839 1016; x_wconf 97' lang='grc'>(16</span> <span class='ocrx_word' id='word_1_101' title='bbox 870 977 947 1016; x_wconf 89' lang='lat' dir='ltr'>hac</span> <span class='ocrx_word' id='word_1_102' title='bbox 966 980 1210 1029; x_wconf 86' lang='lat' dir='ltr'>paupertate</span> 
     </span>
     <span class='ocr_line' id='line_1_16' title="bbox 173 1035 1208 1091; baseline 0.004 -15"><span class='ocrx_word' id='word_1_103' title='bbox 173 1040 214 1076; x_wconf 87' lang='lat' dir='ltr'>et</span> <span class='ocrx_word' id='word_1_104' title='bbox 231 1035 472 1077; x_wconf 86' lang='lat' dir='ltr'>difficultate</span> <span class='ocrx_word' id='word_1_105' title='bbox 489 1038 640 1078; x_wconf 88' lang='lat' dir='ltr'>iterum</span> <span class='ocrx_word' id='word_1_106' title='bbox 659 1038 764 1078; x_wconf 88' lang='lat' dir='ltr'>libro</span> <span class='ocrx_word' id='word_1_107' title='bbox 784 1039 990 1089; x_wconf 85' lang='lat' dir='ltr'>sequenti,</span> <span class='ocrx_word' id='word_1_108' title='bbox 1007 1050 1033 1079; x_wconf 85' lang='lat' dir='ltr'>a</span> <span class='ocrx_word' id='word_1_109' title='bbox 1052 1050 1145 1091; x_wconf 86' lang='lat' dir='ltr'>cap.</span> <span class='ocrx_word' id='word_1_110' title='bbox 1166 1041 1208 1088; x_wconf 71' lang='lat'>4,</span> 
     </span>
     <span class='ocr_line' id='line_1_17' title="bbox 173 1098 961 1152; baseline 0.004 -15"><span class='ocrx_word' id='word_1_111' title='bbox 173 1098 443 1148; x_wconf 65' lang='lat' dir='ltr'>quaestionem</span> <span class='ocrx_word' id='word_1_112' title='bbox 456 1099 667 1152; x_wconf 83' lang='lat' dir='ltr'>propriam</span> <span class='ocrx_word' id='word_1_113' title='bbox 683 1100 961 1141; x_wconf 78' lang='lat' dir='ltr'>instituemus.</span> 
     </span>
    </p>
   </div>
   <div class='ocr_carea' id='block_1_8' title="bbox 555 1255 816 1297">
    <p class='ocr_par' dir='ltr' id='par_1_8' title="bbox 555 1255 816 1297">
     <span class='ocr_line' id='line_1_18' title="bbox 555 1255 816 1297; baseline -0.004 -2"><span class='ocrx_word' id='word_1_114' title='bbox 555 1255 723 1297; x_wconf 66' lang='lat' dir='ltr'><strong>CAPUT</strong></span> <span class='ocrx_word' id='word_1_115' title='bbox 749 1256 816 1295; x_wconf 85' lang='lat' dir='ltr'>lv.</span> 
     </span>
    </p>
   </div>
   <div class='ocr_carea' id='block_1_9' title="bbox 170 1379 1207 1484">
    <p class='ocr_par' dir='ltr' id='par_1_9' title="bbox 170 1379 1207 1484">
     <span class='ocr_line' id='line_1_19' title="bbox 170 1379 1207 1430; baseline 0.004 -12"><span class='ocrx_word' id='word_1_116' title='bbox 170 1379 428 1425; x_wconf 64' lang='lat' dir='ltr'>nEnUGUMUR</span> <span class='ocrx_word' id='word_1_117' title='bbox 442 1385 606 1430; x_wconf 63' lang='lat' dir='ltr'>ALIQuor</span> <span class='ocrx_word' id='word_1_118' title='bbox 619 1388 858 1421; x_wconf 66' lang='grc'><strong>(1050111511</strong></span> <span class='ocrx_word' id='word_1_119' title='bbox 872 1390 926 1420; x_wconf 71' lang='lat' dir='ltr'>ax</span> <span class='ocrx_word' id='word_1_120' title='bbox 941 1387 1207 1422; x_wconf 64' lang='lat' dir='ltr'>remansura</span> 
     </span>
     <span class='ocr_line' id='line_1_20' title="bbox 574 1450 786 1484; baseline 0.014 -5"><span class='ocrx_word' id='word_1_121' title='bbox 574 1450 786 1484; x_wconf 72' lang='lat' dir='ltr'><strong>DOGTMNA.</strong></span> 
     </span>
    </p>
   </div>
   <div class='ocr_carea' id='block_1_10' title="bbox 436 1572 924 1617">
    <p class='ocr_par' dir='ltr' id='par_1_10' title="bbox 436 1572 924 1617">
     <span class='ocr_line' id='line_1_21' title="bbox 436 1572 924 1617; baseline 0 -4"><span class='ocrx_word' id='word_1_122' title='bbox 436 1572 626 1614; x_wconf 83' lang='lat' dir='ltr'>Primum</span> <span class='ocrx_word' id='word_1_123' title='bbox 653 1572 924 1617; x_wconf 83' lang='lat' dir='ltr'>corollarium.</span> 
     </span>
    </p>
   </div>
   <div class='ocr_carea' id='block_1_11' title="bbox 158 1657 1206 3416">
    <p class='ocr_par' dir='ltr' id='par_1_11' title="bbox 158 1657 1206 3416">
     <span class='ocr_line' id='line_1_22' title="bbox 222 1657 1206 1711; baseline 0.002 -13"><span class='ocrx_word' id='word_1_124' title='bbox 222 1659 260 1699; x_wconf 80' lang='lat'>1.</span> <span class='ocrx_word' id='word_1_125' title='bbox 282 1657 488 1699; x_wconf 75' lang='lat' dir='ltr'>Probatur</span> <span class='ocrx_word' id='word_1_126' title='bbox 507 1660 640 1710; x_wconf 78' lang='lat' dir='ltr'>primo</span> <span class='ocrx_word' id='word_1_127' title='bbox 658 1669 707 1700; x_wconf 69' lang='lat' dir='ltr'>ex</span> <span class='ocrx_word' id='word_1_128' title='bbox 726 1658 918 1711; x_wconf 73' lang='lat' dir='ltr'>G‘reqorio</span> <span class='ocrx_word' id='word_1_129' title='bbox 934 1660 1206 1701; x_wconf 79' lang='lat' dir='ltr'><em>XIIL-—Ex</em></span> 
     </span>
     <span class='ocr_line' id='line_1_23' title="bbox 166 1718 1206 1772; baseline 0.001 -13"><span class='ocrx_word' id='word_1_130' title='bbox 166 1718 285 1759; x_wconf 90' lang='lat' dir='ltr'>dictis</span> <span class='ocrx_word' id='word_1_131' title='bbox 314 1720 359 1758; x_wconf 91' lang='lat' dir='ltr'>in</span> <span class='ocrx_word' id='word_1_132' title='bbox 380 1719 584 1771; x_wconf 86' lang='lat' dir='ltr'>superiori</span> <span class='ocrx_word' id='word_1_133' title='bbox 611 1721 762 1770; x_wconf 89' lang='lat' dir='ltr'>capite,</span> <span class='ocrx_word' id='word_1_134' title='bbox 784 1725 1008 1772; x_wconf 77' lang='lat' dir='ltr'>antequam</span> <span class='ocrx_word' id='word_1_135' title='bbox 1029 1721 1119 1771; x_wconf 87' lang='lat' dir='ltr'>ejus</span> <span class='ocrx_word' id='word_1_136' title='bbox 1139 1733 1206 1760; x_wconf 86' lang='lat' dir='ltr'>ra-</span> 
     </span>
     <span class='ocr_line' id='line_1_24' title="bbox 166 1780 1206 1835; baseline 0.002 -16"><span class='ocrx_word' id='word_1_137' title='bbox 166 1781 268 1820; x_wconf 86' lang='lat' dir='ltr'>tioni</span> <span class='ocrx_word' id='word_1_138' title='bbox 287 1780 504 1820; x_wconf 87' lang='lat' dir='ltr'>dubitandi</span> <span class='ocrx_word' id='word_1_139' title='bbox 525 1781 851 1835; x_wconf 88' lang='lat' dir='ltr'>satisfaciamus(</span> <span class='ocrx_word' id='word_1_140' title='bbox 862 1781 974 1833; x_wconf 88' lang='lat' dir='ltr'>quod</span> <span class='ocrx_word' id='word_1_141' title='bbox 991 1782 1126 1834; x_wconf 88' lang='lat' dir='ltr'>capite</span> <span class='ocrx_word' id='word_1_142' title='bbox 1143 1793 1206 1822; x_wconf 91' lang='lat' dir='ltr'>se-</span> 
     </span>
     <span class='ocr_line' id='line_1_25' title="bbox 161 1841 1203 1915; baseline 0.001 -34"><span class='ocrx_word' id='word_1_143' title='bbox 161 1842 310 1915; x_wconf 74' lang='lat' dir='ltr'>¹quenti</span> <span class='ocrx_word' id='word_1_144' title='bbox 332 1841 656 1893; x_wconf 78' lang='lat' dir='ltr'>praestabimus),</span> <span class='ocrx_word' id='word_1_145' title='bbox 682 1842 859 1882; x_wconf 88' lang='lat' dir='ltr'>infertur</span> <span class='ocrx_word' id='word_1_146' title='bbox 877 1843 1130 1882; x_wconf 76' lang='lat' dir='ltr'>assertiones</span> <span class='ocrx_word' id='word_1_147' title='bbox 1146 1843 1203 1883; x_wconf 90' lang='lat' dir='ltr'>ibi</span> 
     </span>
     <span class='ocr_line' id='line_1_26' title="bbox 164 1902 1203 1955; baseline 0.001 -13"><span class='ocrx_word' id='word_1_148' title='bbox 164 1902 345 1955; x_wconf 88' lang='lat' dir='ltr'>positas,</span> <span class='ocrx_word' id='word_1_149' title='bbox 363 1902 515 1953; x_wconf 90' lang='lat' dir='ltr'>quibus</span> <span class='ocrx_word' id='word_1_150' title='bbox 541 1902 761 1942; x_wconf 85' lang='lat' dir='ltr'>statuimus</span> <span class='ocrx_word' id='word_1_151' title='bbox 780 1903 1046 1943; x_wconf 86' lang='lat' dir='ltr'>scholasticos</span> <span class='ocrx_word' id='word_1_152' title='bbox 1065 1904 1203 1943; x_wconf 86' lang='lat' dir='ltr'>Socie-</span> 
     </span>
     <span class='ocr_line' id='line_1_27' title="bbox 160 1958 1203 2016; baseline 0 -11"><span class='ocrx_word' id='word_1_153' title='bbox 160 1958 273 2013; x_wconf 79' lang='lat' dir='ltr'>&#39;tatis,</span> <span class='ocrx_word' id='word_1_154' title='bbox 290 1976 365 2016; x_wconf 90' lang='lat' dir='ltr'>per</span> <span class='ocrx_word' id='word_1_155' title='bbox 385 1968 480 2005; x_wconf 84' lang='lat' dir='ltr'>vota</span> <span class='ocrx_word' id='word_1_156' title='bbox 504 1968 666 2004; x_wconf 88' lang='lat' dir='ltr'>tantum</span> <span class='ocrx_word' id='word_1_157' title='bbox 688 1964 890 2016; x_wconf 84' lang='lat' dir='ltr'>simplicia</span> <span class='ocrx_word' id='word_1_158' title='bbox 915 1965 961 2004; x_wconf 92' lang='lat' dir='ltr'>in</span> <span class='ocrx_word' id='word_1_159' title='bbox 991 1976 1041 2004; x_wconf 88' lang='lat' dir='ltr'>ea</span> <span class='ocrx_word' id='word_1_160' title='bbox 1064 1965 1203 2005; x_wconf 89' lang='lat' dir='ltr'>incor-</span> 
     </span>
     <span class='ocr_line' id='line_1_28' title="bbox 163 2026 1201 2079; baseline -0.002 -12"><span class='ocrx_word' id='word_1_161' title='bbox 163 2030 348 2079; x_wconf 83' lang='lat' dir='ltr'>poratos,</span> <span class='ocrx_word' id='word_1_162' title='bbox 371 2037 464 2065; x_wconf 88' lang='lat' dir='ltr'>esse</span> <span class='ocrx_word' id='word_1_163' title='bbox 484 2037 583 2065; x_wconf 90' lang='lat' dir='ltr'>vere</span> <span class='ocrx_word' id='word_1_164' title='bbox 604 2038 652 2066; x_wconf 89' lang='lat' dir='ltr'>ac</span> <span class='ocrx_word' id='word_1_165' title='bbox 672 2027 838 2078; x_wconf 87' lang='lat' dir='ltr'>proprie</span> <span class='ocrx_word' id='word_1_166' title='bbox 857 2026 1089 2077; x_wconf 87' lang='lat' dir='ltr'>religiosos,</span> <span class='ocrx_word' id='word_1_167' title='bbox 1114 2037 1201 2065; x_wconf 92' lang='lat' dir='ltr'>non</span> 
     </span>
     <span class='ocr_line' id='line_1_29' title="bbox 164 2087 1201 2139; baseline -0.001 -12"><span class='ocrx_word' id='word_1_168' title='bbox 164 2088 299 2127; x_wconf 85' lang='lat' dir='ltr'>solum</span> <span class='ocrx_word' id='word_1_169' title='bbox 331 2088 506 2139; x_wconf 87' lang='lat' dir='ltr'>coepisse</span> <span class='ocrx_word' id='word_1_170' title='bbox 536 2087 693 2127; x_wconf 90' lang='lat' dir='ltr'>habere</span> <span class='ocrx_word' id='word_1_171' title='bbox 728 2087 946 2127; x_wconf 88' lang='lat' dir='ltr'>veritatem</span> <span class='ocrx_word' id='word_1_172' title='bbox 967 2099 991 2127; x_wconf 92' lang='lat' dir='ltr'>a</span> <span class='ocrx_word' id='word_1_173' title='bbox 1011 2092 1201 2139; x_wconf 88' lang='lat' dir='ltr'>tempore</span> 
     </span>
     <span class='ocr_line' id='line_1_30' title="bbox 160 2147 1200 2204; baseline -0.002 -15"><span class='ocrx_word' id='word_1_174' title='bbox 160 2148 367 2204; x_wconf 62' lang='lat' dir='ltr'>¹dictarum</span> <span class='ocrx_word' id='word_1_175' title='bbox 403 2149 742 2188; x_wconf 86' lang='lat' dir='ltr'>constitutionum</span> <span class='ocrx_word' id='word_1_176' title='bbox 769 2148 955 2200; x_wconf 85' lang='lat' dir='ltr'>Gregorii</span> <span class='ocrx_word' id='word_1_177' title='bbox 984 2149 1090 2195; x_wconf 82' lang='lat' dir='ltr'>XIII,</span> <span class='ocrx_word' id='word_1_178' title='bbox 1125 2147 1200 2188; x_wconf 87' lang='lat' dir='ltr'>sed</span> 
     </span>
     <span class='ocr_line' id='line_1_31' title="bbox 163 2208 1200 2261; baseline -0.002 -11"><span class='ocrx_word' id='word_1_179' title='bbox 163 2208 287 2250; x_wconf 80' lang='lat' dir='ltr'>‘antea</span> <span class='ocrx_word' id='word_1_180' title='bbox 301 2241 310 2258; x_wconf 95' lang='lat'>,</span> <span class='ocrx_word' id='word_1_181' title='bbox 344 2209 500 2249; x_wconf 88' lang='lat' dir='ltr'>scilicet</span> <span class='ocrx_word' id='word_1_182' title='bbox 525 2209 579 2248; x_wconf 89' lang='lat' dir='ltr'>ab</span> <span class='ocrx_word' id='word_1_183' title='bbox 597 2210 714 2249; x_wconf 84' lang='lat' dir='ltr'>initio</span> <span class='ocrx_word' id='word_1_184' title='bbox 734 2210 1045 2261; x_wconf 83' lang='lat' dir='ltr'>approbationis</span> <span class='ocrx_word' id='word_1_185' title='bbox 1065 2209 1200 2248; x_wconf 88' lang='lat' dir='ltr'>Socie-</span> 
     </span>
     <span class='ocr_line' id='line_1_32' title="bbox 165 2269 1196 2321; baseline -0.002 -11"><span class='ocrx_word' id='word_1_186' title='bbox 165 2271 274 2320; x_wconf 87' lang='lat' dir='ltr'>tatis,</span> <span class='ocrx_word' id='word_1_187' title='bbox 294 2283 345 2310; x_wconf 81' lang='lat' dir='ltr'>ex</span> <span class='ocrx_word' id='word_1_188' title='bbox 374 2282 457 2321; x_wconf 91' lang='lat' dir='ltr'>quo</span> <span class='ocrx_word' id='word_1_189' title='bbox 484 2271 584 2309; x_wconf 88' lang='lat' dir='ltr'>talia</span> <span class='ocrx_word' id='word_1_190' title='bbox 607 2274 701 2310; x_wconf 84' lang='lat' dir='ltr'>vota</span> <span class='ocrx_word' id='word_1_191' title='bbox 722 2277 940 2321; x_wconf 86' lang='lat' dir='ltr'>coeperunt</span> <span class='ocrx_word' id='word_1_192' title='bbox 957 2270 1000 2309; x_wconf 95' lang='lat' dir='ltr'>in</span> <span class='ocrx_word' id='word_1_193' title='bbox 1020 2281 1071 2310; x_wconf 91' lang='lat' dir='ltr'>ea</span> <span class='ocrx_word' id='word_1_194' title='bbox 1090 2269 1196 2319; x_wconf 90' lang='lat' dir='ltr'>fieri,</span> 
     </span>
     <span class='ocr_line' id='line_1_33' title="bbox 165 2331 1198 2384; baseline -0.002 -12"><span class='ocrx_word' id='word_1_195' title='bbox 165 2336 363 2383; x_wconf 87' lang='lat' dir='ltr'>tanquam</span> <span class='ocrx_word' id='word_1_196' title='bbox 394 2332 438 2371; x_wconf 87' lang='lat' dir='ltr'>in</span> <span class='ocrx_word' id='word_1_197' title='bbox 467 2332 670 2383; x_wconf 78' lang='lat' dir='ltr'>religione</span> <span class='ocrx_word' id='word_1_198' title='bbox 691 2332 935 2384; x_wconf 87' lang='lat' dir='ltr'>approbata,</span> <span class='ocrx_word' id='word_1_199' title='bbox 968 2335 1010 2372; x_wconf 89' lang='lat' dir='ltr'>et</span> <span class='ocrx_word' id='word_1_200' title='bbox 1039 2331 1198 2372; x_wconf 87' lang='lat' dir='ltr'>admitti</span> 
     </span>
     <span class='ocr_line' id='line_1_34' title="bbox 163 2392 1200 2445; baseline -0.002 -12"><span class='ocrx_word' id='word_1_201' title='bbox 163 2393 396 2445; x_wconf 87' lang='lat' dir='ltr'>Apostolica</span> <span class='ocrx_word' id='word_1_202' title='bbox 416 2394 674 2432; x_wconf 86' lang='lat' dir='ltr'>auctoritate.</span> <span class='ocrx_word' id='word_1_203' title='bbox 704 2393 919 2441; x_wconf 87' lang='lat' dir='ltr'>Probatur,</span> <span class='ocrx_word' id='word_1_204' title='bbox 938 2392 1035 2443; x_wconf 88' lang='lat' dir='ltr'>quia</span> <span class='ocrx_word' id='word_1_205' title='bbox 1054 2392 1200 2432; x_wconf 85' lang='lat' dir='ltr'>decre-</span> 
     </span>
     <span class='ocr_line' id='line_1_35' title="bbox 162 2453 1199 2506; baseline -0.001 -12"><span class='ocrx_word' id='word_1_206' title='bbox 162 2458 206 2494; x_wconf 91' lang='lat' dir='ltr'>ta</span> <span class='ocrx_word' id='word_1_207' title='bbox 224 2454 295 2493; x_wconf 88' lang='lat' dir='ltr'>illa</span> <span class='ocrx_word' id='word_1_208' title='bbox 313 2453 500 2506; x_wconf 86' lang='lat' dir='ltr'>Gregorii</span> <span class='ocrx_word' id='word_1_209' title='bbox 528 2453 668 2504; x_wconf 88' lang='lat' dir='ltr'>quoad</span> <span class='ocrx_word' id='word_1_210' title='bbox 692 2453 803 2494; x_wconf 87' lang='lat' dir='ltr'>hanc</span> <span class='ocrx_word' id='word_1_211' title='bbox 821 2457 983 2506; x_wconf 87' lang='lat' dir='ltr'>partem</span> <span class='ocrx_word' id='word_1_212' title='bbox 998 2464 1084 2492; x_wconf 90' lang='lat' dir='ltr'>non</span> <span class='ocrx_word' id='word_1_213' title='bbox 1102 2455 1199 2493; x_wconf 85' lang='lat' dir='ltr'>sunt</span> 
     </span>
     <span class='ocr_line' id='line_1_36' title="bbox 161 2508 1200 2568; baseline -0.002 -12"><span class='ocrx_word' id='word_1_214' title='bbox 161 2508 309 2556; x_wconf 84' lang='lat' dir='ltr'>factiva</span> <span class='ocrx_word' id='word_1_215' title='bbox 329 2516 340 2568; x_wconf 68' lang='grc' dir='ltr'>ξ</span> <span class='ocrx_word' id='word_1_216' title='bbox 357 2518 404 2555; x_wconf 90' lang='grc'>111</span> <span class='ocrx_word' id='word_1_217' title='bbox 428 2516 488 2555; x_wconf 89' lang='grc'>516</span> <span class='ocrx_word' id='word_1_218' title='bbox 508 2515 689 2565; x_wconf 90' lang='lat' dir='ltr'>dicam),</span> <span class='ocrx_word' id='word_1_219' title='bbox 711 2527 787 2556; x_wconf 91' lang='lat' dir='ltr'>seu</span> <span class='ocrx_word' id='word_1_220' title='bbox 806 2515 1069 2555; x_wconf 84' lang='lat' dir='ltr'>constitutiva</span> <span class='ocrx_word' id='word_1_221' title='bbox 1084 2544 1095 2562; x_wconf 94' lang='lat'>,</span> <span class='ocrx_word' id='word_1_222' title='bbox 1123 2514 1200 2554; x_wconf 86' lang='lat' dir='ltr'>sed</span> 
     </span>
     <span class='ocr_line' id='line_1_37' title="bbox 162 2575 1198 2628; baseline -0.003 -11"><span class='ocrx_word' id='word_1_223' title='bbox 162 2577 435 2623; x_wconf 84' lang='lat' dir='ltr'>declarativa;</span> <span class='ocrx_word' id='word_1_224' title='bbox 458 2588 550 2628; x_wconf 79' lang='lat' dir='ltr'>quae</span> <span class='ocrx_word' id='word_1_225' title='bbox 568 2581 708 2616; x_wconf 88' lang='lat' dir='ltr'>autem</span> <span class='ocrx_word' id='word_1_226' title='bbox 727 2575 967 2628; x_wconf 85' lang='lat' dir='ltr'>hujusmodi</span> <span class='ocrx_word' id='word_1_227' title='bbox 986 2580 1097 2623; x_wconf 87' lang='lat' dir='ltr'>sunt,</span> <span class='ocrx_word' id='word_1_228' title='bbox 1112 2587 1198 2615; x_wconf 92' lang='lat' dir='ltr'>non</span> 
     </span>
     <span class='ocr_line' id='line_1_38' title="bbox 165 2636 1199 2689; baseline -0.001 -11"><span class='ocrx_word' id='word_1_229' title='bbox 165 2642 322 2678; x_wconf 80' lang='lat' dir='ltr'>tantum</span> <span class='ocrx_word' id='word_1_230' title='bbox 341 2639 384 2677; x_wconf 90' lang='lat' dir='ltr'>in</span> <span class='ocrx_word' id='word_1_231' title='bbox 403 2649 590 2689; x_wconf 85' lang='lat' dir='ltr'>praesens</span> <span class='ocrx_word' id='word_1_232' title='bbox 613 2638 681 2677; x_wconf 86' lang='lat' dir='ltr'>vel</span> <span class='ocrx_word' id='word_1_233' title='bbox 708 2637 895 2677; x_wconf 83' lang='lat' dir='ltr'>futurum</span> <span class='ocrx_word' id='word_1_234' title='bbox 911 2641 1093 2688; x_wconf 87' lang='lat' dir='ltr'>tempus,</span> <span class='ocrx_word' id='word_1_235' title='bbox 1124 2636 1199 2677; x_wconf 87' lang='lat' dir='ltr'>sed</span> 
     </span>
     <span class='ocr_line' id='line_1_39' title="bbox 163 2699 1198 2751; baseline -0.003 -12"><span class='ocrx_word' id='word_1_236' title='bbox 163 2701 288 2740; x_wconf 89' lang='lat' dir='ltr'>etiam</span> <span class='ocrx_word' id='word_1_237' title='bbox 305 2699 349 2739; x_wconf 89' lang='lat' dir='ltr'>in</span> <span class='ocrx_word' id='word_1_238' title='bbox 367 2699 623 2751; x_wconf 81' lang='lat' dir='ltr'>praeteritum</span> <span class='ocrx_word' id='word_1_239' title='bbox 641 2699 936 2746; x_wconf 85' lang='lat' dir='ltr'>extenduntur,</span> <span class='ocrx_word' id='word_1_240' title='bbox 947 2699 1067 2749; x_wconf 71' lang='lat' dir='ltr'>Juxta</span> <span class='ocrx_word' id='word_1_241' title='bbox 1087 2708 1198 2737; x_wconf 88' lang='lat' dir='ltr'>com-</span> 
     </span>
     <span class='ocr_line' id='line_1_40' title="bbox 161 2759 1198 2810; baseline -0.002 -9"><span class='ocrx_word' id='word_1_242' title='bbox 161 2773 333 2801; x_wconf 92' lang='lat' dir='ltr'>munem</span> <span class='ocrx_word' id='word_1_243' title='bbox 364 2760 638 2805; x_wconf 88' lang='lat' dir='ltr'>sententiam,</span> <span class='ocrx_word' id='word_1_244' title='bbox 672 2771 801 2810; x_wconf 87' lang='lat' dir='ltr'>quam</span> <span class='ocrx_word' id='word_1_245' title='bbox 835 2759 1021 2799; x_wconf 78' lang='lat' dir='ltr'>referunt</span> <span class='ocrx_word' id='word_1_246' title='bbox 1051 2762 1094 2798; x_wconf 88' lang='lat' dir='ltr'>et</span> <span class='ocrx_word' id='word_1_247' title='bbox 1131 2770 1198 2799; x_wconf 88' lang='lat' dir='ltr'>se-</span> 
     </span>
     <span class='ocr_line' id='line_1_41' title="bbox 163 2819 1191 2874; baseline -0.002 -13"><span class='ocrx_word' id='word_1_248' title='bbox 163 2827 346 2874; x_wconf 88' lang='lat' dir='ltr'>quuntur</span> <span class='ocrx_word' id='word_1_249' title='bbox 376 2822 506 2861; x_wconf 86' lang='lat' dir='ltr'>Felin.</span> <span class='ocrx_word' id='word_1_250' title='bbox 528 2851 539 2869; x_wconf 93' lang='lat'>,</span> <span class='ocrx_word' id='word_1_251' title='bbox 575 2821 618 2859; x_wconf 90' lang='lat' dir='ltr'>in</span> <span class='ocrx_word' id='word_1_252' title='bbox 652 2832 745 2872; x_wconf 87' lang='lat' dir='ltr'>cap.</span> <span class='ocrx_word' id='word_1_253' title='bbox 780 2821 873 2869; x_wconf 67' lang='lat' dir='ltr'>ult„</span> <span class='ocrx_word' id='word_1_254' title='bbox 904 2820 958 2860; x_wconf 91' lang='lat' dir='ltr'>de</span> <span class='ocrx_word' id='word_1_255' title='bbox 988 2819 1191 2866; x_wconf 85' lang='lat' dir='ltr'>Constit.;</span> 
     </span>
     <span class='ocr_line' id='line_1_42' title="bbox 162 2882 1192 2936; baseline -0.005 -12"><span class='ocrx_word' id='word_1_256' title='bbox 162 2884 396 2936; x_wconf 84' lang='lat' dir='ltr'>Sylvester,</span> <span class='ocrx_word' id='word_1_257' title='bbox 433 2882 548 2922; x_wconf 86' lang='lat' dir='ltr'>verb.</span> <span class='ocrx_word' id='word_1_258' title='bbox 587 2882 683 2929; x_wconf 70' lang='lat' dir='ltr'>Lem,</span> <span class='ocrx_word' id='word_1_259' title='bbox 714 2894 758 2934; x_wconf 81' lang='lat'>(1.</span> <span class='ocrx_word' id='word_1_260' title='bbox 792 2883 873 2930; x_wconf 71' lang='lat'>23;</span> <span class='ocrx_word' id='word_1_261' title='bbox 902 2886 944 2922; x_wconf 91' lang='lat' dir='ltr'>et</span> <span class='ocrx_word' id='word_1_262' title='bbox 969 2882 1192 2928; x_wconf 87' lang='lat' dir='ltr'>Navarrus,</span> 
     </span>
     <span class='ocr_line' id='line_1_43' title="bbox 162 2942 1196 2994; baseline -0.004 -9"><span class='ocrx_word' id='word_1_263' title='bbox 162 2948 385 2986; x_wconf 87' lang='lat' dir='ltr'>comment.</span> <span class='ocrx_word' id='word_1_264' title='bbox 409 2948 451 2991; x_wconf 77' lang='lat'>4,</span> <span class='ocrx_word' id='word_1_265' title='bbox 473 2944 525 2983; x_wconf 91' lang='lat' dir='ltr'>de</span> <span class='ocrx_word' id='word_1_266' title='bbox 549 2944 759 2994; x_wconf 67' lang='lat' dir='ltr'>Regular„</span> <span class='ocrx_word' id='word_1_267' title='bbox 778 2955 822 2982; x_wconf 90' lang='lat' dir='ltr'>n.</span> <span class='ocrx_word' id='word_1_268' title='bbox 844 2944 911 2983; x_wconf 69' lang='lat'>43.</span> <span class='ocrx_word' id='word_1_269' title='bbox 933 2942 1196 2982; x_wconf 90' lang='lat' dir='ltr'>Antecedens</span> 
     </span>
     <span class='ocr_line' id='line_1_44' title="bbox 161 2997 1196 3058; baseline -0.003 -13"><span class='ocrx_word' id='word_1_270' title='bbox 161 3006 360 3058; x_wconf 85' lang='lat' dir='ltr'>probatur</span> <span class='ocrx_word' id='word_1_271' title='bbox 381 3005 530 3056; x_wconf 90' lang='lat' dir='ltr'>primo,</span> <span class='ocrx_word' id='word_1_272' title='bbox 561 3005 659 3055; x_wconf 87' lang='lat' dir='ltr'>quia</span> <span class='ocrx_word' id='word_1_273' title='bbox 680 2997 907 3055; x_wconf 79' lang='lat' dir='ltr'>Gregorius</span> <span class='ocrx_word' id='word_1_274' title='bbox 925 3004 969 3043; x_wconf 88' lang='lat' dir='ltr'>in</span> <span class='ocrx_word' id='word_1_275' title='bbox 991 3004 1077 3043; x_wconf 84' lang='lat' dir='ltr'>suis</span> <span class='ocrx_word' id='word_1_276' title='bbox 1092 3004 1196 3043; x_wconf 89' lang='lat' dir='ltr'>Con-</span> 
     </span>
     <span class='ocr_line' id='line_1_45' title="bbox 161 3064 1196 3118; baseline -0.003 -11"><span class='ocrx_word' id='word_1_277' title='bbox 161 3067 440 3108; x_wconf 84' lang='lat' dir='ltr'>stitutionibus</span> <span class='ocrx_word' id='word_1_278' title='bbox 467 3066 569 3104; x_wconf 89' lang='lat' dir='ltr'>nihil</span> <span class='ocrx_word' id='word_1_279' title='bbox 589 3066 776 3118; x_wconf 84' lang='lat' dir='ltr'>adjunxit</span> <span class='ocrx_word' id='word_1_280' title='bbox 795 3066 891 3106; x_wconf 91' lang='lat' dir='ltr'>huic</span> <span class='ocrx_word' id='word_1_281' title='bbox 911 3066 1032 3106; x_wconf 85' lang='lat' dir='ltr'>statui</span> <span class='ocrx_word' id='word_1_282' title='bbox 1047 3095 1060 3114; x_wconf 88' lang='lat'>,</span> <span class='ocrx_word' id='word_1_283' title='bbox 1082 3064 1196 3115; x_wconf 86' lang='lat' dir='ltr'>quod</span> 
     </span>
     <span class='ocr_line' id='line_1_46' title="bbox 162 3127 1195 3179; baseline -0.005 -9"><span class='ocrx_word' id='word_1_284' title='bbox 162 3129 217 3170; x_wconf 82' lang='lat' dir='ltr'>ad</span> <span class='ocrx_word' id='word_1_285' title='bbox 239 3133 392 3168; x_wconf 88' lang='lat' dir='ltr'>statum</span> <span class='ocrx_word' id='word_1_286' title='bbox 410 3127 621 3178; x_wconf 89' lang='lat' dir='ltr'>religionis</span> <span class='ocrx_word' id='word_1_287' title='bbox 652 3128 891 3179; x_wconf 90' lang='lat' dir='ltr'>simpliciter</span> <span class='ocrx_word' id='word_1_288' title='bbox 914 3127 1195 3167; x_wconf 86' lang='lat' dir='ltr'>necessarium</span> 
     </span>
     <span class='ocr_line' id='line_1_47' title="bbox 163 3188 1192 3240; baseline -0.004 -9"><span class='ocrx_word' id='word_1_289' title='bbox 163 3193 285 3231; x_wconf 87' lang='lat' dir='ltr'>esset.</span> <span class='ocrx_word' id='word_1_290' title='bbox 307 3191 427 3238; x_wconf 84' lang='lat' dir='ltr'>Nam,</span> <span class='ocrx_word' id='word_1_291' title='bbox 448 3189 543 3227; x_wconf 90' lang='lat' dir='ltr'>licet</span> <span class='ocrx_word' id='word_1_292' title='bbox 561 3188 606 3227; x_wconf 89' lang='lat' dir='ltr'>in</span> <span class='ocrx_word' id='word_1_293' title='bbox 635 3189 854 3240; x_wconf 86' lang='lat' dir='ltr'>posteriori</span> <span class='ocrx_word' id='word_1_294' title='bbox 880 3188 1192 3236; x_wconf 88' lang='lat' dir='ltr'>constitutione,</span> 
     </span>
     <span class='ocr_line' id='line_1_48' title="bbox 163 3249 1195 3300; baseline -0.005 -7"><span class='ocrx_word' id='word_1_295' title='bbox 163 3251 404 3293; x_wconf 79' lang='lat' dir='ltr'>Ascendente</span> <span class='ocrx_word' id='word_1_296' title='bbox 429 3250 610 3296; x_wconf 87' lang='lat' dir='ltr'>Domino,</span> <span class='ocrx_word' id='word_1_297' title='bbox 644 3250 878 3300; x_wconf 85' lang='lat' dir='ltr'>specialiter</span> <span class='ocrx_word' id='word_1_298' title='bbox 897 3249 1126 3297; x_wconf 89' lang='lat' dir='ltr'>addiderit,</span> <span class='ocrx_word' id='word_1_299' title='bbox 1146 3250 1195 3288; x_wconf 81' lang='grc'>111</span> 
     </span>
     <span class='ocr_line' id='line_1_49' title="bbox 164 3309 1195 3358; baseline -0.003 -5"><span class='ocrx_word' id='word_1_300' title='bbox 164 3313 396 3353; x_wconf 83' lang='lat' dir='ltr'>emittentes</span> <span class='ocrx_word' id='word_1_301' title='bbox 415 3311 506 3350; x_wconf 84' lang='lat' dir='ltr'>haec</span> <span class='ocrx_word' id='word_1_302' title='bbox 523 3313 634 3358; x_wconf 87' lang='lat' dir='ltr'>vota,</span> <span class='ocrx_word' id='word_1_303' title='bbox 653 3311 735 3350; x_wconf 88' lang='lat' dir='ltr'>illis</span> <span class='ocrx_word' id='word_1_304' title='bbox 762 3310 1008 3350; x_wconf 87' lang='lat' dir='ltr'>durantibus</span> <span class='ocrx_word' id='word_1_305' title='bbox 1034 3309 1195 3350; x_wconf 88' lang='lat' dir='ltr'>inhabi-</span> 
     </span>
     <span class='ocr_line' id='line_1_50' title="bbox 158 3367 1192 3416; baseline -0.007 -4"><span class='ocrx_word' id='word_1_306' title='bbox 158 3372 219 3413; x_wconf 90' lang='lat' dir='ltr'>les</span> <span class='ocrx_word' id='word_1_307' title='bbox 238 3372 321 3411; x_wconf 89' lang='lat' dir='ltr'>sint</span> <span class='ocrx_word' id='word_1_308' title='bbox 351 3370 405 3410; x_wconf 91' lang='lat' dir='ltr'>ad</span> <span class='ocrx_word' id='word_1_309' title='bbox 430 3369 745 3409; x_wconf 89' lang='lat' dir='ltr'>matrimonium</span> <span class='ocrx_word' id='word_1_310' title='bbox 775 3367 1119 3416; x_wconf 87' lang='lat' dir='ltr'>contrahendum,</span> <span class='ocrx_word' id='word_1_311' title='bbox 1151 3370 1192 3406; x_wconf 88' lang='lat' dir='ltr'>et</span> 
     </span>
    </p>
   </div>
   <div class='ocr_carea' id='block_1_12' title="bbox 1264 414 2296 547">
    <p class='ocr_par' dir='ltr' id='par_1_12' title="bbox 1264 414 2296 547">
     <span class='ocr_line' id='line_1_51' title="bbox 1264 414 2296 490; baseline 0 -18"><span class='ocrx_word' id='word_1_312' title='bbox 1264 433 1520 485; x_wconf 86' lang='lat' dir='ltr'>religiosum,</span> <span class='ocrx_word' id='word_1_313' title='bbox 1542 437 1583 474; x_wconf 88' lang='grc'>61</span> <span class='ocrx_word' id='word_1_314' title='bbox 1613 436 1913 485; x_wconf 83' lang='lat' dir='ltr'>consequenter</span> <span class='ocrx_word' id='word_1_315' title='bbox 1944 414 2228 490; x_wconf 78' lang='lat' dir='ltr'>supposuerat,</span> <span class='ocrx_word' id='word_1_316' title='bbox 2246 432 2296 472; x_wconf 91' lang='lat' dir='ltr'>il-</span> 
     </span>
     <span class='ocr_line' id='line_1_52' title="bbox 1267 495 2295 547; baseline -0.001 -12"><span class='ocrx_word' id='word_1_317' title='bbox 1267 496 1352 535; x_wconf 91' lang='lat' dir='ltr'>lam</span> <span class='ocrx_word' id='word_1_318' title='bbox 1382 495 1699 544; x_wconf 86' lang='lat' dir='ltr'>inhabilitatem,</span> <span class='ocrx_word' id='word_1_319' title='bbox 1737 508 1828 547; x_wconf 87' lang='lat' dir='ltr'>quae</span> <span class='ocrx_word' id='word_1_320' title='bbox 1858 499 1958 534; x_wconf 91' lang='grc'><strong>111116</strong></span> <span class='ocrx_word' id='word_1_321' title='bbox 1983 507 2069 534; x_wconf 89' lang='grc'><strong>11011</strong></span> <span class='ocrx_word' id='word_1_322' title='bbox 2087 497 2188 544; x_wconf 86' lang='lat' dir='ltr'>erat,</span> <span class='ocrx_word' id='word_1_323' title='bbox 2207 507 2295 534; x_wconf 90' lang='lat' dir='ltr'>non</span> 
     </span>
    </p>
   </div>
   <div class='ocr_carea' id='block_1_13' title="bbox 1265 555 2296 664">
    <p class='ocr_par' dir='ltr' id='par_1_13' title="bbox 1265 555 2296 664">
     <span class='ocr_line' id='line_1_53' title="bbox 1265 555 2296 608; baseline 0 -12"><span class='ocrx_word' id='word_1_324' title='bbox 1265 569 1352 597; x_wconf 90' lang='lat' dir='ltr'>esse</span> <span class='ocrx_word' id='word_1_325' title='bbox 1365 557 1416 596; x_wconf 91' lang='lat' dir='ltr'>de</span> <span class='ocrx_word' id='word_1_326' title='bbox 1434 557 1663 597; x_wconf 86' lang='lat' dir='ltr'>substantia</span> <span class='ocrx_word' id='word_1_327' title='bbox 1681 561 1811 597; x_wconf 89' lang='lat' dir='ltr'>status</span> <span class='ocrx_word' id='word_1_328' title='bbox 1827 556 2023 608; x_wconf 87' lang='lat' dir='ltr'>religiosi,</span> <span class='ocrx_word' id='word_1_329' title='bbox 2043 555 2138 595; x_wconf 88' lang='lat' dir='ltr'>licet</span> <span class='ocrx_word' id='word_1_330' title='bbox 2154 561 2296 607; x_wconf 84' lang='lat' dir='ltr'>postea</span> 
     </span>
     <span class='ocr_line' id='line_1_54' title="bbox 1270 611 2294 664; baseline 0.005 -15"><span class='ocrx_word' id='word_1_331' title='bbox 1270 611 1323 650; x_wconf 91' lang='grc'>011</span> <span class='ocrx_word' id='word_1_332' title='bbox 1342 611 1566 661; x_wconf 86' lang='lat' dir='ltr'>quamdam</span> <span class='ocrx_word' id='word_1_333' title='bbox 1593 614 1795 664; x_wconf 81' lang='lat' dir='ltr'>maJ&#39;orem</span> <span class='ocrx_word' id='word_1_334' title='bbox 1822 614 2078 662; x_wconf 85' lang='lat' dir='ltr'>decentiam,</span> <span class='ocrx_word' id='word_1_335' title='bbox 2100 615 2212 654; x_wconf 88' lang='lat' dir='ltr'>etad</span> <span class='ocrx_word' id='word_1_336' title='bbox 2230 626 2294 654; x_wconf 90' lang='lat' dir='ltr'>oc-</span> 
     </span>
    </p>
   </div>
   <div class='ocr_carea' id='block_1_14' title="bbox 1248 673 2295 3176">
    <p class='ocr_par' dir='ltr' id='par_1_14' title="bbox 1268 673 2295 786">
     <span class='ocr_line' id='line_1_55' title="bbox 1269 673 2295 726; baseline 0.005 -15"><span class='ocrx_word' id='word_1_337' title='bbox 1269 673 1519 712; x_wconf 90' lang='lat' dir='ltr'>currendum</span> <span class='ocrx_word' id='word_1_338' title='bbox 1540 673 1812 713; x_wconf 89' lang='lat' dir='ltr'>incommodis</span> <span class='ocrx_word' id='word_1_339' title='bbox 1830 686 1921 726; x_wconf 87' lang='lat' dir='ltr'>quae</span> <span class='ocrx_word' id='word_1_340' title='bbox 1950 675 2204 726; x_wconf 85' lang='lat' dir='ltr'>experientia</span> <span class='ocrx_word' id='word_1_341' title='bbox 2220 676 2295 715; x_wconf 88' lang='lat' dir='ltr'>do-</span> 
     </span>
     <span class='ocr_line' id='line_1_56' title="bbox 1268 734 1850 786; baseline 0.005 -14"><span class='ocrx_word' id='word_1_342' title='bbox 1268 745 1362 773; x_wconf 90' lang='lat' dir='ltr'>cere</span> <span class='ocrx_word' id='word_1_343' title='bbox 1379 734 1527 786; x_wconf 86' lang='lat' dir='ltr'>potuit,</span> <span class='ocrx_word' id='word_1_344' title='bbox 1549 735 1742 786; x_wconf 84' lang='lat' dir='ltr'>adjuncta</span> <span class='ocrx_word' id='word_1_345' title='bbox 1762 736 1850 775; x_wconf 82' lang='lat' dir='ltr'>fuit.</span> 
     </span>
    </p>

    <p class='ocr_par' dir='ltr' id='par_1_15' title="bbox 1248 795 2295 3172">
     <span class='ocr_line' id='line_1_57' title="bbox 1319 795 2295 851; baseline 0.006 -17"><span class='ocrx_word' id='word_1_346' title='bbox 1319 796 1359 834; x_wconf 74' lang='lat'>2.</span> <span class='ocrx_word' id='word_1_347' title='bbox 1393 795 1592 837; x_wconf 76' lang='lat' dir='ltr'>Probatur</span> <span class='ocrx_word' id='word_1_348' title='bbox 1615 797 1777 838; x_wconf 83' lang='lat' dir='ltr'>secundo</span> <span class='ocrx_word' id='word_1_349' title='bbox 1799 809 1846 838; x_wconf 70' lang='lat' dir='ltr'>en</span> <span class='ocrx_word' id='word_1_350' title='bbox 1871 797 1997 839; x_wconf 84' lang='lat' dir='ltr'>eodem</span> <span class='ocrx_word' id='word_1_351' title='bbox 2017 798 2223 851; x_wconf 81' lang='lat' dir='ltr'>Pontifice.</span> <span class='ocrx_word' id='word_1_352' title='bbox 2241 821 2295 830; x_wconf 90' lang='lat'><em>-</em></span> 
     </span>
     <span class='ocr_line' id='line_1_58' title="bbox 1267 856 2294 910; baseline 0.005 -14"><span class='ocrx_word' id='word_1_353' title='bbox 1267 856 1458 896; x_wconf 89' lang='lat' dir='ltr'>Secundo</span> <span class='ocrx_word' id='word_1_354' title='bbox 1492 856 1603 896; x_wconf 90' lang='lat' dir='ltr'>idem</span> <span class='ocrx_word' id='word_1_355' title='bbox 1637 858 1834 910; x_wconf 90' lang='lat' dir='ltr'>probatur</span> <span class='ocrx_word' id='word_1_356' title='bbox 1868 871 1919 899; x_wconf 86' lang='lat' dir='ltr'>ex</span> <span class='ocrx_word' id='word_1_357' title='bbox 1946 860 2085 900; x_wconf 90' lang='lat' dir='ltr'>verbis</span> <span class='ocrx_word' id='word_1_358' title='bbox 2104 861 2294 910; x_wconf 88' lang='lat' dir='ltr'>ejusdem</span> 
     </span>
     <span class='ocr_line' id='line_1_59' title="bbox 1268 918 2294 975; baseline 0.007 -18"><span class='ocrx_word' id='word_1_359' title='bbox 1268 918 1487 958; x_wconf 88' lang='lat' dir='ltr'>Pontificis.</span> <span class='ocrx_word' id='word_1_360' title='bbox 1516 919 1620 958; x_wconf 89' lang='lat' dir='ltr'>Nam</span> <span class='ocrx_word' id='word_1_361' title='bbox 1644 920 1688 958; x_wconf 88' lang='lat' dir='ltr'>in</span> <span class='ocrx_word' id='word_1_362' title='bbox 1714 920 1840 970; x_wconf 89' lang='lat' dir='ltr'>priori</span> <span class='ocrx_word' id='word_1_363' title='bbox 1868 920 1982 960; x_wconf 91' lang='lat' dir='ltr'>bulla</span> <span class='ocrx_word' id='word_1_364' title='bbox 2011 922 2165 971; x_wconf 82' lang='lat' dir='ltr'>Quanto</span> <span class='ocrx_word' id='word_1_365' title='bbox 2180 926 2294 975; x_wconf 64' lang='lat' dir='ltr'>fruc-</span> 
     </span>
     <span class='ocr_line' id='line_1_60' title="bbox 1264 981 2294 1032; baseline 0.003 -12"><span class='ocrx_word' id='word_1_366' title='bbox 1264 981 1445 1028; x_wconf 84' lang='lat' dir='ltr'>tuosius,</span> <span class='ocrx_word' id='word_1_367' title='bbox 1478 985 1571 1031; x_wconf 90' lang='lat' dir='ltr'>post</span> <span class='ocrx_word' id='word_1_368' title='bbox 1602 981 1943 1032; x_wconf 85' lang='lat' dir='ltr'>approbationem</span> <span class='ocrx_word' id='word_1_369' title='bbox 1959 982 2150 1030; x_wconf 89' lang='lat' dir='ltr'>instituti,</span> <span class='ocrx_word' id='word_1_370' title='bbox 2177 988 2294 1023; x_wconf 86' lang='lat' dir='ltr'>motu</span> 
     </span>
     <span class='ocr_line' id='line_1_61' title="bbox 1263 1041 2293 1096; baseline 0.004 -16"><span class='ocrx_word' id='word_1_371' title='bbox 1263 1041 1446 1093; x_wconf 86' lang='lat' dir='ltr'>proprio,</span> <span class='ocrx_word' id='word_1_372' title='bbox 1467 1046 1508 1081; x_wconf 89' lang='lat' dir='ltr'>et</span> <span class='ocrx_word' id='word_1_373' title='bbox 1528 1053 1579 1081; x_wconf 84' lang='lat' dir='ltr'>ex</span> <span class='ocrx_word' id='word_1_374' title='bbox 1597 1046 1710 1081; x_wconf 89' lang='lat' dir='ltr'>certa</span> <span class='ocrx_word' id='word_1_375' title='bbox 1730 1042 1915 1091; x_wconf 88' lang='lat' dir='ltr'>scientia,</span> <span class='ocrx_word' id='word_1_376' title='bbox 1937 1047 1977 1082; x_wconf 87' lang='lat' dir='ltr'>et</span> <span class='ocrx_word' id='word_1_377' title='bbox 1992 1055 2017 1082; x_wconf 85' lang='lat' dir='ltr'>a</span> <span class='ocrx_word' id='word_1_378' title='bbox 2035 1044 2293 1096; x_wconf 86' lang='lat' dir='ltr'>plenitudine</span> 
     </span>
     <span class='ocr_line' id='line_1_62' title="bbox 1262 1102 2294 1153; baseline 0.004 -12"><span class='ocrx_word' id='word_1_379' title='bbox 1262 1103 1477 1153; x_wconf 76' lang='lat' dir='ltr'>potestatis</span> <span class='ocrx_word' id='word_1_380' title='bbox 1491 1104 1658 1151; x_wconf 87' lang='lat' dir='ltr'>factam,</span> <span class='ocrx_word' id='word_1_381' title='bbox 1680 1103 1818 1143; x_wconf 89' lang='lat' dir='ltr'>subdit</span> <span class='ocrx_word' id='word_1_382' title='bbox 1840 1115 1848 1142; x_wconf 92' lang='lat'><strong>:</strong></span> <span class='ocrx_word' id='word_1_383' title='bbox 1865 1102 1937 1144; x_wconf 85' lang='lat' dir='ltr'>Ad</span> <span class='ocrx_word' id='word_1_384' title='bbox 1951 1105 2035 1145; x_wconf 77' lang='lat' dir='ltr'>Izoec</span> <span class='ocrx_word' id='word_1_385' title='bbox 2052 1106 2198 1146; x_wconf 87' lang='lat' dir='ltr'>dictam</span> <span class='ocrx_word' id='word_1_386' title='bbox 2214 1106 2294 1148; x_wconf 84' lang='lat' dir='ltr'>So-</span> 
     </span>
     <span class='ocr_line' id='line_1_63' title="bbox 1263 1164 2293 1215; baseline 0.004 -11"><span class='ocrx_word' id='word_1_387' title='bbox 1263 1164 1445 1205; x_wconf 88' lang='lat' dir='ltr'>cietatem</span> <span class='ocrx_word' id='word_1_388' title='bbox 1476 1165 1595 1215; x_wconf 81' lang='lat' dir='ltr'>firmo</span> <span class='ocrx_word' id='word_1_389' title='bbox 1628 1168 1778 1207; x_wconf 83' lang='lat' dir='ltr'>nostroe</span> <span class='ocrx_word' id='word_1_390' title='bbox 1806 1166 2089 1207; x_wconf 75' lang='lat' dir='ltr'>declarationis</span> <span class='ocrx_word' id='word_1_391' title='bbox 2120 1166 2293 1208; x_wconf 85' lang='lat' dir='ltr'>subsidio</span> 
     </span>
     <span class='ocr_line' id='line_1_64' title="bbox 1260 1226 2294 1280; baseline 0.005 -16"><span class='ocrx_word' id='word_1_392' title='bbox 1260 1226 1499 1266; x_wconf 85' lang='lat' dir='ltr'>communire</span> <span class='ocrx_word' id='word_1_393' title='bbox 1527 1226 1724 1274; x_wconf 79' lang='lat' dir='ltr'>volentes,</span> <span class='ocrx_word' id='word_1_394' title='bbox 1758 1227 1999 1276; x_wconf 79' lang='lat' dir='ltr'>statuimus,</span> <span class='ocrx_word' id='word_1_395' title='bbox 2031 1232 2147 1280; x_wconf 79' lang='lat' dir='ltr'>atque</span> <span class='ocrx_word' id='word_1_396' title='bbox 2174 1229 2294 1271; x_wconf 86' lang='lat' dir='ltr'>etiam</span> 
     </span>
     <span class='ocr_line' id='line_1_65' title="bbox 1259 1285 2292 1340; baseline 0.006 -15"><span class='ocrx_word' id='word_1_397' title='bbox 1259 1285 1520 1336; x_wconf 85' lang='lat' dir='ltr'>decernimus,</span> <span class='ocrx_word' id='word_1_398' title='bbox 1548 1299 1626 1329; x_wconf 87' lang='lat' dir='ltr'>non</span> <span class='ocrx_word' id='word_1_399' title='bbox 1652 1288 1762 1327; x_wconf 88' lang='lat' dir='ltr'>modo</span> <span class='ocrx_word' id='word_1_400' title='bbox 1789 1300 1852 1328; x_wconf 86' lang='lat' dir='ltr'>eos</span> <span class='ocrx_word' id='word_1_401' title='bbox 1870 1289 2002 1340; x_wconf 83' lang='lat' dir='ltr'>quiin</span> <span class='ocrx_word' id='word_1_402' title='bbox 2018 1289 2292 1339; x_wconf 85' lang='lat' dir='ltr'>coadjutorum</span> 
     </span>
     <span class='ocr_line' id='line_1_66' title="bbox 1258 1348 2291 1402; baseline 0.004 -16"><span class='ocrx_word' id='word_1_403' title='bbox 1258 1349 1537 1395; x_wconf 70' lang='lat' dir='ltr'>formatorum,</span> <span class='ocrx_word' id='word_1_404' title='bbox 1562 1349 1645 1389; x_wconf 83' lang='lat' dir='ltr'>sive</span> <span class='ocrx_word' id='word_1_405' title='bbox 1663 1348 1966 1399; x_wconf 75' lang='lat' dir='ltr'>spiritualium,</span> <span class='ocrx_word' id='word_1_406' title='bbox 1991 1351 2072 1390; x_wconf 84' lang='lat' dir='ltr'>sive</span> <span class='ocrx_word' id='word_1_407' title='bbox 2094 1353 2291 1402; x_wconf 81' lang='lat' dir='ltr'>tempora-</span> 
     </span>
     <span class='ocr_line' id='line_1_67' title="bbox 1261 1407 2294 1462; baseline 0.007 -15"><span class='ocrx_word' id='word_1_408' title='bbox 1261 1407 1360 1448; x_wconf 87' lang='lat' dir='ltr'>lium</span> <span class='ocrx_word' id='word_1_409' title='bbox 1394 1410 1548 1462; x_wconf 73' lang='lat' dir='ltr'>=qradus</span> <span class='ocrx_word' id='word_1_410' title='bbox 1578 1414 1617 1451; x_wconf 83' lang='lat' dir='ltr'>et</span> <span class='ocrx_word' id='word_1_411' title='bbox 1643 1410 1871 1451; x_wconf 81' lang='lat' dir='ltr'>ministeria</span> <span class='ocrx_word' id='word_1_412' title='bbox 1906 1412 2194 1459; x_wconf 85' lang='lat' dir='ltr'>admittuntur,</span> <span class='ocrx_word' id='word_1_413' title='bbox 2224 1412 2294 1454; x_wconf 83' lang='lat' dir='ltr'>sed</span> 
     </span>
     <span class='ocr_line' id='line_1_68' title="bbox 1261 1467 2290 1524; baseline 0.006 -16"><span class='ocrx_word' id='word_1_414' title='bbox 1261 1467 1379 1509; x_wconf 83' lang='lat' dir='ltr'>etiam</span> <span class='ocrx_word' id='word_1_415' title='bbox 1395 1469 1497 1510; x_wconf 86' lang='lat' dir='ltr'>alios</span> <span class='ocrx_word' id='word_1_416' title='bbox 1516 1481 1646 1512; x_wconf 82' lang='lat' dir='ltr'>omnes</span> <span class='ocrx_word' id='word_1_417' title='bbox 1664 1481 1934 1523; x_wconf 77' lang='lat' dir='ltr'>quoscumque,</span> <span class='ocrx_word' id='word_1_418' title='bbox 1953 1473 2083 1524; x_wconf 82' lang='lat' dir='ltr'>quiin</span> <span class='ocrx_word' id='word_1_419' title='bbox 2101 1473 2194 1524; x_wconf 79' lang='lat' dir='ltr'>ipsa</span> <span class='ocrx_word' id='word_1_420' title='bbox 2214 1473 2290 1514; x_wconf 80' lang='lat' dir='ltr'>So-</span> 
     </span>
     <span class='ocr_line' id='line_1_69' title="bbox 1263 1530 2291 1585; baseline 0.005 -15"><span class='ocrx_word' id='word_1_421' title='bbox 1263 1530 1401 1571; x_wconf 80' lang='lat' dir='ltr'>cietate</span> <span class='ocrx_word' id='word_1_422' title='bbox 1421 1531 1589 1573; x_wconf 77' lang='lat' dir='ltr'>admissi</span> <span class='ocrx_word' id='word_1_423' title='bbox 1606 1532 1756 1572; x_wconf 85' lang='lat' dir='ltr'>biennio</span> <span class='ocrx_word' id='word_1_424' title='bbox 1772 1533 2019 1584; x_wconf 80' lang='lat' dir='ltr'>probationis</span> <span class='ocrx_word' id='word_1_425' title='bbox 2029 1538 2188 1585; x_wconf 81' lang='lat' dir='ltr'>peracto</span> <span class='ocrx_word' id='word_1_426' title='bbox 2206 1535 2291 1575; x_wconf 85' lang='lat' dir='ltr'>tria</span> 
     </span>
     <span class='ocr_line' id='line_1_70' title="bbox 1256 1592 2288 1644; baseline 0.006 -14"><span class='ocrx_word' id='word_1_427' title='bbox 1256 1592 1455 1643; x_wconf 69' lang='lat' dir='ltr'>praedicta</span> <span class='ocrx_word' id='word_1_428' title='bbox 1485 1598 1603 1643; x_wconf 79' lang='lat' dir='ltr'>vota,</span> <span class='ocrx_word' id='word_1_429' title='bbox 1624 1594 1783 1635; x_wconf 84' lang='lat' dir='ltr'>tametsi</span> <span class='ocrx_word' id='word_1_430' title='bbox 1816 1593 2034 1644; x_wconf 80' lang='lat' dir='ltr'>simplicia,</span> <span class='ocrx_word' id='word_1_431' title='bbox 2065 1596 2288 1643; x_wconf 80' lang='lat' dir='ltr'>emiserint,</span> 
     </span>
     <span class='ocr_line' id='line_1_71' title="bbox 1261 1653 2288 1707; baseline 0.005 -15"><span class='ocrx_word' id='word_1_432' title='bbox 1261 1653 1513 1706; x_wconf 72' lang='lat' dir='ltr'>eminentque</span> <span class='ocrx_word' id='word_1_433' title='bbox 1531 1655 1575 1693; x_wconf 86' lang='lat' dir='ltr'>in</span> <span class='ocrx_word' id='word_1_434' title='bbox 1596 1656 1804 1702; x_wconf 83' lang='lat' dir='ltr'>futurum,</span> <span class='ocrx_word' id='word_1_435' title='bbox 1833 1666 1920 1695; x_wconf 80' lang='lat' dir='ltr'>vere</span> <span class='ocrx_word' id='word_1_436' title='bbox 1943 1658 1983 1696; x_wconf 76' lang='lat' dir='ltr'>et</span> <span class='ocrx_word' id='word_1_437' title='bbox 2008 1658 2169 1707; x_wconf 79' lang='lat' dir='ltr'>proprie</span> <span class='ocrx_word' id='word_1_438' title='bbox 2194 1657 2288 1698; x_wconf 88' lang='lat' dir='ltr'>reli-</span> 
     </span>
     <span class='ocr_line' id='line_1_72' title="bbox 1259 1714 2287 1766; baseline 0.006 -15"><span class='ocrx_word' id='word_1_439' title='bbox 1259 1714 1390 1765; x_wconf 61' lang='lat' dir='ltr'>giosos</span> <span class='ocrx_word' id='word_1_440' title='bbox 1409 1715 1538 1762; x_wconf 84' lang='lat' dir='ltr'>fuisse</span> <span class='ocrx_word' id='word_1_441' title='bbox 1551 1718 1589 1755; x_wconf 85' lang='lat' dir='ltr'>et</span> <span class='ocrx_word' id='word_1_442' title='bbox 1606 1727 1702 1762; x_wconf 85' lang='lat' dir='ltr'>esse,</span> <span class='ocrx_word' id='word_1_443' title='bbox 1720 1719 1798 1754; x_wconf 89' lang='grc'><strong>616.</strong></span> <span class='ocrx_word' id='word_1_444' title='bbox 1814 1715 1891 1757; x_wconf 91' lang='lat' dir='ltr'>Ubi</span> <span class='ocrx_word' id='word_1_445' title='bbox 1908 1715 2177 1766; x_wconf 88' lang='lat' dir='ltr'>ponderanda</span> <span class='ocrx_word' id='word_1_446' title='bbox 2195 1722 2287 1758; x_wconf 87' lang='lat' dir='ltr'>sunt</span> 
     </span>
     <span class='ocr_line' id='line_1_73' title="bbox 1260 1773 2285 1828; baseline 0.005 -16"><span class='ocrx_word' id='word_1_447' title='bbox 1260 1773 1328 1813; x_wconf 79' lang='lat' dir='ltr'>illa</span> <span class='ocrx_word' id='word_1_448' title='bbox 1344 1774 1486 1824; x_wconf 85' lang='lat' dir='ltr'>verba,</span> <span class='ocrx_word' id='word_1_449' title='bbox 1499 1775 1617 1824; x_wconf 77' lang='lat' dir='ltr'>firmo</span> <span class='ocrx_word' id='word_1_450' title='bbox 1632 1780 1780 1816; x_wconf 87' lang='lat' dir='ltr'>nostroe</span> <span class='ocrx_word' id='word_1_451' title='bbox 1799 1777 2080 1817; x_wconf 80' lang='lat' dir='ltr'>declarationis</span> <span class='ocrx_word' id='word_1_452' title='bbox 2096 1778 2285 1828; x_wconf 85' lang='lat' dir='ltr'>subsidio,</span> 
     </span>
     <span class='ocr_line' id='line_1_74' title="bbox 1259 1836 2287 1886; baseline 0.005 -12"><span class='ocrx_word' id='word_1_453' title='bbox 1259 1846 1351 1886; x_wconf 83' lang='lat' dir='ltr'>quae</span> <span class='ocrx_word' id='word_1_454' title='bbox 1366 1836 1465 1875; x_wconf 86' lang='lat' dir='ltr'>satis</span> <span class='ocrx_word' id='word_1_455' title='bbox 1483 1836 1704 1875; x_wconf 89' lang='lat' dir='ltr'>ostendunt</span> <span class='ocrx_word' id='word_1_456' title='bbox 1723 1837 1836 1875; x_wconf 87' lang='lat' dir='ltr'>illam</span> <span class='ocrx_word' id='word_1_457' title='bbox 1852 1839 2186 1878; x_wconf 85' lang='lat' dir='ltr'>constitutionem</span> <span class='ocrx_word' id='word_1_458' title='bbox 2201 1851 2287 1879; x_wconf 88' lang='lat' dir='ltr'>ma-</span> 
     </span>
     <span class='ocr_line' id='line_1_75' title="bbox 1259 1896 2283 1949; baseline 0.005 -14"><span class='ocrx_word' id='word_1_459' title='bbox 1259 1896 1323 1947; x_wconf 87' lang='lat' dir='ltr'>gis</span> <span class='ocrx_word' id='word_1_460' title='bbox 1352 1907 1445 1936; x_wconf 90' lang='lat' dir='ltr'>esse</span> <span class='ocrx_word' id='word_1_461' title='bbox 1484 1897 1776 1937; x_wconf 84' lang='lat' dir='ltr'>declarativam</span> <span class='ocrx_word' id='word_1_462' title='bbox 1808 1911 1934 1949; x_wconf 88' lang='lat' dir='ltr'>quam</span> <span class='ocrx_word' id='word_1_463' title='bbox 1963 1900 2283 1940; x_wconf 85' lang='lat' dir='ltr'>constitutivam.</span> 
     </span>
     <span class='ocr_line' id='line_1_76' title="bbox 1256 1956 2284 2010; baseline 0.006 -13"><span class='ocrx_word' id='word_1_464' title='bbox 1256 1956 1374 1997; x_wconf 90' lang='lat' dir='ltr'>Unde</span> <span class='ocrx_word' id='word_1_465' title='bbox 1393 1958 1503 2010; x_wconf 91' lang='lat' dir='ltr'>quod</span> <span class='ocrx_word' id='word_1_466' title='bbox 1522 1964 1665 2010; x_wconf 88' lang='lat' dir='ltr'>postea</span> <span class='ocrx_word' id='word_1_467' title='bbox 1684 1959 1847 2007; x_wconf 89' lang='lat' dir='ltr'>dicitur,</span> <span class='ocrx_word' id='word_1_468' title='bbox 1865 1962 2082 2001; x_wconf 80' lang='lat' dir='ltr'>statuimus</span> <span class='ocrx_word' id='word_1_469' title='bbox 2100 1967 2137 2002; x_wconf 81' lang='lat' dir='ltr'>et</span> <span class='ocrx_word' id='word_1_470' title='bbox 2156 1963 2284 2003; x_wconf 84' lang='lat' dir='ltr'>decer-</span> 
     </span>
     <span class='ocr_line' id='line_1_77' title="bbox 1254 2019 2283 2074; baseline 0.005 -16"><span class='ocrx_word' id='word_1_471' title='bbox 1254 2019 1403 2067; x_wconf 86' lang='lat' dir='ltr'>nimus,</span> <span class='ocrx_word' id='word_1_472' title='bbox 1425 2021 1557 2071; x_wconf 85' lang='lat' dir='ltr'>magis</span> <span class='ocrx_word' id='word_1_473' title='bbox 1587 2021 1639 2059; x_wconf 91' lang='lat' dir='ltr'>de</span> <span class='ocrx_word' id='word_1_474' title='bbox 1669 2024 1820 2060; x_wconf 80' lang='lat' dir='ltr'>statuto</span> <span class='ocrx_word' id='word_1_475' title='bbox 1843 2021 2139 2071; x_wconf 86' lang='lat' dir='ltr'>confirmante,</span> <span class='ocrx_word' id='word_1_476' title='bbox 2158 2035 2283 2074; x_wconf 87' lang='lat' dir='ltr'>quam</span> 
     </span>
     <span class='ocr_line' id='line_1_78' title="bbox 1254 2079 2284 2136; baseline 0.006 -17"><span class='ocrx_word' id='word_1_477' title='bbox 1254 2079 1308 2120; x_wconf 92' lang='lat' dir='ltr'>de</span> <span class='ocrx_word' id='word_1_478' title='bbox 1333 2091 1441 2122; x_wconf 91' lang='lat' dir='ltr'>novo</span> <span class='ocrx_word' id='word_1_479' title='bbox 1472 2082 1610 2132; x_wconf 88' lang='lat' dir='ltr'>aliquo</span> <span class='ocrx_word' id='word_1_480' title='bbox 1640 2083 1939 2131; x_wconf 90' lang='lat' dir='ltr'>constituente,</span> <span class='ocrx_word' id='word_1_481' title='bbox 1969 2084 2284 2136; x_wconf 87' lang='lat' dir='ltr'>intelligendum</span> 
     </span>
     <span class='ocr_line' id='line_1_79' title="bbox 1254 2143 2283 2196; baseline 0.007 -16"><span class='ocrx_word' id='word_1_482' title='bbox 1254 2146 1331 2190; x_wconf 90' lang='lat' dir='ltr'>est,</span> <span class='ocrx_word' id='word_1_483' title='bbox 1349 2154 1424 2182; x_wconf 89' lang='lat' dir='ltr'>seu</span> <span class='ocrx_word' id='word_1_484' title='bbox 1451 2143 1503 2183; x_wconf 92' lang='lat' dir='ltr'>de</span> <span class='ocrx_word' id='word_1_485' title='bbox 1527 2148 1676 2183; x_wconf 86' lang='lat' dir='ltr'>statuto</span> <span class='ocrx_word' id='word_1_486' title='bbox 1698 2145 1960 2196; x_wconf 65' lang='lat' dir='ltr'>praecipiente</span> <span class='ocrx_word' id='word_1_487' title='bbox 1979 2150 2025 2184; x_wconf 92' lang='lat' dir='ltr'>ut</span> <span class='ocrx_word' id='word_1_488' title='bbox 2040 2146 2133 2186; x_wconf 84' lang='lat' dir='ltr'>talis</span> <span class='ocrx_word' id='word_1_489' title='bbox 2148 2147 2283 2187; x_wconf 88' lang='lat' dir='ltr'>decla-</span> 
     </span>
     <span class='ocr_line' id='line_1_80' title="bbox 1253 2204 2281 2258; baseline 0.006 -15"><span class='ocrx_word' id='word_1_490' title='bbox 1253 2204 1358 2244; x_wconf 86' lang='lat' dir='ltr'>ratio</span> <span class='ocrx_word' id='word_1_491' title='bbox 1386 2209 1586 2255; x_wconf 85' lang='lat' dir='ltr'>tanquam</span> <span class='ocrx_word' id='word_1_492' title='bbox 1608 2218 1706 2246; x_wconf 88' lang='lat' dir='ltr'>vera</span> <span class='ocrx_word' id='word_1_493' title='bbox 1744 2208 1786 2245; x_wconf 89' lang='lat' dir='ltr'>et</span> <span class='ocrx_word' id='word_1_494' title='bbox 1803 2211 1915 2246; x_wconf 90' lang='lat' dir='ltr'>certa</span> <span class='ocrx_word' id='word_1_495' title='bbox 1930 2210 2146 2258; x_wconf 87' lang='lat' dir='ltr'>teneatur,</span> <span class='ocrx_word' id='word_1_496' title='bbox 2163 2213 2210 2248; x_wconf 85' lang='lat' dir='ltr'>ut</span> <span class='ocrx_word' id='word_1_497' title='bbox 2226 2211 2281 2249; x_wconf 91' lang='lat' dir='ltr'>ibi</span> 
     </span>
     <span class='ocr_line' id='line_1_81' title="bbox 1254 2266 2282 2319; baseline 0.008 -14"><span class='ocrx_word' id='word_1_498' title='bbox 1254 2266 1389 2306; x_wconf 85' lang='lat' dir='ltr'>statim</span> <span class='ocrx_word' id='word_1_499' title='bbox 1416 2267 1665 2319; x_wconf 82' lang='lat' dir='ltr'>praecipitur.</span> <span class='ocrx_word' id='word_1_500' title='bbox 1693 2267 1878 2319; x_wconf 88' lang='lat' dir='ltr'>Denique</span> <span class='ocrx_word' id='word_1_501' title='bbox 1902 2268 1970 2308; x_wconf 91' lang='lat' dir='ltr'>illa</span> <span class='ocrx_word' id='word_1_502' title='bbox 1996 2271 2123 2310; x_wconf 89' lang='lat' dir='ltr'>verba</span> <span class='ocrx_word' id='word_1_503' title='bbox 2147 2283 2227 2312; x_wconf 82' lang='lat' dir='ltr'>esse</span> <span class='ocrx_word' id='word_1_504' title='bbox 2245 2276 2282 2313; x_wconf 85' lang='lat' dir='ltr'>et</span> 
     </span>
     <span class='ocr_line' id='line_1_82' title="bbox 1252 2328 2281 2383; baseline 0.004 -13"><span class='ocrx_word' id='word_1_505' title='bbox 1252 2328 1382 2377; x_wconf 79' lang='lat' dir='ltr'>fuisse</span> <span class='ocrx_word' id='word_1_506' title='bbox 1412 2329 1511 2369; x_wconf 88' lang='lat' dir='ltr'>satis</span> <span class='ocrx_word' id='word_1_507' title='bbox 1541 2330 1789 2370; x_wconf 89' lang='lat' dir='ltr'>convincunt</span> <span class='ocrx_word' id='word_1_508' title='bbox 1816 2330 1929 2370; x_wconf 85' lang='lat' dir='ltr'>illam</span> <span class='ocrx_word' id='word_1_509' title='bbox 1948 2331 2085 2383; x_wconf 85' lang='lat' dir='ltr'>legem</span> <span class='ocrx_word' id='word_1_510' title='bbox 2104 2345 2195 2372; x_wconf 88' lang='lat' dir='ltr'>esse</span> <span class='ocrx_word' id='word_1_511' title='bbox 2215 2334 2281 2374; x_wconf 90' lang='grc'><strong>(16-</strong></span> 
     </span>
     <span class='ocr_line' id='line_1_83' title="bbox 1252 2388 2281 2449; baseline 0.007 -21"><span class='ocrx_word' id='word_1_512' title='bbox 1252 2388 1533 2438; x_wconf 84' lang='lat' dir='ltr'>claratoriam,</span> <span class='ocrx_word' id='word_1_513' title='bbox 1552 2391 1707 2442; x_wconf 87' lang='lat' dir='ltr'>alioqui</span> <span class='ocrx_word' id='word_1_514' title='bbox 1735 2404 1818 2431; x_wconf 90' lang='lat' dir='ltr'>non</span> <span class='ocrx_word' id='word_1_515' title='bbox 1839 2393 2040 2443; x_wconf 88' lang='lat' dir='ltr'>potuisset</span> <span class='ocrx_word' id='word_1_516' title='bbox 2069 2394 2111 2433; x_wconf 94' lang='lat' dir='ltr'>in</span> <span class='ocrx_word' id='word_1_517' title='bbox 2131 2399 2281 2449; x_wconf 70' lang='lat' dir='ltr'>praete-3</span> 
     </span>
     <span class='ocr_line' id='line_1_84' title="bbox 1251 2450 2280 2503; baseline 0.008 -14"><span class='ocrx_word' id='word_1_518' title='bbox 1251 2450 1375 2490; x_wconf 83' lang='lat' dir='ltr'>ritum</span> <span class='ocrx_word' id='word_1_519' title='bbox 1407 2451 1519 2492; x_wconf 89' lang='lat' dir='ltr'>ferri.</span> <span class='ocrx_word' id='word_1_520' title='bbox 1553 2452 1670 2493; x_wconf 93' lang='lat' dir='ltr'>Unde</span> <span class='ocrx_word' id='word_1_521' title='bbox 1702 2453 1783 2492; x_wconf 90' lang='lat' dir='ltr'>alia</span> <span class='ocrx_word' id='word_1_522' title='bbox 1812 2455 2102 2494; x_wconf 89' lang='lat' dir='ltr'>constitutione</span> <span class='ocrx_word' id='word_1_523' title='bbox 2132 2454 2280 2503; x_wconf 51' lang='lat' dir='ltr'>Assem-²,</span> 
     </span>
     <span class='ocr_line' id='line_1_85' title="bbox 1253 2512 2280 2569; baseline 0.005 -17"><span class='ocrx_word' id='word_1_524' title='bbox 1253 2512 1365 2553; x_wconf 81' lang='lat' dir='ltr'>dente</span> <span class='ocrx_word' id='word_1_525' title='bbox 1378 2514 1544 2554; x_wconf 89' lang='lat' dir='ltr'>Domino</span> <span class='ocrx_word' id='word_1_526' title='bbox 1560 2544 1571 2562; x_wconf 94' lang='lat'>,</span> <span class='ocrx_word' id='word_1_527' title='bbox 1593 2514 1779 2555; x_wconf 83' lang='lat' dir='ltr'>referens</span> <span class='ocrx_word' id='word_1_528' title='bbox 1799 2515 2023 2568; x_wconf 88' lang='lat' dir='ltr'>Gregorius</span> <span class='ocrx_word' id='word_1_529' title='bbox 2041 2517 2155 2556; x_wconf 88' lang='lat' dir='ltr'>illam</span> <span class='ocrx_word' id='word_1_530' title='bbox 2171 2513 2280 2569; x_wconf 74' lang='lat' dir='ltr'>prio-¹</span> 
     </span>
     <span class='ocr_line' id='line_1_86' title="bbox 1253 2575 2276 2627; baseline 0.004 -14"><span class='ocrx_word' id='word_1_531' title='bbox 1253 2584 1343 2614; x_wconf 86' lang='lat' dir='ltr'>rem</span> <span class='ocrx_word' id='word_1_532' title='bbox 1359 2603 1370 2621; x_wconf 93' lang='lat'>,</span> <span class='ocrx_word' id='word_1_533' title='bbox 1399 2575 1519 2616; x_wconf 82' lang='lat' dir='ltr'>vocat</span> <span class='ocrx_word' id='word_1_534' title='bbox 1547 2576 1661 2616; x_wconf 88' lang='lat' dir='ltr'>illam</span> <span class='ocrx_word' id='word_1_535' title='bbox 1687 2577 2024 2625; x_wconf 86' lang='lat' dir='ltr'>declarationem,</span> <span class='ocrx_word' id='word_1_536' title='bbox 2047 2577 2276 2627; x_wconf 83' lang='lat' dir='ltr'>decretum,</span> 
     </span>
     <span class='ocr_line' id='line_1_87' title="bbox 1252 2637 2277 2687; baseline 0.004 -12"><span class='ocrx_word' id='word_1_537' title='bbox 1252 2640 1505 2687; x_wconf 84' lang='lat' dir='ltr'>praeceptum</span> <span class='ocrx_word' id='word_1_538' title='bbox 1524 2641 1567 2677; x_wconf 88' lang='lat' dir='ltr'>et</span> <span class='ocrx_word' id='word_1_539' title='bbox 1595 2637 1859 2677; x_wconf 88' lang='lat' dir='ltr'>interdictum</span> <span class='ocrx_word' id='word_1_540' title='bbox 1883 2649 2019 2677; x_wconf 91' lang='lat' dir='ltr'>suum.</span> <span class='ocrx_word' id='word_1_541' title='bbox 2042 2639 2091 2677; x_wconf 88' lang='lat' dir='ltr'>Et</span> <span class='ocrx_word' id='word_1_542' title='bbox 2106 2638 2277 2679; x_wconf 85' lang='lat' dir='ltr'>inferius</span> 
     </span>
     <span class='ocr_line' id='line_1_88' title="bbox 1252 2697 2277 2750; baseline 0.008 -15"><span class='ocrx_word' id='word_1_543' title='bbox 1252 2697 1436 2736; x_wconf 87' lang='lat' dir='ltr'>similiter</span> <span class='ocrx_word' id='word_1_544' title='bbox 1455 2697 1594 2736; x_wconf 87' lang='lat' dir='ltr'>subdit</span> <span class='ocrx_word' id='word_1_545' title='bbox 1615 2707 1628 2737; x_wconf 72' lang='grc' dir='ltr'><strong><em>ε</em></strong></span> <span class='ocrx_word' id='word_1_546' title='bbox 1654 2697 1887 2739; x_wconf 80' lang='lat' dir='ltr'>Statuimus</span> <span class='ocrx_word' id='word_1_547' title='bbox 1903 2702 2017 2750; x_wconf 80' lang='lat' dir='ltr'>atque</span> <span class='ocrx_word' id='word_1_548' title='bbox 2036 2701 2277 2743; x_wconf 80' lang='lat' dir='ltr'>decernimus</span> 
     </span>
     <span class='ocr_line' id='line_1_89' title="bbox 1250 2751 2279 2815; baseline 0.009 -19"><span class='ocrx_word' id='word_1_549' title='bbox 1250 2759 1336 2797; x_wconf 82' lang='lat' dir='ltr'>tria</span> <span class='ocrx_word' id='word_1_550' title='bbox 1366 2762 1457 2798; x_wconf 81' lang='lat' dir='ltr'>vota</span> <span class='ocrx_word' id='word_1_551' title='bbox 1483 2759 1712 2809; x_wconf 72' lang='lat' dir='ltr'>hujusmodi</span> <span class='ocrx_word' id='word_1_552' title='bbox 1741 2759 1816 2800; x_wconf 79' lang='lat' dir='ltr'>etsi</span> <span class='ocrx_word' id='word_1_553' title='bbox 1850 2760 2052 2810; x_wconf 84' lang='lat' dir='ltr'>simplicia</span> <span class='ocrx_word' id='word_1_554' title='bbox 2081 2774 2128 2802; x_wconf 75' lang='lat' dir='ltr'>em</span> <span class='ocrx_word' id='word_1_555' title='bbox 2154 2751 2279 2815; x_wconf 62' lang='lat' dir='ltr'>hajm&#39;</span> 
     </span>
     <span class='ocr_line' id='line_1_90' title="bbox 1252 2818 2277 2869; baseline 0.006 -9"><span class='ocrx_word' id='word_1_556' title='bbox 1252 2818 1373 2860; x_wconf 76' lang='lat' dir='ltr'>Sedis</span> <span class='ocrx_word' id='word_1_557' title='bbox 1388 2819 1651 2869; x_wconf 86' lang='lat' dir='ltr'>institutione,</span> <span class='ocrx_word' id='word_1_558' title='bbox 1666 2832 1712 2861; x_wconf 90' lang='lat' dir='ltr'>ac</span> <span class='ocrx_word' id='word_1_559' title='bbox 1723 2823 1862 2861; x_wconf 86' lang='lat' dir='ltr'>nostra</span> <span class='ocrx_word' id='word_1_560' title='bbox 1881 2822 1998 2863; x_wconf 85' lang='lat' dir='ltr'>etiam</span> <span class='ocrx_word' id='word_1_561' title='bbox 2014 2824 2277 2866; x_wconf 83' lang='lat' dir='ltr'>declaratione</span> 
     </span>
     <span class='ocr_line' id='line_1_91' title="bbox 1249 2867 2278 2931; baseline 0.009 -12"><span class='ocrx_word' id='word_1_562' title='bbox 1249 2883 1287 2920; x_wconf 84' lang='lat' dir='ltr'>et</span> <span class='ocrx_word' id='word_1_563' title='bbox 1303 2881 1621 2931; x_wconf 81' lang='lat' dir='ltr'>confirmatione,</span> <span class='ocrx_word' id='word_1_564' title='bbox 1654 2893 1735 2922; x_wconf 83' lang='lat' dir='ltr'>esse</span> <span class='ocrx_word' id='word_1_565' title='bbox 1762 2893 1849 2922; x_wconf 83' lang='lat' dir='ltr'>vere</span> <span class='ocrx_word' id='word_1_566' title='bbox 1870 2884 2156 2926; x_wconf 84' lang='lat' dir='ltr'>substantialia</span> <span class='ocrx_word' id='word_1_567' title='bbox 2180 2867 2278 2928; x_wconf 61' lang='lat' dir='ltr'>reli-¹</span> 
     </span>
     <span class='ocr_line' id='line_1_92' title="bbox 1248 2939 2277 2999; baseline 0.009 -20"><span class='ocrx_word' id='word_1_568' title='bbox 1248 2941 1382 2991; x_wconf 62' lang='lat' dir='ltr'>aionis</span> <span class='ocrx_word' id='word_1_569' title='bbox 1398 2945 1503 2990; x_wconf 83' lang='lat' dir='ltr'>vota,</span> <span class='ocrx_word' id='word_1_570' title='bbox 1534 2953 1581 2983; x_wconf 89' lang='lat' dir='ltr'>ac</span> <span class='ocrx_word' id='word_1_571' title='bbox 1598 2942 1645 2983; x_wconf 86' lang='lat' dir='ltr'>in</span> <span class='ocrx_word' id='word_1_572' title='bbox 1667 2943 1775 2984; x_wconf 84' lang='lat' dir='ltr'>dicta</span> <span class='ocrx_word' id='word_1_573' title='bbox 1802 2942 2002 2986; x_wconf 76' lang='lat' dir='ltr'>Societate</span> <span class='ocrx_word' id='word_1_574' title='bbox 2023 2949 2212 2999; x_wconf 79' lang='lat' dir='ltr'>tanquam</span> <span class='ocrx_word' id='word_1_575' title='bbox 2229 2939 2277 2989; x_wconf 82' lang='lat' dir='ltr'>in&#39;</span> 
     </span>
     <span class='ocr_line' id='line_1_93' title="bbox 1248 3002 2274 3058; baseline 0.008 -16"><span class='ocrx_word' id='word_1_576' title='bbox 1248 3002 1437 3055; x_wconf 69' lang='lat' dir='ltr'>reliyione</span> <span class='ocrx_word' id='word_1_577' title='bbox 1454 3004 1672 3055; x_wconf 81' lang='lat' dir='ltr'>approbata</span> <span class='ocrx_word' id='word_1_578' title='bbox 1694 3016 1765 3054; x_wconf 80' lang='lat' dir='ltr'>per</span> <span class='ocrx_word' id='word_1_579' title='bbox 1797 3003 1939 3046; x_wconf 78' lang='lat' dir='ltr'>Sedem</span> <span class='ocrx_word' id='word_1_580' title='bbox 1957 3007 2128 3047; x_wconf 86' lang='lat' dir='ltr'>eamdem</span> <span class='ocrx_word' id='word_1_581' title='bbox 2145 3008 2274 3058; x_wconf 80' lang='lat' dir='ltr'>fuisse</span> 
     </span>
     <span class='ocr_line' id='line_1_94' title="bbox 1249 3065 2274 3113; baseline 0.006 -9"><span class='ocrx_word' id='word_1_582' title='bbox 1249 3065 1443 3113; x_wconf 83' lang='lat' dir='ltr'>admissa,</span> <span class='ocrx_word' id='word_1_583' title='bbox 1472 3069 1509 3105; x_wconf 84' lang='lat' dir='ltr'>et</span> <span class='ocrx_word' id='word_1_584' title='bbox 1538 3077 1632 3106; x_wconf 84' lang='lat' dir='ltr'>esse.</span> <span class='ocrx_word' id='word_1_585' title='bbox 1654 3065 1732 3107; x_wconf 88' lang='lat' dir='ltr'>Ubi</span> <span class='ocrx_word' id='word_1_586' title='bbox 1751 3069 1908 3106; x_wconf 89' lang='lat' dir='ltr'>attente</span> <span class='ocrx_word' id='word_1_587' title='bbox 1926 3067 2274 3110; x_wconf 87' lang='lat' dir='ltr'>considerandum</span> 
     </span>
     <span class='ocr_line' id='line_1_95' title="bbox 1250 3125 2274 3176; baseline 0.008 -12"><span class='ocrx_word' id='word_1_588' title='bbox 1250 3129 1326 3171; x_wconf 85' lang='lat' dir='ltr'>est,</span> <span class='ocrx_word' id='word_1_589' title='bbox 1343 3125 1641 3167; x_wconf 88' lang='lat' dir='ltr'>institutionem</span> <span class='ocrx_word' id='word_1_590' title='bbox 1667 3127 1778 3176; x_wconf 86' lang='lat' dir='ltr'>sedi,</span> <span class='ocrx_word' id='word_1_591' title='bbox 1796 3127 2118 3170; x_wconf 85' lang='lat' dir='ltr'>declarationem</span> <span class='ocrx_word' id='word_1_592' title='bbox 2133 3136 2274 3172; x_wconf 89' lang='lat' dir='ltr'>autem</span> 
     </span>
    </p>
   </div>
   <div class='ocr_carea' id='block_1_15' title="bbox 1248 3187 2352 3241">
    <p class='ocr_par' dir='ltr' id='par_1_16' title="bbox 1248 3187 2352 3241">
     <span class='ocr_line' id='line_1_96' title="bbox 1248 3187 2352 3241; baseline 0.008 -15"><span class='ocrx_word' id='word_1_593' title='bbox 1248 3187 1325 3227; x_wconf 90' lang='lat' dir='ltr'>sibi</span> <span class='ocrx_word' id='word_1_594' title='bbox 1339 3187 1581 3239; x_wconf 87' lang='lat' dir='ltr'>Gregorium</span> <span class='ocrx_word' id='word_1_595' title='bbox 1598 3187 1794 3237; x_wconf 87' lang='lat' dir='ltr'>tribuere,</span> <span class='ocrx_word' id='word_1_596' title='bbox 1811 3189 1908 3241; x_wconf 87' lang='lat' dir='ltr'>quia</span> <span class='ocrx_word' id='word_1_597' title='bbox 1921 3189 2010 3241; x_wconf 86' lang='lat' dir='ltr'>ipse</span> <span class='ocrx_word' id='word_1_598' title='bbox 2027 3203 2173 3232; x_wconf 82' lang='lat' dir='ltr'>revera</span> <span class='ocrx_word' id='word_1_599' title='bbox 2187 3205 2273 3234; x_wconf 90' lang='lat' dir='ltr'>non</span> <span class='ocrx_word' id='word_1_600' title='bbox 2342 3187 2352 3215; x_wconf 39' lang='lat'><em>5</em></span> 
     </span>
    </p>
   </div>
   <div class='ocr_carea' id='block_1_16' title="bbox 1246 3245 2274 3309">
    <p class='ocr_par' dir='ltr' id='par_1_17' title="bbox 1246 3245 2274 3309">
     <span class='ocr_line' id='line_1_97' title="bbox 1246 3245 2274 3309; baseline 0.007 -22"><span class='ocrx_word' id='word_1_601' title='bbox 1246 3245 1444 3296; x_wconf 81' lang='lat' dir='ltr'>instituit,</span> <span class='ocrx_word' id='word_1_602' title='bbox 1469 3260 1606 3301; x_wconf 90' lang='lat' dir='ltr'>neque</span> <span class='ocrx_word' id='word_1_603' title='bbox 1634 3250 1814 3301; x_wconf 90' lang='lat' dir='ltr'>primum</span> <span class='ocrx_word' id='word_1_604' title='bbox 1834 3251 2024 3302; x_wconf 87' lang='lat' dir='ltr'>probavit</span> <span class='ocrx_word' id='word_1_605' title='bbox 2052 3253 2164 3293; x_wconf 90' lang='lat' dir='ltr'>hunc</span> <span class='ocrx_word' id='word_1_606' title='bbox 2187 3266 2274 3309; x_wconf 83' lang='grc'><strong>1110-</strong></span> 
     </span>
    </p>
   </div>
   <div class='ocr_carea' id='block_1_17' title="bbox 1245 3309 2275 3420">
    <p class='ocr_par' dir='ltr' id='par_1_18' title="bbox 1245 3309 2275 3420">
     <span class='ocr_line' id='line_1_98' title="bbox 1246 3309 2275 3367; baseline 0.006 -18"><span class='ocrx_word' id='word_1_607' title='bbox 1246 3309 1347 3350; x_wconf 84' lang='grc'><strong>(111111</strong></span> <span class='ocrx_word' id='word_1_608' title='bbox 1366 3310 1546 3360; x_wconf 88' lang='lat' dir='ltr'>religiosi</span> <span class='ocrx_word' id='word_1_609' title='bbox 1568 3314 1713 3357; x_wconf 85' lang='lat' dir='ltr'>status,</span> <span class='ocrx_word' id='word_1_610' title='bbox 1738 3311 1813 3351; x_wconf 87' lang='lat' dir='ltr'>sed</span> <span class='ocrx_word' id='word_1_611' title='bbox 1838 3312 2164 3362; x_wconf 76' lang='lat' dir='ltr'>praedecessores</span> <span class='ocrx_word' id='word_1_612' title='bbox 2182 3314 2275 3367; x_wconf 74' lang='lat' dir='ltr'>ejus</span> 
     </span>
     <span class='ocr_line' id='line_1_99' title="bbox 1245 3368 2275 3420; baseline -0.002 -12"><span class='ocrx_word' id='word_1_613' title='bbox 1245 3380 1337 3408; x_wconf 89' lang='lat' dir='ltr'>rem</span> <span class='ocrx_word' id='word_1_614' title='bbox 1354 3369 1485 3418; x_wconf 88' lang='lat' dir='ltr'>ipsam</span> <span class='ocrx_word' id='word_1_615' title='bbox 1504 3368 1786 3408; x_wconf 85' lang='lat' dir='ltr'>instituerunt.</span> <span class='ocrx_word' id='word_1_616' title='bbox 1806 3368 1898 3419; x_wconf 87' lang='lat' dir='ltr'>Ipse</span> <span class='ocrx_word' id='word_1_617' title='bbox 1927 3371 2068 3408; x_wconf 82' lang='lat' dir='ltr'>autem</span> <span class='ocrx_word' id='word_1_618' title='bbox 2086 3378 2275 3420; x_wconf 82' lang='lat' dir='ltr'>expresse</span> 
     </span>
    </p>
   </div>
   <div class='ocr_carea' id='block_1_18' title="bbox 155 3427 2346 3542">
    <p class='ocr_par' dir='ltr' id='par_1_19' title="bbox 155 3427 2346 3542">
     <span class='ocr_line' id='line_1_100' title="bbox 155 3427 2346 3489; baseline -0.002 -17"><span class='ocrx_word' id='word_1_619' title='bbox 155 3433 292 3484; x_wconf 89' lang='lat' dir='ltr'>quoad</span> <span class='ocrx_word' id='word_1_620' title='bbox 310 3433 419 3473; x_wconf 85' lang='lat' dir='ltr'>hanc</span> <span class='ocrx_word' id='word_1_621' title='bbox 444 3434 608 3484; x_wconf 88' lang='lat' dir='ltr'>partem</span> <span class='ocrx_word' id='word_1_622' title='bbox 637 3429 873 3469; x_wconf 88' lang='lat' dir='ltr'>constitutio</span> <span class='ocrx_word' id='word_1_623' title='bbox 892 3428 1017 3467; x_wconf 82' lang='lat' dir='ltr'>fuerit</span> <span class='ocrx_word' id='word_1_624' title='bbox 1047 3427 1188 3480; x_wconf 86' lang='lat' dir='ltr'>dispo·</span> <span class='ocrx_word' id='word_1_625' title='bbox 1241 3430 1477 3480; x_wconf 89' lang='lat' dir='ltr'>declaravit,</span> <span class='ocrx_word' id='word_1_626' title='bbox 1499 3430 1611 3482; x_wconf 90' lang='lat' dir='ltr'>quod</span> <span class='ocrx_word' id='word_1_627' title='bbox 1628 3430 1674 3469; x_wconf 89' lang='lat' dir='ltr'>in</span> <span class='ocrx_word' id='word_1_628' title='bbox 1690 3443 1735 3470; x_wconf 90' lang='lat' dir='ltr'>re</span> <span class='ocrx_word' id='word_1_629' title='bbox 1753 3429 1826 3469; x_wconf 89' lang='lat' dir='ltr'>illa</span> <span class='ocrx_word' id='word_1_630' title='bbox 1837 3430 1928 3482; x_wconf 84' lang='lat' dir='ltr'>jam</span> <span class='ocrx_word' id='word_1_631' title='bbox 1940 3429 2162 3489; x_wconf 58' lang='lat' dir='ltr'>cpmtituta</span> <span class='ocrx_word' id='word_1_632' title='bbox 2179 3441 2276 3469; x_wconf 70' lang='lat' dir='ltr'>eonae</span> <span class='ocrx_word' id='word_1_633' title='bbox 2343 3450 2346 3456; x_wconf 79' lang='lat'><strong>·</strong></span> 
     </span>
     <span class='ocr_line' id='line_1_101' title="bbox 157 3490 1461 3542; baseline -0.001 -9"><span class='ocrx_word' id='word_1_634' title='bbox 157 3494 291 3542; x_wconf 89' lang='lat' dir='ltr'>sitiva,</span> <span class='ocrx_word' id='word_1_635' title='bbox 322 3498 363 3534; x_wconf 91' lang='lat' dir='ltr'>et</span> <span class='ocrx_word' id='word_1_636' title='bbox 389 3506 475 3533; x_wconf 90' lang='lat' dir='ltr'>non</span> <span class='ocrx_word' id='word_1_637' title='bbox 505 3493 751 3532; x_wconf 86' lang='lat' dir='ltr'>declarativa</span> <span class='ocrx_word' id='word_1_638' title='bbox 766 3522 776 3539; x_wconf 94' lang='lat'>,</span> <span class='ocrx_word' id='word_1_639' title='bbox 807 3503 899 3542; x_wconf 85' lang='lat' dir='ltr'>quae</span> <span class='ocrx_word' id='word_1_640' title='bbox 926 3490 1184 3542; x_wconf 85' lang='lat' dir='ltr'>praeteritum</span> <span class='ocrx_word' id='word_1_641' title='bbox 1235 3492 1461 3533; x_wconf 84' lang='lat' dir='ltr'>tinebatur.</span> 
     </span>
    </p>
   </div>
   <div class='ocr_carea' id='block_1_19' title="bbox 158 3552 1193 3661">
    <p class='ocr_par' dir='ltr' id='par_1_20' title="bbox 158 3552 1193 3661">
     <span class='ocr_line' id='line_1_102' title="bbox 158 3552 1184 3606; baseline -0.003 -12"><span class='ocrx_word' id='word_1_642' title='bbox 158 3559 324 3606; x_wconf 88' lang='lat' dir='ltr'>tempus</span> <span class='ocrx_word' id='word_1_643' title='bbox 353 3569 439 3595; x_wconf 89' lang='lat' dir='ltr'>non</span> <span class='ocrx_word' id='word_1_644' title='bbox 463 3553 786 3606; x_wconf 88' lang='lat' dir='ltr'>comprehendit,</span> <span class='ocrx_word' id='word_1_645' title='bbox 821 3553 941 3604; x_wconf 82' lang='lat' dir='ltr'>juxta</span> <span class='ocrx_word' id='word_1_646' title='bbox 975 3565 1011 3592; x_wconf 89' lang='lat' dir='ltr'>c.</span> <span class='ocrx_word' id='word_1_647' title='bbox 1053 3555 1094 3601; x_wconf 80' lang='lat'>2,</span> <span class='ocrx_word' id='word_1_648' title='bbox 1134 3552 1184 3591; x_wconf 92' lang='grc'>(16</span> 
     </span>
     <span class='ocr_line' id='line_1_103' title="bbox 163 3614 1193 3661; baseline -0.001 -7"><span class='ocrx_word' id='word_1_649' title='bbox 163 3618 547 3660; x_wconf 81' lang='lat' dir='ltr'>constitutionibus.</span> <span class='ocrx_word' id='word_1_650' title='bbox 558 3617 827 3656; x_wconf 86' lang='lat' dir='ltr'>nihilominus</span> <span class='ocrx_word' id='word_1_651' title='bbox 844 3615 930 3661; x_wconf 73' lang='lat' dir='ltr'>iam</span> <span class='ocrx_word' id='word_1_652' title='bbox 943 3618 1064 3654; x_wconf 89' lang='lat' dir='ltr'>antea</span> <span class='ocrx_word' id='word_1_653' title='bbox 1081 3614 1193 3654; x_wconf 86' lang='lat' dir='ltr'>idem</span> 
     </span>
    </p>
   </div>
   <div class='ocr_carea' id='block_1_20' title="bbox 1247 3550 2272 3666">
    <p class='ocr_par' dir='ltr' id='par_1_21' title="bbox 1247 3550 2272 3666">
     <span class='ocr_line' id='line_1_104' title="bbox 1291 3550 2270 3606; baseline -0.003 -13"><span class='ocrx_word' id='word_1_654' title='bbox 1291 3555 1331 3593; x_wconf 93' lang='lat'>3.</span> <span class='ocrx_word' id='word_1_655' title='bbox 1353 3553 1500 3597; x_wconf 84' lang='lat' dir='ltr'>Tertio,</span> <span class='ocrx_word' id='word_1_656' title='bbox 1513 3566 1564 3592; x_wconf 73' lang='lat' dir='ltr'>ea:</span> <span class='ocrx_word' id='word_1_657' title='bbox 1592 3552 1763 3593; x_wconf 85' lang='lat' dir='ltr'>aliorum</span> <span class='ocrx_word' id='word_1_658' title='bbox 1789 3550 2113 3606; x_wconf 65' lang='lat' dir='ltr'>praedecessorum</span> <span class='ocrx_word' id='word_1_659' title='bbox 2138 3550 2270 3591; x_wconf 85' lang='lat' dir='ltr'>decre-</span> 
     </span>
     <span class='ocr_line' id='line_1_105' title="bbox 1247 3613 2272 3666; baseline -0.001 -13"><span class='ocrx_word' id='word_1_660' title='bbox 1247 3615 1310 3655; x_wconf 84' lang='lat' dir='ltr'>tis.</span> <span class='ocrx_word' id='word_1_661' title='bbox 1323 3637 1376 3645; x_wconf 93' lang='lat'><strong>—</strong></span> <span class='ocrx_word' id='word_1_662' title='bbox 1389 3615 1506 3662; x_wconf 84' lang='lat' dir='ltr'>Quod</span> <span class='ocrx_word' id='word_1_663' title='bbox 1523 3615 1646 3654; x_wconf 89' lang='lat' dir='ltr'>tertio</span> <span class='ocrx_word' id='word_1_664' title='bbox 1674 3614 1835 3654; x_wconf 87' lang='lat' dir='ltr'>ostendi</span> <span class='ocrx_word' id='word_1_665' title='bbox 1861 3616 1997 3666; x_wconf 85' lang='lat' dir='ltr'>potest</span> <span class='ocrx_word' id='word_1_666' title='bbox 2013 3626 2064 3654; x_wconf 87' lang='lat' dir='ltr'>ex</span> <span class='ocrx_word' id='word_1_667' title='bbox 2089 3613 2213 3653; x_wconf 85' lang='lat' dir='ltr'>bullis</span> <span class='ocrx_word' id='word_1_668' title='bbox 2229 3616 2272 3652; x_wconf 85' lang='grc'>61</span> 
     </span>
    </p>
   </div>
  </div>
 </body>
</html>
