2352 3880
197 354 373 398 nimium,
401 362 508 401 resp.
533 351 573 398 5,
591 349 641 390 ad
661 350 839 402 primum
859 349 1046 396 dubium,
1066 350 1111 389 iii
1128 350 1221 391 reli·

196 414 317 465 giosis
335 424 416 451 non
440 411 557 450 facile
576 411 822 451 credendum
841 423 940 460 esse,
957 411 1128 463 {quando
1146 411 1222 451 ali·

194 475 285 528 quis
312 475 490 525 graviter
521 473 687 522 labitur,
724 485 809 514 esse
839 474 897 513 ita
917 473 1219 514 emendandum

191 547 264 588 per
278 536 475 587 privatam
493 536 798 583 correctionem,
813 539 858 574 ut
877 547 959 574 non
979 536 1030 574 sit
1045 535 1218 586 amplius

191 601 427 649 peccaturus
445 606 455 634 ε
474 596 535 637 Ec
551 601 757 649 propterea
774 596 999 648 (subinfert)
1021 598 1145 637 tutius
1162 600 1218 636 est

190 659 236 698 in
258 657 483 709 hujusmodi
499 658 652 698 casibus
669 658 845 699 Proelato
857 659 1004 708 petenti·
1015 669 1086 709 per
1100 670 1141 697 se
1158 657 1219 698 rel

189 717 316 760 alium
331 719 464 769 (addo,
477 719 543 758 vel
561 731 758 770 expresse,
772 718 838 757 vel
853 719 1000 769 tacite),
1022 723 1057 758 et
1075 719 1217 759 volenti

188 781 357 830 salvare,
378 791 456 822 non
471 782 634 834 perdere
651 793 735 821 oves
760 792 866 827 suas,
891 783 1081 820 occuram
1099 782 1216 827 famoe

186 844 457 894 proximorum
479 844 594 883 solito
613 842 766 890 batere,
795 844 840 881 ut
867 844 1068 892 pastorem
1098 842 1211 891 decet,

187 904 407 957 complices,
436 903 515 944 sive
537 914 615 945 non
649 903 850 952 complices
871 903 947 942 sibi
971 905 1084 943 notos
1110 914 1214 944 ouve-

185 963 283 1006 lare.
311 966 360 1005 Et
377 965 569 1017 explicari
594 967 725 1014 potest
750 963 810 1002 vis
824 964 945 1015 liujus
972 964 1141 1003 rationis
1170 965 1213 1004 in

185 1023 296 1067 hunc
316 1027 506 1072 modum3
538 1035 633 1064 nam
656 1025 720 1063 vel
745 1025 958 1075 religiosus
978 1031 1115 1077 peccat
1145 1038 1214 1078 pei·

186 1088 436 1129 occasionem
470 1086 649 1138 aliquam
688 1086 883 1126 moralem
897 1117 908 1134 ,
947 1099 1069 1138 quam
1103 1087 1215 1128 domi

186 1147 251 1188 vel
267 1153 381 1187 extra
397 1147 560 1194 habeat,
577 1147 641 1187 vel
667 1147 754 1186 sine
781 1147 877 1197 illa;
898 1147 942 1186 in
972 1148 1096 1198 priori
1121 1161 1213 1188 casn

186 1220 343 1249 necesse
365 1215 424 1248 est
456 1209 675 1248 Praelatum
704 1208 854 1248 habere
884 1209 1087 1257 notitiam,
1117 1210 1214 1260 quia

183 1271 251 1311 vix
270 1275 399 1322 potest
418 1271 520 1310 alius
550 1271 778 1310 occasiones
806 1270 1039 1321 hujusmodi
1061 1282 1213 1322 praeve-

182 1331 270 1371 nire
297 1336 337 1371 et
355 1333 528 1380 auferre,
547 1334 632 1371 imo
651 1332 858 1371 interdum
890 1344 1021 1383 neque
1042 1332 1212 1382 ipsemet

180 1392 420 1445 delinquens
439 1395 586 1444 poterit
605 1406 833 1433 occasiones
853 1394 996 1442 vitare,
1020 1394 1114 1444 quia
1129 1394 1209 1433 for-

180 1457 283 1494 tasse
316 1455 510 1495 Praelatus
531 1456 738 1506 ignorans,
768 1456 900 1505 ipsum
925 1455 968 1493 in
993 1455 1049 1494 eis
1066 1457 1209 1494 cousti-

180 1519 281 1560 tuet‚
292 1522 331 1556 et
342 1522 507 1567 cogetur
517 1516 694 1556 obedire.
706 1517 747 1555 Si
759 1521 892 1555 autem
905 1517 990 1555 sine
1002 1517 1153 1555 occasio
1162 1528 1209 1555 ‚ie

180 1576 342 1626 labitur,
365 1591 524 1618 necesse
542 1583 600 1617 est
618 1583 663 1616 ut
683 1578 735 1616 sit
751 1578 816 1616 vel
836 1590 884 1617 ex
899 1589 1023 1629 prava
1043 1589 1207 1617 consuc-

178 1639 333 1686 tudine,
355 1639 419 1678 vel
438 1651 485 1678 ex
504 1639 628 1679 nimia
649 1639 892 1689 fragilitate3
914 1644 951 1677 et
971 1639 1014 1677 in
1035 1643 1208 1689 utroque

179 1705 326 1746 ,eventu
341 1700 548 1739 moraliter
560 1701 786 1739 necessaria
798 1705 855 1738 est
871 1700 1086 1739 auctoritas
1102 1701 1207 1738 Prie-

176 1759 263 1810 lati,
289 1763 384 1813 quia
405 1763 447 1800 in
469 1767 640 1813 utroque
661 1774 756 1800 casu
773 1761 947 1800 difficilis
966 1766 1024 1801 est
1038 1773 1205 1813 praeser-

175 1824 299 1872 vatio,
324 1828 363 1862 et
384 1823 522 1862 multis
540 1824 698 1874 indiget
717 1823 919 1870 remediis,
939 1835 1028 1874 quae
1048 1835 1129 1860 non
1145 1834 1204 1861 so-

173 1884 260 1924 lum
282 1891 413 1936 potest
433 1887 624 1925 Proelatus
651 1887 858 1925 consulere
879 1887 982 1924 sieut
1002 1886 1107 1925 alins
1126 1886 1203 1924 fra-

174 1948 250 1994 ter,
266 1947 336 1985 sed
351 1948 473 1985 etiam
493 1949 726 1998 praecipere,
740 1952 780 1985 et
798 1952 948 1986 secreto
963 1959 1121 1996 cogere,
1138 1946 1202 1986 vel

173 2006 226 2046 ad
247 2013 400 2047 secreta
417 2020 540 2059 opera
559 2008 823 2060 poenitentiae,
851 2008 916 2046 vel
937 2008 986 2046 ad
1011 2010 1201 2059 frequen-

172 2071 255 2108 tem
276 2072 514 2117 orationem,
543 2074 583 2107 et
603 2069 682 2108 alia
702 2069 947 2119 hujusmodi.
971 2069 1097 2108 Video
1117 2080 1200 2109 esse

171 2141 286 2181 posse
314 2131 441 2169 alium
474 2131 641 2169 modum
675 2131 868 2181 peccandi
904 2142 954 2168 ex
987 2130 1201 2181 repentina

171 2196 410 2241 tentatione,
433 2197 504 2230 aut
522 2191 752 2231 vehementi
772 2191 980 2230 occasione
1000 2203 1092 2231 raro
1105 2202 1201 2230 con-

170 2253 370 2305 tingente,
392 2266 482 2304 quae
504 2253 714 2293 moraliter
743 2251 921 2303 amplius
950 2252 1085 2291 timeri
1115 2264 1199 2292 non

170 2319 323 2367 potest,
346 2316 412 2353 scd
433 2315 509 2355 hoc
536 2319 576 2353 et
602 2325 740 2353 rarum
763 2315 885 2352 etiam
917 2317 989 2361 cst,
1012 2317 1052 2351 et
1080 2313 1199 2365 pcrti-

169 2388 267 2418 nere
298 2381 429 2428 potest
455 2377 507 2415 ad
539 2376 809 2427 exceptioneS,
838 2375 887 2413 de
909 2375 1058 2426 quibus
1077 2375 1197 2424 infra,

168 2449 210 2478 n.
235 2439 307 2485 17;
334 2443 544 2489 praeterea,
579 2438 672 2476 licet
698 2437 742 2476 in
774 2449 820 2476 eo
847 2448 942 2478 cusu
972 2441 1096 2475 cesset
1114 2435 1200 2475 liaec

169 2500 353 2551 proxima
368 2500 487 2547 ratio,
502 2511 595 2538 raro
611 2497 825 2538 cessabunt
840 2510 993 2544 omnes,
1010 2510 1099 2549 quae
1115 2511 1200 2538 nia-

164 2562 295 2614 iorem
313 2562 530 2601 utilitatem
553 2561 673 2612 hujiis
691 2559 1027 2607 denuntiationis,
1040 2560 1103 2599 vel
1120 2572 1199 2600 res·

166 2628 287 2675 pectu
311 2624 506 2674 religiosi,
530 2623 591 2662 vel
611 2627 797 2674 respectu
814 2622 1038 2672 religioniS‚
1067 2626 1197 2663 oztcn-

166 2685 285 2733 dunt,
300 2689 346 2723 ut
365 2697 414 2724 ex
434 2684 614 2724 dicendis
630 2683 847 2724 constabit.

219 2747 285 2786 12.
317 2747 456 2788 Tertia
486 2748 607 2785 mliv.
625 2746 852 2793 -Tertia,
886 2749 983 2797 quia
1009 2745 1192 2794 infamia,

167 2818 258 2858 quae
279 2807 376 2846 hinc
404 2808 587 2858 sequitur
619 2807 807 2858 religioso
826 2837 837 2854 ‚
866 2819 990 2859 quam
1023 2807 1195 2846 minima

167 2872 242 2916 est,
271 2873 313 2908 et
345 2870 435 2908 ideo
465 2881 547 2908 non
573 2869 703 2908 solum
730 2874 893 2920 propter
922 2870 1194 2907 necessarium

165 2931 409 2978 remedium,
424 2930 494 2970 sed
512 2931 635 2970 etiam
656 2935 820 2980 propter
837 2931 966 2981 majus
985 2930 1194 2980 spirituale

167 2990 428 3030 commodum
465 2997 522 3030 est
551 2991 844 3042 postponenda.
865 2992 967 3030 Nam
995 2991 1193 3042 imprimis

166 3052 432 3105 supponimus
452 3052 668 3092 Praelatiim
689 3057 943 3092 servaturum
965 3057 1164 3093 secretum
1181 3083 1191 3099 ,

167 3114 208 3155 et
232 3125 316 3151 non
346 3112 654 3151 diffamaturum
686 3113 892 3153 subditum
924 3125 1071 3165 suum3
1097 3125 1192 3154 nam

166 3173 202 3213 si
218 3173 331 3213 aliud
351 3173 616 3224 probabiliter
634 3174 842 3223 timeatur,
858 3174 970 3213 nullo
990 3175 1110 3214 modo
1133 3179 1193 3215 est

165 3233 228 3275 illi
253 3234 518 3274 revelandum
539 3234 747 3273 delictum.
771 3236 872 3274 Nam
900 3236 1023 3275 etiam
1054 3237 1098 3276 in
1130 3248 1192 3275 sa·

165 3295 405 3338 eramentali
423 3294 673 3335 confessione
688 3296 810 3334 taceri
837 3300 963 3347 potest
982 3297 1191 3348 proprium

164 3356 376 3407 delictum,
405 3358 440 3398 si
470 3358 682 3398 infamatio
711 3358 901 3408 timetur3
930 3370 1029 3409 ergo
1063 3359 1191 3398 multo

167 3420 299 3471 magis
329 3420 510 3459 cavenda
538 3424 601 3460 est
626 3420 880 3460 denuntiatio
907 3419 1030 3460 alieni
1057 3420 1191 3461 delicti

167 3492 260 3522 cum
277 3481 351 3521 tali
367 3481 602 3521 discrimine
614 3511 629 3531 ,
660 3481 881 3533 praesertim
900 3481 996 3532 quia
1014 3493 1098 3521 non
1117 3495 1191 3535 po-

168 3544 248 3582 test
269 3542 422 3594 sperari
441 3542 597 3582 fructus
625 3554 675 3582 ex
699 3541 846 3582 notitia
875 3542 984 3581 illius
1013 3542 1187 3594 Praelati,

168 3601 238 3653 qui
255 3614 338 3642 non
362 3603 472 3643 valet
494 3615 655 3643 servare
671 3607 882 3643 secretum.
903 3602 947 3643 Si
965 3606 1101 3643 autem
1122 3604 1187 3643 in-

167 3661 294 3706 famia
305 3677 389 3706 non
405 3665 658 3725 transcendit
674 3665 881 3705 sinistram
898 3663 1013 3706 illam
1031 3664 1187 3720 opinio·

473 287 550 322 ΗΒ.
572 285 614 321 Χ.
638 285 692 321 ΒΕ
711 285 906 320 iti-:emme
927 285 1173 327 soeiE‘rA‘rIS,
1196 286 1250 322 ΕΤ
1270 284 1586 326 CONSEQIJE'NTER
1607 284 1661 319 nt:
1682 269 1892 327 elimans
1911 289 2029 326 ΕΗΒ..

1274 362 1384 396 nem,
1415 361 1504 400 quae
1535 349 1578 388 in
1604 349 1774 389 Praelato
1792 351 1978 400 generari
1992 353 2179 403 videtur,
2206 366 2265 397 ιι
2274 375 2306 397 ι.
2339 383 2342 387 1

1274 411 1392 451 debet
1420 421 1503 450 esse
1529 411 1671 462 magni
1703 410 1891 462 ponderis
1921 413 2030 464 apud
2058 416 2314 496 religiosos

1272 483 1369 512 nam
1388 483 1553 521 revera,
1572 473 1608 511 si
1633 472 1843 512 emendari
1864 474 2136 528 unusquisque
2162 467 2305 519 velit
2274 506 2321 536 ,.

1274 538 1315 574 et
1335 533 1578 584 condignam
1599 535 1879 586 poenitentiam
1900 535 1963 574 sui
1985 538 2135 587 peccati
2152 543 2295 590 agere,
2334 543 2342 579 4

1271 597 1312 634 et
1345 594 1588 635 sufficientia
1624 596 1758 635 media
1788 596 1837 635 ad
1869 607 1953 635 non
1987 597 2326 647 reincidendum

1271 654 1492 704 adhibere,
1524 669 1605 695 non
1626 657 1755 696 solum
1776 656 2029 726 recuperabit
2048 657 2200 699 bonnm
2218 671 2302 701 no·
2334 699 2347 707 ,,

1269 727 1380 762 meu,
1402 717 1468 756 sed
1487 718 1609 758 etiam
1629 719 1671 757 in
1691 719 1799 758 bona
1814 719 2006 769 opinione
2025 723 2171 759 crescet
2185 719 2334 772 apud

1269 778 1519 829 spiritualem
1537 783 1577 818 et
1590 779 1829 831 prudentem
1841 780 2072 828 Praelatum,
2084 785 2130 819 ut
2143 793 2231 833 cap.
2249 782 2339 835 6,

1268 850 1439 878 numero
1463 840 1619 880 decimo
1654 845 1791 887 sexto,
1818 841 1861 881 in
1891 842 2016 881 simili
2043 842 2291 885 dicebamus.
2277 862 2339 917 ’5⁴

1266 900 1441 950 Deinde,
1475 902 1571 953 quia
1607 903 1718 942 fama
1751 915 1834 942 non
1869 907 1928 943 est
1966 903 2118 943 bonum
2153 917 2226 956 per
2249 915 2293 949 se

1267 961 1440 1001 amabile
1454 994 1467 1010 ,
1485 965 1553 1003 sed
1575 965 1707 1003 solum
1727 969 1928 1015 quatenus
1946 965 2100 1004 confert
2130 965 2180 1004 ad
2212 965 2297 1013 vin·¹
2336 999 2337 1002 ,

1267 1026 1412 1069 tutem,
1433 1024 1497 1062 vel
1517 1025 1568 1064 ad
1588 1025 1668 1064 alia
1689 1025 1797 1064 bona
1823 1031 1981 1066 naturae
2012 1021 2306 1078 convenientia-J
2350 1060 2352 1070 ,

1267 1096 1314 1123 ac
1346 1086 1598 1135 necessaria3
1626 1087 1659 1126 si
1689 1099 1785 1138 ergo
1805 1088 1874 1127 illa
1893 1088 2044 1139 opini0,
2065 1100 2135 1127 seu
2154 1089 2292 1139 cogni·
2339 1082 2352 1120 ’ἕ

1269 1145 1326 1185 tio
1346 1147 1425 1185 inei
1453 1148 1606 1199 peccati
1627 1148 1670 1188 in
1691 1150 1908 1200 Superiore
1928 1162 2010 1188 non
2027 1149 2229 1188 redundat
2245 1147 2293 1191 in
2309 1171 2311 1184 =
2327 1184 2335 1201 ,.

1266 1207 1427 1258 aliquod
1450 1208 1647 1249 damnum
1668 1222 1820 1258 nieum,
1840 1210 1909 1250 sed
1926 1213 2060 1263 potius
2074 1211 2117 1249 in
2133 1199 2321 1251 utilita-

1266 1271 1347 1308 tem
1368 1270 1645 1321 spiritualem,
1668 1275 1709 1310 et
1739 1272 1975 1323 simpliciter
1999 1272 2043 1311 in
2063 1272 2195 1323 majus
2217 1271 2288 1312 bo·
2312 1323 2316 1326 .

1265 1341 1378 1378 num,
1415 1332 1593 1382 profecto
1632 1343 1714 1371 non
1752 1339 1811 1372 est
1846 1333 2071 1385 reputanda
2103 1332 2287 1383 infamia,

1265 1402 1355 1442 quae
1372 1391 1423 1430 sit
1442 1404 1582 1432 verum
1602 1393 1765 1445 aliquod
1785 1394 1955 1434 malum.
1973 1396 2168 1434 Proetcrea
2180 1394 2322 1446 famas

1263 1453 1441 1503 religiosi
1461 1455 1594 1505 potius
1614 1460 1673 1493 est
1702 1456 1911 1506 religionis
1931 1467 2052 1506 quam
2076 1468 2171 1503 sua,
2195 1447 2322 1507 quial·

1263 1511 1347 1565 ipse
1367 1519 1477 1553 totus
1498 1528 1577 1554 non
1597 1520 1657 1554 est
1675 1521 1760 1555 tam
1789 1529 1883 1556 suus
1911 1530 2032 1568 quam
2051 1517 2290 1568 religionis;
2318 1550 2336 1573 '.

1263 1575 1372 1614 unde
1388 1577 1420 1614 si
1442 1576 1636 1627 injiiriam
1657 1577 1834 1629 aliquam
1855 1579 2047 1628 patiatur,
2075 1584 2115 1617 et
2130 1591 2202 1630 per
2219 1578 2288 1629 ju·
2306 1574 2336 1626 ’ζ

1260 1635 1391 1676 dicem
1418 1637 1604 1688 expediat
1625 1638 1737 1677 illam
1761 1639 1955 1689 repellere
1976 1644 2045 1678 aut
2064 1640 2287 1688 vindicare,
2305 1643 2311 1662 ²

1260 1710 1343 1738 non
1363 1699 1414 1738 ad
1434 1701 1583 1750 ipsum,
1609 1701 1677 1738 sed
1699 1700 1749 1738 :fd
1770 1702 2063 1739 monasterium
2087 1701 2173 1739 liaec
2192 1704 2325 1746 curat-

1259 1765 1427 1811 spectat,
1449 1762 1562 1810 juxta
1582 1761 1807 1800 doctrinam
1825 1761 2117 1810 panormitani,
2139 1763 2285 1810 Felin.‚
2307 1753 2319 1803 ἴ

1260 1826 1300 1861 et
1322 1822 1495 1860 aliorum
1509 1853 1520 1870 ,
1539 1823 1582 1861 in
1602 1835 1634 1861 c.
1661 1822 1759 1862 Cum
1780 1824 1958 1869 dilectur,
1982 1823 2031 1862 de
2048 1824 2284 1875 [test-rimis,
2299 1811 2313 1878 ⁴³

1258 1883 1307 1922 de
1328 1896 1408 1934 qua
1427 1885 1644 1930 Namrrns,
1662 1885 1935 1923 Commcntf‘
1914 1913 1951 1932 ..,
1967 1885 2015 1924 de
2033 1885 2284 1935 Regularib.,

1257 1956 1299 1983 n.
1321 1946 1372 1984 65
1395 1950 1437 1984 ot
1461 1946 1536 1994 663
1567 1957 1662 1994 ergo
1680 1945 1713 1984 si
1734 1945 2007 1984 manifestatio
2026 1947 2178 1996 peciati
2196 1916 2349 2036 per-³753:

1256 2017 1364 2044 sonae
1394 2005 1592 2056 religiosae
1617 2006 1663 2044 fit
1691 2006 1890 2055 PraelatO,
1920 2018 1970 2045 ex
1997 2007 2187 2046 mandato
2221 1998 2346 2068 velt}

1256 2065 1421 2105 licentia
1440 2069 1541 2117 ejus,
1573 2066 1616 2106 in
1643 2068 1775 2119 majus
1793 2067 2051 2106 commodum
2073 2038 2346 2119 religionisil?

1255 2126 1320 2165 vcl
1340 2127 1530 2177 religiosi,
1550 2140 1634 2167 non
1654 2129 1727 2168 fit
1718 2129 1871 2179 injuria
1889 2129 2093 2179 religioso,
2115 2133 2212 2181 quia
2233 2129 2306 2171 de⁴
2339 2136 2341 2141 “

1256 2188 1464 2226 voluntate
1484 2190 1781 2242 priiicipalioris
1803 2190 1973 2238 domini,
1991 2190 2053 2228 vel
2074 2160 2342 2242 dispensa-1}
2338 2182 2342 2194 “

1254 2250 1353 2287 toris
1371 2251 1471 2301 ejus,
1486 2250 1532 2288 fit
1545 2250 1616 2290 illa
1633 2251 1971 2303 qualiscumqne‘
1956 2265 1987 2302 J
1978 2256 2115 2291 ictura
2133 2245 2309 2304 fainaeg'?
2307 2222 2341 2284 Ἴ

1254 2322 1386 2361 neque
1421 2311 1544 2350 etiam
1576 2311 1623 2351 fit
1660 2316 1801 2352 conti-a
1837 2312 2024 2352 ordinem
2057 2313 2302 2364 charitatis,-

1253 2373 1349 2423 quia
1373 2372 1443 2412 illa
1464 2373 1721 2412 denuntiatio
1740 2372 1950 2414 ordinatur
1971 2375 2021 2414 ad
2039 2374 2163 2415 finem
2190 2290 2340 2486 0011·ξῖ

1254 2438 1493 2474 sentaneiim
1528 2434 1763 2487 perfectioni
1791 2434 2026 2484 charitatis,
2048 2441 2088 2475 et
2117 2441 2177 2476 est
2195 2447 2279 2477 me·
2324 2425 2335 2473 ἓ

1255 2494 1369 2534 dium
1390 2496 1598 2538 moraliter
1617 2496 1756 2537 utilius
1772 2499 1824 2538 ad
1842 2495 1927 2537 il'ilu
1918 2510 1956 2535 ii
1974 2497 2114 2537 finem.
2320 2494 2333 2553 ᾗ

1308 2559 1369 2598 13.
1405 2558 1560 2606 Quarta
1589 2558 1708 2600 vatio.
1725 2559 1944 2608 -Quarta
1970 2561 2013 2600 in
2047 2564 2152 2600 statu
2178 2548 2331 2606 reli-ll·r

1252 2620 1366 2670 gioso
1384 2626 1444 2661 est
1463 2621 1675 2672 peculiaris
1694 2621 1812 2671 ratio,
1831 2621 1883 2662 ob
1900 2633 2022 2673 quam
2037 2588 2331 2677 1egulariierfJ.I

1250 2683 1384 2722 timeri
1405 2689 1533 2734 potest
1553 2696 1604 2723 ne
1618 2684 1791 2737 quilibet
1807 2683 1944 2735 gravis
1965 2682 2124 2735 lapsus'
2114 2695 2160 2723 m
2174 2683 2275 2724 ulio·
2279 2683 2323 2727 ὁ

1247 2755 1355 2790 rum,
1381 2745 1442 2783 vel
1470 2744 1611 2784 saltem
1645 2745 1687 2784 in
1720 2745 1892 2797 alicujus
1921 2742 2132 2797 spiiituale
2159 2732 2325 2823 dam-,³

1247 2816 1348 2845 num
1371 2806 1433 2845 vel
1459 2805 1696 2845 scandulum
1719 2805 1860 2851 cedat
1897 2810 2060 2857 propter
2080 2790 2290 2857 magnam*
2311 2801 2324 2888 ἑ·

1247 2867 1480 2905 societatem
1501 2871 1539 2904 et
1557 2865 1892 2915 familiaritatem,
1914 2878 2002 2918 qua:
2034 2866 2140 2907 inter
2150 2838 2321 2925 insos}
2305 2889 2322 2928 5

1247 2938 1331 2966 esse
1353 2926 1470 2973 solet,
1487 2938 1538 2966 ex
1561 2939 1643 2978 qua
1671 2929 1859 2980 provenit
1879 2932 1924 2967 ut
1947 2929 2132 2980 exemplo
2149 2931 2221 2969 uni
2258 2948 2261 2950 ·
2317 2930 2320 2947 ⁴

1245 2987 1362 3027 facile
1381 2988 1451 3027 alii
1469 2995 1756 3040 corrumpantt'.
1763 3001 1804 3038 1³3
1825 2992 2048 3042 piaesertiin
2076 2991 2173 3041 qnia
2193 2989 2278 3035 illi

1247 3051 1316 3102 qui
1344 3051 1559 3091 similiores
1587 3059 1682 3091 sunt
1714 3052 1916 3100 nioiibiis,
1949 3053 2012 3092 vel
2043 3052 2273 3093 affectibu

1246 3111 1404 3151 facilius
1422 3113 1551 3152 solent
1569 3114 1677 3154 inter
1694 3126 1736 3154 se
1756 3114 1972 3165 conjungi3
1991 3118 2111 3166 atque
2130 3115 2188 3154 ita
2205 3113 2252 3154 v''
2307 3159 2312 3173 Ι

1246 3172 1350 3213 tium
1373 3175 1495 3214 unius
1518 3173 1637 3214 facile
1656 3175 1699 3214 in
1716 3175 1844 3215 alium
1868 3175 2082 3215 redundat.
2113 3176 2180 3215 Est
2195 3188 2219 3216 a
2267 3202 2282 3207 -
2308 3181 2312 3189 “
2350 3205 2352 3214 .

1247 3239 1328 3276 tem
1358 3237 1586 3275 communis
1615 3236 1801 3276 doctrina
1830 3238 2074 3286 Doctorum,
2110 3236 2267 3288 quoti

1245 3302 1454 3349 peceatum
1473 3298 1609 3337 fratris
1624 3298 1665 3337 in
1680 3298 1853 3337 aliorum
1867 3299 2157 3338 detrimentum
2177 3310 2217 3338 v·
2255 3297 2261 3304 ’

1244 3360 1323 3411 git,
1346 3360 1433 3399 sine
1456 3371 1571 3399 mora
1601 3359 1927 3399 denuntiandum
1952 3372 2036 3399 esse
2067 3358 2237 3399 Praelato
2267 3402 2270 3405 ⁴
2300 3374 2307 3398 s
2349 3367 2352 3377 “

1244 3433 1295 3461 ne
1314 3422 1404 3461 aliis
1433 3427 1599 3471 noceat3
1621 3434 1719 3473 ergo
1745 3421 1986 3472 regulariter
2003 3421 2061 3461 ita
2084 3418 2171 3459 fieri
2190 3427 2305 3469 po.-

1244 3483 1339 3522 terit
1365 3484 1410 3522 in
1437 3483 1635 3535 religione
1667 3487 1830 3536 propter
1852 3482 2063 3522 vitandum
2085 3478 2216 3519 alioru

1243 3548 1550 3594 nocumentum,
1583 3546 1680 3598 quia
1706 3545 1793 3584 sine
1825 3543 1983 3584 Praelati
2014 3539 2165 3580 auxilio
2218 3539 2231 3586 ’ἡ
2264 3580 2267 3581 ⁷
2350 3565 2352 3572 ι

1241 3612 1370 3659 potest
1383 3606 1471 3646 fieri
1485 3610 1557 3646 aut
1574 3606 1740 3659 sperari.
1751 3603 1912 3645 Accedit
1923 3605 2131 3655 praeterea,
2149 3612 2183 3663 q.

1240 3679 1292 3708 ex
1319 3667 1395 3709 hac
1425 3667 1579 3708 unIone
1590 3695 1606 3719 ,
1634 3665 1700 3708 vel
1725 3666 1863 3720 potius
1886 3663 2043 3703 unitate
2078 3672 2148 3702 cor
