2352 3880
0 0 253 47 *aa
267 0 645 28 ,mv
802 0 1228 52 azaram-³
1246 0 1291 22 ··-

156 63 157 66 ,
226 48 301 67 κ’,
356 48 424 65 ων.
496 46 501 52 ’
563 55 566 61 =
717 43 723 48 ’
786 60 789 66 Δ
898 59 903 63 .
935 45 1058 66 Aust-A.
1139 47 1170 70 ⁹..
1198 46 1207 60 ι

8 46 28 53 ““
48 39 85 69 (αἱ
127 46 130 48 “

150 285 155 288 .
161 251 388 299 Antonino,
406 248 601 295 saliceto,
617 250 659 286 et
673 247 950 287 aliisi-eadm
965 249 1189 296 Nemus,

146 312 406 358 jaesumma,
429 322 466 349 e.
487 309 555 357 26,
572 320 616 348 ιι.
637 309 705 356 36,
726 311 768 349 et
786 309 970 349 sumitur
991 320 1043 348 ex
1060 321 1097 348 c.
1120 310 1188 358 13,

147 386 201 417 (ιι.
222 375 292 418 «72,
323 370 591 410 nihilominus
616 370 659 409 in
680 370 900 422 religiosis,
922 370 1016 410 talis
1043 369 1190 411 indue-

155 435 227 483 tio,
243 432 499 473 etiamsinon
509 432 560 472 sit
573 432 742 484 injusta,
754 431 1094 484 reprehensibilis
1107 436 1184 473 est.

155 495 257 543 Quia
277 497 319 534 et
341 493 522 545 speciem
542 493 768 546 quamdam
783 494 908 533 habet
927 494 1125 543 avaritiae,
1145 497 1188 534 et

155 555 396 598 charitatem
413 559 552 607 potest
578 556 782 602 minuere,
804 556 871 594 vel
897 559 1006 596 certe
1037 556 1187 608 depra-

152 628 250 658 vare
287 617 559 657 intentionem
585 617 630 656 in
659 617 940 668 spiritualibus
975 617 1185 669 obsequiis

150 678 260 719 circa
275 678 500 730 proximos,
524 690 763 730 quanquam
782 679 824 717 in
854 679 1006 729 rigore,
1039 683 1081 718 et
1110 678 1185 718 ab-

150 740 283 780 solute
301 752 349 780 ac
368 753 444 792 per
457 752 502 782 se
520 741 747 792 loquendo,
762 740 805 779 id
823 740 959 778 facere
978 752 1060 779 non
1079 752 1184 779 sem-

149 811 226 853 per
242 806 459 853 peceatum
481 801 546 851 sit,
565 802 662 853 quia
685 813 762 839 nec
781 804 843 839 est
861 812 937 850 per
965 812 1009 839 se
1038 801 1184 840 intrin-

148 874 242 902 sece
263 863 434 911 malum,
459 875 596 914 neque
617 862 825 900 invenitur
841 861 977 912 aliquo
997 862 1090 913 jure
1109 863 1183 902 ab·

148 924 281 964 solute
310 924 578 976 prohibitum.
614 923 757 961 Solum
788 922 901 960 enim
929 922 971 960 in
997 922 1184 963 Clemen-

150 985 236 1026 tina
269 987 307 1033 l,
339 986 391 1024 de
424 983 664 1034 Privilegiis,
702 983 888 1022 dictricte
910 984 1184 1035 prohibentur

149 1047 334 1098 religiosi
349 1057 418 1092 ne,
442 1056 538 1083 cum
566 1043 891 1084 confectionibus
917 1048 1183 1084 testamento-

148 1119 241 1146 rum
265 1108 509 1153 intererunt,
541 1118 565 1145 a
589 1106 918 1145 restitutionibus
936 1106 1084 1145 debitis
1111 1110 1183 1146 aut

147 1168 291 1219 legatis
323 1168 564 1207 matricibus
591 1168 784 1207 Ecclesiis
823 1167 1023 1206 faciendis
1055 1171 1183 1207 retra-

146 1230 248 1268 hant
262 1233 496 1279 testatores,
509 1241 587 1269 nec
602 1230 739 1281 legata
753 1229 820 1267 vel
836 1229 975 1267 debita
989 1232 1060 1267 aut
1072 1230 1182 1269 male

146 1291 284 1331 ablata
302 1291 478 1339 incerta,
506 1292 598 1340 sibi,
619 1295 690 1330 aut
707 1291 798 1330 aliis
818 1291 1097 1342 singularibus
1118 1291 1182 1331 sui

146 1353 301 1393 ordinis
319 1353 495 1393 fratibus
515 1353 581 1394 vel
601 1353 874 1393 conventibus
892 1352 984 1394 fieri
1004 1356 1077 1392 aut
1093 1364 1182 1393 ero-

145 1416 234 1467 gari
248 1420 488 1467 procurent.

197 1479 237 1516 7.
263 1477 509 1517 Clementina
526 1476 571 1515 in
584 1473 733 1516 duobus
746 1473 906 1516 casibus
915 1473 1182 1528 prohibitoria

145 1541 216 1579 est.
229 1538 388 1584 —Quae
401 1537 622 1589 prohibitio
641 1537 887 1576 universalis
906 1549 990 1576 non
1009 1541 1084 1586 est,
1107 1535 1182 1575 sed

143 1600 187 1639 in
210 1600 373 1638 duobus
387 1603 548 1639 tantum
567 1599 745 1647 casibus,
768 1603 808 1638 et
821 1599 915 1638 ideo
934 1599 1071 1650 potius
1084 1598 1181 1637 inde

145 1661 321 1700 sumitur
341 1664 647 1713 argumentum,
670 1665 783 1700 extra
806 1661 897 1699 illos
918 1661 963 1700 id
986 1673 1070 1700 non
1089 1671 1180 1699 esse

143 1722 396 1775 prohibitum
425 1723 703 1762 ecclesiastico
725 1726 947 1773 praecepto.
972 1723 1086 1760 Prior
1106 1734 1182 1762 au-

141 1787 228 1826 tem
247 1796 298 1824 ex
318 1785 398 1823 illis
418 1784 581 1824 casibus
599 1788 675 1831 est,
697 1796 751 1823 ne
770 1784 952 1835 religiosi
968 1784 1182 1825 retrahant

141 1850 363 1886 testatores
387 1858 411 1885 a
431 1846 761 1885 restitutionibus
782 1845 945 1893 debitis,
967 1849 1040 1884 ant
1067 1845 1182 1897 lega-

141 1910 194 1948 tis
213 1908 454 1947 matricibus
473 1909 664 1947 Ecclesiis
690 1908 903 1947 faciendis.
931 1908 974 1947 ln
999 1919 1081 1958 quo
1111 1907 1182 1946 ad-

141 1970 245 2009 verti
262 1974 412 2021 potest,
435 1982 519 2005 non
534 1970 666 2005 solum
686 1970 774 2004 haec
787 1969 1012 2016 prohiberi,
1028 1969 1059 2004 si
1077 1968 1181 2007 fiant

141 2032 184 2070 in
211 2029 424 2081 proprium
449 2027 728 2075 commodum,
750 2026 816 2066 vel
846 2038 930 2065 suae
952 2025 1178 2074 religionis,

143 2091 218 2131 sed
240 2090 443 2136 absolute,
466 2090 508 2128 et
539 2088 793 2140 simpliciter,
816 2091 857 2126 et
876 2091 1182 2137 consequenter

143 2163 405 2203 quocumque
427 2155 618 2201 respectu
638 2149 755 2197 fiant,
779 2153 922 2188 contra
947 2149 1050 2187 illud
1075 2160 1181 2201 prae-

142 2218 309 2264 ceptum
330 2212 480 2264 agitur.
501 2212 550 2250 Et
569 2210 683 2262 prior
703 2210 873 2261 quidem
890 2222 986 2260 pars
1017 2210 1070 2249 de
1096 2221 1182 2250 res-

141 2274 399 2315 titutionibus
419 2274 529 2313 clara
551 2276 626 2321 est,
649 2276 689 2311 et
707 2283 758 2310 ex
783 2276 931 2311 natura
959 2272 1017 2310 rei
1038 2283 1182 2311 neces-

143 2336 267 2376 saria.
300 2336 346 2374 In
373 2334 590 2386 posteriori
626 2337 768 2372 autem
800 2333 882 2371 duo
910 2332 1069 2372 adverti
1086 2344 1182 2383 pos·

143 2399 263 2436 sunt:
283 2408 415 2435 unum
433 2399 510 2443 est,
526 2407 612 2434 non
628 2406 753 2445 posse
767 2394 845 2432 dici
857 2393 1097 2444 religiosum
1118 2405 1182 2432 re-

141 2459 308 2498 trahere
349 2459 590 2497 testatorem
626 2467 650 2494 u
686 2455 823 2505 legato
862 2454 1068 2502 faciendo,
1101 2454 1182 2494 nisi

142 2519 258 2572 prius
272 2519 434 2558 noverit
445 2519 534 2568 ejus
544 2516 816 2562 voluntatem,
836 2516 998 2554 etillam
1019 2519 1183 2556 mutare

144 2584 330 2620 conetur.
362 2580 409 2619 In
439 2590 521 2630 quo
544 2577 734 2629 expendo
766 2576 1043 2615 differentiam
1073 2577 1183 2615 inter

144 2641 443 2682 restitutionem
466 2644 507 2680 et
525 2640 732 2691 legatum
766 2650 863 2677 nam
888 2642 934 2677 ut
958 2638 1051 2689 quis
1072 2638 1181 2678 dica·

144 2707 212 2743 tur
233 2703 443 2743 retrahere
475 2714 502 2741 a
536 2699 808 2749 restituendo,
841 2700 939 2739 satis
971 2702 1035 2740 est
1068 2700 1181 2753 quod

147 2764 282 2805 sciens
296 2764 480 2804 debitum
494 2762 755 2810 restituendi,
775 2761 1043 2800 nihilominus
1060 2762 1180 2801 indu—

148 2830 226 2873 cat,
246 2814 312 2866 vel
327 2826 380 2865 ad
399 2836 484 2864 non
502 2824 819 2871 restituendum,
840 2823 906 2862 vel
924 2823 977 2862 ad
992 2823 1180 2863 donatio-

147 2897 246 2926 nem
285 2886 519 2926 faciendam
553 2888 856 2936 repugnantem
896 2884 1143 2924 restitutioni
1164 2896 1180 2932 ς

148 2947 243 3000 quia
267 2947 452 2986 debitum
470 2946 714 2987 restituendi
731 2945 905 2984 includit
922 2946 1180 2985 voluntatem

149 3009 296 3050 saltem
320 3007 504 3047 debitam
531 3008 599 3047 vel
626 3011 937 3059 praesumptam,
972 3018 1063 3058 quae
1085 3008 1180 3048 satis

149 3074 228 3120 est,
253 3070 331 3110 nisi
354 3069 525 3110 fortasse
545 3073 749 3108 constaret
777 3069 830 3107 de
857 3069 1068 3109 voluntate
1095 3081 1182 3110 non

149 3131 408 3180 restituendi,
426 3130 500 3170 sed
517 3130 684 3188 legandi
700 3129 820 3177 alias;
835 3142 934 3169 nam
951 3135 1049 3170 tunc
1062 3131 1183 3171 indu-

151 3205 245 3235 cere
266 3193 320 3232 ad
333 3191 579 3231 mutandum
600 3190 784 3241 legatum
806 3203 950 3230 revera
969 3204 1054 3232 non
1074 3197 1183 3232 esset

151 3255 348 3295 inducere
373 3254 425 3293 ad
446 3264 528 3292 non
559 3251 875 3299 restituendum,
897 3253 1001 3291 sicut
1034 3254 1103 3304 qui
1123 3254 1183 3293 in-

153 3315 267 3357 ducit
285 3315 338 3355 ad
355 3315 494 3354 minus
511 3313 668 3352 malum
688 3323 782 3351 eum
805 3313 876 3363 qui
897 3313 1183 3354 decrevit-ma-

152 3377 241 3418 lum
257 3387 398 3428 agere,
426 3387 510 3414 non
529 3373 820 3413 inducit'illum
848 3372 902 3412 ad
919 3373 1074 3412 malum
1084 3389 1095 3423 3
1125 3374 1184 3415 sie

155 3450 255 3490 ergo
271 3441 316 3477 ut
334 3435 425 3489 quis
454 3434 841 3481 dicaturretrahere
868 3445 893 3472 a
912 3435 1180 3485 restituendo,

155 3510 326 3539 necesse
351 3497 519 3550 quidem
541 3501 604 3536 est
629 3499 677 3535 ut
702 3495 807 3535 alter
833 3506 919 3534 non
953 3495 1005 3535 sit
1031 3496 1183 3547 jamin

86 3612 89 3617 Δ
156 3559 384 3602 deliberato
402 3558 612 3613 proposito
624 3569 712 3597 non
725 3555 990 3604 restituendi;
1010 3558 1185 3599 sufficiet

504 182 580 220 ιιιι.
600 182 658 218 ix.
679 173 1280 225 aremus-nummis,
1300 182 1449 225 ,numus
1467 151 1539 218 Αιὶὲ
1565 183 1568 185 “
1594 189 1614 210 «2
1630 169 1679 212 ->.1

1230 235 1760 306 ιιιιιιιθιιιᾶριωᾶίωιιιιιι
1770 239 1797 256 ’“
2014 274 2031 285 «,
2056 268 2085 289 ³2„
2103 264 2115 285 ἰ

1229 314 1307 350 -tra
1320 302 1809 355 vohmtateaeeonstet‚1ce
1845 299 1883 331 .·‘
1987 299 2027 319 '⁴⁰
2053 302 2064 362 J
2106 333 2141 345 ι.
2161 299 2186 354 ἶ

1240 371 1287 411 In
1305 370 1444 421 legato
1466 372 1617 408 autem
1623 367 1795 408 liberali
1802 379 1893 408 nou
1900 359 2156 428 Qis

1241 431 1329 484 prie
1354 431 1529 470 retrahi
1529 431 1594 471 ab
1617 430 1687 470 illo
1707 429 1912 478 faciendo,
1932 430 2127 484 uide&
2167 452 2178 468 2·

1229 492 1454 545 proposito·
1464 491 1576 532 illudi
1584 491 1789 539 faciendi,
1787 495 1842 531 et
1865 491 1922 532 ite
1943 490 2169 543 ιοῙῑροπῇ
2214 492 2226 495 ”

1239 557 1385 607 peccat
1403 557 1546 593 contra
1577 554 1656 593 hoc
1675 557 1942 605 praeceptum,
1969 552 2193 604 quando(

1238 627 1336 655 rans
1354 619 1555 666 aegrotum
1573 614 1729 654 habere
1748 615 1843 654 tale·
1836 614 2150 666 ·propositum‚
2250 662 2254 668 Α

1239 676 1340 727 petit
1355 679 1401 714 ut
1419 687 1495 715 suo
1512 676 1748 723 conventui,
1759 676 1882 715 verbi
1907 676 2055 728 gratia,
2086 669 2225 722 1
2256 675 2259 690 ³
2320 700 2322 702 -

1238 738 1461 788 relinquat,
1484 737 1596 789 quod
1612 738 1770 777 notavit
1787 738 2013 790 Sylvester,
2032 717 2255 788 Rakoule,
2250 784 2252 788 ¹
2319 734 2321 739 ’

1238 800 1518 852 quaest.15,§
1546 802 1588 841 4.
1610 800 1801 840 Secundo
1831 800 2048 847 adverto,
2037 812 2100 838 ιιι
2097 799 2218 839 ἰΜ
2326 811 2334 842 ·,

1238 860 1374 900 cunda
1393 861 1868 913 parte,tprohibitionem
1889 863 2050 900 tantum
2073 859 2202 899 fieri,
2328 880 2330 882 ·

1236 927 1359 975 pectu
1378 924 1569 963 Ecclesiae
1587 924 1784 972 matricis,
1805 927 1850 963 ut
1872 923 1927 962 ihi
1957 934 2151 974 expresse
2179 938 2197 957 ι
2250 943 2271 980 s'
2327 928 2334 958 .’

1236 989 1317 1029 tur,
1338 997 1414 1036 per
1433 997 1561 1036 quam
1580 997 1725 1024 vocem
1743 983 1991 1023 cathedralis
2011 983 2258 1022 Ecclesia?
2327 982 2335 1029 ζ

1236 1046 1448 1097 telligitur‚
1467 1047 1586 1097 juxta
1610 1057 1704 1096 cap.
1734 1045 1965 1092 Venerabili,
1996 1044 2047 1084 de
2068 1043 2273 1083 Verb.-.„-·
2324 1044 2335 1085 ὣ

1237 1107 1337 1159 gnif.
1354 1109 1402 1146 Et
1416 1107 1510 1146 ideo
1526 1119 1610 1145 non
1635 1109 1698 1146 est
1719 1106 2029 1145 extendendum
2046 1104 2160 1146 illud.
2178 1122 2186 1140 ι
2205 1120 2275 1151 νη

1237 1172 1403 1219 ceptum
1423 1168 1477 1207 ad
1503 1179 1648 1207 omnes
1684 1167 1916 1218 religiosos,
1957 1166 2027 1218 qui
2055 1165 2213 1205 retrah
2235 1169 2277 1208 πῖ·

1235 1232 1454 1269 testatores
1487 1241 1512 1268 a
1542 1229 1872 1280 quibuscumque
1900 1227 2046 1279 legatis
2072 1222 2271 1267 faciendis

1235 1290 1326 1329 aliis
1345 1291 1461 1340 locis,
1483 1291 1547 1330 vel
1567 1291 1772 1342 personis,
1803 1290 1876 1329 sed
1893 1290 1982 1329 sola
2010 1290 2168 1329 ratione
2195 1301 2238 1327 n
2259 1320 2262 1321 ν

1235 1353 1374 1402 turali,
1393 1354 1459 1393 vel
1483 1354 1713 1393 secundum
1734 1353 2063 1405 uniuscujusque
2081 1350 2287 1403 regulam

1235 1413 1288 1455 de
1304 1415 1374 1453 illa
1391 1415 1551 1454 actione
1567 1415 1841 1466 judicandum
1861 1418 1936 1454 est.
2268 1447 2274 1465 4

1287 1477 1330 1516 8.
1354 1476 1468 1515 Alter
1486 1487 1606 1515 casus
1625 1476 1733 1514 illius
1753 1475 1955 1527 legis-est,
1976 1474 2190 1525 neleyata,
2209 1485 2245 1512 v-
2274 1483 2275 1486 ’

1236 1538 1382 1586 debita,
1403 1541 1475 1576 aut
1497 1537 1599 1577 male
1617 1537 1756 1577 ablata
1774 1537 1944 1584 incerta,
1968 1534 2058 1582 sibi,
2083 1538 2155 1574 aut
2171 1533 2271 1574 aliis

1235 1599 1512 1649 sinqularibus
1529 1598 1765 1638 statuminis
1791 1597 2010 1647 fratribus,
2032 1595 2253 1636 velamanen

1236 1662 1363 1710 tibus,
1386 1661 1431 1701 in
1458 1660 1630 1700 aliorum
1660 1659 1943 1713 proejudicz‘um
1967 1657 2063 1705 fieri
2086 1668 2155 1697 eeu
2186 1662 2274 1697 σφω’

1233 1725 1329 1778 yarz'
1345 1727 1572 1774 procurent.
1591 1723 1637 1761 In
1658 1733 1740 1772 quo
1757 1725 1838 1760 duo
1861 1724 1985 1759 etlam
2004 1719 2290 1771 advertiposn
2327 1750 2329 1756 .

1235 1789 1344 1825 sunt.
1366 1784 1547 1823 Primum
1562 1788 1638 1830 est,
1659 1783 1825 1833 quando
1846 1783 1924 1820 hoc
1946 1781 2106 1820 dicatur
2126 1779 2214 1818 fieri
2227 1779 2270 1818 in
2325 1818 2330 1835 ,Ι

1234 1845 1521 1898 praejudicium
1555 1845 1738 1884 alterius.
1778 1845 1883 1883 Nam
1921 1841 2149 1882 Gardinalis
2184 1839 2242 1879 ihi
2251 1868 2275 1888 ,‚
2324 1883 2326 1886 Α

1236 1911 1380 1959 quaest.
1405 1909 1444 1954 5,
1471 1908 1595 1945 sentit
1622 1918 1706 1946 non
1738 1906 1873 1944 solum
1897 1904 1986 1943 fieri
2019 1905 2060 1942 in
2080 1901 2289 1955 praejudi-
2325 1922 2331 1947 5

1236 1969 1361 2015 cium,
1391 1967 1557 2019 quando
1576 1967 1621 2006 fit
1637 1967 1681 2005 in
1701 1964 1910 2017 injuriam,
1935 1973 2078 2004 contra
2099 1964 2141 2002 id
2160 1961 2270 2014 quod
2284 1966 2285 1970 ’
2327 1956 2329 2010 s

1230 2043 1285 2077 ‘ex
1299 2031 1457 2077 justitia
1479 2030 1730 2073 debehatur3
1754 2029 1828 2068 sed
1856 2028 1981 2068 etiam
2011 2027 2178 2075 quando
2207 2038 2285 2066 re-·.

1235 2087 1362 2127 trabit
1387 2090 1627 2126 testatorem
1661 2099 1686 2125 a
1711 2085 1938 2137 proposito,
1959 2087 2072 2136 quod
2090 2085 2286 2138 habehat„
2324 2119 2325 2122 ,

1233 2147 1404 2200 legandi
1415 2148 1546 2195 alteri,
1562 2147 1725 2187 etiamsi
1738 2148 1922 2199 legatum
1940 2158 2027 2185 non
2047 2150 2158 2184 esset
2169 2146 2276 2185 alias*

1232 2209 1435 2251 debitum.
1459 2211 1507 2249 Et
1528 2214 1588 2249 est
1604 2209 1830 2279 probabilis
1847 2208 2064 2260 expositio,
2081 2208 2277 2258 quamvis

1234 2269 1358 2310 nimis
1378 2271 1577 2322 rigorose,
1598 2271 1675 2310 nisi
1696 2270 1924 2310 intercedat
1949 2269 2009 2310 vis
2027 2274 2099 2309 aut
2120 2269 2285 2323 decep-‘-

1236 2333 1307 2381 tio,
1327 2332 1391 2371 vel
1410 2345 1553 2384 preces
1574 2332 1677 2372 adeo
1707 2332 1968 2383 importunae,
2003 2335 2049 2370 ut
2068 2329 2268 2371 coactionf
2276 2350 2285 2363 .-

1236 2395 1560 2446 aequiparentum
1578 2394 1673 2446 quia
1691 2398 1788 2433 tunc
1805 2406 1876 2433 rev
1881 2406 1951 2432 era
1961 2393 2034 2432 fiti
2024 2393 2173 2443 njuria
2189 2397 2271 2432 ter-

1235 2457 1316 2504 tio;
1353 2459 1510 2504 tamen,
1539 2455 1572 2495 si
1603 2456 1716 2494 nulla
1742 2454 1962 2494 intercedit
1980 2454 2154 2506 injuria,
2183 2464 2277 2493 nou

1235 2517 1399 2558 videtur
1421 2518 1463 2556 in
1494 2529 1632 2568 rigore
1661 2516 1752 2557 fieri
1779 2516 2001 2568 persuasio
2036 2515 2079 2555 in
2095 2516 2218 2555 alteri
2242 2531 2274 2549 a<

1232 2579 1536 2631 praejudicium.
1555 2578 1680 2618 *Aliud
1699 2579 1929 2617 notandum
1949 2581 2024 2625 est,
2046 2575 2148 2616 illud
2162 2589 2190 2628 p
2219 2591 2237 2610 ι·

1235 2646 1400 2692 ceptum
1421 2640 1669 2680 solum-ferri
1688 2644 1831 2679 contra
1849 2649 2161 2691 persuasionem
2184 2654 2194 2671 ι

1233 2702 1282 2742 fit
1296 2701 1342 2741 in
1373 2703 1590 2742 utilitatem
1625 2702 1853 2753 propriam,
1882 2700 1945 2740 vel
1978 2700 2155 2751 propriae
2174 2711 2270 2738 r

1237 2764 1385 2817 gionis,
1404 2768 1474 2802 aut
1494 2763 1883 2814 personarum=eJus.
1897 2761 2022 2802 'Unde
2041 2761 2073 2800 si
2090 2760 2187 2800 fiat
2208 2777 2214 2793 ·
2247 2799 2251 2805 ,
2270 2815 2271 2818 ¹
2320 2799 2321 2802 ,

1237 2825 1298 2866 sio
1319 2826 1363 2864 in
1382 2824 1646 2864 commodum
1677 2823 1846 2862 alterius
1872 2822 2072 2870 extranei,
2106 2826 2219 2861 et1.m
2241 2825 2260 2853 ι·

1229 2887 1340 2927 alias
1369 2885 1659 2937 peccaminosa
1686 2885 1751 2932 sit,
1775 2896 1861 2923 non
1894 2884 1970 2923 erit
1992 2886 2136 2923 contra
2166 2883 2176 2891 ⁴
2219 2898 2225 2915 ι
2249 2884 2270 2934 ‚Q

1235 2947 1414 2999 speciale
1428 2951 1693 2997 praeceptum,
1704 2946 1816 2997 quod
1828 2944 2204 2997 specialitenlatum
2215 2963 2229 2977 ω
2247 2940 2266 2987 21⁴

1237 3009 1291 3049 ad
1309 3008 1622 3060 reprimendum
1641 3008 1892 3060 peculiarem
1909 3007 2125 3055 affectum,
2141 3017 2169 3057 q
2207 3022 2213 3038 ³
2233 3020 2264 3058 ‘gg

1229 3069 1417 3121 *religiosi
1437 3070 1489 3108 ad
1516 3081 1574 3116 se,
1590 3070 1657 3109 vel
1680 3069 1734 3109 ad
1747 3080 1846 3108 euos
1860 3067 2216 3118 habere-possum.
2238 3078 2262 3108 r.-

1278 3131 1329 3170 ·9.
1348 3131 1429 3171 Jus
1450 3131 1673 3172 Societatis
1689 3135 1830 3172 contra
1843 3127 2189 3182 neyotiatwnemz
2203 3147 2209 3162 f
2231 3144 2246 3178 g

1222 3196 1367 3235 “torum
1394 3193 1519 3239 latius
1549 3195 1610 3234 est
1648 3203 1768 3245 quam
1791 3201 2006 3232 commune.
2021 3210 2076 3220 —
2088 3189 2132 3229 N
2202 3204 2221 3220 υ

1230 3265 1335 3304 ergo
1362 3253 1567 3293 invenitur
1597 3264 1817 3292 commune
1827 3252 1918 3304 jus,
1939 3250 2051 3303 quod
2074 3253 2209 3295 tam

1235 3315 1420 3354 neralem
1435 3315 1641 3354 contineat
1658 3313 1983 3365 prohibitionem·
1991 3309 2204 3351 faciendi

1224 3375 1414 3429 'jusmodi
1424 3375 1760 3427 persuasionem,
1775 3374 1847 3415 vel
1872 3373 2167 3420 inductionem,

1237 3437 1587 3489 comparationem
1609 3437 1664 3476 ad
1682 3435 1799 3484 alios,
1819 3435 1932 3475 sicut
1948 3433 2026 3474 fit·
2012 3445 2066 3475 m·
2205 3445 2225 3464 *⁶
2246 3475 2247 3478 ,

1235 3498 1639 3550 regulis·Societatis;
1665 3497 1889 3548 inquibus
1915 3495 2048 3550 primo
2066 3510 2084 3525 ι
2138 3507 2229 3523 ·’···“-

1236 3563 1304 3600 tur
1321 3560 1413 3601 fieri
1428 3559 1670 3602 nonxsolum
1687 3555 1928 3601 remae
1961 3553 2172 3598 mm
2234 3581 2246 3595 ,»
2316 3560 2317 3567 ’
