2352 3880
215 279 269 324 rin
276 278 504 320 &obtato
510 277 682 323 ,admitti
691 275 745 316 ad
762 275 993 316 solemnem
1005 283 1107 326 po-

53 350 58 357 ·
131 337 301 382 ‘funem
313 339 527 391 :prix-o,
544 338 752 378 mediante
780 336 917 387 gradu
948 334 1107 374 schola-

144 420 178 436 -n
202 414 216 447 ‚-
239 399 679 440 seeundoimmediate
707 401 802 450 post
836 396 1102 442 novitiamm;

175 462 267 501 1⁴·‘s
288 461 400 501 enim
419 461 500 501 hoc
517 461 654 501 raa-ius
682 459 768 507 fiat,
800 458 900 508 quia
926 468 1021 498 raro
1039 457 1107 496 in-

54 562 58 577 2
119 554 122 557 .
144 525 301 562 '·ntur
333 534 519 574 personae
543 533 634 573 quae
665 519 903 559 immediate
929 519 1010 558 sint
1038 527 1105 557 ca—

6 622 11 627 .
68 606 79 625 2·
119 584 332 623 ..··si11ins
353 583 520 632 gradus,
543 583 609 621 vel
638 593 772 620 causae
797 593 889 631 quae
917 580 971 619 ad
988 578 1104 618 illum

0 637 314 701 &mediate
340 643 651 682 concedendum
674 642 881 692 obligent,
920 644 1104 680 attamen

4 734 11 738 -
64 718 154 761 lm·
167 717 214 745 se
233 716 316 744 non
332 708 552 755 repugnat,
573 715 654 742 nec
673 708 736 742 est
751 703 933 742 alienum
955 702 1008 741 ab
1029 702 1106 740 hec

0 791 44 817 ἐς
79 767 275 809 instituto.
316 766 427 805 Illius
454 777 552 817 ergo
589 765 787 816 temporis
820 762 1104 803 determinatio

0 870 8 877 ¹
62 840 161 871 nun
179 830 266 867 erat
284 828 518 866 necessaria
535 827 676 877 quoad
699 828 878 877 priorem
915 825 1101 871 modum,

54 889 301 940 'mquoad
321 890 434 928 illum
463 890 597 939 posita
630 893 714 936 est;
749 888 845 939 quia
881 887 935 927 ad
965 888 1103 939 ipsum

80 950 251 1004 gradum
290 950 540 989 scholarium
581 951 863 989 necessarium
897 952 960 988 est
1001 945 1105 987 illud

76 1011 231 1054 biennii
249 1015 413 1062 tempus
431 1026 441 1059 3
461 1024 560 1063 ergo
574 1013 704 1051 multo
722 1012 856 1063 magis
876 1011 930 1050 ad
945 1010 1105 1062 profes-

76 1074 234 1114 fiunem
254 1086 345 1124 quae
365 1079 457 1124 post
473 1074 589 1112 illum
609 1074 748 1113 danda
778 1077 852 1112 est.
885 1073 971 1112 Imo
1005 1075 1104 1110 tunc

78 1145 158 1176 m
178 1139 313 1185 potest
330 1135 545 1174 biennium
567 1135 757 1173 sufficere
789 1133 845 1173 ad
880 1132 1104 1184 professio-

23 1242 27 1245 ,
77 1207 170 1236 nem
187 1225 198 1234 .
224 1201 311 1234 tum
333 1197 432 1247 quia
455 1199 620 1247 tempus
639 1195 823 1246 aliquod,
846 1207 983 1244 neque
1004 1193 1105 1232 illud

76 1257 241 1308 quidem
263 1258 474 1309 exiguum,
499 1258 541 1296 in
563 1258 723 1305 litteris,
760 1259 800 1295 et
834 1256 967 1307 gradu
988 1255 1104 1294 scho-

75 1318 222 1358 larium
245 1310 575 1359 consumendum
610 1324 700 1366 est3
728 1323 816 1357 tum
851 1318 974 1357 etiam
1008 1317 1106 1368 quia

77 1379 227 1420 ibidem
250 1381 431 1429 additur,
455 1382 500 1419 in
530 1380 786 1419 scholaribus
821 1379 1105 1418 necessarium

78 1452 167 1481 esse
187 1442 351 1480 tertium
387 1442 642 1492 probationis
662 1453 834 1485 annum,
862 1441 1106 1491 priusquam

65 1502 131 1553 ,nd
147 1502 445 1554 professionem
465 1504 745 1543 admittantur.
768 1503 900 1541 l’osita
924 1514 1023 1551 ergo
1045 1507 1104 1540 est

78 1564 145 1603 iila
162 1564 449 1604 determinatio
475 1577 551 1615 pro
584 1566 647 1604 his
687 1565 756 1615 qui
794 1564 1033 1602 immediate
1054 1563 1107 1602 ad

76 1625 375 1677 professionem
393 1627 623 1665 solemnem
644 1631 739 1665 sunt
753 1625 1014 1672 admittendi,
1029 1628 1108 1663 est-

78 1698 158 1738 que
174 1687 462 1727 determinatio
484 1690 544 1738 (ut
561 1689 619 1727 sic
642 1689 792 1738 dicam)
818 1687 956 1738 quoad
988 1686 1108 1724 mini·

80 1760 208 1794 mum,
229 1761 313 1786 non
329 1749 471 1799 quoad
491 1750 734 1797 maximum,
757 1749 854 1799 quia
876 1749 1029 1787 scilicet
1050 1748 1110 1799 in—

79 1809 139 1849 ἔπι
166 1810 379 1847 biennium
400 1811 538 1849 danda
568 1823 651 1848 non
676 1815 739 1848 est
771 1809 1000 1860 professio;
1023 1819 1107 1846 non

78 1874 217 1910 tamen
237 1882 408 1909 necesse
430 1875 494 1910 est
522 1875 565 1909 ut
594 1871 798 1920 completo
832 1869 998 1908 biennio
1029 1872 1108 1906 sta-

78 1931 151 1971 tim
168 1931 303 1979 detur,
326 1931 398 1969 sed
418 1935 582 1981 tempus
598 1931 698 1969 illud
719 1930 933 1981 prorogari
954 1931 1103 1980 potest,

77 1991 182 2032 utin
197 1993 345 2031 eodem
363 2005 402 2043 p.
427 1995 476 2031 112
497 1993 671 2038 dicitur3
695 1997 736 2031 et
769 1991 908 2042 quoad
940 1991 1017 2029 hoc
1042 2002 1108 2028 ex-

77 2057 251 2094 tremum
268 2055 379 2092 nulla
389 2059 449 2093 est
461 2054 751 2093 determinatio
763 2055 803 2092 in
820 2054 890 2092 tali
904 2058 1105 2103 tempore.

127 2115 166 2155 8.
197 2116 371 2155 Dubiam
392 2117 645 2167 tripartitum
679 2119 816 2155 contra
843 2126 947 2154 nunc
983 2115 1106 2154 dicta.

77 2196 131 2208 -·-
147 2177 376 2227 Utrumque
395 2190 494 2217 vero
522 2177 648 2216 habet
663 2178 908 2216 nonnullam
934 2176 1109 2215 difficul-

78 2241 204 2278 tatem
236 2238 278 2276 in
298 2238 665 2278 Constitutionibus
704 2239 818 2285 ipsis.
842 2239 945 2273 Nam
967 2234 1109 2284 impri-

78 2298 157 2338 mis
176 2303 291 2350 parte
320 2300 478 2349 quinta,
498 2309 589 2347 cap.
610 2298 651 2342 Ξ,
674 2295 699 2347 ξ,
732 2298 773 2342 3,
802 2295 856 2334 ad
887 2295 1109 2346 professio—

79 2370 174 2400 nem
195 2361 423 2398 solemnem
448 2358 573 2396 trium
609 2360 799 2396 votorum
839 2358 1108 2407 requiruntur

23 2460 26 2463 ,
80 2420 132 2458 ad
153 2420 371 2457 minimum
393 2423 551 2470 septem
571 2419 669 2457 anni
696 2419 907 2469 religionis
927 2419 1107 2458 Societa-

82 2481 146 2527 tiS‚
168 2481 211 2520 in
229 2481 368 2531 quibus
389 2492 559 2533 persona
580 2484 675 2519 nota
695 2480 786 2527 fiat,
809 2484 846 2520 et
867 2492 944 2518 aon
961 2480 1109 2518 medio-

81 2552 185 2582 crem
221 2542 285 2580 mi
323 2541 464 2580 talenti
492 2552 538 2581 ac
564 2541 761 2580 virtutum
790 2541 1110 2588 satisfactionem

80 2603 126 2641 in
142 2614 189 2642 ea
219 2603 391 2652 proeboat
405 2617 422 2647 ,·
439 2614 539 2654 ergo
579 2602 708 2640 multo
729 2602 863 2652 magis
887 2601 1110 2651 requiritur

80 2662 191 2703 idem
212 2663 473 2713 septennium
511 2663 564 2702 ad
598 2663 896 2714 professionem
932 2667 1111 2712 quatuor

82 2728 301 2771 votornm3
332 2737 431 2776 ergo
468 2736 553 2763 non
588 2727 698 2763 recte
734 2726 970 2773 assignatur
996 2725 1110 2762 bien-

84 2785 197 2825 n‘um
229 2798 304 2837 pno
337 2787 506 2824 minimo
530 2790 727 2836 tempore.
766 2786 941 2826 Aliunde
970 2788 1110 2824 autem

85 2846 244 2887 uidetur
266 2859 342 2885 nee
363 2847 576 2886 biennium
602 2859 693 2886 esse
731 2847 971 2893 minimum3
1012 2857 1112 2884 nam

87 2907 375 2947 fflnddiminui
398 2913 546 2959 potest,
581 2912 625 2946 ut
661 2909 808 2947 dicitur
842 2909 883 2946 in
925 2908 1113 2946 declara—

45 3002 48 3006 .
86 2969 202 3021 tiones
225 2981 312 3020 cap.
337 2972 357 3009 1
393 2970 548 3020 quintae
587 2970 715 3021 partis
749 2970 1109 3014 Constitutionum‚

86 3031 146 3073 h‘t.
163 3031 207 3070 C.
230 3031 415 3082 Denique
445 3042 495 3070 ex
511 3030 595 3070 alio
615 3032 748 3082 capitae
786 3032 950 3070 videtur
985 3031 1030 3069 in
1062 3041 1113 3069 eo

19 3130 22 3132 .
44 3095 45 3098 ’
88 3104 202 3140 casu,
220 3093 261 3131 in
277 3104 363 3143 qno
387 3094 452 3133 hic
469 3094 671 3133 terminus
703 3106 778 3145 pro
805 3094 978 3133 minimo
1012 3093 1114 3132 assi-

43 3154 50 3159 “
90 3158 254 3204 gnatum,
275 3154 428 3193 debere
447 3167 540 3194 esse
556 3156 783 3194 maximum
803 3168 814 3201 ς
836 3155 934 3205 quia
946 3154 1114 3205 quando

90 3225 268 3266 persona
283 3215 376 3254 talis
409 3220 486 3258 est,
507 3219 553 3255 ut
571 3217 808 3255 immediate
831 3220 924 3266 post
942 3216 1114 3254 novitia-

89 3278 178 3315 tum
212 3276 340 3326 possit
357 3287 450 3315 esse
467 3277 602 3328 digna
636 3277 904 3328 professionis
936 3281 1109 3327 quatum

91 3339 297 3385 uotorum,
322 3336 411 3386 jam
438 3348 521 3376 non
552 3343 618 3377 est
638 3344 770 3390 capax
800 3343 931 3378 status
961 3338 1116 3378 schola-

76 3396 232 3445 *rium;
254 3397 502 3452 supponitur
519 3398 637 3437 enim
666 3400 712 3438 in
749 3401 896 3439 litteris
928 3400 1026 3438 satis
1055 3400 1119 3438 in

53 3460 263 3505 >Nemota
280 3470 358 3497 nec
396 3458 522 3497 debet
543 3458 651 3498 ultra
681 3460 897 3500 biennium
928 3462 970 3500 in
1006 3462 1119 3500 nuvi-

39 3543 41 3545 -
62 3533 68 3555 e
93 3518 200 3566 futu
215 3519 422 3566 detineri;
439 3531 542 3570 ergo
573 3520 699 3560 debet
724 3523 863 3563 statim
879 3525 972 3575 post
1003 3522 1120 3564 bien·

8 3593 24 3604 ³
51 3601 59 3609 ·
97 3579 281 3623 &aad
297 3581 598 3634 professionem
617 3581 793 3622 admitti.

91 3747 198 3854 ὅ

696 0 1226 141 ἭῇὲέξῖἶῖῗῗξίἧῬᾸῃ
1266 0 1294 67 ᾗ
1327 2 1354 58 ’,

329 191 339 206 “
423 238 425 240 .
485 213 579 248 ω».
601 214 628 248 ι
646 212 709 250 m
724 209 945 248 moresne
959 196 1253 246 rammam
1272 208 1405 244 nm
1425 209 1498 244 nm
1514 208 1785 245 manaa-un.

1206 275 1253 314 9.
1285 274 1515 325 Expedi-m
1527 274 1666 325 prima
1681 283 1783 325 pare
1806 267 1934 314 m.
1962 290 2020 303 —-
2041 270 2187 312 ‘Pi'mn

1157 345 1255 386 pars
1279 334 1551 373 dubitationis
1585 333 1844 386 expedienda
1865 336 1929 372 est
1960 340 2014 374 ex
2034 331 2188 375 distin-T

1159 397 1294 435 ctione
1309 395 1406 435 data
1428 395 1477 434 in
1493 406 1670 434 numero
1689 395 1868 447 septimo
1894 394 1948 434 de
1967 394 2187 434 transitu-n

1158 458 1359 496 novitiatu
1376 454 1431 494 ad
1449 454 1764 505 professionem,
1798 456 1996 500 mediato,
2018 455 2090 496 vei
2102 455 2188 495 im·

1157 517 1354 557 mediato.
1387 515 1560 554 Videtur
1604 516 1716 554 enirn
1760 515 1863 555 mihi
1898 517 1943 555 in
1986 516 2058 556 illo
2094 516 2187 556 loen

1157 579 1309 630 quintae
1326 577 1454 629 partis
1472 577 1819 616 Constitutionum
1846 578 2041 629 supponi,
2059 578 2190 619 nemi-

1157 651 1271 690 nem,
1290 639 1501 681 seovmdam
1525 638 1774 677 ordinariam
1805 637 1940 689 leqem,
1971 640 2189 680 admitten-

1152 702 1258 741 dum
1293 712 1385 739 esse
1416 699 1472 740 ad
1507 698 1805 750 professionem
1834 698 1958 737 trium
1994 706 2186 743 votorum

1157 762 1396 803 immediate
1414 764 1513 812 post
1526 759 1785 807 novitiatum,
1813 759 1887 798 sed
1916 763 2010 809 post
2029 760 2188 802 diutur-

1158 835 1254 863 nam
1273 822 1560 874 probationem
1570 821 1614 859 in
1632 820 1763 871 gradu
1777 819 2026 860 scholarium
2042 833 2053 868 ;
2071 826 2112 861 et
2130 824 2188 863 ita

1157 885 1277 925 facile
1309 884 1550 924 conciliatur
1568 883 1636 921 ille
1670 883 1786 921 locus
1806 893 1901 921 cum
1920 882 2018 930 alio,
2041 884 2111 933 qui
2135 885 2190 925 ad

1157 947 1375 987 minimum
1392 944 1566 995 requirit
1583 948 1745 983 tantum
1765 943 1979 982 biennium
1994 956 2006 991 ;
2027 957 2127 984 nam
2146 946 2191 986 in

1158 1019 1241 1047 uno
1277 1011 1339 1046 est
1377 1018 1515 1045 sermo
1539 1006 1590 1044 de
1613 1006 1787 1044 transitu
1817 1006 2014 1055 mediato,
2038 1007 2082 1046 in
2110 1007 2191 1048 alio

1158 1082 1255 1110 vero
1274 1070 1325 1108 de
1348 1068 1602 1114 immediato,
1630 1072 1671 1106 et
1692 1072 1998 1118 consequenter
2032 1068 2076 1108 in
2106 1081 2192 1110 uno

1160 1137 1221 1172 est
1239 1144 1375 1171 sermo
1389 1142 1611 1182 expressus
1626 1131 1677 1169 de
1696 1130 1955 1180 professione
1975 1131 2100 1171 trium
2119 1143 2192 1172 vo-

1158 1199 1310 1241 torum,
1337 1206 1382 1232 111
1411 1193 1493 1231 alio
1528 1204 1643 1239 vero,
1679 1191 1776 1230 licet
1810 1203 1895 1230 non
1920 1193 2192 1244 exprimatur,

1157 1260 1299 1295 tamen
1327 1266 1458 1294 unum
1496 1254 1632 1292 locum
1660 1265 1739 1304 per
1766 1253 1894 1292 alium
1925 1253 2192 1304 declarando,

1161 1330 1298 1359 sermo
1320 1322 1381 1357 est
1400 1317 1452 1357 de
1468 1316 1726 1367 professione
1747 1319 1926 1366 quatuor
1941 1321 2147 1357 votorum.

1215 1383 1279 1420 10.
1313 1380 1398 1420 Car
1415 1378 1614 1430 professio
1637 1382 1810 1430 quatuor
1829 1382 2012 1418 votorum
2025 1379 2119 1430 fieri
2143 1378 2195 1418 22·-

1160 1447 1242 1483 ceat
1259 1445 1349 1493 post
1366 1442 1579 1486 biennium,
1597 1452 1674 1479 non
1697 1451 1786 1479 vero
1801 1440 1940 1479 trium.
1955 1462 2005 1469 —-
2023 1440 2072 1479 Et
2091 1440 2196 1480 ratio

1161 1502 1400 1543 differentiae
1418 1501 1534 1540 reddi
1558 1505 1691 1551 potest
1709 1502 1939 1540 sufficiens:
1961 1514 2056 1540 nam
2069 1513 2194 1553 quan-

1161 1565 1214 1604 do
1234 1565 1400 1614 aliquis,
1423 1564 1476 1602 ob
1492 1575 1683 1614 personae
1704 1563 1984 1602 conditionem
2013 1567 2055 1603 et
2073 1575 2196 1615 pecu-

1163 1627 1277 1665 liaria
1295 1627 1420 1674 dona,
1443 1625 1726 1664 admittendus
1748 1629 1810 1665 est
1829 1628 1922 1676 post
1954 1626 2200 1666 novitiatum

1163 1688 1401 1726 immediate
1420 1687 1472 1725 ad
1496 1687 1815 1737 professionem,
1837 1687 1931 1726 talis
1949 1699 2040 1726 esse
2059 1688 2199 1737 debet,

1164 1754 1209 1787 ut
1227 1750 1280 1786 ad
1302 1749 1603 1798 professionem
1643 1753 1824 1796 quatuor
1853 1754 2043 1787 votorum
2076 1749 2200 1799 digne

1165 1810 1290 1860 possit
1307 1808 1489 1853 admitti;
1508 1810 1549 1846 et
1565 1808 1675 1855 ideo,
1691 1807 1788 1846 licet
1803 1808 2004 1858 professio
2022 1815 2200 1860 quatuor

1163 1876 1351 1909 votorum
1398 1869 1564 1919 dignior
1601 1869 1679 1916 sit,
1724 1869 1995 1908 nihilominus
2036 1870 2200 1912 facilius

1162 1931 1208 1970 fit
1240 1930 1438 1970 transitus
1468 1930 1522 1968 ad
1548 1929 1660 1967 illam
1694 1929 1933 1969 immediate
1962 1936 2059 1982 post
2087 1933 2202 1971 novi·

1162 1993 1309 2032 tiatum
1324 2022 1337 2040 ,
1367 2003 1492 2041 quam
1529 1990 1583 2029 ad
1627 1991 1927 2041 professionem
1967 1991 2093 2032 trium
2132 2004 2200 2032 vo-

1163 2059 1314 2093 torum.
1361 2053 1447 2091 Hac
1497 2064 1598 2101 ergo
1632 2052 1792 2091 ratione
1824 2052 2070 2104 designatur
2110 2067 2200 2106 sep-

1164 2116 1367 2161 tennium,
1402 2118 1448 2152 ut
1474 2113 1693 2151 minimum
1725 2119 1890 2164 tempus
1919 2117 2201 2156 necessarium

1164 2177 1218 2213 ad
1250 2175 1553 2224 professionem
1578 2173 1703 2210 trium
1737 2179 1945 2221 votorum,
1979 2178 2076 2227 quia
2106 2190 2202 2229 sup-

1163 2235 1331 2287 ponitur
1367 2246 1583 2284 nunquam
1622 2234 1711 2272 fieri
1746 2234 1986 2276 immediate
2018 2245 2111 2287 post
2130 2251 2203 2278 no-

1163 2297 1366 2337 vitiatum.
1406 2294 1497 2334 Dixi
1528 2299 1667 2334 autem
1709 2298 1919 2336 secandum
1956 2297 2203 2341 ordinariam

1166 2359 1313 2408 leqem,
1346 2357 1445 2407 quia
1480 2356 1533 2395 ob
1561 2356 1883 2396 accidentariam
1914 2370 2084 2399 causam
2131 2374 2203 2400 ex·

1164 2419 1401 2464 trinsecam‚
1426 2418 1559 2468 qualis
1589 2421 1651 2456 est
1671 2421 1730 2467 (ut
1752 2430 1875 2469 supra
1897 2449 1908 2466 ‚
1929 2433 2046 2460 num.
2075 2422 2115 2467 4,
2145 2423 2202 2463 di-

1166 2479 1322 2523 cebam)
1344 2480 1550 2518 successio
1576 2479 1622 2517 in
1646 2480 1868 2530 majoratu,
1902 2483 2106 2531 contingit
2142 2485 2201 2523 in-

1166 2542 1328 2581 terdum
1346 2542 1526 2592 aliquem
1557 2542 1795 2581 immediate
1827 2548 1920 2594 post
1954 2546 2202 2586 novitiatum

1167 2603 1326 2642 admitti
1350 2603 1403 2641 ad
1435 2604 1735 2653 professionem
1765 2604 1890 2643 trium
1917 2610 2127 2653 votorum,
2161 2611 2203 2650 et

1167 2669 1262 2703 tunc
1288 2663 1447 2702 clarum
1481 2668 1542 2702 est
1568 2676 1651 2702 non
1676 2676 1766 2703 esse
1789 2667 2090 2715 expectandum
2107 2681 2203 2722 sep-

1164 2726 1368 2770 tennium,
1383 2725 1479 2774 quia
1498 2726 1575 2763 hoc
1595 2731 1848 2776 repugnaret
1870 2730 2032 2778 urgenti
2052 2742 2203 2770 neces-

1167 2788 1290 2836 sitati,
1315 2791 1484 2838 propter
1502 2800 1627 2838 quam
1645 2792 1876 2828 maturatur
1894 2790 1965 2829 illa
1981 2792 2200 2841 professio.

1220 2852 1284 2889 11.
1318 2849 1551 2900 Empeditur
1581 2850 1751 2889 secunda
1778 2863 1894 2901 pars.
1913 2870 1969 2882 —
1991 2853 2114 2893 Ratio
2136 2864 2205 2898 ca·-

1165 2911 1280 2952 nonis
1298 2910 1438 2950 docimi
1459 2911 1503 2948 in
1519 2911 1660 2962 quinta
1681 2910 1993 2964 Cowqreyatione
2016 2915 2129 2955 editi.
2149 2935 2205 2947 -—·

1169 2972 1230 3012 Ad
1246 2970 1472 3010 secundam
1495 2975 1653 3022 partem
1682 2972 1952 3012 dubitationis
1976 2975 2206 3026 responde-

1169 3033 1392 3080 turufacile,
1420 3031 1636 3070 biennium
1670 3034 1870 3085 assignari
1911 3040 1956 3075 ut
1985 3038 2205 3076 minimum

1169 3099 1333 3145 tempus
1351 3094 1638 3132 necessarium
1669 3096 1720 3133 ad
1757 3097 2058 3148 professionem
2093 3110 2143 3138 ex
2164 3099 2207 3139 vi

1169 3156 1339 3207 reguIae,
1362 3156 1427 3194 cui
1443 3168 1527 3194 non
1545 3162 1751 3208 repugnat
1775 3159 1886 3209 quod
1905 3172 1979 3210 per
1990 3161 2208 3211 dispensa·

1171 3217 1323 3256 tionem
1365 3217 1577 3268 Praepositi
1614 3218 1826 3258 Generalis
1867 3222 1995 3271 possit
2040 3227 2206 3272 tempus

1168 3278 1271 3317 illud
1290 3280 1489 3317 coarctari
1511 3292 1520 3326 ;
1552 3284 1594 3318 et
1615 3280 1695 3319 hoc
1717 3285 1779 3320 est
1807 3282 1918 3332 quod
1937 3283 1978 3320 in
2010 3283 2206 3333 praedicta

1172 3340 1451 3380 declaratione
1470 3341 1634 3381 dicitur.
1671 3343 1742 3382 Est
1769 3348 1909 3382 autem
1943 3344 2205 3382 animadver-

1173 3403 1288 3441 sione
1309 3402 1498 3453 dignum,
1521 3404 1717 3454 quodlib.
1740 3406 1780 3450 2,
1794 3417 1830 3443 c.
1847 3407 1887 3451 4,
1901 3415 2073 3442 numero
2093 3414 2204 3443 nono

1173 3463 1399 3514 attigimus,
1422 3464 1465 3502 in
1483 3464 1814 3516 Congregatione
1835 3465 1977 3514 quinta
2001 3463 2203 3514 generali,

1173 3536 1320 3564 canon.
1351 3527 1422 3572 10,
1446 3530 1642 3564 statutum
1663 3538 1769 3572 esse,
1792 3524 1960 3562 utnullo
1975 3535 2072 3563 casu
2093 3535 2204 3566 exer-

1174 3594 1270 3626 cere
1286 3587 1409 3626 liceat
1426 3587 1664 3626 facultatem
1686 3583 1952 3636 dispensandi
1977 3584 2023 3624 in
2043 3590 2205 3629 contra·

1364 3737 1386 3756 Q
