2352 3880
211 251 347 313 potest
360 271 412 300 an
435 259 625 311 expediat
642 260 722 300 hoc
738 260 892 300 munus
915 271 994 311 per
1007 258 1101 299 illos

71 327 83 372 j
96 309 125 357 'ss
134 313 295 363 ''strar-i
311 325 351 360 et
369 322 567 362 exerceri.

30 381 42 392 “
99 377 171 429 Β.
199 382 402 424 Probatur
426 384 556 435 quoad
573 384 799 435 profeetmn
822 383 867 423 in
896 385 990 435 ipsa
1012 384 1102 426 doo-

75 441 202 488 Ἑλα.
224 444 340 483 -In
377 456 459 495 quo
492 456 637 484 rursus
677 443 963 496 subdistinguo
997 444 1099 485 illud

71 500 207 614 ξω
232 505 403 544 verbum
434 504 641 556 expedia&
658 508 796 556 potest
816 506 925 544 enim
946 506 1098 557 inquiri

121 552 124 553 ⁷
155 566 346 618 expediat
376 565 474 616 ipsis
499 566 660 616 pueris,
690 567 759 617 qui
789 566 966 606 docendi
984 571 1094 616 sunt,

15 666 18 668 .
72 626 140 677 In]
165 641 216 668 an
245 627 434 679 expediat
458 627 557 677 ipsis
576 628 800 679 religiosis,
836 629 904 679 qui
936 629 1094 668 docturi

72 692 178 745 p'rmt.
209 689 258 727 Et
291 689 333 727 in
357 689 490 738 primo
519 688 687 739 quidem
719 701 844 728 sensu
871 702 939 729 res
973 690 1096 729 etiam

60 750 294 797 ¹certissima
319 753 394 788 est.
408 748 509 787 illud
529 762 620 789 esse
635 751 753 790 valde
772 752 1012 802 expediens,
1035 763 1097 790 se-

24 855 25 858 *
70 812 247 856 ‘nundum
272 822 318 849 se
344 815 385 850 et
413 823 462 850 ex
482 822 556 850 suo
585 824 739 862 genere
765 818 1008 863 spectatum.
1034 812 1097 852 Ad

67 873 179 929 quod
195 873 563 912 demonstrandum
582 874 997 914 animadvertendum
1017 878 1094 924 est,

63 934 150 979 ¹duo
181 945 304 984 posse
338 935 379 972 in
413 935 491 974 hac
521 935 759 986 disciplina,
795 940 836 975 et
870 947 1096 988 puerorum

0 1009 8 1023 *v
64 994 310 1040 mlucatione
331 996 586 1036 considerari
616 1009 625 1036 :
647 1009 778 1036 unum
807 1001 870 1036 est
889 997 1096 1048 profectus

67 1055 111 1099 in
127 1055 215 1108 ipsa
234 1056 441 1106 doctrina3
463 1058 573 1096 aliud
596 1063 658 1098 est
673 1060 770 1104 vita,
794 1070 867 1097 seu
888 1058 989 1096 honi
1009 1070 1097 1096 mo-

66 1128 148 1167 res,
162 1118 231 1168 qui
248 1119 368 1156 simul
386 1131 478 1157 cum
501 1120 588 1170 ipsa
609 1120 796 1158 doctrina
812 1119 1094 1159 addiscuntur.

67 1179 116 1223 Et
126 1182 348 1230 utrumque
366 1181 540 1218 multum
559 1180 711 1230 pendet
732 1192 782 1218 ex
797 1181 981 1231 magistri
997 1193 1097 1232 qua-

65 1240 245 1283 litatibus
263 1253 335 1279 seu
351 1241 527 1280 dotibus.
547 1241 627 1280 Sed
644 1241 824 1292 primum
843 1242 977 1291 magis
998 1254 1079 1293 pen

65 1301 135 1343 det
158 1314 205 1341 ex
237 1302 422 1340 doctrina
458 1306 498 1341 et
532 1303 763 1341 eruditione
803 1304 1013 1353 magistri;
1046 1315 1098 1341 cx

65 1375 146 1416 quo
175 1364 308 1414 capite
339 1375 486 1415 parum
507 1363 632 1402 refert
663 1364 777 1402 illum
811 1375 902 1402 esse
933 1363 1096 1413 religio-

64 1436 155 1466 sum
191 1430 260 1463 aut
295 1426 523 1463 secularem
542 1454 556 1472 ‚
592 1425 750 1475 justum
786 1424 850 1463 vel
880 1425 1094 1474 iniquum3

63 1487 159 1539 quia
178 1491 309 1537 potest
340 1486 537 1525 secularis
562 1488 603 1525 et
632 1486 799 1537 iniquus
821 1487 1021 1525 excedere
1051 1487 1095 1524 in

62 1548 294 1589 eruditione
323 1553 363 1586 et
382 1548 583 1595 doctrina,
607 1553 652 1586 ut
671 1560 746 1598 per
767 1560 810 1587 se
830 1552 956 1598 patet.
979 1548 1094 1586 Nihi-

61 1610 240 1651 lominus
260 1614 416 1658 tamcn,
446 1609 542 1660 quia
563 1609 772 1659 profectus
802 1609 990 1659 discipuli
1012 1621 1096 1647 non

61 1673 216 1726 pendet
230 1674 388 1711 tantum
410 1684 459 1710 ex
473 1672 639 1710 scientia
660 1671 845 1723 magistri
865 1672 1096 1711 secundum

63 1746 123 1781 se,
145 1734 219 1773 sed
241 1738 283 1772 ut
305 1734 509 1785 applicata
531 1733 584 1771 ad
605 1733 838 1772 docendum
865 1734 1002 1784 ipsum
1020 1764 1030 1779 ,
1053 1733 1096 1771 id

62 1799 127 1838 est
145 1808 195 1836 ex
214 1809 312 1835 cura
333 1800 372 1834 et
390 1796 661 1835 sollicitudine
680 1797 840 1846 integre
860 1801 900 1835 et
914 1796 1095 1847 perfecte

62 1857 259 1908 implendi
289 1870 441 1895 munus
461 1869 594 1904 suum,
622 1870 707 1897 non
728 1858 781 1896 ad
810 1862 1009 1907 quaestum
1031 1857 1096 1895 vel

63 1919 394 1966 ostentationem,
430 1919 502 1957 sed
539 1919 592 1957 ad
621 1919 837 1957 utilitatem
873 1918 1094 1968 discipuli,

61 1980 154 2021 ideo
175 1992 225 2019 ex
241 1979 318 2018 hac
338 1983 453 2030 parte
472 1980 649 2018 multum
669 1980 794 2019 refert
811 1979 892 2018 vita
926 1984 966 2018 et
985 1979 1095 2018 bona

51 2041 313 2097 ‚conscientia
334 2041 600 2092 p1aeceptoris
629 2041 752 2079 etiam
782 2041 835 2080 ad
863 2041 1098 2091 profectum

61 2102 305 2143 litterarium
332 2102 545 2153 discipuli3
570 2114 669 2150 ergo
699 2103 752 2141 ob
786 2103 978 2141 eamdem
999 2115 1098 2141 cau-

63 2176 151 2205 sam
169 2165 383 2216 religiosus
397 2169 525 2204 status
539 2166 805 2217 praeceptoris
829 2179 878 2204 ex
899 2178 942 2204 se
960 2169 1097 2216 potest

61 2227 235 2266 multum
260 2227 447 2266 conferre
468 2227 520 2265 ad
540 2228 753 2266 meliorem
780 2227 1095 2266 instructionem

61 2299 302 2341 puerorum,
326 2289 450 2327 etiam
471 2289 609 2338 quoad
629 2289 843 2328 utilitatem
870 2293 908 2327 et
938 2288 1095 2339 profec-

61 2353 150 2389 tum
170 2350 420 2397 litterarum3
450 2362 548 2388 nam
568 2350 729 2389 ratione
763 2355 893 2389 status
923 2350 1094 2400 diligen-

61 2412 187 2451 tiores
203 2415 242 2449 et
259 2411 466 2450 fideliores
482 2424 571 2451 esse
593 2412 745 2451 dehent
764 2413 805 2450 in
826 2424 900 2450 suo
922 2423 1091 2450 munere

62 2473 312 2525 praestando,
344 2485 391 2511 ac
422 2474 545 2512 etiam
577 2475 709 2525 magis
738 2474 887 2524 integri
921 2477 961 2512 et
982 2473 1095 2511 inde-

63 2535 307 2586 pendentes,
328 2534 360 2572 si
381 2534 433 2573 ab
455 2535 565 2585 ipsis,
587 2547 691 2585 quos
712 2535 920 2583 erudiunt,
943 2535 1095 2585 stipen-

63 2596 177 2636 dium
209 2607 292 2634 non
322 2597 544 2647 accipiant,
569 2597 679 2636 unde
706 2597 875 2635 tandem
894 2626 903 2643 ,
927 2597 1024 2646 quia
1045 2607 1095 2634 ex

63 2657 260 2697 charitate
285 2657 386 2695 illud
404 2657 572 2703 f.··.ciuut,
600 2662 640 2697 et
660 2659 868 2706 omnibus,
893 2662 932 2696 et
956 2657 1097 2707 singu-

63 2717 128 2766 lis,
148 2730 222 2769 pro
241 2722 365 2769 captu
389 2719 739 2771 uniuscujusque,
759 2719 957 2770 prodesse
979 2731 1096 2758 cura-

63 2777 181 2823 bunt.
214 2780 491 2831 Praeterquam
512 2781 624 2832 quod
644 2785 812 2832 propter
844 2781 970 2819 vitam
1006 2780 1095 2818 aliis

66 2841 174 2881 euris
194 2846 234 2880 et
250 2842 593 2882 sollicitudinibus
615 2843 804 2889 liberam,
827 2843 960 2894 magis
982 2842 1024 2880 in
1046 2854 1094 2880 eo

64 2913 237 2942 munere
253 2904 440 2943 laborare
456 2908 649 2956 possunt3
666 2904 773 2943 addo
794 2905 916 2943 etiam
934 2904 1094 2942 ratione

63 2964 252 3016 ‘ejusdem
274 2969 402 3004 status
419 2966 579 3005 facilius
597 2978 719 3017 posse
737 2965 979 3004 melioribus
999 2976 1096 3004 con-

60 3025 166 3065 “siliis
185 3026 259 3071 uti,
281 3027 405 3066 etiam
434 3028 477 3066 in
503 3029 682 3079 ipsamet
712 3027 874 3067 ratione
906 3026 1093 3074 docendi,

12 3111 14 3114 -
69 3098 162 3127 cum
197 3088 344 3138 majori
379 3089 513 3128 fructu
551 3090 870 3140 discipulorum3
902 3088 954 3127 ad
986 3087 1098 3139 quod

6 3165 14 3202 j
66 3148 195 3187 'etiam
213 3149 372 3188 facilius
391 3155 562 3201 possunt
586 3155 627 3191 et
655 3151 731 3190 sibi
752 3154 793 3190 et
809 3149 1020 3201 discipulis
1041 3149 1099 3188 di-

4 3231 11 3269 }
69 3208 210 3248 vinum
233 3210 428 3249 auxilium
448 3212 682 3263 impetrare.

124 3270 166 3310 ⁴.
198 3271 343 3311 Deinde
380 3275 506 3323 quoad
533 3278 749 3326 profectum
768 3276 812 3315 in
844 3275 1101 3316 moribus.—

12 3326 28 3349 “’
72 3329 241 3382 Majoris
257 3336 396 3372 autem
415 3336 613 3375 momenti
639 3341 700 3376 est
719 3336 928 3387 profectus
949 3337 991 3374 in
1011 3349 1101 3375 mo-

8 3391 27 3426 s
63 3392 204 3438 *ribuffi
228 3393 297 3443 qui
318 3393 510 3434 facillime
529 3396 571 3434 in
589 3408 638 3436 ea
657 3401 776 3437 oetate
791 3398 1096 3449 imprimuntur.

0 3674 30 3692 Ι

0 3695 36 3762 ’ΞΣ

56 3451 125 3514 JEt
141 3453 194 3492 ad
219 3455 327 3492 hunc
353 3455 582 3506 profectum
609 3459 958 3509 quamplurimum
978 3459 1104 3499 refert

75 3513 158 3554 vita
175 3518 215 3554 et
233 3516 472 3566 religiosum
502 3517 733 3557 institutum
760 3519 1040 3571 praeceptoriS,
1059 3523 1105 3560 ut

72 3570 160 3631 flate
190 3580 339 3617 tractat
369 3578 590 3626 Rihaden„
613 3578 686 3620 lib.
709 3580 750 3629 3,
771 3579 822 3621 de
857 3581 903 3619 B.
929 3580 1102 3632 Ignafio,

387 193 476 228 ΩΑΡ.
499 193 539 228 V.
562 193 619 227 AN
637 192 858 228 romonum
876 164 1403 229 ERUDITI⁰OENVENOENTER
1424 196 1504 230 Pt-:R
1524 197 1775 238 nenlctosos,
1800 198 1888 232 mc.

1157 272 1246 311 cap.
1292 261 1448 301 ultimo.
1474 262 1624 310 Primo,
1655 264 1816 304 ratione
1848 265 2041 316 exempli,
2075 269 2188 316 quod

1154 321 1334 360 maxime
1360 330 1526 362 movere
1548 324 1679 374 solet3
1701 329 1742 364 et
1769 325 1865 364 ideo
1885 325 2019 376 qualis
2036 327 2188 376 magis-

1152 383 1218 421 ter
1237 387 1312 431 est,
1332 383 1437 422 tales
1463 383 1693 423 educantur
1731 386 1935 438 discipuli,
1958 388 2188 439 praesertim

1153 443 1194 482 in
1216 456 1263 483 ea
1297 448 1418 484 aetate
1447 457 1540 495 quae
1573 446 1640 484 vix
1668 450 1806 497 potest
1838 449 1948 488 inter
1968 450 2125 489 bouum
2145 453 2188 490 et

1152 505 1307 543 malum
1328 506 1590 551 discernere3
1614 510 1654 544 et
1679 507 1773 546 ideo
1801 510 1907 548 actio
1929 511 2130 562 magistri,
2151 511 2184 551 si

1149 565 1257 604 mala
1278 567 1343 614 sit,
1367 572 1428 606 est
1441 567 1641 617 discipulo
1658 569 1846 617 quaedam
1864 571 2028 609 licentia
2043 572 2182 620 tacita,

1148 627 1213 666 vel
1233 628 1369 678 potius
1389 630 1578 668 excitatio
1601 629 1654 667 ad
1674 641 1770 667 eum
1790 630 2052 672 imitandum.
2087 635 2185 673 Pro-

1150 692 1242 740 pter
1267 690 1379 739 quod
1413 690 1512 729 dixit
1544 689 1726 738 Boetius,
1745 691 1786 729 in
1806 695 1979 730 tractatu
2018 695 2186 734 schola-

1150 750 1283 789 rium:
1308 751 1437 791 Nulla
1455 765 1519 791 res
1535 756 1594 791 est
1614 752 1747 801 maffia
1763 754 1987 804 perniciosa
2010 755 2185 807 dsscipu-

1149 811 1204 857 lo,
1220 823 1338 863 quam
1358 813 1443 851 vita
1461 814 1652 864 maqiscri
1667 813 1962 852 contumeliosa.
1976 814 2182 864 Secundo,

1153 873 1309 912 ratione
1333 873 1586 921 intentionis,
1611 878 1652 912 et
1682 873 1892 912 industriae
1929 886 2022 924 quae
2057 887 2107 913 ex
2136 888 2186 916 ea

1152 934 1360 979 nascitur;
1383 947 1479 972 nam
1495 935 1712 985 religiosus
1732 940 1959 985 praeceptor
1975 937 2108 987 magis
2125 937 2187 975 iun

1150 994 1282 1034 tendit
1302 995 1454 1033 bonam
1475 996 1762 1034 educationem
1786 997 1903 1047 pueri
1924 997 1965 1034 in
1983 998 2184 1045 moribus,

1155 1067 1280 1106 quam
1314 1057 1355 1094 in
1393 1057 1594 1106 doctrina,
1621 1062 1662 1096 et
1693 1057 1787 1096 ideo
1823 1058 2022 1108 quidquid
2053 1062 2189 1108 potest

1153 1129 1302 1168 pravos
1339 1130 1477 1156 mores
1511 1119 1677 1167 docere,
1699 1119 1765 1157 vel
1787 1119 1828 1157 in
1858 1119 2044 1169 ipsismet
2072 1119 2188 1158 libris

1152 1179 1355 1230 legendis,
1373 1180 1438 1218 vel
1459 1180 1500 1217 in
1534 1192 1797 1230 quacumque
1821 1193 1947 1231 prava
1975 1181 2185 1230 societate,

1155 1244 1222 1279 aut
1242 1241 1332 1279 aliis
1358 1241 1595 1290 hujusmodi
1624 1242 1748 1280 rebus
1777 1242 1995 1288 diligenter
2013 1242 2186 1291 avertit3

1154 1303 1354 1353 quidquid
1373 1316 1470 1341 vero
1502 1303 1554 1341 ad
1584 1315 1729 1342 eorum
1767 1303 1922 1341 honam
1957 1302 2190 1342 instructio-

1152 1374 1248 1399 nem
1268 1364 1485 1400 commode
1502 1365 1650 1412 juvare
1674 1368 1824 1415 potest,
1843 1377 1925 1402 non
1946 1365 2191 1414 praetermit-

1151 1423 1210 1461 tit.
1237 1424 1340 1461 Hinc
1369 1423 1705 1474 Cln‘ysostomus,
1725 1425 1867 1461 homil.
1892 1427 1944 1464 60
1965 1425 2004 1462 in
2025 1425 2188 1473 Mntm„

1151 1489 1344 1535 parentes
1374 1485 1508 1527 docet,
1530 1489 1574 1522 ut
1609 1485 1641 1522 si
1675 1484 1727 1522 ad
1766 1485 1985 1522 colendum
2011 1485 2190 1524 tiliorum

1149 1547 1364 1597 ingenium
1401 1547 1654 1596 poedagogus
1691 1546 1953 1596 recipiendus
1994 1547 2043 1584 sit
2061 1577 2070 1591 ,
2104 1559 2190 1585 non

1151 1620 1458 1659 quemcumque
1479 1609 1553 1646 sibi
1587 1608 1769 1646 oblatum
1798 1609 1934 1646 statim
1952 1608 2186 1656 admittant,

1151 1669 1226 1708 sed
1244 1670 1509 1708 considerent
1527 1669 1656 1709 ullam
1687 1672 1813 1709 artem
1836 1670 1905 1708 Ιιοσ
1930 1670 2103 1719 ανικήοὶο
2123 1681 2190 1709 εα-

1153 1732 1370 1770 blimz'orem
1384 1745 1460 1770 non
1481 1732 1669 1770 inveniri.
1694 1732 1799 1778 Quid
1813 1731 1913 1770 evim
1929 1731 2092 1781 (inquit)
2106 1742 2190 1771 ma·

1145 1794 1217 1845 jus
1233 1807 1352 1846 quam
1373 1793 1523 1834 animis
1541 1793 1758 1840 moderari,
1780 1805 1897 1844 quam
1924 1793 2191 1832 adolescentu-

1152 1856 1277 1894 lorum
1299 1857 1448 1906 ,fc'nyere
1469 1856 1624 1895 mores?
1648 1855 1754 1893 omni
1773 1859 1873 1894 certe
1894 1858 2060 1904 pictore,
2084 1853 2191 1893 omni

1152 1920 1251 1956 certe
1270 1918 1489 1964 statuario,
1509 1916 1736 1966 caeterisque
1759 1916 1987 1958 huiusmodi
2010 1916 2191 1954 omnihus

1152 1976 1456 2016 excellentiorem
1480 1978 1582 2016 huno
1600 1978 1710 2022 duco,
1730 1976 1799 2026 qui
1809 1976 2004 2026 juvenum
2035 1979 2190 2016 animos

1147 2046 1296 2089 flnyere
1314 2050 1393 2076 non
1408 2038 1578 2088 iquoret.

1207 2101 1244 2137 5.
1279 2098 1441 2138 Accedit
1483 2098 1707 2137 auctoritas
1742 2097 1955 2148 utrfusque
1990 2097 2118 2146 juris.
2137 2118 2190 2128 —-

1152 2161 1255 2199 Hinc
1269 2160 1393 2198 etiam
1415 2159 1523 2197 sacri
1541 2170 1738 2204 canones,
1751 2158 1818 2207 qui
1836 2157 2190 2208 frequenterprae·

1151 2223 1306 2273 cipiunt
1327 2225 1369 2259 ut
1397 2220 1449 2258 sit
1482 2220 1524 2257 in
1558 2231 1812 2269 unaquaque
1832 2219 2014 2256 Ecclesia
2036 2231 2188 2269 praece-

1151 2288 1257 2334 ptor,
1281 2282 1350 2333 qui
1380 2293 1533 2332 pueros
1555 2281 1596 2319 in
1631 2281 1692 2318 his
1726 2279 1990 2318 inferioribus
2011 2280 2189 2331 discipli-

1150 2346 1228 2384 nis.
1249 2345 1371 2382 etiam
1393 2344 1434 2380 in
1462 2342 1749 2393 grammatica,
1765 2341 1954 2388 instruat,
1980 2342 2100 2379 simul
2116 2341 2189 2379 ad-

1150 2411 1322 2445 monent
1339 2410 1386 2444 ut
1405 2417 1558 2455 magna
1575 2417 1672 2443 cura
1691 2404 1726 2442 is
1747 2404 1934 2454 eligatur,
1958 2404 2027 2454 qui
2044 2405 2126 2442 vita
2147 2407 2188 2443 ct

1150 2469 1334 2508 moribus
1356 2467 1414 2506 eis
1432 2467 1629 2517 prodesse
1646 2466 1786 2516 posit,
1816 2469 1859 2503 ut
1875 2465 2016 2503 videre
2034 2465 2129 2503 licet
2146 2465 2190 2504 in

1149 2530 1327 2569 Concilio
1358 2529 1641 2575 Lateranensi,
1665 2527 1744 2566 sub
1778 2527 2012 2565 Alexandro
2046 2527 2113 2570 ΙΙΙ,
2144 2538 2185 2577 p.

1151 2594 1189 2639 1,
1213 2603 1250 2630 c.
1268 2590 1430 2629 decimo
1450 2595 1610 2634 octavo,
1633 2589 1703 2626 ubi
1728 2588 1962 2638 specialiter
1986 2588 2189 2626 admone-

1150 2657 1216 2691 tur
1238 2656 1280 2691 nt
1301 2652 1392 2690 talis
1407 2654 1639 2701 praeceptor
1667 2652 1708 2688 et
1728 2649 1854 2699 gratis
1875 2649 2038 2693 doceat,
2059 2652 2099 2686 et
2116 2648 2187 2686 do-

1151 2714 1270 2753 cendi
1284 2713 1490 2751 licentiam
1514 2711 1641 2762 gratis
1660 2710 1849 2760 accipiat,
1868 2722 1914 2748 ac
1933 2709 2187 2748 beneficium

1152 2779 1394 2826 competens
1415 2785 1496 2823 quo
1516 2773 1567 2811 ali
1593 2773 1736 2823 possit.
1762 2772 1880 2817 Quod
1898 2783 1947 2809 ex
1968 2774 2085 2821 parte
2104 2774 2187 2808 sta-

1149 2842 1284 2877 tutum
1306 2836 1439 2874 fuerat
1459 2835 1500 2873 in
1525 2834 1703 2885 quadam
1725 2833 1896 2883 antiqua
1920 2832 2087 2883 Synodo
2109 2831 2188 2870 sub

1150 2898 1335 2948 Eugenio
1357 2898 1405 2944 ΙΙ,
1425 2901 1465 2935 et
1482 2896 1658 2934 habetur
1679 2895 1720 2933 in
1741 2907 1832 2945 cap.
1852 2895 1910 2934 De
1934 2894 2186 2945 quibusdam,

1151 2961 1330 2999 distinct.
1355 2960 1426 3006 373
1446 2959 1487 2996 in
1521 2957 1702 2996 Concilio
1733 2960 1871 2995 autem
1900 2953 2188 3002 Lateranensi,

1153 3023 1228 3062 sub
1249 3021 1488 3060 Innocentio
1509 3020 1575 3066 111,
1596 3031 1632 3057 c.
1655 3018 1895 3062 undecimo,
1912 3016 2101 3055 distincte
2118 3026 2190 3052 cx·-

1153 3085 1340 3136 plicatur,
1359 3087 1401 3122 ut
1423 3082 1549 3134 gratis
1562 3082 1604 3119 in
1626 3080 1902 3132 grammaticae
1923 3078 2119 3117 facultate
2141 3087 2191 3116 ac

1153 3147 1242 3186 aliis
1259 3146 1452 3190 instruat,
1478 3148 1517 3183 et
1535 3142 1648 3194 quod
1679 3142 1878 3193 magister
1897 3140 2074 3178 idoneus
2091 3148 2190 3177 con-

1156 3209 1362 3255 stituatur,
1385 3219 1408 3245 a
1429 3206 1601 3244 Praelato
1625 3216 1718 3243 cum
1738 3201 1924 3254 Capitulo
1945 3213 2020 3239 seu
2040 3194 2190 3249 maiori

1155 3282 1203 3310 ac
1242 3268 1397 3308 saniori
1432 3272 1550 3318 parte
1586 3265 1763 3316 Capituli
1799 3262 2029 3314 eligendus.
2063 3261 2112 3298 Et
2146 3259 2190 3295 in

1155 3331 1335 3371 Concilio
1353 3329 1609 3376 Tridentino,
1633 3339 1735 3366 sess.
1760 3327 1798 3371 5,
1831 3337 1866 3364 c.
1891 3326 1930 3370 1,
1961 3323 2012 3361 de
2048 3318 2191 3358 Refor-

1155 3394 1351 3439 matione,
1365 3392 1475 3430 idem
1488 3389 1694 3435 statuitur,
1706 3391 1747 3426 et
1766 3385 1981 3436 eligendus
1994 3380 2190 3447 magister

1157 3457 1305 3496 dicitur
1327 3455 1379 3493 ab
1396 3455 1598 3505 Episcopo
1633 3462 1727 3490 cum
1762 3457 1963 3488 consensu
2001 3439 2189 3491 Capituli,

1159 3523 1200 3558 et
1214 3518 1405 3558 omnibus
1425 3516 1559 3556 modis
1575 3512 1806 3553 curandum
1823 3516 1987 3572 esse’m.
2001 3504 2075 3556 pia
2094 3503 2188 3571 liceo,

1160 3580 1290 3628 utilis,
1309 3583 1424 3631 atque
1445 3579 1655 3628 fructuosa
1675 3568 1853 3625 provi-55⁰
1872 3576 2009 3618 quww
2027 3566 2195 3616 quw-³25⁰
