2352 3880
167 249 273 300 1038

163 328 254 370 lare
279 329 420 370 autem
449 332 623 368 examen
646 324 760 382 quod
796 329 1022 368 assumitur
1056 333 1200 370 contra

162 401 293 429 unum
313 389 459 430 vitium
480 388 678 442 speciale,
693 391 740 430 ut
766 388 811 430 in
841 388 908 430 illo
937 389 1199 432 emendando

161 451 295 502 major
310 463 410 491 cura
432 451 692 501 adhibeatur,
711 455 752 493 et
769 451 827 492 sic
846 452 1110 505 procedendo
1124 465 1200 506 per

159 511 324 564 singula
342 512 504 553 facilius
526 514 665 552 omnia.
690 514 967 563 eradicentur,
989 515 1199 566 sapienter

156 571 285 613 fuisse
315 586 342 614 a
377 576 423 614 Β.
445 574 606 627 Ignatio
642 575 945 627 excogitatum;
971 577 1198 616 insinuavit

157 637 297 674 autem
323 634 440 675 illum
463 634 638 677 Basilius
657 635 700 676 in
719 638 886 688 Regulis
904 637 1162 678 brevioribus
1182 668 1194 687 ,

156 707 242 747 reg.
272 698 367 747 289,
390 696 461 738 ubi
481 699 552 749 ait,
571 698 739 749 quando
761 699 911 750 aliquis
935 699 1196 750 frequentius

156 756 200 796 in
211 757 352 810 aliquo
371 763 530 811 peccat,
551 760 816 800 considerare
830 759 1191 810 dehereradicem,

155 822 195 859 et
225 819 284 859 ibi
301 817 537 873 specialiter
557 821 810 860 medicinam
837 821 1049 871 adhihere,
1067 825 1192 874 atque

151 880 196 920 iu
210 881 383 935 siugulis
394 883 574 935 peccatis
593 880 752 933 (inquit)
771 882 902 922 simili
918 884 1045 924 modo.

202 941 243 982 6.
271 944 332 983 De
362 944 535 984 secunda
557 943 807 983 hebdomada.
826 965 880 973 —-
896 943 958 984 De
985 945 1122 985 tertia.
1137 966 1190 975 —

147 1002 209 1044 De
240 1005 401 1056 quarta.
421 1026 474 1034 —
494 1003 686 1044 Secunda
723 1003 990 1045 hebdomada
1020 1007 1073 1045 ad
1108 1007 1189 1046 1100

147 1064 375 1113 ordinatur,
399 1068 445 1104 ut
467 1063 594 1104 homo
614 1068 726 1104 recte
749 1066 876 1117 eligat
903 1069 944 1105 et
965 1067 1187 1108 constituat

145 1128 296 1165 statum
318 1127 408 1165 vitae
436 1124 602 1166 futurae.
623 1127 725 1175 Quia
745 1139 842 1167 vero
865 1128 1186 1168 fundamentum

144 1191 265 1226 rectae
282 1185 494 1227 electionis
512 1188 653 1240 quoad
674 1191 826 1228 statum
846 1190 935 1228 vitae
955 1190 999 1228 in
1016 1191 1186 1231 homine

143 1247 373 1288 Christiano
397 1261 493 1289 esse
523 1248 649 1289 debet
670 1250 787 1301 sequi
815 1254 855 1289 et
874 1250 1025 1290 imitari
1046 1252 1184 1291 Chris-

142 1312 244 1357 tum,
267 1309 361 1349 ideo
383 1310 520 1350 statim
540 1311 583 1350 in
605 1311 809 1363 principio
828 1311 937 1351 illius
957 1312 1184 1353 hebdoma-

141 1370 204 1410 dae
220 1375 514 1424 proponuntur
534 1373 888 1413 considerationes
909 1386 1001 1425 quae
1030 1375 1083 1414 ad
1105 1376 1186 1414 hoc

139 1430 315 1472 firmiter
348 1434 618 1473 statuendum
649 1435 864 1483 inducant,
887 1439 930 1474 et
954 1436 1185 1486 praesertim

137 1493 191 1532 de
216 1494 523 1544 Incarnatione,
555 1499 597 1535 et
615 1495 698 1535 vita
724 1495 872 1535 Christi
890 1497 1069 1546 Domini,
1091 1510 1184 1549 quae

136 1554 260 1595 nobis
294 1557 508 1608 proposita
542 1560 604 1596 est
640 1560 842 1608 tanquam
881 1559 1093 1611 exemplar
1128 1559 1184 1599 ad

138 1627 265 1667 quam
297 1619 441 1657 nostra
471 1617 693 1657 formanda
725 1624 802 1658 est.
834 1619 994 1659 Deinde
1029 1632 1185 1672 propo-

135 1682 294 1718 nuntur
319 1679 459 1718 media
492 1680 546 1719 ad.
576 1684 733 1719 rectam
756 1681 1002 1721 electionem
1029 1682 1182 1721 facien-

135 1739 249 1789 dam,
267 1744 308 1780 et
323 1740 573 1781 documenta
595 1743 735 1781 omnia
755 1743 809 1781 ad
828 1743 943 1782 illum
960 1743 1088 1783 finem
1107 1757 1181 1784 ne-

134 1803 328 1842 cessaria.
349 1804 467 1844 Unde
488 1804 542 1843 ab
563 1803 642 1843 hac
663 1804 928 1843 hebdomada
944 1805 1088 1857 incipit
1106 1806 1180 1845 lio-

133 1875 201 1903 mo
222 1864 368 1904 instrui
384 1865 426 1904 in
446 1866 513 1905 via
532 1878 658 1916 quam
677 1871 825 1906 vocant
844 1868 1176 1917 illuminativam,

133 1937 233 1964 nam
263 1926 373 1966 facta
404 1928 655 1977 purgatione
683 1935 951 1979 peccatorum
979 1930 1023 1967 in
1050 1930 1179 1980 priori

133 1987 411 2034 hebdomada,
428 1989 571 2040 incipit
586 1989 710 2027 homo
726 1990 897 2028 ulterius
912 1991 1085 2028 tendere
1102 2003 1178 2040 per

133 2049 295 2090 virtutis
330 2051 456 2098 viam,
488 2054 529 2091 et
562 2054 869 2102 consequenter
894 2051 1039 2105 incipit
1066 2052 1177 2092 circa

130 2111 245 2150 illam
274 2109 512 2151 illuminari.
543 2112 769 2151 Inchoatur
795 2113 920 2152 etiam
946 2113 1015 2152 hic
1043 2116 1176 2153 status

129 2173 463 2226 proficientium;
497 2185 597 2214 nam
631 2178 763 2214 status
794 2174 1082 2226 incipientium
1120 2176 1176 2215 ad

129 2240 293 2289 partem
329 2235 595 2287 purgativam
634 2235 817 2276 maxime
846 2237 1038 2288 pertinet.
1071 2237 1175 2285 Quia

129 2311 228 2339 vero
249 2298 449 2351 perfectio
471 2299 561 2339 vitae
581 2299 817 2339 christianae
840 2299 966 2352 longo
983 2304 1172 2352 tempore

129 2365 409 2413 comparatur,
426 2366 467 2400 et
486 2361 693 2413 praecipue
711 2372 786 2412 per
802 2361 994 2400 virtutem
1015 2362 1173 2414 passio-

129 2422 195 2462 nis
215 2427 257 2463 et
278 2423 423 2463 mortis
452 2422 624 2472 Christi,
650 2428 692 2463 et
712 2423 1028 2463 meditationem
1053 2425 1171 2476 ejus,

129 2483 223 2525 ideo
246 2485 327 2524 hoc
347 2485 484 2537 agitur
507 2486 548 2524 in
569 2485 692 2525 tertia
711 2484 990 2534 hebdomada,
1020 2486 1064 2524 in
1091 2498 1176 2537 qua.

127 2546 268 2600 passio
286 2546 434 2587 Christi
448 2546 502 2585 ad
519 2546 806 2586 meditandum
821 2545 1081 2598 proponitur.
1092 2548 1174 2588 Un-

128 2608 182 2649 de
206 2608 331 2649 etiam
351 2607 405 2648 ad
425 2611 578 2648 statum
599 2608 899 2660 proficientium
919 2611 960 2648 et
987 2608 1042 2648 ad
1060 2609 1172 2651 viam

128 2669 447 2710 illuminativam
467 2670 663 2722 pertinet,
680 2668 861 2720 ideoque
881 2668 1075 2710 exercitia
1096 2670 1173 2711 hu·

129 2730 198 2782 jus
221 2735 263 2772 et
287 2731 564 2783 praecedentis
586 2731 866 2772 hebdomadae
897 2730 951 2771 ad
979 2732 1172 2783 frequen-

127 2790 278 2831 tiorem
297 2805 422 2832 usum
447 2791 575 2834 totius
601 2793 696 2833 vitae
727 2792 1004 2845 spiritualium
1035 2792 1172 2833 homi-

129 2863 232 2892 num
269 2854 470 2905 pertinet,
509 2854 609 2906 quia
636 2853 775 2906 major
806 2866 903 2906 pars
937 2854 1170 2905 hominum,

130 2913 257 2953 etiam
274 2911 483 2954 bonorum
498 2944 509 2964 ,
528 2919 572 2955 et
593 2927 646 2955 ex
678 2915 868 2955 instituto
887 2927 937 2954 ac
969 2915 1175 2956 electione

129 2973 218 3014 Deo
245 2975 528 3023 servientium,
551 2978 614 3016 est
635 2976 684 3016 in
709 2979 820 3016 statu
839 2975 1169 3027 proficientium;

131 3038 264 3076 status
290 3035 405 3076 enim
420 3036 716 3087 perfectorum,
746 3049 978 3089 paucorum
1016 3042 1092 3078 est.
1122 3039 1172 3078 Et

131 3095 310 3138 fortasse
333 3096 388 3137 ob
409 3097 518 3137 hano
549 3110 720 3138 causam
742 3098 786 3137 in
811 3097 895 3138 fine
914 3099 1045 3139 tertiae
1067 3099 1173 3141 heb-

129 3148 323 3200 ³domadae
339 3156 604 3199 adducuntur
634 3158 822 3210 quaedam
837 3161 992 3212 regulae
1019 3161 1071 3200 ad
1090 3161 1172 3202 vic-

131 3220 223 3260 tum
241 3219 576 3272 temperandum.
605 3218 710 3260 Nam
742 3220 797 3260 ad
824 3233 947 3260 usum
977 3222 1172 3262 mentalis

133 3280 349 3331 orationis,
364 3284 411 3323 ut
429 3278 663 3322 continuari
677 3281 822 3333 possit,
836 3281 928 3322 haec
941 3281 1172 3324 moderatio

134 3341 338 3397 imprimis
374 3342 612 3384 necessaria
656 3342 732 3384 est.
776 3343 965 3395 Denique
1006 3344 1173 3385 additur

135 3409 286 3458 quarta
310 3404 595 3453 hebdomada,
615 3404 660 3443 in
680 3417 762 3457 qua
791 3404 937 3445 Christi
968 3404 1100 3457 gloria
1130 3406 1174 3448 et

135 3466 383 3509 resurrectio
397 3463 451 3508 ad
470 3465 819 3507 considerandum
837 3463 1094 3518 proponitur,
1113 3472 1171 3509 at-

135 3527 340 3581 tingitque
360 3529 474 3569 viam
490 3528 707 3576 unitivam,
728 3531 774 3568 ut
793 3528 932 3567 statim
951 3528 1099 3570 dicam.

189 3588 231 3630 7.
257 3591 453 3632 Formam
488 3591 706 3630 medicandi
738 3591 935 3642 proecipue
968 3591 1166 3631 trudibB.

136 3650 334 3713 JMiss
355 3652 403 3697 in
419 3663 492 3698 8¹⁶⁰
514 3651 630 3697 libro.
644 3647 762 3693 —In
778 3649 844 3691 his
870 3652 1014 3691 autem
1039 3650 1171 3693 medi-

1078 3743 1129 3755 *Qu

1071 3756 1074 3758 -
1107 3756 1114 3763 s

581 3753 605 3766 3..

508 261 586 298 LIB.
610 262 666 297 lx
689 259 744 298 m:
763 258 912 304 Manus»,
935 260 1013 298 SEU
1033 256 1292 306 mmsrms,
1311 258 1459 305 QUIBUS
1479 254 1550 298 ΑΙ)
1555 252 1834 306 Pnoxm'onuu,
1857 259 1949 314 Em.

1252 328 1478 371 tationibus
1504 327 1588 368 duo
1609 316 1978 377 animadvertenda
1989 309 2123 389 Biiffl,
2162 352 2183 370 ιι
2203 354 2207 371 ι
2275 372 2278 379 ,

1252 393 1331 441 ria,
1353 391 1521 439 scilicet,
1541 395 1580 431 et
1598 391 1744 431 forma.
1765 390 1939 434 Materia
1957 363 2141 438 consistit
2156 396 2202 437 in
2233 386 2316 430 ''if'-

1252 465 1344 505 quae
1359 452 1412 492 ad
1425 453 1770 494 considerandum
1786 454 1928 494 datur·
1915 454 2089 507 ,fot-ma,
2100 454 2142 500 in
2155 465 2242 499 mo
2263 455 2297 490 ·?·‹=
2310 450 2326 498 .'

1252 521 1292 556 et
1313 515 1553 566 directione,
1575 529 1666 568 quae
1683 516 1737 556 ad
1758 520 1871 557 recte
1891 519 1932 556 et
1954 516 2162 561 fructuose
2178 528 2244 561 co
2266 519 2296 569 {a

1251 577 1518 618 siderandum
1540 580 1729 619 traditur.
1749 579 1799 619 Et
1813 579 1892 619 1100
1910 580 2117 631 posterius
2141 581 2238 631 est,
2260 581 2275 617 ῑ·
2290 591 2304 622 ¹.

1249 650 1332 691 quo
1346 639 1526 680 maxime
1545 640 1747 680 laboravit
1761 640 1969 692 Ignatius,
1958 649 1968 661 ·
1991 642 2033 680 et
2046 647 2188 681 revera
2203 642 2222 682 t'
2233 673 2235 676 .
2258 659 2297 686 ι,

1249 701 1408 740 donum
1428 702 1598 754 speciali
1618 702 1749 754 gratia
1767 700 1827 741 illi
1851 712 2113 751 concessum,
2136 705 2179 742 et
2194 702 2247 744 no
2246 697 2292 740 .“’
2336 712 2337 715 ’

1248 758 1337 802 sine
1356 771 1510 814 magno
1541 775 1620 802 000
1651 767 1693 803 et
1713 763 1968 815 experientia
1995 756 2305 857 001000101οιρξ1·
2348 795 2352 797 .

1246 834 1341 865 cum
1361 821 1498 863 divina
1517 825 1662 876 gratia,
1689 828 1731 864 et
1752 824 1847 864 ideo
1873 825 1917 864 in
1935 825 2015 864 hac
2034 825 2167 864 forma
2184 809 2287 876 pri)²5
2272 846 2305 900 (³⁴

1243 898 1284 938 p
1275 885 1439 925 menda
1459 890 1499 926 et
1517 886 1782 935 declaranda,
1809 890 1850 926 et
1869 886 2043 926 diversis
2064 886 2233 926 hominu

1244 948 1420 987 statibus
1433 948 1495 986 et
1486 948 1663 999 mgeniis
1677 947 2044 997 accommodanda,
2059 946 2301 997 versamus
2344 999 2347 1001 .

1241 1008 1329 1049 fere
1349 1009 1487 1048 omnia
1509 1009 1757 1050 documenta
1775 1010 1900 1061 hujus
1920 1009 2071 1061 operis,
2090 983 2308 1066 111111111οξαξ
2299 1027 2301 1030 ⁴
2332 1031 2335 1051 ι

1241 1070 1359 1110 deest
1378 1069 1448 1123 (ut
1468 1069 1656 1110 existimo
1673 1072 1685 1122 )
1706 1070 1819 1123 quod
1837 1071 2062 1111 desiderari
2075 1071 2220 1123 possit.
2276 1056 2302 1085 “”’

1293 1133 1333 1172 8.
1367 1131 1451 1172 Cur
1474 1132 1518 1173 iu
1543 1133 1715 1173 materia
1742 1134 1796 1174 ad
1810 1132 2078 1174 meditandum
2097 1118 2307 1203 suppari-³⁹

1239 1194 1363 1235 tanda
1382 1194 1534 1234 brevior
1550 1195 1689 1245 fuerit.
1705 1193 1885 1234 ——Circa
1905 1194 2123 1234 materiam
2137 1207 2189 1233 au
2194 1199 2303 1255 ttffem
2291 1165 2311 1203 ’
2340 1203 2344 1217 ³

1238 1255 1373 1295 solum
1408 1256 1488 1295 hoc
1521 1255 1785 1296 observatum
1817 1259 1892 1304 est,
1923 1260 1969 1295 ut
1999 1256 2210 1296 sufficiens
2235 1236 2313 1317 et}

1239 1316 1493 1357 accommod
1486 1321 1553 1355 ita
1574 1317 1626 1356 sit
1653 1317 1708 1357 ad
1727 1328 1901 1368 scopum
1920 1318 2107 1369 proxime
2139 1293 2308 1358 inten-

1238 1380 1342 1425 tum,
1363 1381 1403 1416 et
1425 1377 1477 1416 ad
1495 1379 1605 1417 viam
1626 1390 1701 1417 seu
1721 1378 1897 1430 gradum
1916 1378 2136 1430 spiritualis
2156 1380 2248 1420 v1tae
2255 1410 2271 1431 ,
2304 1375 2305 1378 ’

1237 1438 1309 1490 qui
1329 1443 1595 1489 procuratur;
1617 1451 1703 1479 non
1716 1452 1815 1480 vero
1834 1440 2035 1479 traditur
2025 1452 2067 1479 111
2085 1452 2272 1491 unaqua-

1239 1511 1319 1551 que
1338 1501 1602 1541 hebdomada
1620 1502 1755 1541 omnis
1768 1502 1957 1550 materia,
1977 1502 2042 1542 vel
2058 1503 2271 1544 meditatio
2302 1515 2307 1541 ς

1237 1573 1331 1606 quae
1359 1561 1411 1602 ud
1440 1561 1555 1601 illam
1583 1562 1790 1614 pertinere
1811 1566 1959 1615 potest,
1983 1564 2079 1615 quia
2099 1562 2190 1604 haec
2211 1564 2271 1603 in-

1235 1623 1353 1663 finita
1374 1628 1435 1663 est
1446 1654 1460 1673 ,
1493 1627 1534 1663 et
1567 1622 1688 1663 facile
1720 1624 1773 1663 ab
1806 1636 2061 1676 unoquoque
2097 1625 2271 1665 inveniri
2304 1613 2310 1670 ’,

1235 1688 1384 1738 potest.
1404 1686 1454 1724 Et
1471 1685 1528 1725 ita
1550 1688 1711 1726 constat
1727 1687 1942 1737 responsio
1970 1686 2024 1725 ad
2044 1686 2271 1726 secundam

1236 1747 1511 1797 objectionem
1532 1747 1574 1785 in
1598 1759 1762 1786 numer.
1781 1750 1820 1795 1,
1839 1759 1937 1786 nam
1959 1747 2071 1799 quod
2094 1748 2272 1799 ipsamet
2336 1752 2338 1754 ’

1232 1809 1422 1856 materia,
1438 1808 1490 1847 ad
1506 1807 1646 1847 brevia
1663 1812 1817 1858 puncta
1834 1809 2017 1858 redacta,
2032 1809 2270 1861 simpliciter
2335 1817 2341 1821 ’

1234 1874 1276 1909 et
1298 1871 1387 1909 sine
1406 1870 1749 1922 multiplicatione
1778 1870 2041 1910 discursuum
2071 1871 2136 1911 vel
2171 1882 2269 1911 con-

1233 1935 1433 1983 ceptuum
1451 1934 1723 1982 proponatur,
1743 1943 1793 1970 ex
1806 1932 1993 1972 instituto
2010 1933 2165 1972 factum
2188 1933 2265 1980 est,

1224 1992 1496 2045 ,pertinetque
1510 1993 1563 2031 ad
1579 1993 1808 2043 sapientem
1821 1993 1999 2033 formam
2019 1994 2200 2042 artificis,
2224 1998 2269 2036 ut
2335 2022 2340 2025 -

1228 2052 1406 2104 ipsemet
1426 2054 1564 2092 statim
1588 2053 1631 2091 in
1649 2054 1848 2104 principio
1872 2055 2027 2105 regulae
2042 2057 2067 2094 2
2093 2054 2269 2095 adnota-

1228 2114 1300 2162 vit,
1319 2118 1379 2162 ut,
1407 2114 1575 2160 scilicet,
1596 2114 1645 2160 is,
1664 2114 1736 2165 qui
1756 2113 2030 2154 meditaturus
2048 2121 2129 2165 est,
2149 2127 2268 2156 acce·
2313 2166 2315 2170 Α

1227 2178 1300 2227 pto
1321 2175 1456 2215 solum
1484 2175 1765 2216 meditationis
1793 2176 2089 2227 fundamento,
2121 2180 2267 2229 postea
2342 2195 2346 2197 2

1229 2249 1308 2288 per
1326 2248 1386 2286 se,
1407 2237 1474 2277 vel
1493 2249 1543 2276 ex
1562 2237 1751 2276 discursu
1774 2239 1957 2290 proprio,
1975 2239 2043 2278 vel
2063 2250 2112 2278 ex
2127 2239 2267 2280 divina
2311 2238 2314 2243 ’

2332 1597 2352 1673 ''PR
2334 1427 2352 1567 “vi'tllfl‘
2336 1370 2352 1378 Ι

1227 2299 1382 2338 mentis
1405 2298 1681 2338 illustratione
1708 2299 1991 2349 ratiocinetur,
2017 2302 2058 2340 et
2085 2300 2141 2340 ita
2169 2309 2265 2343 cum

1226 2360 1376 2412 majori
1388 2359 1585 2412 spirituali
1594 2361 1819 2411 gustu‚maj
1825 2361 1970 2415 orique
1981 2361 2115 2401 fructu
2123 2362 2166 2401 in
2174 2372 2265 2403 ora-

1227 2422 1342 2461 tione
1368 2426 1408 2461 et
1424 2422 1691 2461 meditatione
1711 2425 1911 2462 versetur.
1931 2423 2060 2463 Simili
2092 2423 2263 2463 consilio
2304 2416 2310 2474 f
2332 2414 2352 2423 ”

1227 2483 1471 2534 Cyprianus,
1490 2484 1531 2523 in
1548 2483 1788 2534 praefatione
1803 2472 1895 2522 iibri
1909 2484 1960 2524 de
1970 2485 2262 2525 Exhortatione
2312 2492 2313 2497 ¹
2332 2488 2346 2525 p

1226 2540 1475 2598 martyrum,
1492 2545 1579 2584 sola
1597 2545 1776 2596 capitula
1790 2545 2000 2585 Dominica
2019 2557 2063 2585 sc
2078 2546 2263 2599 attigisse
2300 2578 2314 2602 ἦ
2329 2588 2339 2596 .

1228 2605 1326 2646 dicit
1354 2615 1371 2647 t
1406 2607 1458 2647 Ut
1477 2618 1555 2646 uon
1587 2609 1670 2647 tam
1691 2610 1910 2647 tractatum
1929 2618 2056 2648 meum
2076 2607 2260 2660 (inquit)
2308 2603 2310 2610 '
2335 2630 2344 2633 —

1224 2666 1367 2708 videar
1384 2666 1455 2708 tibi
1480 2666 1660 2716 misisse,
1680 2679 1799 2720 quam
1819 2669 2029 2710 materiam
2050 2667 2262 2709 tractanti-
2294 2660 2311 2722 4'
2328 2661 2352 2707 ἐ·

1225 2727 1297 2769 bus
1313 2728 1517 2778 tribuisse,
1532 2741 1620 2781 quoe
1633 2741 1697 2770 res
1712 2730 1758 2770 iu
1775 2739 1893 2771 usum
1911 2728 2088 2781 sinyulis
2096 2727 2263 2781 proficit
2298 2723 2307 2774 J,
2337 2725 2352 2766 ἶ

1225 2790 1406 2831 utilitate
1423 2790 1586 2842 majore.
1606 2789 1718 2832 Nam
1737 2790 1776 2830 si
1793 2792 2009 2840 confectam
2022 2793 2060 2832 et
2069 2795 2260 2843 paratam

1218 2848 1313 2902 ⁸iam
1329 2855 1472 2892 vestem
1499 2851 1650 2900 darem,
1667 2850 1790 2893 vestis
1808 2855 1907 2892 esset
1922 2862 2032 2901 mea,
2052 2864 2132 2905 qua
2151 2853 2261 2895 alius
2295 2855 2307 2908 ,³ss
2327 2860 2352 2883 ἰ-

1225 2915 1419 2960 uteretur,
1438 2915 1474 2953 et
1497 2913 1679 2962 forsitan
1696 2923 1774 2953 riou
1790 2924 1863 2966 pro
1883 2909 2113 2954 habitudine
2130 2911 2299 2956 statm'
2328 2915 2352 2949 e,

1225 2985 1285 3016 roe
1311 2977 1350 3015 et
1363 2974 1540 3026 corporis
1553 2987 1617 3016 res
1630 2974 1750 3018 alteri
1762 2978 1887 3027 facta,
1900 2975 2033 3017 miuus
2043 2983 2260 3029 oouqruem*
2290 2970 2306 3023 ,3
2293 2950 2352 2991 ‘—

1225 3030 1448 3077 haberetur.
1481 3035 1605 3079 Nuus
1626 3046 1716 3078 vero
1737 3037 1783 3078 de
1809 3048 1936 3090 aqua,
1962 3048 2040 3092 per
2066 3047 2178 3093 quem
2194 3048 2258 3080 ro-
2286 3031 2333 3090 ς’
2331 3042 2352 3050 ““

1224 3098 1373 3149 dempti
1403 3111 1452 3140 ao
1476 3097 1673 3150 vivificati
1690 3109 1855 3147 sumus,
1889 3097 2028 3139 lanam
2055 3101 2200 3152 ipsam,
2219 3098 2259 3142 el
2284 3095 2299 3135 ss
2324 3079 2352 3131 i-

1221 3170 1449 3213 purpuram
1466 3161 1586 3209 misi,
1607 3171 1724 3214 quam
1751 3171 1839 3202 cum
1865 3161 2063 3214 acceperis
2081 3161 2297 3203 tunicam
2286 3191 2310 3243 3
2297 3143 2352 3228 Ξ-

1226 3221 1300 3263 tibi
1315 3234 1390 3274 pro
1417 3223 1621 3264 voluntate
1651 3222 1860 3272 conficias,
1882 3224 1923 3264 et
1942 3221 2040 3276 plus
2066 3225 2114 3264 ut
2130 3223 2174 3263 iu·
2192 3222 2299 3265 do·-
2350 3231 2352 3239 ·

1223 3284 1390 3325 mastica
1418 3284 1490 3326 tua
1517 3286 1633 3337 atque
1648 3281 1691 3323 iu
1704 3284 1874 3338 propria
1900 3287 2004 3326 veste
2032 3282 2264 3333 Zoetabarin
2276 3289 2306 3362 'i'
2347 3281 2352 3328 l

1225 3346 1265 3386 et
1283 3344 1435 3387 caeteris
1453 3353 1615 3399 quoque,
1633 3348 1678 3386 ut
1697 3347 1734 3386 et
1753 3343 1939 3395 conficere
1959 3342 2042 3397 ipsi
2057 3351 2134 3399 pro
2147 3337 2306 3385 araia-‘v
2322 3368 2324 3374 ·
2343 3351 2346 3353 ·

1225 3407 1305 3448 trio
1324 3408 1482 3459 possint
1494 3436 1509 3457 ,
1538 3403 1644 3459 quod
1667 3406 1867 3456 misimus,
1902 3401 2109 3448 exhibebis.
2130 3399 2297 3450 Addit,
2284 3395 2309 3426 ³

1223 3473 1427 3520 praeterea
1445 3468 1649 3508 rationem
1665 3467 1791 3507 aliam
1805 3478 1892 3507 11οο
1911 3467 2046 3525 minus
2068 3464 2259 3505 instituto
2281 3461 2306 3517 ,ξ’

1223 3534 1367 3570 nostro
1387 3529 1768 3578 accommodatam,
1793 3527 1978 3570 dicens}
2001 3525 2088 3569 Neo
2104 3534 2184 3566 mm
2212 3525 2303 3621 “si'‘

1223 3589 1331 3632 illud
1347 3589 1558 3632 consilium
1574 3590 1676 3631 utile
1694 3593 1732 3631 et
1753 3588 1912 3631 salubre
1925 3585 2113 3639 prospowi
2127 3585 2173 3626 iu
2185 3596 2249 3627 σω-

1223 3651 1445 3699 hortatione
1456 3654 1540 3697 tam
1551 3646 2059 3710 moenai-immutandae
2067 3656 2152 3696 oua
2161 3629 2265 3691 voaes'
