2352 3880
644 220 734 256 car.
756 221 812 260 vl.
833 226 890 262 nr:
910 223 1028 259 mm
1039 221 1117 258 SEU
1135 219 1330 259 nemone
1350 221 1671 265 nxmumonuu.

70 306 79 332 ,
75 239 402 334 Μαρονίαθ.
429 280 662 334 spiritualis
679 289 820 327 autem
837 288 922 328 vita
945 287 1028 328 duo
1058 299 1136 340 po-

73 338 306 388 fi'ssimum
339 343 530 395 requirit,
551 354 717 387 morum
753 349 1072 399 correctionem,
1093 350 1135 389 et

103 404 300 474 {inionem
318 416 413 444 cum
430 404 530 446 Deo.
552 406 617 447 Ad
635 418 798 447 morum
815 414 956 450 autem
975 420 1134 451 correc-

68 480 71 481 ’
100 467 287 522 fionem'
275 467 481 519 1mprimis
492 468 672 519 pertinet
689 471 881 521 purgatio
894 471 1132 523 praeceden-

99 527 202 572 tium
218 528 479 579 delictorum,
500 529 742 582 quotidiana
777 534 1044 573 conscientiae
1062 545 1134 574 cu-

87 599 162 638 ra,
179 593 220 630 et
241 590 437 642 frequens
470 590 598 631 etiam
621 596 890 641 peccatorum
913 595 1131 636 confessio.

97 650 338 693 Secundum
356 662 453 690 vero
467 650 676 702 frequenti
698 654 964 696 meditatione
984 660 1027 696 et
1045 667 1135 696 ora-

97 712 225 760 tione,
247 715 292 752 et
318 712 518 752 virtutum
550 715 748 754 exercitio
773 723 1052 769 comparatur.
1070 715 1136 758 Ad

82 777 320 824 ‘utrumque
342 778 485 813 autem
503 778 617 814 recta
637 776 784 817 electio
804 779 921 819 'circa
942 780 1034 820 vitae
1052 783 1138 820 sta-

96 837 185 875 tum
203 834 383 874 maxime
402 836 640 875 necessaria
657 843 732 877 est.
747 839 794 878 In
804 839 869 879 his
885 852 986 893 ergo
1001 840 1135 881 omni·-

91 894 176 936 ‘hus
193 897 585 937 convenientissimo
605 899 749 939 ordine
773 901 990 942 instruitur
1007 903 1134 942 homo

94 969 173 1010 per
190 958 277 998 haec
294 959 503 999 exercitia.
519 958 622 1005 Quia
641 972 739 1001 vero
754 964 1007 1003 conveniens
1027 963 1135 1003 aesti-

94 1019 222 1059 matio
243 1023 284 1060 et
302 1024 415 1060 recta
434 1021 605 1062 intentio
618 1022 714 1062 finis
732 1023 866 1063 ultimi
884 1024 1136 1076 principium

71 1094 75 1099 ·
95 1084 159 1122 est
171 1081 359 1122 omnium
373 1082 580 1124 bonarum
590 1085 816 1134 actionum,
835 1086 931 1126 ideo
949 1087 990 1127 S.
1014 1087 1133 1138 Igna-

93 1142 177 1182 tius
201 1148 298 1183 ante
314 1145 583 1195 particularia
612 1147 812 1187 exercitia
839 1147 920 1187 hoc
936 1148 1134 1200 praemisit

93 1206 294 1255 tanquam
331 1205 651 1248 fundamentum
679 1209 806 1249 totius
823 1209 1134 1251 reformationis

93 1265 336 1317 spiritualis.

147 1328 187 1366 5.
211 1329 393 1375 Quatuor
421 1329 750 1373 hebdomadarum
769 1331 893 1385 kuJ'us
921 1332 1022 1374 libri
1044 1344 1135 1374 enu-

94 1387 368 1430 eleana—De
382 1392 519 1443 prima
548 1393 1016 1435 hebdomada.-Deinde
1034 1405 1134 1435 vero

94 1453 274 1503 quatuor
291 1451 575 1493 hebdomadas
594 1455 889 1496 exercitiorum
920 1454 1130 1504 distinxit,

93 1522 198 1564 quas
226 1513 282 1553 ita
303 1514 539 1566 appellavit,
559 1527 645 1556 non
685 1518 785 1569 quia
815 1529 991 1558 necesse
1019 1518 1073 1557 sit
1090 1517 1133 1556 in

93 1571 268 1627 singulis
287 1578 448 1627 septem
475 1577 581 1624 dies,
599 1581 641 1618 et
667 1590 753 1619 non
772 1579 929 1630 plures,
946 1579 1013 1619 vel
1032 1590 1134 1631 pau-

93 1634 227 1675 ciores
241 1635 410 1685 insumi,
431 1637 507 1677 sed
524 1638 622 1688 quia
640 1639 857 1679 commode
873 1641 929 1679 ita
944 1638 1134 1679 distribui

93 1701 283 1748 possunt,
298 1702 340 1739 et
374 1699 625 1750 regulariter
652 1700 755 1742 illud
785 1705 952 1753 tempus
971 1702 1135 1742 videtur

93 1758 304 1798 sufficiens
317 1763 360 1799 et
371 1762 746 1802 accommodatum.
760 1761 927 1814 Proprie
943 1775 1043 1815 ergo
1053 1762 1134 1803 dis-

93 1818 339 1871 tinguuntur
364 1821 408 1861 in
438 1823 626 1869 materia,
648 1825 692 1864 ct
710 1824 793 1863 fine
822 1825 876 1864 ad
908 1836 1034 1875 quem
1053 1824 1134 1862 sin-

93 1881 193 1933 gula
212 1881 401 1932 proxime
433 1883 694 1923 ordinantur.
718 1885 855 1925 Prima
887 1886 997 1924 enim
1020 1886 1133 1925 viam

93 1942 352 1996 purgativam
368 1943 567 1995 continet,
587 1949 631 1986 et
649 1945 743 1986 ideo
764 1947 939 1986 materia
955 1947 1047 1998 ejus
1069 1949 1135 1987 est

94 2003 241 2044 divinae
272 2004 517 2046 offensionis
537 2007 733 2057 gravitas,
756 2011 800 2047 et
819 2018 967 2046 omnes
997 2007 1135 2046 consi-

92 2064 330 2108 derationes
347 2077 442 2118 quae
461 2066 517 2107 ad
544 2067 657 2108 hunc
673 2066 817 2117 finem,
837 2072 879 2108 et
910 2068 965 2109 ad
992 2077 1137 2108 veram

92 2126 379 2180 poenitentiam
403 2126 457 2169 de
476 2129 656 2179 peccatis
673 2129 882 2180 agendam
899 2129 1138 2171 conferunt.

91 2189 143 2230 Et
156 2194 378 2242 propterea
397 2188 456 2229 illi
477 2188 719 2242 adjungitur
736 2188 893 2244 duplex
917 2193 1136 2232 conscien-

91 2249 159 2292 tiae
177 2263 354 2292 examen
370 2262 495 2292 mane
515 2255 557 2290 et
575 2262 750 2302 vespere
771 2252 958 2302 quotidie
975 2252 1134 2293 facien-

92 2311 209 2361 dum,
234 2310 347 2363 quod
369 2317 411 2355 et
438 2311 494 2352 ad
515 2313 850 2353 conservandam
870 2313 1133 2354 conscientiae

91 2376 340 2428 puritatem,
375 2378 417 2417 et
445 2374 499 2415 ad
523 2374 787 2427 frequentem
824 2375 1134 2416 confessionem

91 2436 358 2477 utilissimum
376 2440 453 2485 est,
470 2434 522 2478 de
534 2448 617 2487 quo
634 2436 886 2485 Bernartius,
899 2436 970 2476 lib.
991 2437 1045 2476 (le
1065 2437 1135 2475 Vi-

92 2502 134 2538 ta
152 2497 349 2545 solitaria,
365 2498 517 2537 colum.
540 2500 591 2538 15
610 2512 620 2538 :
650 2498 1133 2548 Sedeatjudicansjasa„

92 2560 171 2608 tia,
195 2565 271 2603 stet
290 2570 360 2599 rea
375 2562 412 2602 et
428 2572 471 2600 se
485 2571 677 2602 accusans
691 2561 932 2600 conscientia
942 2577 957 2606 ‚·
971 2571 1081 2600 nemo
1093 2564 1134 2600 te

90 2620 186 2673 plus
213 2620 362 2672 diliqit,
383 2633 494 2662 nemo
525 2626 562 2662 te
588 2621 751 2671 fidelius
766 2622 984 2672 judicabit,
1017 2633 1133 2661 mane

89 2683 309 2734 praeteritae
326 2682 456 2723 noctis
474 2685 544 2730 fac
572 2694 598 2723 a
627 2685 831 2733 temetipso
856 2684 1099 2722 exanimati
1113 2710 1130 2730 ‚

93 2746 131 2784 et
147 2749 322 2784 venturoe
335 2745 414 2784 diei
431 2744 500 2784 tibi
520 2745 687 2785 indicito
710 2745 931 2784 cautionem
942 2760 957 2788 ,·
974 2754 1132 2795 vespere

90 2807 311 2857 praeteritae
323 2806 403 2846 diei
415 2807 610 2847 rationem
629 2805 754 2858 exige,
766 2810 803 2846 et
817 2804 1130 2857 supereffluentis

93 2869 222 2910 noctis
247 2871 313 2918 fao
343 2868 613 2909 indictionem.
653 2867 828 2919 Fuitque
872 2867 1128 2908 consuetudo

93 2928 358 2980 antiquorum
378 2929 545 2968 Patrum
562 2939 576 2979 ;
595 2941 695 2969 nam
710 2929 762 2968 de
782 2929 829 2968 D.
851 2929 1031 2968 Antonio
1062 2940 1130 2968 re-

92 2987 238 3039 tertur,
258 2989 330 3028 lib.
354 2993 374 3029 1
395 2990 639 3041 Tripartitae,
658 3002 694 3030 c.
716 2992 781 3038 11,
802 2990 1128 3043 quodproecipie-

66 3053 70 3056 ”
94 3051 160 3092 bat
179 3052 433 3103 semetipsum
459 3051 664 3099 discutere,
686 3054 725 3092 et
741 3063 871 3092 secum
899 3063 1042 3103 ponere
1057 3063 1128 3091 ra-

95 3111 236 3152 tionem
255 3124 402 3159 eorum,
418 3123 504 3164 quoe
519 3113 646 3164 qessit
665 3112 736 3153 diu
753 3117 942 3165 noctuque
953 3130 968 3160 ;
984 3114 1023 3153 si
1034 3112 1132 3165 quid

95 3179 225 3214 autem
243 3175 424 3214 indecens
443 3177 590 3227 afferet,
606 3175 880 3223 conscriberet,
889 3177 935 3215 ut
952 3176 996 3216 de
1015 3180 1130 3217 coete-

94 3246 140 3275 ro
172 3239 353 3288 parceret
394 3236 442 3275 in
472 3235 612 3277 delicto
632 3266 646 3285 ,
682 3236 936 3287 semetipsum
972 3239 1127 3278 scilicet

95 3297 336 3344 erubescens,
356 3296 395 3336 si
408 3295 590 3347 plurima
607 3298 674 3337 sui
690 3298 834 3338 delicta
856 3299 1123 3348 comperisset.

95 3355 147 3396 Et
165 3357 277 3408 apud
291 3356 472 3402 Surium,
489 3359 535 3397 17
554 3358 794 3411 Januarii,§
812 3358 1004 3407 Tandem,
1023 3370 1127 3410 prae-

96 3416 274 3468 cipiebat
293 3417 507 3457 monachis
523 3422 582 3467 ut,
596 3419 800 3459 rationem
817 3419 898 3458 diei
910 3419 1126 3470 noctisque

38 3523 41 3525 .
96 3476 312 3533 facienteS,
328 3480 364 3520 si
377 3479 422 3519 in
443 3492 488 3519 se
508 3481 935 3532 comprehendissent,
953 3493 1128 3532 peccare

99 3538 357 3590 desisterent,
376 3546 454 3582 etc.
470 3542 644 3581 Basilius
664 3543 788 3581 etiam
809 3554 919 3594 saepe
940 3542 1018 3582 hoc
1031 3554 1130 3582 con-

101 3600 235 3651 silium
249 3602 425 3656 repetit3
446 3615 544 3643 nam
561 3604 604 3643 in
623 3615 813 3644 sermone
830 3605 882 3644 de
902 3603 1128 3644 abdicatio-

2113 221 2215 267 1037

1189 299 1244 328 ne
1278 300 1435 339 rerum,
1450 293 1545 342 post
1575 287 1762 331 medium
1781 297 1795 329 2
1816 285 1918 338 Quoe
1941 285 2121 342 sinywlt's
2142 289 2216 344 (in-

1187 348 1291 400 quit)
1309 349 1441 390 diebus
1456 350 1597 400 feceris
1614 362 1748 402 opera,
1768 361 1815 392 ea
1831 349 1984 402 vesperi
1999 353 2124 392 teewm
2132 351 2220 403 ipse

1187 421 1457 460 commemora,
1472 415 1511 452 et
1527 423 1615 452 cum
1625 412 1704 461 Itis,
1719 423 1807 464 quoe
1817 411 1957 462 seceris
1971 410 2116 464 pridie,
2133 422 2220 452 con-

1182 473 1308 520 ferto,
1328 475 1375 512 ut
1391 470 1531 512 melior
1547 472 1592 512 in
1609 472 1692 513 dies
1711 473 1878 513 existas.
1890 473 1940 512 Et
1953 484 2146 513 sermone
2166 473 2220 514 de

1185 532 1343 579 Ascesi‚
1363 544 1438 572 seu
1459 532 1753 573 exercitatione
1782 534 1990 583 monachi,
2013 535 2122 575 inter
2140 533 2221 575 alia

1187 593 1379 642 consulit,
1401 593 1665 644 quotidianas
1697 606 1811 643 suas,
1840 597 1884 635 et
1912 596 2186 647 cogitationes
2206 626 2219 646 ,

1186 659 1230 695 et
1259 655 1443 695 actiones
1463 666 1610 694 omnes
1645 654 1866 710 diligenter
1894 658 2156 706 examinare;
2181 661 2223 698 et

1187 727 1314 756 serm.
1343 719 1364 756 1
1387 716 1440 756 de
1466 717 1577 756 Just.
1602 714 1815 763 Monach„
1836 716 1883 755 in
1909 716 2022 757 fine:
2049 717 2222 770 Comple-

1187 780 1228 819 to
1245 777 1328 830 (ait)
1342 778 1434 829 Jam
1454 778 1531 826 die,
1549 777 1730 829 omnique
1764 787 1879 828 opere
1908 781 1994 818 tum
2029 779 2221 831 corporis,

1188 842 1273 880 tum
1290 840 1464 890 spiritus
1482 838 1677 885 absoluto,
1686 838 1882 888 preclare
1895 839 1980 890 fiet,
2001 840 2039 879 si
2054 840 2220 892 diliqen-

1188 902 1250 940 ter
1275 898 1561 951 unusquisque,
1583 902 1792 951 antequam
1818 898 1996 941 cubitwm
2018 904 2106 949 eat,
2135 912 2222 941 cum

1185 962 1320 1002 animo
1333 973 1404 1000 suo
1418 961 1696 1001 conscientiam
1718 972 1835 1000 suam
1852 961 2056 1014 acquirat,
2076 964 2157 1000 etc.
2174 963 2224 1001 Et

1183 1021 1209 1063 J
1213 1033 1371 1060 oannes
1381 1022 1600 1070 Climacus,
1612 1022 1639 1060 4
1651 1020 1790 1062 Gradu
1806 1021 1859 1062 de
1877 1021 2130 1071 ohedientia,
2146 1022 2225 1062 cir-

1185 1093 1236 1122 ca
1269 1082 1427 1122 finem:
1451 1082 1636 1136 Optimus
1650 1082 1814 1134 (inquit)
1834 1084 2032 1135 trapezita
2056 1086 2129 1132 est,
2155 1083 2225 1136 qui

1185 1146 1359 1196 quotidie
1377 1157 1532 1196 vespere
1545 1145 1701 1187 lucrum
1717 1157 1764 1186 ac
1774 1145 2054 1186 detrimentum
2067 1147 2226 1187 omnino

1187 1210 1405 1259 computat,
1425 1207 1531 1259 quod
1552 1206 1658 1247 seire
1683 1206 1948 1256 manifestius
1974 1219 2053 1248 non
2078 1211 2224 1260 potest,

1187 1269 1271 1309 nisi
1288 1269 1333 1309 in
1358 1269 1469 1309 horis
1487 1268 1668 1319 sinyulis
1690 1269 1735 1308 in
1764 1269 1915 1310 tabulis
1940 1269 2074 1310 omnia
2106 1270 2225 1310 deno-

1187 1334 1245 1371 tet
1262 1347 1278 1377 ;
1302 1341 1396 1372 nam
1411 1341 1498 1371 cum
1518 1330 1662 1371 calculi
1681 1328 1855 1384 sinqulis
1876 1330 1986 1372 noris
2002 1335 2224 1384 ponuntur,

1188 1393 1313 1432 totius
1332 1392 1411 1432 diei
1423 1391 1531 1432 ratio
1547 1392 1798 1444 postmodum
1808 1392 1959 1434 clarius
1975 1392 2223 1444 aquas-citur.

1188 1452 1238 1491 Et
1258 1453 1384 1504 paulo
1405 1452 1598 1503 superius
1607 1452 1734 1493 refert
1746 1452 1799 1492 de
1811 1453 1994 1504 quodam
2013 1454 2223 1505 religioso:

1186 1514 1257 1556 Aa
1275 1515 1391 1566 cujus
1413 1514 1524 1556 latus
1543 1526 1634 1556 cum
1651 1526 1869 1567 appensum
1892 1516 2054 1567 cinyuto
2076 1516 2227 1556 brevem

1187 1576 1366 1618 libellum
1396 1577 1674 1629 conspicerem,
1695 1576 1818 1618 didici
1830 1588 1918 1618 eum
1936 1577 2108 1629 quotidie
2122 1577 2226 1631 συρί-

1187 1639 1361 1679 tationes
1379 1650 1478 1680 suas
1496 1639 1541 1678 in
1558 1651 1599 1679 eo
1622 1642 1775 1686 notare,
1802 1639 1949 1691 hasque
1973 1650 2107 1679 omnes
2124 1651 2226 1679 nun-

1188 1701 1294 1740 ciare
1302 1701 1459 1750 pastori
1478 1701 1642 1741 solitum
1659 1717 1676 1747 ;
1696 1711 1775 1740 non
1793 1700 1922 1740 solum
1941 1703 2071 1741 autem
2090 1700 2225 1749 illum,

1186 1761 1257 1802 sed
1269 1761 1372 1803 alios
1390 1762 1645 1814 quamplures
1662 1762 1707 1801 id
1720 1764 1847 1811 facere
1861 1760 2003 1802 ibidem
2024 1763 2227 1813 consputi,-

1185 1822 1386 1862 eratenim
1401 1823 1462 1872 (ut
1476 1823 1659 1873 comperi)
1671 1823 1807 1874 patris
1826 1823 1958 1863 sancti
1977 1824 2225 1863 mandatum.

1181 1881 1506 1933 Chrysostomus
1538 1883 1679 1932 etiam,
1715 1883 1858 1923 homil.
1884 1884 1912 1922 2
1937 1883 1980 1922 in
2015 1883 2124 1922 Psal.
2147 1884 2197 1922 50
2214 1913 2226 1931 ‚

1183 1943 1299 1982 circa
1317 1943 1390 1981 illa
1418 1943 1574 1982 verba:
1595 1944 1809 1983 Peccatum
1836 1955 1965 1983 meum
1996 1948 2135 1984 contra
2168 1957 2230 1985 me

1188 2007 1247 2044 est
1267 2014 1429 2055 semper,
1449 2003 1628 2042 consulit
1647 2007 1694 2043 ut
1714 2004 1786 2055 qui
1806 2003 2002 2044 diuturno
2022 2009 2228 2057 tempore,

1189 2064 1258 2104 vel
1276 2064 1358 2103 alio
1392 2064 1675 2104 commodiore
1696 2076 1782 2104 non
1802 2067 1997 2116 potuerit,
2019 2068 2165 2106 saltem
2186 2070 2228 2106 in

1190 2127 1284 2178 ipso
1303 2127 1426 2175 lecto,
1447 2130 1672 2177 antequam
1691 2138 1863 2167 somnus
1879 2130 2048 2179 irrepat,
2072 2131 2227 2169 exami-

1186 2193 1260 2229 net
1279 2188 1380 2240 quid
1397 2189 1495 2229 boni
1509 2189 1654 2239 fecciit
1672 2219 1683 2235 ,
1698 2190 1852 2240 quidve
1870 2190 1967 2228 mali
1996 2191 2226 2240 admiserit,

1187 2253 1231 2289 et
1247 2250 1451 2300 gehennae
1483 2251 1739 2299 recoidetur,
1756 2257 1799 2289 ut
1823 2256 1937 2290 metu
1956 2253 2127 2292 affectus
2158 2254 2226 2292 ho-

1185 2323 1290 2351 num
1310 2316 1478 2363 augeat,
1502 2315 1544 2351 et
1564 2313 1719 2350 malurn
1751 2313 1924 2351 auferat.
1949 2314 2063 2352 Idem
2086 2315 2227 2355 videre

1184 2370 1284 2412 licet
1318 2374 1361 2411 in
1400 2374 1707 2423 Bonaventnra,
1744 2377 1931 2424 opuscul.
1971 2376 2022 2414 de
2047 2377 2226 2416 Puritate

1185 2434 1473 2480 conscientiae,
1497 2447 1534 2473 c.
1563 2437 1612 2480 6,
1638 2438 1678 2474 ct
1711 2436 1751 2474 in
1778 2437 1955 2487 Speculo
1983 2437 2223 2489 discipliiiae3

1183 2496 1343 2534 Thoma
1361 2495 1414 2534 de
1444 2497 1632 2546 Kenipis,
1652 2496 1722 2535 lib.
1746 2498 1770 2535 2
1800 2498 1854 2535 de
1888 2498 2106 2549 Disciplina
2137 2512 2226 2539 mo-

1188 2557 1359 2604 nastica,
1380 2569 1472 2608 cap.
1496 2559 1560 2596 11.
1590 2559 1677 2596 Imo
1713 2561 1754 2596 et
1775 2558 1930 2598 Seneca
1955 2560 2030 2598 hoc
2052 2562 2225 2610 praebuit

1187 2616 1420 2662 consilium,
1443 2618 1514 2658 lib.
1536 2619 1561 2658 3
1582 2617 1633 2657 de
1651 2619 1732 2667 Ira,
1749 2631 1839 2669 cap.
1864 2621 1928 2659 36.
1951 2621 1998 2659 In
2020 2621 2097 2660 hoc
2125 2634 2224 2661 vero

1186 2680 1373 2718 omnium
1388 2679 1625 2719 defectuum
1640 2681 1880 2730 quotidiano
1893 2682 2097 2728 examine,
2111 2683 2224 2734 quod

1182 2747 1406 2795 propterea
1438 2743 1635 2794 generale
1654 2748 1788 2790 vocat,
1811 2747 1954 2783 monet
1974 2745 2018 2783 B.
2039 2746 2224 2796 Ignatius

1184 2808 1231 2843 ut
1248 2816 1272 2842 a
1295 2804 1522 2855 gratiarum
1538 2804 1701 2843 actione
1720 2816 1794 2855 pro
1818 2805 2032 2844 beneficiis
2055 2806 2223 2858 incipia-

1183 2877 1293 2915 mus,
1311 2867 1377 2906 vel
1397 2866 1494 2916 quia
1525 2878 1609 2905 non
1632 2867 1770 2906 minus
1803 2867 1845 2906 id
1873 2867 2048 2907 debetur
2066 2868 2109 2907 in
2125 2868 2223 2909 .·fine

1182 2927 1282 2977 diei,
1304 2939 1432 2979 quam
1447 2932 1716 2979 peccatorum
1747 2930 2003 2980 recogitatio,
2017 2930 2083 2969 vel
2109 2934 2221 2971 certe

1182 2990 1282 3041 quia
1300 2990 1477 3028 multum
1487 2990 1606 3040 juvat
1624 2989 1678 3028 ad
1697 2990 1830 3042 magis
1846 2991 2072 3031 dolendum
2082 2992 2133 3031 de
2148 2992 2221 3032 he-

1182 3051 1404 3091 nefactoris
1427 3052 1599 3090 offensa.
1632 3052 1802 3091 Invenio
1829 3059 1970 3092 autem
2001 3054 2219 3093 consilium

1179 3113 1262 3153 hoc
1283 3114 1327 3152 in
1354 3113 1565 3153 Clemente
1579 3114 1875 3162 Alexandrino,
1898 3115 1969 3154 lib.
1989 3116 2017 3153 4
2037 3114 2217 3165 Paedag.‚

1181 3187 1274 3226 cap.
1307 3176 1359 3214 4:
1385 3176 1607 3225 Postremo,
1626 3175 1696 3224 ait,
1716 3180 1926 3228 antequam
1958 3186 2031 3216 nos
2057 3188 2218 3216 somnus

1180 3238 1362 3287 invadat,
1381 3239 1497 3291 pium
1515 3241 1553 3279 et
1572 3242 1754 3279 sanctum
1775 3243 1832 3279 est
1852 3239 1932 3278 Deo
1947 3239 2105 3291 qratias
2125 3249 2216 3288 aye-

1179 3311 1239 3348 re‚
1260 3303 1304 3341 ut
1330 3299 1399 3352 qui
1417 3300 1503 3351 ejus
1534 3300 1814 3352 beniqnitatem
1834 3303 1872 3340 et
1892 3300 2070 3350 qratiam
2088 3300 2215 3349 fueri-

1178 3372 1271 3401 mus
1289 3363 1499 3410 consecuti,
1520 3362 1582 3402 ita
1608 3366 1653 3401 ut
1671 3373 1759 3401 cum
1797 3361 1930 3400 divino
1962 3361 2126 3412 quodam
2149 3361 2214 3410 af-

1177 3422 1288 3474 flatu
1310 3433 1383 3463 nos
1401 3423 1455 3463 ad
1470 3434 1648 3463 somnum
1668 3424 1927 3471 conferamus.
1951 3420 2054 3459 Illud
2073 3423 2213 3461 tamen

1181 3482 1510 3522 animadvertere
1525 3482 1637 3530 libet,
1649 3482 1779 3521 dictos
1792 3482 1930 3521 Patres
1941 3480 2073 3519 solnm
2085 3493 2212 3533 gene-

1179 3543 1512 3594 raliterattigisse
1525 3543 1784 3582 eonscientiae
1798 3543 2211 3590 examen,seme1aut

1178 3604 1244 3645 bis
1261 3605 1330 3646 vel
1347 3605 1502 3658 saepius
1532 3604 1578 3644 in
1606 3603 1675 3645 die
1691 3602 1981 3656 peragendum
1994 3631 2008 3652 ,
2023 3603 2212 3658 partiam,
