<?xml version="1.0" encoding="UTF-8"?>
<!DOCTYPE html PUBLIC "-//W3C//DTD XHTML 1.0 Transitional//EN"
    "http://www.w3.org/TR/xhtml1/DTD/xhtml1-transitional.dtd">
<html xmlns="http://www.w3.org/1999/xhtml" xml:lang="en" lang="en">
 <head>
  <title>
</title>
<meta http-equiv="Content-Type" content="text/html;charset=utf-8" />
  <meta name='ocr-system' content='tesseract 3.04.00' />
  <meta name='ocr-capabilities' content='ocr_page ocr_carea ocr_par ocr_line ocrx_word'/>
</head>
<body>
  <div class='ocr_page' id='page_1' title='image "./operaomnia16suaauoft_0213.png"; bbox 0 0 2352 3880; ppageno 0'>
   <div class='ocr_carea' id='block_1_1' title="bbox 0 0 383 215">
    <p class='ocr_par' dir='ltr' id='par_1_1' title="bbox 0 0 383 215">
     <span class='ocr_line' id='line_1_1' title="bbox 0 0 383 215; baseline 0 3665"><span class='ocrx_word' id='word_1_1' title='bbox 0 0 383 215; x_wconf 95' lang='lat' dir='ltr'><strong> </strong></span> 
     </span>
    </p>
   </div>
   <div class='ocr_carea' id='block_1_2' title="bbox 397 224 1932 292">
    <p class='ocr_par' dir='ltr' id='par_1_2' title="bbox 397 224 1932 292">
     <span class='ocr_line' id='line_1_2' title="bbox 397 224 1932 292; baseline -0.003 -5"><span class='ocrx_word' id='word_1_2' title='bbox 397 252 488 287; x_wconf 71' lang='lat' dir='ltr'><strong>mr.</strong></span> <span class='ocrx_word' id='word_1_3' title='bbox 511 251 566 287; x_wconf 88' lang='lat' dir='ltr'><strong>m.</strong></span> <span class='ocrx_word' id='word_1_4' title='bbox 589 250 686 292; x_wconf 81' lang='lat' dir='ltr'><strong>Qum</strong></span> <span class='ocrx_word' id='word_1_5' title='bbox 707 249 771 284; x_wconf 84' lang='lat' dir='ltr'><strong>sn·</strong></span> <span class='ocrx_word' id='word_1_6' title='bbox 792 249 834 284; x_wconf 77' lang='lat' dir='ltr'><strong>m</strong></span> <span class='ocrx_word' id='word_1_7' title='bbox 853 247 1126 284; x_wconf 70' lang='lat' dir='ltr'><strong>rnoressiomi</strong></span> <span class='ocrx_word' id='word_1_8' title='bbox 1145 224 1383 284; x_wconf 56' lang='lat' dir='ltr'><strong>socie-raris</strong></span> <span class='ocrx_word' id='word_1_9' title='bbox 1400 249 1568 285; x_wconf 72' lang='lat' dir='ltr'><strong>vovens</strong></span> <span class='ocrx_word' id='word_1_10' title='bbox 1587 248 1815 291; x_wconf 68' lang='lat' dir='ltr'><strong>secunaum.</strong></span> <span class='ocrx_word' id='word_1_11' title='bbox 1835 240 1932 284; x_wconf 63' lang='lat' dir='ltr'><strong>mc:</strong></span> 
     </span>
    </p>
   </div>
   <div class='ocr_carea' id='block_1_3' title="bbox 82 315 1150 2587">
    <p class='ocr_par' dir='ltr' id='par_1_3' title="bbox 67 315 1150 2587">
     <span class='ocr_line' id='line_1_3' title="bbox 82 315 1132 370; baseline -0.009 -7"><span class='ocrx_word' id='word_1_12' title='bbox 82 339 87 343; x_wconf 25' lang='grc' dir='ltr'><em>Α</em></span> <span class='ocrx_word' id='word_1_13' title='bbox 112 321 267 364; x_wconf 71' lang='lat' dir='ltr'><strong>seilicet</strong></span> <span class='ocrx_word' id='word_1_14' title='bbox 282 318 326 359; x_wconf 87' lang='lat' dir='ltr'><strong>in</strong></span> <span class='ocrx_word' id='word_1_15' title='bbox 343 318 523 370; x_wconf 86' lang='lat' dir='ltr'><strong>templis,</strong></span> <span class='ocrx_word' id='word_1_16' title='bbox 549 318 591 357; x_wconf 87' lang='lat' dir='ltr'><strong>in</strong></span> <span class='ocrx_word' id='word_1_17' title='bbox 626 327 850 368; x_wconf 89' lang='lat' dir='ltr'><strong>puerorum</strong></span> <span class='ocrx_word' id='word_1_18' title='bbox 887 315 1052 364; x_wconf 89' lang='lat' dir='ltr'><strong>scholis,</strong></span> <span class='ocrx_word' id='word_1_19' title='bbox 1083 325 1132 354; x_wconf 87' lang='lat' dir='ltr'><strong>ac</strong></span> 
     </span>
     <span class='ocr_line' id='line_1_4' title="bbox 94 375 1132 437; baseline -0.008 -13.228"><span class='ocrx_word' id='word_1_20' title='bbox 94 377 188 437; x_wconf 51' lang='lat' dir='ltr'><strong>&#39;per</strong></span> <span class='ocrx_word' id='word_1_21' title='bbox 201 381 288 420; x_wconf 84' lang='lat' dir='ltr'><strong>vias</strong></span> <span class='ocrx_word' id='word_1_22' title='bbox 306 385 348 420; x_wconf 86' lang='lat' dir='ltr'><strong>ct</strong></span> <span class='ocrx_word' id='word_1_23' title='bbox 372 379 542 431; x_wconf 79' lang='lat' dir='ltr'><strong>plateas.</strong></span> <span class='ocrx_word' id='word_1_24' title='bbox 563 377 684 420; x_wconf 85' lang='lat' dir='ltr'><strong>Unde</strong></span> <span class='ocrx_word' id='word_1_25' title='bbox 717 377 760 416; x_wconf 89' lang='lat' dir='ltr'><strong>in</strong></span> <span class='ocrx_word' id='word_1_26' title='bbox 795 375 944 417; x_wconf 88' lang='lat' dir='ltr'><strong>eodem</strong></span> <span class='ocrx_word' id='word_1_27' title='bbox 971 386 1132 417; x_wconf 86' lang='lat' dir='ltr'><strong>canone</strong></span> 
     </span>
     <span class='ocr_line' id='line_1_5' title="bbox 110 439 1132 492; baseline -0.007 -7"><span class='ocrx_word' id='word_1_28' title='bbox 110 442 321 485; x_wconf 75' lang='lat' dir='ltr'><strong>subditur:</strong></span> <span class='ocrx_word' id='word_1_29' title='bbox 343 441 560 492; x_wconf 76' lang='lat' dir='ltr'><em>Propterea</em></span> <span class='ocrx_word' id='word_1_30' title='bbox 577 439 741 491; x_wconf 71' lang='lat' dir='ltr'><strong>diqnum</strong></span> <span class='ocrx_word' id='word_1_31' title='bbox 753 442 811 479; x_wconf 83' lang='lat' dir='ltr'><strong>est</strong></span> <span class='ocrx_word' id='word_1_32' title='bbox 835 442 883 479; x_wconf 90' lang='lat' dir='ltr'><strong>ut</strong></span> <span class='ocrx_word' id='word_1_33' title='bbox 902 439 1012 488; x_wconf 78' lang='lat' dir='ltr'><strong>filios</strong></span> <span class='ocrx_word' id='word_1_34' title='bbox 1040 447 1132 478; x_wconf 74' lang='lat' dir='ltr'><strong>suos</strong></span> 
     </span>
     <span class='ocr_line' id='line_1_6' title="bbox 109 499 1133 550; baseline -0.009 -2"><span class='ocrx_word' id='word_1_35' title='bbox 109 505 248 548; x_wconf 69' lang='lat' dir='ltr'><strong>donem</strong></span> <span class='ocrx_word' id='word_1_36' title='bbox 280 503 334 544; x_wconf 84' lang='lat' dir='ltr'><strong>ad</strong></span> <span class='ocrx_word' id='word_1_37' title='bbox 362 502 550 550; x_wconf 70' lang='lat' dir='ltr'><strong>scholam,</strong></span> <span class='ocrx_word' id='word_1_38' title='bbox 577 501 659 542; x_wconf 83' lang='lat' dir='ltr'><strong>sive</strong></span> <span class='ocrx_word' id='word_1_39' title='bbox 681 499 736 540; x_wconf 83' lang='lat' dir='ltr'><strong>ad</strong></span> <span class='ocrx_word' id='word_1_40' title='bbox 767 499 1024 549; x_wconf 85' lang='lat' dir='ltr'><strong>monasteria,</strong></span> <span class='ocrx_word' id='word_1_41' title='bbox 1050 499 1133 540; x_wconf 84' lang='lat' dir='ltr'><strong>sive</strong></span> 
     </span>
     <span class='ocr_line' id='line_1_7' title="bbox 109 559 1132 618; baseline -0.005 -12"><span class='ocrx_word' id='word_1_42' title='bbox 109 569 217 618; x_wconf 73' lang='lat' dir='ltr'><strong>toras</strong></span> <span class='ocrx_word' id='word_1_43' title='bbox 240 564 499 616; x_wconf 71' lang='lat' dir='ltr'><strong>presbyteris,</strong></span> <span class='ocrx_word' id='word_1_44' title='bbox 529 564 575 602; x_wconf 88' lang='lat' dir='ltr'><strong>ut</strong></span> <span class='ocrx_word' id='word_1_45' title='bbox 595 561 712 612; x_wconf 79' lang='lat' dir='ltr'><strong>fidem</strong></span> <span class='ocrx_word' id='word_1_46' title='bbox 750 559 999 602; x_wconf 74' lang='lat' dir='ltr'><strong>Catholieam</strong></span> <span class='ocrx_word' id='word_1_47' title='bbox 1029 563 1132 602; x_wconf 88' lang='lat' dir='ltr'><strong>reete</strong></span> 
     </span>
     <span class='ocr_line' id='line_1_8' title="bbox 109 620 1133 673; baseline -0.005 -6"><span class='ocrx_word' id='word_1_48' title='bbox 109 626 276 673; x_wconf 75' lang='lat' dir='ltr'><strong>discant,</strong></span> <span class='ocrx_word' id='word_1_49' title='bbox 302 628 341 665; x_wconf 84' lang='lat' dir='ltr'><strong>et</strong></span> <span class='ocrx_word' id='word_1_50' title='bbox 374 622 597 664; x_wconf 75' lang='lat' dir='ltr'><em>Orationem</em></span> <span class='ocrx_word' id='word_1_51' title='bbox 640 621 916 671; x_wconf 67' lang='lat' dir='ltr'><strong>Dominam,</strong></span> <span class='ocrx_word' id='word_1_52' title='bbox 953 626 999 662; x_wconf 87' lang='lat' dir='ltr'><strong>ut</strong></span> <span class='ocrx_word' id='word_1_53' title='bbox 1029 620 1133 662; x_wconf 85' lang='lat' dir='ltr'><strong>domi</strong></span> 
     </span>
     <span class='ocr_line' id='line_1_9' title="bbox 109 682 1132 735; baseline -0.003 -9"><span class='ocrx_word' id='word_1_54' title='bbox 109 687 210 727; x_wconf 88' lang='lat' dir='ltr'><strong>alios</strong></span> <span class='ocrx_word' id='word_1_55' title='bbox 225 686 377 726; x_wconf 87' lang='lat' dir='ltr'><strong>edocere</strong></span> <span class='ocrx_word' id='word_1_56' title='bbox 393 683 564 725; x_wconf 84' lang='lat' dir='ltr'><strong>valeant.</strong></span> <span class='ocrx_word' id='word_1_57' title='bbox 587 682 664 724; x_wconf 87' lang='lat' dir='ltr'><strong>Ubi</strong></span> <span class='ocrx_word' id='word_1_58' title='bbox 681 683 913 733; x_wconf 78' lang='lat' dir='ltr'>specialiter</span> <span class='ocrx_word' id='word_1_59' title='bbox 943 683 1132 735; x_wconf 82' lang='lat' dir='ltr'><strong>expendo</strong></span> 
     </span>
     <span class='ocr_line' id='line_1_10' title="bbox 108 744 1133 794; baseline -0.001 -9"><span class='ocrx_word' id='word_1_60' title='bbox 108 746 279 785; x_wconf 84' lang='lat' dir='ltr'><strong>verbum</strong></span> <span class='ocrx_word' id='word_1_61' title='bbox 298 745 413 794; x_wconf 91' lang='lat' dir='ltr'><strong>illud,</strong></span> <span class='ocrx_word' id='word_1_62' title='bbox 434 746 517 786; x_wconf 82' lang='lat' dir='ltr'><strong>sive</strong></span> <span class='ocrx_word' id='word_1_63' title='bbox 539 744 594 785; x_wconf 90' lang='lat' dir='ltr'><strong>ad</strong></span> <span class='ocrx_word' id='word_1_64' title='bbox 616 745 858 785; x_wconf 87' lang='lat' dir='ltr'><strong>monasteria</strong></span> <span class='ocrx_word' id='word_1_65' title='bbox 873 760 892 790; x_wconf 88' lang='lat'><em>;</em></span> <span class='ocrx_word' id='word_1_66' title='bbox 919 744 990 785; x_wconf 89' lang='lat' dir='ltr'><strong>illo</strong></span> <span class='ocrx_word' id='word_1_67' title='bbox 1022 745 1133 784; x_wconf 91' lang='lat' dir='ltr'><strong>enim</strong></span> 
     </span>
     <span class='ocr_line' id='line_1_11' title="bbox 109 806 1135 859; baseline 0 -13"><span class='ocrx_word' id='word_1_68' title='bbox 109 807 374 858; x_wconf 85' lang='lat' dir='ltr'><strong>significatur,</strong></span> <span class='ocrx_word' id='word_1_69' title='bbox 392 806 518 846; x_wconf 85' lang='lat' dir='ltr'><strong>etiam</strong></span> <span class='ocrx_word' id='word_1_70' title='bbox 547 806 762 857; x_wconf 89' lang='lat' dir='ltr'><strong>religiosos</strong></span> <span class='ocrx_word' id='word_1_71' title='bbox 794 806 904 845; x_wconf 91' lang='lat' dir='ltr'><strong>illius</strong></span> <span class='ocrx_word' id='word_1_72' title='bbox 936 807 1135 859; x_wconf 87' lang='lat' dir='ltr'><strong>temporis</strong></span> 
     </span>
     <span class='ocr_line' id='line_1_12' title="bbox 107 868 1136 920; baseline -0.001 -12"><span class='ocrx_word' id='word_1_73' title='bbox 107 881 190 908; x_wconf 88' lang='lat' dir='ltr'><strong>non</strong></span> <span class='ocrx_word' id='word_1_74' title='bbox 210 869 334 908; x_wconf 89' lang='lat' dir='ltr'><strong>fuisse</strong></span> <span class='ocrx_word' id='word_1_75' title='bbox 352 868 598 920; x_wconf 86' lang='lat' dir='ltr'><strong>dedignatos</strong></span> <span class='ocrx_word' id='word_1_76' title='bbox 611 868 691 908; x_wconf 89' lang='lat' dir='ltr'><strong>hoc</strong></span> <span class='ocrx_word' id='word_1_77' title='bbox 720 868 993 908; x_wconf 87' lang='lat' dir='ltr'><strong>ministerium</strong></span> <span class='ocrx_word' id='word_1_78' title='bbox 1016 868 1136 908; x_wconf 90' lang='lat' dir='ltr'><strong>insti-</strong></span> 
     </span>
     <span class='ocr_line' id='line_1_13' title="bbox 106 930 1134 982; baseline -0.001 -12"><span class='ocrx_word' id='word_1_79' title='bbox 106 930 247 970; x_wconf 86' lang='lat' dir='ltr'><strong>tuendi</strong></span> <span class='ocrx_word' id='word_1_80' title='bbox 267 942 419 982; x_wconf 90' lang='lat' dir='ltr'><strong>pueros</strong></span> <span class='ocrx_word' id='word_1_81' title='bbox 435 930 478 969; x_wconf 92' lang='lat' dir='ltr'><strong>in</strong></span> <span class='ocrx_word' id='word_1_82' title='bbox 496 930 727 970; x_wconf 87' lang='lat' dir='ltr'><strong>Christiana</strong></span> <span class='ocrx_word' id='word_1_83' title='bbox 748 930 946 970; x_wconf 85' lang='lat' dir='ltr'><strong>doctrina.</strong></span> <span class='ocrx_word' id='word_1_84' title='bbox 971 931 1134 981; x_wconf 87' lang='lat' dir='ltr'><strong>Expen-</strong></span> 
     </span>
     <span class='ocr_line' id='line_1_14' title="bbox 109 991 1138 1040; baseline 0.002 -10"><span class='ocrx_word' id='word_1_85' title='bbox 109 991 160 1031; x_wconf 86' lang='lat' dir='ltr'><strong>do</strong></span> <span class='ocrx_word' id='word_1_86' title='bbox 176 992 298 1030; x_wconf 88' lang='lat' dir='ltr'><strong>etiam</strong></span> <span class='ocrx_word' id='word_1_87' title='bbox 318 991 421 1030; x_wconf 89' lang='lat' dir='ltr'><strong>illud</strong></span> <span class='ocrx_word' id='word_1_88' title='bbox 440 992 630 1040; x_wconf 89' lang='lat' dir='ltr'><strong>verbum,</strong></span> <span class='ocrx_word' id='word_1_89' title='bbox 658 995 704 1032; x_wconf 87' lang='lat' dir='ltr'><strong>ut</strong></span> <span class='ocrx_word' id='word_1_90' title='bbox 724 991 827 1031; x_wconf 86' lang='lat' dir='ltr'><strong>domi</strong></span> <span class='ocrx_word' id='word_1_91' title='bbox 857 992 959 1032; x_wconf 83' lang='lat' dir='ltr'><strong>alios</strong></span> <span class='ocrx_word' id='word_1_92' title='bbox 986 993 1138 1033; x_wconf 83' lang='lat' dir='ltr'><strong>edocere</strong></span> 
     </span>
     <span class='ocr_line' id='line_1_15' title="bbox 109 1053 1137 1106; baseline -0.001 -12"><span class='ocrx_word' id='word_1_93' title='bbox 109 1053 260 1094; x_wconf 78' lang='lat' dir='ltr'><strong>valeant</strong></span> <span class='ocrx_word' id='word_1_94' title='bbox 274 1071 290 1101; x_wconf 92' lang='lat'><em>;</em></span> <span class='ocrx_word' id='word_1_95' title='bbox 309 1065 407 1093; x_wconf 89' lang='lat' dir='ltr'><strong>nam</strong></span> <span class='ocrx_word' id='word_1_96' title='bbox 428 1066 501 1106; x_wconf 88' lang='lat' dir='ltr'><strong>per</strong></span> <span class='ocrx_word' id='word_1_97' title='bbox 519 1053 621 1092; x_wconf 88' lang='lat' dir='ltr'><strong>illud</strong></span> <span class='ocrx_word' id='word_1_98' title='bbox 651 1053 885 1092; x_wconf 86' lang='lat' dir='ltr'><strong>insinuatur</strong></span> <span class='ocrx_word' id='word_1_99' title='bbox 922 1053 1028 1093; x_wconf 88' lang='lat' dir='ltr'><strong>alius</strong></span> <span class='ocrx_word' id='word_1_100' title='bbox 1047 1065 1137 1093; x_wconf 88' lang='lat' dir='ltr'><strong>mo-</strong></span> 
     </span>
     <span class='ocr_line' id='line_1_16' title="bbox 107 1114 1137 1166; baseline 0.001 -12"><span class='ocrx_word' id='word_1_101' title='bbox 107 1115 196 1162; x_wconf 89' lang='lat' dir='ltr'><strong>dus,</strong></span> <span class='ocrx_word' id='word_1_102' title='bbox 220 1127 302 1165; x_wconf 88' lang='lat' dir='ltr'><strong>quo</strong></span> <span class='ocrx_word' id='word_1_103' title='bbox 331 1116 420 1154; x_wconf 84' lang='lat' dir='ltr'><strong>haec</strong></span> <span class='ocrx_word' id='word_1_104' title='bbox 452 1127 677 1166; x_wconf 87' lang='lat' dir='ltr'><strong>puerorum</strong></span> <span class='ocrx_word' id='word_1_105' title='bbox 714 1114 914 1154; x_wconf 89' lang='lat' dir='ltr'><strong>institutio</strong></span> <span class='ocrx_word' id='word_1_106' title='bbox 942 1114 995 1154; x_wconf 90' lang='lat' dir='ltr'><strong>ad</strong></span> <span class='ocrx_word' id='word_1_107' title='bbox 1033 1115 1137 1155; x_wconf 86' lang='lat' dir='ltr'><strong>alios</strong></span> 
     </span>
     <span class='ocr_line' id='line_1_17' title="bbox 107 1175 1136 1230; baseline 0.001 -15"><span class='ocrx_word' id='word_1_108' title='bbox 107 1177 346 1230; x_wconf 81' lang='lat' dir='ltr'><strong>grandiores</strong></span> <span class='ocrx_word' id='word_1_109' title='bbox 376 1177 599 1225; x_wconf 89' lang='lat' dir='ltr'><strong>derivatur,</strong></span> <span class='ocrx_word' id='word_1_110' title='bbox 635 1176 733 1215; x_wconf 89' lang='lat' dir='ltr'><strong>dum</strong></span> <span class='ocrx_word' id='word_1_111' title='bbox 770 1187 909 1215; x_wconf 90' lang='lat' dir='ltr'><strong>coram</strong></span> <span class='ocrx_word' id='word_1_112' title='bbox 930 1177 991 1215; x_wconf 89' lang='lat' dir='ltr'><strong>bis</strong></span> <span class='ocrx_word' id='word_1_113' title='bbox 1021 1175 1136 1217; x_wconf 89' lang='lat' dir='ltr'><strong>domi</strong></span> 
     </span>
     <span class='ocr_line' id='line_1_18' title="bbox 105 1236 1070 1290; baseline -0.001 -12"><span class='ocrx_word' id='word_1_114' title='bbox 105 1242 295 1290; x_wconf 86' lang='lat' dir='ltr'><strong>repetunt</strong></span> <span class='ocrx_word' id='word_1_115' title='bbox 323 1238 457 1289; x_wconf 85' lang='lat' dir='ltr'><strong>pueri,</strong></span> <span class='ocrx_word' id='word_1_116' title='bbox 473 1250 564 1289; x_wconf 82' lang='lat' dir='ltr'><strong>quae</strong></span> <span class='ocrx_word' id='word_1_117' title='bbox 578 1237 620 1276; x_wconf 93' lang='lat' dir='ltr'><strong>in</strong></span> <span class='ocrx_word' id='word_1_118' title='bbox 638 1236 802 1289; x_wconf 90' lang='lat' dir='ltr'><strong>publico</strong></span> <span class='ocrx_word' id='word_1_119' title='bbox 822 1236 1070 1277; x_wconf 81' lang='lat' dir='ltr'><strong>didicerunt.</strong></span> 
     </span>
     <span class='ocr_line' id='line_1_19' title="bbox 159 1300 1134 1341; baseline 0.002 -3"><span class='ocrx_word' id='word_1_120' title='bbox 159 1302 223 1340; x_wconf 82' lang='lat'><strong>10.</strong></span> <span class='ocrx_word' id='word_1_121' title='bbox 243 1301 426 1341; x_wconf 80' lang='lat' dir='ltr'><strong>Secunda</strong></span> <span class='ocrx_word' id='word_1_122' title='bbox 440 1301 622 1341; x_wconf 79' lang='lat' dir='ltr'><em>assertio.</em></span> <span class='ocrx_word' id='word_1_123' title='bbox 638 1321 690 1330; x_wconf 91' lang='lat'><strong>—</strong></span> <span class='ocrx_word' id='word_1_124' title='bbox 701 1300 892 1340; x_wconf 91' lang='lat' dir='ltr'><strong>Secundo</strong></span> <span class='ocrx_word' id='word_1_125' title='bbox 911 1300 1134 1340; x_wconf 87' lang='lat' dir='ltr'><strong>dicendum</strong></span> 
     </span>
     <span class='ocr_line' id='line_1_20' title="bbox 107 1362 1137 1413; baseline 0.001 -11"><span class='ocrx_word' id='word_1_126' title='bbox 107 1362 338 1411; x_wconf 85' lang='lat' dir='ltr'><strong>est,merito</strong></span> <span class='ocrx_word' id='word_1_127' title='bbox 353 1362 539 1402; x_wconf 88' lang='lat' dir='ltr'><strong>informa</strong></span> <span class='ocrx_word' id='word_1_128' title='bbox 551 1362 770 1413; x_wconf 86' lang='lat' dir='ltr'><strong>profitendi</strong></span> <span class='ocrx_word' id='word_1_129' title='bbox 788 1363 830 1401; x_wconf 90' lang='lat' dir='ltr'><strong>in</strong></span> <span class='ocrx_word' id='word_1_130' title='bbox 844 1363 1048 1403; x_wconf 86' lang='lat' dir='ltr'><strong>Societate</strong></span> <span class='ocrx_word' id='word_1_131' title='bbox 1066 1376 1137 1403; x_wconf 87' lang='lat' dir='ltr'><strong>ex·</strong></span> 
     </span>
     <span class='ocr_line' id='line_1_21' title="bbox 104 1425 1138 1477; baseline 0.004 -14"><span class='ocrx_word' id='word_1_132' title='bbox 104 1425 300 1477; x_wconf 88' lang='lat' dir='ltr'><strong>plicatum</strong></span> <span class='ocrx_word' id='word_1_133' title='bbox 326 1437 418 1465; x_wconf 90' lang='lat' dir='ltr'><strong>esse</strong></span> <span class='ocrx_word' id='word_1_134' title='bbox 449 1425 528 1464; x_wconf 86' lang='lat' dir='ltr'><strong>hoc</strong></span> <span class='ocrx_word' id='word_1_135' title='bbox 554 1426 828 1464; x_wconf 90' lang='lat' dir='ltr'><strong>ministerium</strong></span> <span class='ocrx_word' id='word_1_136' title='bbox 862 1425 906 1465; x_wconf 91' lang='lat' dir='ltr'><strong>in</strong></span> <span class='ocrx_word' id='word_1_137' title='bbox 922 1430 1018 1466; x_wconf 90' lang='lat' dir='ltr'><strong>voto</strong></span> <span class='ocrx_word' id='word_1_138' title='bbox 1039 1427 1138 1467; x_wconf 89' lang='lat' dir='ltr'><strong>obe-</strong></span> 
     </span>
     <span class='ocr_line' id='line_1_22' title="bbox 106 1487 1138 1539; baseline 0.004 -14"><span class='ocrx_word' id='word_1_139' title='bbox 106 1487 291 1536; x_wconf 84' lang='lat' dir='ltr'><strong>dientiae,</strong></span> <span class='ocrx_word' id='word_1_140' title='bbox 310 1498 566 1539; x_wconf 87' lang='lat' dir='ltr'><strong>quamquam</strong></span> <span class='ocrx_word' id='word_1_141' title='bbox 591 1487 634 1526; x_wconf 90' lang='lat' dir='ltr'><strong>id</strong></span> <span class='ocrx_word' id='word_1_142' title='bbox 662 1488 816 1527; x_wconf 88' lang='lat' dir='ltr'><strong>factum</strong></span> <span class='ocrx_word' id='word_1_143' title='bbox 844 1489 919 1538; x_wconf 87' lang='lat' dir='ltr'><strong>sit,</strong></span> <span class='ocrx_word' id='word_1_144' title='bbox 941 1501 1026 1528; x_wconf 91' lang='lat' dir='ltr'><strong>non</strong></span> <span class='ocrx_word' id='word_1_145' title='bbox 1054 1493 1138 1529; x_wconf 88' lang='lat' dir='ltr'><strong>tam</strong></span> 
     </span>
     <span class='ocr_line' id='line_1_23' title="bbox 104 1550 1141 1604; baseline 0.002 -15"><span class='ocrx_word' id='word_1_146' title='bbox 104 1554 273 1602; x_wconf 88' lang='lat' dir='ltr'><strong>propter</strong></span> <span class='ocrx_word' id='word_1_147' title='bbox 306 1562 457 1590; x_wconf 90' lang='lat' dir='ltr'><strong>novam</strong></span> <span class='ocrx_word' id='word_1_148' title='bbox 494 1550 790 1602; x_wconf 80' lang='lat' dir='ltr'><strong>obligationem</strong></span> <span class='ocrx_word' id='word_1_149' title='bbox 819 1552 1141 1604; x_wconf 84' lang='lat' dir='ltr'><strong>imponendam,</strong></span> 
     </span>
     <span class='ocr_line' id='line_1_24' title="bbox 106 1612 1138 1663; baseline 0.003 -13"><span class='ocrx_word' id='word_1_150' title='bbox 106 1624 231 1663; x_wconf 88' lang='lat' dir='ltr'><strong>quam</strong></span> <span class='ocrx_word' id='word_1_151' title='bbox 253 1616 422 1663; x_wconf 87' lang='lat' dir='ltr'><strong>propter</strong></span> <span class='ocrx_word' id='word_1_152' title='bbox 449 1612 722 1652; x_wconf 86' lang='lat' dir='ltr'><strong>ministerium</strong></span> <span class='ocrx_word' id='word_1_153' title='bbox 747 1614 1138 1654; x_wconf 88' lang='lat' dir='ltr'><strong>commendandum.</strong></span> 
     </span>
     <span class='ocr_line' id='line_1_25' title="bbox 107 1674 1143 1727; baseline 0.002 -14"><span class='ocrx_word' id='word_1_154' title='bbox 107 1674 290 1713; x_wconf 90' lang='lat' dir='ltr'><strong>Sumitur</strong></span> <span class='ocrx_word' id='word_1_155' title='bbox 303 1674 392 1713; x_wconf 87' lang='lat' dir='ltr'><strong>haec</strong></span> <span class='ocrx_word' id='word_1_156' title='bbox 405 1674 574 1713; x_wconf 79' lang='lat' dir='ltr'><strong>assertio</strong></span> <span class='ocrx_word' id='word_1_157' title='bbox 590 1686 639 1713; x_wconf 80' lang='lat' dir='ltr'><strong>ex</strong></span> <span class='ocrx_word' id='word_1_158' title='bbox 656 1674 935 1714; x_wconf 82' lang='lat' dir='ltr'><strong>declaratione</strong></span> <span class='ocrx_word' id='word_1_159' title='bbox 954 1676 1143 1727; x_wconf 87' lang='lat' dir='ltr'><strong>ejusdem</strong></span> 
     </span>
     <span class='ocr_line' id='line_1_26' title="bbox 107 1736 1144 1789; baseline 0.004 -15"><span class='ocrx_word' id='word_1_160' title='bbox 107 1736 428 1782; x_wconf 68' lang='lat' dir='ltr'><strong>Conststufionis,</strong></span> <span class='ocrx_word' id='word_1_161' title='bbox 452 1740 569 1787; x_wconf 90' lang='lat' dir='ltr'><strong>parte</strong></span> <span class='ocrx_word' id='word_1_162' title='bbox 587 1737 743 1787; x_wconf 89' lang='lat' dir='ltr'><strong>quinta,</strong></span> <span class='ocrx_word' id='word_1_163' title='bbox 759 1749 849 1789; x_wconf 87' lang='lat' dir='ltr'><strong>cap.</strong></span> <span class='ocrx_word' id='word_1_164' title='bbox 866 1738 1002 1787; x_wconf 88' lang='lat' dir='ltr'><strong>tertio,</strong></span> <span class='ocrx_word' id='word_1_165' title='bbox 1015 1739 1074 1778; x_wconf 85' lang='lat' dir='ltr'><strong>lit.</strong></span> <span class='ocrx_word' id='word_1_166' title='bbox 1097 1739 1144 1786; x_wconf 91' lang='lat' dir='ltr'><strong>B,</strong></span> 
     </span>
     <span class='ocr_line' id='line_1_27' title="bbox 108 1797 1140 1851; baseline 0.004 -15"><span class='ocrx_word' id='word_1_167' title='bbox 108 1809 201 1848; x_wconf 81' lang='lat' dir='ltr'><strong>quae</strong></span> <span class='ocrx_word' id='word_1_168' title='bbox 226 1797 283 1837; x_wconf 87' lang='lat' dir='ltr'><strong>sic</strong></span> <span class='ocrx_word' id='word_1_169' title='bbox 303 1798 450 1836; x_wconf 87' lang='lat' dir='ltr'><strong>habet:</strong></span> <span class='ocrx_word' id='word_1_170' title='bbox 470 1797 691 1838; x_wconf 87' lang='lat' dir='ltr'><strong>Promissio</strong></span> <span class='ocrx_word' id='word_1_171' title='bbox 722 1799 980 1839; x_wconf 85' lang='lat' dir='ltr'><strong>docendorum</strong></span> <span class='ocrx_word' id='word_1_172' title='bbox 997 1810 1140 1851; x_wconf 90' lang='lat' dir='ltr'><strong>puero-</strong></span> 
     </span>
     <span class='ocr_line' id='line_1_28' title="bbox 106 1859 1141 1911; baseline 0.001 -12"><span class='ocrx_word' id='word_1_173' title='bbox 106 1871 198 1899; x_wconf 97' lang='lat' dir='ltr'><strong>rum</strong></span> <span class='ocrx_word' id='word_1_174' title='bbox 212 1870 258 1899; x_wconf 88' lang='lat' dir='ltr'><strong>ae</strong></span> <span class='ocrx_word' id='word_1_175' title='bbox 281 1860 442 1899; x_wconf 89' lang='lat' dir='ltr'><strong>rudium</strong></span> <span class='ocrx_word' id='word_1_176' title='bbox 458 1859 675 1906; x_wconf 71' lang='lat' dir='ltr'><strong>nominum,</strong></span> <span class='ocrx_word' id='word_1_177' title='bbox 684 1860 811 1908; x_wconf 70' lang='lat' dir='ltr'><strong>juxta</strong></span> <span class='ocrx_word' id='word_1_178' title='bbox 838 1860 997 1900; x_wconf 76' lang='lat' dir='ltr'><strong>litteras</strong></span> <span class='ocrx_word' id='word_1_179' title='bbox 1011 1860 1141 1911; x_wconf 85' lang='lat' dir='ltr'><strong>Apos-</strong></span> 
     </span>
     <span class='ocr_line' id='line_1_29' title="bbox 107 1920 1141 1967; baseline 0.001 -6"><span class='ocrx_word' id='word_1_180' title='bbox 107 1921 248 1961; x_wconf 82' lang='lat' dir='ltr'><strong>tolicas</strong></span> <span class='ocrx_word' id='word_1_181' title='bbox 267 1925 302 1960; x_wconf 94' lang='lat' dir='ltr'><strong>et</strong></span> <span class='ocrx_word' id='word_1_182' title='bbox 314 1920 636 1967; x_wconf 74' lang='lat' dir='ltr'><strong>constitutiones,</strong></span> <span class='ocrx_word' id='word_1_183' title='bbox 647 1932 724 1960; x_wconf 86' lang='lat' dir='ltr'><strong>non</strong></span> <span class='ocrx_word' id='word_1_184' title='bbox 739 1921 891 1961; x_wconf 77' lang='lat' dir='ltr'><strong>inducit</strong></span> <span class='ocrx_word' id='word_1_185' title='bbox 907 1922 1031 1961; x_wconf 90' lang='lat' dir='ltr'><strong>aliam</strong></span> <span class='ocrx_word' id='word_1_186' title='bbox 1046 1923 1141 1962; x_wconf 85' lang='lat' dir='ltr'><strong>obli-</strong></span> 
     </span>
     <span class='ocr_line' id='line_1_30' title="bbox 106 1981 1140 2035; baseline 0.003 -14"><span class='ocrx_word' id='word_1_187' title='bbox 106 1982 318 2035; x_wconf 71' lang='lat' dir='ltr'><strong>qationem‚</strong></span> <span class='ocrx_word' id='word_1_188' title='bbox 341 1993 459 2034; x_wconf 86' lang='lat' dir='ltr'><strong>quam</strong></span> <span class='ocrx_word' id='word_1_189' title='bbox 490 1981 645 2033; x_wconf 86' lang='lat' dir='ltr'><strong>reliqua</strong></span> <span class='ocrx_word' id='word_1_190' title='bbox 670 1981 906 2033; x_wconf 80' lang='lat' dir='ltr'><strong>spiritualia</strong></span> <span class='ocrx_word' id='word_1_191' title='bbox 925 1985 1140 2034; x_wconf 71' lang='lat' dir='ltr'><strong>exercitia,</strong></span> 
     </span>
     <span class='ocr_line' id='line_1_31' title="bbox 108 2044 1138 2096; baseline 0.004 -13"><span class='ocrx_word' id='word_1_192' title='bbox 108 2055 194 2096; x_wconf 85' lang='lat' dir='ltr'><strong>quoe</strong></span> <span class='ocrx_word' id='word_1_193' title='bbox 211 2044 266 2084; x_wconf 89' lang='lat' dir='ltr'><strong>ad</strong></span> <span class='ocrx_word' id='word_1_194' title='bbox 288 2044 484 2084; x_wconf 71' lang='lat' dir='ltr'><strong>auxilium</strong></span> <span class='ocrx_word' id='word_1_195' title='bbox 507 2045 782 2095; x_wconf 76' lang='lat' dir='ltr'><strong>proaimorum</strong></span> <span class='ocrx_word' id='word_1_196' title='bbox 804 2045 1053 2094; x_wconf 77' lang='lat' dir='ltr'><strong>adhibentur,</strong></span> <span class='ocrx_word' id='word_1_197' title='bbox 1074 2058 1138 2087; x_wconf 83' lang='lat' dir='ltr'><strong>cu-</strong></span> 
     </span>
     <span class='ocr_line' id='line_1_32' title="bbox 111 2104 1143 2156; baseline 0.002 -12"><span class='ocrx_word' id='word_1_198' title='bbox 111 2104 283 2145; x_wconf 81' lang='lat' dir='ltr'><strong>iusmodi</strong></span> <span class='ocrx_word' id='word_1_199' title='bbox 301 2107 396 2144; x_wconf 86' lang='lat' dir='ltr'><strong>sunt</strong></span> <span class='ocrx_word' id='word_1_200' title='bbox 412 2106 692 2154; x_wconf 82' lang='lat' dir='ltr'><strong>confessiones,</strong></span> <span class='ocrx_word' id='word_1_201' title='bbox 711 2106 1028 2156; x_wconf 75' lang='lat' dir='ltr'><strong>praedicationes,</strong></span> <span class='ocrx_word' id='word_1_202' title='bbox 1045 2112 1143 2156; x_wconf 91' lang='lat' dir='ltr'><strong>etc.,</strong></span> 
     </span>
     <span class='ocr_line' id='line_1_33' title="bbox 109 2166 1146 2219; baseline 0.003 -13"><span class='ocrx_word' id='word_1_203' title='bbox 109 2166 306 2219; x_wconf 83' lang='lat' dir='ltr'><strong>inquibus</strong></span> <span class='ocrx_word' id='word_1_204' title='bbox 325 2170 487 2217; x_wconf 78' lang='lat' dir='ltr'><strong>quisque</strong></span> <span class='ocrx_word' id='word_1_205' title='bbox 502 2177 541 2206; x_wconf 85' lang='lat' dir='ltr'><strong>se</strong></span> <span class='ocrx_word' id='word_1_206' title='bbox 560 2167 663 2206; x_wconf 85' lang='lat' dir='ltr'><strong>debet</strong></span> <span class='ocrx_word' id='word_1_207' title='bbox 682 2178 871 2217; x_wconf 83' lang='lat' dir='ltr'><strong>occupare</strong></span> <span class='ocrx_word' id='word_1_208' title='bbox 879 2168 1001 2218; x_wconf 78' lang='lat' dir='ltr'><strong>juata</strong></span> <span class='ocrx_word' id='word_1_209' title='bbox 1018 2170 1146 2208; x_wconf 88' lang='lat' dir='ltr'><strong>ratio-</strong></span> 
     </span>
     <span class='ocr_line' id='line_1_34' title="bbox 109 2226 1148 2278; baseline 0.002 -11"><span class='ocrx_word' id='word_1_210' title='bbox 109 2239 196 2268; x_wconf 87' lang='lat' dir='ltr'><strong>nem</strong></span> <span class='ocrx_word' id='word_1_211' title='bbox 223 2227 444 2269; x_wconf 69' lang='lat' dir='ltr'><strong>obedientia</strong></span> <span class='ocrx_word' id='word_1_212' title='bbox 466 2238 627 2267; x_wconf 84' lang='lat' dir='ltr'><strong>suorum</strong></span> <span class='ocrx_word' id='word_1_213' title='bbox 645 2226 924 2278; x_wconf 80' lang='lat' dir='ltr'><strong>Superiorum.</strong></span> <span class='ocrx_word' id='word_1_214' title='bbox 951 2228 1062 2275; x_wconf 82' lang='lat' dir='ltr'><strong>Quod</strong></span> <span class='ocrx_word' id='word_1_215' title='bbox 1075 2240 1148 2269; x_wconf 86' lang='lat' dir='ltr'><strong>au-</strong></span> 
     </span>
     <span class='ocr_line' id='line_1_35' title="bbox 113 2287 1150 2339; baseline 0.004 -11"><span class='ocrx_word' id='word_1_216' title='bbox 113 2292 188 2328; x_wconf 88' lang='lat' dir='ltr'><strong>tem</strong></span> <span class='ocrx_word' id='word_1_217' title='bbox 207 2289 250 2328; x_wconf 87' lang='lat' dir='ltr'><strong>de</strong></span> <span class='ocrx_word' id='word_1_218' title='bbox 265 2288 405 2339; x_wconf 70' lang='lat' dir='ltr'><strong>puer-ie</strong></span> <span class='ocrx_word' id='word_1_219' title='bbox 422 2287 601 2328; x_wconf 69' lang='lat' dir='ltr'><strong>docendis</strong></span> <span class='ocrx_word' id='word_1_220' title='bbox 623 2288 669 2327; x_wconf 89' lang='lat' dir='ltr'><strong>in</strong></span> <span class='ocrx_word' id='word_1_221' title='bbox 689 2292 773 2327; x_wconf 87' lang='lat' dir='ltr'><strong>voto</strong></span> <span class='ocrx_word' id='word_1_222' title='bbox 790 2289 839 2337; x_wconf 83' lang='lat' dir='ltr'><strong>fit</strong></span> <span class='ocrx_word' id='word_1_223' title='bbox 858 2290 1019 2337; x_wconf 87' lang='lat' dir='ltr'><strong>mentio,</strong></span> <span class='ocrx_word' id='word_1_224' title='bbox 1041 2302 1085 2330; x_wconf 93' lang='lat' dir='ltr'><strong>ea</strong></span> <span class='ocrx_word' id='word_1_225' title='bbox 1104 2291 1150 2332; x_wconf 87' lang='lat' dir='ltr'><strong>de</strong></span> 
     </span>
     <span class='ocr_line' id='line_1_36' title="bbox 115 2349 1149 2403; baseline 0.002 -14"><span class='ocrx_word' id='word_1_226' title='bbox 115 2361 236 2390; x_wconf 85' lang='lat' dir='ltr'><strong>causa</strong></span> <span class='ocrx_word' id='word_1_227' title='bbox 253 2350 317 2398; x_wconf 80' lang='lat' dir='ltr'><strong>fit,</strong></span> <span class='ocrx_word' id='word_1_228' title='bbox 334 2352 379 2388; x_wconf 87' lang='lat' dir='ltr'><strong>ut</strong></span> <span class='ocrx_word' id='word_1_229' title='bbox 406 2353 546 2389; x_wconf 81' lang='lat' dir='ltr'><strong>sancta</strong></span> <span class='ocrx_word' id='word_1_230' title='bbox 576 2349 658 2390; x_wconf 77' lang='lat' dir='ltr'><strong>ltoec</strong></span> <span class='ocrx_word' id='word_1_231' title='bbox 691 2351 923 2390; x_wconf 70' lang='lat' dir='ltr'><strong>exercitatio</strong></span> <span class='ocrx_word' id='word_1_232' title='bbox 950 2352 1149 2403; x_wconf 78' lang='lat' dir='ltr'><strong>peculiari</strong></span> 
     </span>
     <span class='ocr_line' id='line_1_37' title="bbox 113 2411 1150 2465; baseline 0.003 -15"><span class='ocrx_word' id='word_1_233' title='bbox 113 2412 223 2451; x_wconf 89' lang='lat' dir='ltr'><strong>modo</strong></span> <span class='ocrx_word' id='word_1_234' title='bbox 232 2412 287 2451; x_wconf 85' lang='lat' dir='ltr'><strong>sit</strong></span> <span class='ocrx_word' id='word_1_235' title='bbox 301 2411 578 2457; x_wconf 88' lang='lat' dir='ltr'><strong>commendata,</strong></span> <span class='ocrx_word' id='word_1_236' title='bbox 588 2415 623 2450; x_wconf 90' lang='lat' dir='ltr'><strong>et</strong></span> <span class='ocrx_word' id='word_1_237' title='bbox 635 2412 681 2451; x_wconf 87' lang='lat' dir='ltr'><strong>ut</strong></span> <span class='ocrx_word' id='word_1_238' title='bbox 697 2412 874 2453; x_wconf 82' lang='lat' dir='ltr'><strong>devotius</strong></span> <span class='ocrx_word' id='word_1_239' title='bbox 885 2417 1046 2453; x_wconf 89' lang='lat' dir='ltr'><strong>curetur</strong></span> <span class='ocrx_word' id='word_1_240' title='bbox 1056 2425 1150 2465; x_wconf 93' lang='lat' dir='ltr'><strong>pro-</strong></span> 
     </span>
     <span class='ocr_line' id='line_1_38' title="bbox 114 2473 1149 2525; baseline 0.003 -11"><span class='ocrx_word' id='word_1_241' title='bbox 114 2477 203 2525; x_wconf 87' lang='lat' dir='ltr'><strong>pter</strong></span> <span class='ocrx_word' id='word_1_242' title='bbox 220 2473 423 2524; x_wconf 75' lang='lat' dir='ltr'><strong>sinyulare</strong></span> <span class='ocrx_word' id='word_1_243' title='bbox 444 2473 681 2524; x_wconf 78' lang='lat' dir='ltr'><strong>obsequium,</strong></span> <span class='ocrx_word' id='word_1_244' title='bbox 695 2474 796 2525; x_wconf 87' lang='lat' dir='ltr'><strong>quod</strong></span> <span class='ocrx_word' id='word_1_245' title='bbox 812 2474 892 2514; x_wconf 87' lang='lat' dir='ltr'><strong>Deo</strong></span> <span class='ocrx_word' id='word_1_246' title='bbox 914 2486 983 2524; x_wconf 88' lang='lat' dir='ltr'><strong>per</strong></span> <span class='ocrx_word' id='word_1_247' title='bbox 1000 2487 1084 2515; x_wconf 87' lang='lat' dir='ltr'><strong>eam</strong></span> <span class='ocrx_word' id='word_1_248' title='bbox 1105 2477 1149 2517; x_wconf 88' lang='lat' dir='ltr'><strong>in</strong></span> 
     </span>
     <span class='ocr_line' id='line_1_39' title="bbox 117 2534 1149 2587; baseline 0.002 -12"><span class='ocrx_word' id='word_1_249' title='bbox 117 2537 346 2575; x_wconf 87' lang='lat' dir='ltr'><strong>animarum</strong></span> <span class='ocrx_word' id='word_1_250' title='bbox 385 2534 538 2574; x_wconf 71' lang='lat' dir='ltr'><strong>aweit-to</strong></span> <span class='ocrx_word' id='word_1_251' title='bbox 558 2535 777 2583; x_wconf 70' lang='lat' dir='ltr'><strong>exhibetur,</strong></span> <span class='ocrx_word' id='word_1_252' title='bbox 795 2538 832 2575; x_wconf 89' lang='lat' dir='ltr'><strong>et</strong></span> <span class='ocrx_word' id='word_1_253' title='bbox 858 2536 954 2587; x_wconf 85' lang='lat' dir='ltr'><strong>quia</strong></span> <span class='ocrx_word' id='word_1_254' title='bbox 984 2537 1149 2584; x_wconf 80' lang='lat' dir='ltr'><strong>facilius</strong></span> 
     </span>
    </p>
   </div>
   <div class='ocr_carea' id='block_1_4' title="bbox 40 2595 1148 2646">
    <p class='ocr_par' dir='ltr' id='par_1_4' title="bbox 40 2595 1148 2646">
     <span class='ocr_line' id='line_1_40' title="bbox 40 2595 1148 2646; baseline 0.005 -12"><span class='ocrx_word' id='word_1_255' title='bbox 40 2628 45 2634; x_wconf 82' lang='grc'><em>,</em></span> <span class='ocrx_word' id='word_1_256' title='bbox 117 2596 303 2637; x_wconf 83' lang='lat' dir='ltr'><strong>oblivioni</strong></span> <span class='ocrx_word' id='word_1_257' title='bbox 322 2595 431 2636; x_wconf 82' lang='lat' dir='ltr'><strong>tradi</strong></span> <span class='ocrx_word' id='word_1_258' title='bbox 448 2599 618 2646; x_wconf 85' lang='lat' dir='ltr'><strong>poterat,</strong></span> <span class='ocrx_word' id='word_1_259' title='bbox 631 2600 667 2636; x_wconf 90' lang='lat' dir='ltr'><strong>et</strong></span> <span class='ocrx_word' id='word_1_260' title='bbox 681 2598 724 2635; x_wconf 88' lang='lat' dir='ltr'><strong>in</strong></span> <span class='ocrx_word' id='word_1_261' title='bbox 744 2597 1053 2638; x_wconf 81' lang='lat' dir='ltr'><strong>dissuetudinem</strong></span> <span class='ocrx_word' id='word_1_262' title='bbox 1068 2599 1148 2639; x_wconf 86' lang='lat' dir='ltr'><strong>abi-</strong></span> 
     </span>
    </p>
   </div>
   <div class='ocr_carea' id='block_1_5' title="bbox 48 2656 1163 3694">
    <p class='ocr_par' dir='ltr' id='par_1_5' title="bbox 116 2656 1151 2822">
     <span class='ocr_line' id='line_1_41' title="bbox 116 2656 1149 2710; baseline 0.003 -12"><span class='ocrx_word' id='word_1_263' title='bbox 116 2669 174 2706; x_wconf 84' lang='lat' dir='ltr'><strong>re,</strong></span> <span class='ocrx_word' id='word_1_264' title='bbox 196 2669 310 2710; x_wconf 86' lang='lat' dir='ltr'><strong>quam</strong></span> <span class='ocrx_word' id='word_1_265' title='bbox 332 2656 415 2697; x_wconf 86' lang='lat' dir='ltr'><strong>alia</strong></span> <span class='ocrx_word' id='word_1_266' title='bbox 447 2657 578 2709; x_wconf 73' lang='lat' dir='ltr'><strong>maqis</strong></span> <span class='ocrx_word' id='word_1_267' title='bbox 610 2658 802 2710; x_wconf 87' lang='lat' dir='ltr'><strong>speciosa.</strong></span> <span class='ocrx_word' id='word_1_268' title='bbox 825 2657 980 2705; x_wconf 89' lang='lat' dir='ltr'><strong>Quibus</strong></span> <span class='ocrx_word' id='word_1_269' title='bbox 1012 2661 1149 2701; x_wconf 88' lang='lat' dir='ltr'><strong>verbis</strong></span> 
     </span>
     <span class='ocr_line' id='line_1_42' title="bbox 117 2718 1151 2773; baseline 0.003 -15"><span class='ocrx_word' id='word_1_270' title='bbox 117 2724 292 2770; x_wconf 84' lang='lat' dir='ltr'><strong>utraque</strong></span> <span class='ocrx_word' id='word_1_271' title='bbox 311 2729 408 2771; x_wconf 87' lang='lat' dir='ltr'><strong>pars</strong></span> <span class='ocrx_word' id='word_1_272' title='bbox 421 2718 673 2768; x_wconf 82' lang='lat' dir='ltr'><strong>assertionis,</strong></span> <span class='ocrx_word' id='word_1_273' title='bbox 697 2719 871 2771; x_wconf 83' lang='lat' dir='ltr'><strong>ejusque</strong></span> <span class='ocrx_word' id='word_1_274' title='bbox 899 2720 1003 2759; x_wconf 87' lang='lat' dir='ltr'><strong>ratio</strong></span> <span class='ocrx_word' id='word_1_275' title='bbox 1024 2722 1151 2773; x_wconf 87' lang='lat' dir='ltr'><strong>expli-</strong></span> 
     </span>
     <span class='ocr_line' id='line_1_43' title="bbox 119 2783 302 2822; baseline -0.011 0"><span class='ocrx_word' id='word_1_276' title='bbox 119 2785 210 2822; x_wconf 84' lang='lat' dir='ltr'><strong>cata</strong></span> <span class='ocrx_word' id='word_1_277' title='bbox 227 2783 302 2821; x_wconf 84' lang='lat' dir='ltr'><strong>est.</strong></span> 
     </span>
    </p>

    <p class='ocr_par' dir='ltr' id='par_1_6' title="bbox 48 2842 1163 3694">
     <span class='ocr_line' id='line_1_44' title="bbox 172 2842 1150 2896; baseline 0.003 -13"><span class='ocrx_word' id='word_1_278' title='bbox 172 2846 238 2884; x_wconf 76' lang='grc' dir='ltr'><strong>Η.</strong></span> <span class='ocrx_word' id='word_1_279' title='bbox 264 2843 433 2887; x_wconf 89' lang='lat' dir='ltr'><strong>Notatio</strong></span> <span class='ocrx_word' id='word_1_280' title='bbox 460 2842 628 2885; x_wconf 79' lang='lat' dir='ltr'><strong>ulterior</strong></span> <span class='ocrx_word' id='word_1_281' title='bbox 662 2843 770 2885; x_wconf 86' lang='lat' dir='ltr'><strong>eirea</strong></span> <span class='ocrx_word' id='word_1_282' title='bbox 795 2844 972 2896; x_wconf 83' lang='lat' dir='ltr'><strong>primam</strong></span> <span class='ocrx_word' id='word_1_283' title='bbox 994 2849 1150 2896; x_wconf 89' lang='lat' dir='ltr'><strong>partem</strong></span> 
     </span>
     <span class='ocr_line' id='line_1_45' title="bbox 122 2906 1151 2959; baseline 0 -12"><span class='ocrx_word' id='word_1_284' title='bbox 122 2906 292 2958; x_wconf 75' lang='lat' dir='ltr'><strong>ejusdem</strong></span> <span class='ocrx_word' id='word_1_285' title='bbox 322 2906 571 2947; x_wconf 75' lang='lat' dir='ltr'><strong>assertionis.</strong></span> <span class='ocrx_word' id='word_1_286' title='bbox 586 2926 639 2936; x_wconf 95' lang='lat'><strong>—</strong></span> <span class='ocrx_word' id='word_1_287' title='bbox 657 2906 726 2945; x_wconf 89' lang='lat' dir='ltr'><strong>Est</strong></span> <span class='ocrx_word' id='word_1_288' title='bbox 746 2911 885 2946; x_wconf 87' lang='lat' dir='ltr'><strong>autem</strong></span> <span class='ocrx_word' id='word_1_289' title='bbox 910 2907 1017 2947; x_wconf 88' lang='lat' dir='ltr'><strong>circa</strong></span> <span class='ocrx_word' id='word_1_290' title='bbox 1041 2908 1151 2959; x_wconf 89' lang='lat' dir='ltr'><strong>prio-</strong></span> 
     </span>
     <span class='ocr_line' id='line_1_46' title="bbox 122 2966 1152 3019; baseline 0.002 -13"><span class='ocrx_word' id='word_1_291' title='bbox 122 2978 211 3007; x_wconf 87' lang='lat' dir='ltr'><strong>rem</strong></span> <span class='ocrx_word' id='word_1_292' title='bbox 229 2971 388 3017; x_wconf 82' lang='lat' dir='ltr'><strong>partem</strong></span> <span class='ocrx_word' id='word_1_293' title='bbox 406 2966 457 3007; x_wconf 89' lang='lat' dir='ltr'><strong>de</strong></span> <span class='ocrx_word' id='word_1_294' title='bbox 480 2967 729 3019; x_wconf 85' lang='lat' dir='ltr'><strong>obligatione</strong></span> <span class='ocrx_word' id='word_1_295' title='bbox 748 2967 921 3019; x_wconf 89' lang='lat' dir='ltr'><strong>speciali</strong></span> <span class='ocrx_word' id='word_1_296' title='bbox 937 2968 1152 3008; x_wconf 88' lang='lat' dir='ltr'><strong>adverten-</strong></span> 
     </span>
     <span class='ocr_line' id='line_1_47' title="bbox 122 3026 1153 3081; baseline 0.002 -13"><span class='ocrx_word' id='word_1_297' title='bbox 122 3026 286 3076; x_wconf 54' lang='lat' dir='ltr'><strong>&lt;inmun</strong></span> <span class='ocrx_word' id='word_1_298' title='bbox 297 3028 426 3079; x_wconf 84' lang='lat' dir='ltr'><strong>prima</strong></span> <span class='ocrx_word' id='word_1_299' title='bbox 435 3029 763 3081; x_wconf 78' lang='lat' dir='ltr'><strong>congregatione</strong></span> <span class='ocrx_word' id='word_1_300' title='bbox 772 3029 955 3080; x_wconf 86' lang='lat' dir='ltr'><strong>generali</strong></span> <span class='ocrx_word' id='word_1_301' title='bbox 965 3030 1153 3081; x_wconf 87' lang='lat' dir='ltr'><strong>ejusdem</strong></span> 
     </span>
     <span class='ocr_line' id='line_1_48' title="bbox 125 3090 1155 3143; baseline 0 -12"><span class='ocrx_word' id='word_1_302' title='bbox 125 3090 354 3138; x_wconf 57' lang='lat' dir='ltr'><strong>Societatis,</strong></span> <span class='ocrx_word' id='word_1_303' title='bbox 374 3090 540 3131; x_wconf 87' lang='lat' dir='ltr'><strong>decreto</strong></span> <span class='ocrx_word' id='word_1_304' title='bbox 562 3092 787 3131; x_wconf 85' lang='lat' dir='ltr'><strong>centesimo</strong></span> <span class='ocrx_word' id='word_1_305' title='bbox 799 3092 1012 3142; x_wconf 87' lang='lat' dir='ltr'><strong>trigesimo</strong></span> <span class='ocrx_word' id='word_1_306' title='bbox 1033 3104 1155 3143; x_wconf 89' lang='lat' dir='ltr'><strong>quar-</strong></span> 
     </span>
     <span class='ocr_line' id='line_1_49' title="bbox 125 3151 1156 3204; baseline 0.001 -12"><span class='ocrx_word' id='word_1_307' title='bbox 125 3155 185 3200; x_wconf 83' lang='lat' dir='ltr'><strong>to,</strong></span> <span class='ocrx_word' id='word_1_308' title='bbox 211 3155 305 3204; x_wconf 76' lang='lat' dir='ltr'><strong>post</strong></span> <span class='ocrx_word' id='word_1_309' title='bbox 327 3151 585 3202; x_wconf 78' lang='lat' dir='ltr'><strong>electionem,</strong></span> <span class='ocrx_word' id='word_1_310' title='bbox 607 3152 890 3192; x_wconf 89' lang='lat' dir='ltr'><strong>commendari</strong></span> <span class='ocrx_word' id='word_1_311' title='bbox 923 3154 1156 3204; x_wconf 85' lang='lat' dir='ltr'><strong>specialiter</strong></span> 
     </span>
     <span class='ocr_line' id='line_1_50' title="bbox 128 3212 1155 3266; baseline 0.004 -16"><span class='ocrx_word' id='word_1_312' title='bbox 128 3213 208 3251; x_wconf 83' lang='lat' dir='ltr'><strong>hoc</strong></span> <span class='ocrx_word' id='word_1_313' title='bbox 237 3212 507 3252; x_wconf 84' lang='lat' dir='ltr'><strong>ministerium</strong></span> <span class='ocrx_word' id='word_1_314' title='bbox 541 3214 751 3266; x_wconf 82' lang='lat' dir='ltr'><strong>professis,</strong></span> <span class='ocrx_word' id='word_1_315' title='bbox 771 3218 811 3253; x_wconf 92' lang='lat' dir='ltr'><strong>et</strong></span> <span class='ocrx_word' id='word_1_316' title='bbox 840 3213 1034 3266; x_wconf 83' lang='lat' dir='ltr'><strong>subjungi</strong></span> <span class='ocrx_word' id='word_1_317' title='bbox 1064 3215 1155 3254; x_wconf 85' lang='lat' dir='ltr'><strong>haee</strong></span> 
     </span>
     <span class='ocr_line' id='line_1_51' title="bbox 48 3272 1158 3333; baseline 0.001 -18"><span class='ocrx_word' id='word_1_318' title='bbox 48 3307 64 3333; x_wconf 39' lang='lat'><strong>‚3</strong></span> <span class='ocrx_word' id='word_1_319' title='bbox 131 3272 283 3315; x_wconf 80' lang='lat' dir='ltr'><strong>verba:</strong></span> <span class='ocrx_word' id='word_1_320' title='bbox 302 3273 426 3314; x_wconf 78' lang='lat' dir='ltr'><strong>Pater</strong></span> <span class='ocrx_word' id='word_1_321' title='bbox 441 3274 594 3326; x_wconf 78' lang='lat' dir='ltr'><strong>quidem</strong></span> <span class='ocrx_word' id='word_1_322' title='bbox 612 3280 743 3316; x_wconf 84' lang='lat' dir='ltr'><strong>noster</strong></span> <span class='ocrx_word' id='word_1_323' title='bbox 759 3276 952 3328; x_wconf 71' lang='lat' dir='ltr'><strong>anatius</strong></span> <span class='ocrx_word' id='word_1_324' title='bbox 977 3276 1158 3327; x_wconf 69' lang='lat' dir='ltr'><strong>injunxit</strong></span> 
     </span>
     <span class='ocr_line' id='line_1_52' title="bbox 60 3329 1160 3389; baseline 0.002 -12"><span class='ocrx_word' id='word_1_325' title='bbox 60 3329 70 3340; x_wconf 65' lang='lat'><em>⁴</em></span> <span class='ocrx_word' id='word_1_326' title='bbox 133 3334 307 3387; x_wconf 62' lang='lat' dir='ltr'><strong>maulia</strong></span> <span class='ocrx_word' id='word_1_327' title='bbox 324 3334 541 3386; x_wconf 79' lang='lat' dir='ltr'><strong>professis,</strong></span> <span class='ocrx_word' id='word_1_328' title='bbox 560 3338 607 3375; x_wconf 88' lang='lat' dir='ltr'><strong>ut</strong></span> <span class='ocrx_word' id='word_1_329' title='bbox 641 3337 757 3376; x_wconf 81' lang='lat' dir='ltr'><strong>semel</strong></span> <span class='ocrx_word' id='word_1_330' title='bbox 786 3349 859 3389; x_wconf 89' lang='lat' dir='ltr'><strong>per</strong></span> <span class='ocrx_word' id='word_1_331' title='bbox 889 3336 1160 3389; x_wconf 61' lang='lat' dir='ltr'><strong>quadraginta</strong></span> 
     </span>
     <span class='ocr_line' id='line_1_53' title="bbox 133 3395 1159 3449; baseline -0.001 -11"><span class='ocrx_word' id='word_1_332' title='bbox 133 3395 271 3438; x_wconf 78' lang='lat' dir='ltr'><strong>diesid</strong></span> <span class='ocrx_word' id='word_1_333' title='bbox 289 3397 478 3444; x_wconf 81' lang='lat' dir='ltr'><strong>facerent.</strong></span> <span class='ocrx_word' id='word_1_334' title='bbox 497 3396 708 3447; x_wconf 84' lang='lat' dir='ltr'><strong>Significat</strong></span> <span class='ocrx_word' id='word_1_335' title='bbox 726 3402 867 3437; x_wconf 87' lang='lat' dir='ltr'><strong>autem</strong></span> <span class='ocrx_word' id='word_1_336' title='bbox 894 3399 1159 3449; x_wconf 84' lang='lat' dir='ltr'><strong>congregatio</strong></span> 
     </span>
     <span class='ocr_line' id='line_1_54' title="bbox 134 3456 1163 3510; baseline 0 -12"><span class='ocrx_word' id='word_1_337' title='bbox 134 3458 215 3498; x_wconf 82' lang='lat' dir='ltr'><strong>hoc</strong></span> <span class='ocrx_word' id='word_1_338' title='bbox 226 3456 371 3496; x_wconf 73' lang='lat' dir='ltr'><strong>fuisset</strong></span> <span class='ocrx_word' id='word_1_339' title='bbox 386 3456 616 3506; x_wconf 84' lang='lat' dir='ltr'><strong>injunctum</strong></span> <span class='ocrx_word' id='word_1_340' title='bbox 629 3469 654 3496; x_wconf 91' lang='lat' dir='ltr'><strong>a</strong></span> <span class='ocrx_word' id='word_1_341' title='bbox 679 3459 725 3497; x_wconf 89' lang='lat' dir='ltr'><strong>B.</strong></span> <span class='ocrx_word' id='word_1_342' title='bbox 746 3459 920 3509; x_wconf 86' lang='lat' dir='ltr'><strong>Ignatio‚</strong></span> <span class='ocrx_word' id='word_1_343' title='bbox 941 3461 987 3497; x_wconf 82' lang='lat' dir='ltr'><strong>ut</strong></span> <span class='ocrx_word' id='word_1_344' title='bbox 1016 3470 1163 3510; x_wconf 89' lang='lat' dir='ltr'><strong>perpe-</strong></span> 
     </span>
     <span class='ocr_line' id='line_1_55' title="bbox 136 3516 1162 3565; baseline 0.002 -6"><span class='ocrx_word' id='word_1_345' title='bbox 136 3522 210 3560; x_wconf 80' lang='lat' dir='ltr'><strong>tuo</strong></span> <span class='ocrx_word' id='word_1_346' title='bbox 227 3519 271 3557; x_wconf 85' lang='lat' dir='ltr'><strong>in</strong></span> <span class='ocrx_word' id='word_1_347' title='bbox 300 3516 502 3557; x_wconf 85' lang='lat' dir='ltr'><strong>Societate</strong></span> <span class='ocrx_word' id='word_1_348' title='bbox 529 3518 846 3558; x_wconf 88' lang='lat' dir='ltr'><strong>observandum.</strong></span> <span class='ocrx_word' id='word_1_349' title='bbox 867 3519 970 3565; x_wconf 88' lang='lat' dir='ltr'><strong>Quia</strong></span> <span class='ocrx_word' id='word_1_350' title='bbox 990 3531 1089 3559; x_wconf 83' lang='lat' dir='ltr'><strong>vero</strong></span> <span class='ocrx_word' id='word_1_351' title='bbox 1118 3521 1162 3561; x_wconf 86' lang='lat' dir='ltr'><strong>id</strong></span> 
     </span>
     <span class='ocr_line' id='line_1_56' title="bbox 139 3579 1161 3632; baseline 0.002 -12"><span class='ocrx_word' id='word_1_352' title='bbox 139 3592 225 3620; x_wconf 87' lang='lat' dir='ltr'><strong>non</strong></span> <span class='ocrx_word' id='word_1_353' title='bbox 245 3579 343 3619; x_wconf 84' lang='lat' dir='ltr'><strong>satis</strong></span> <span class='ocrx_word' id='word_1_354' title='bbox 361 3583 447 3619; x_wconf 89' lang='lat' dir='ltr'><strong>erat</strong></span> <span class='ocrx_word' id='word_1_355' title='bbox 463 3579 522 3619; x_wconf 92' lang='lat' dir='ltr'><strong>ibi</strong></span> <span class='ocrx_word' id='word_1_356' title='bbox 551 3580 812 3632; x_wconf 85' lang='lat' dir='ltr'><strong>explicatum,</strong></span> <span class='ocrx_word' id='word_1_357' title='bbox 835 3581 1021 3620; x_wconf 88' lang='lat' dir='ltr'><strong>additum</strong></span> <span class='ocrx_word' id='word_1_358' title='bbox 1040 3583 1161 3622; x_wconf 83' lang='lat' dir='ltr'><strong>estin</strong></span> 
     </span>
     <span class='ocr_line' id='line_1_57' title="bbox 143 3640 1162 3694; baseline 0.002 -13"><span class='ocrx_word' id='word_1_359' title='bbox 143 3640 324 3685; x_wconf 76' lang='lat' dir='ltr'><strong>secunda</strong></span> <span class='ocrx_word' id='word_1_360' title='bbox 344 3641 685 3694; x_wconf 78' lang='lat' dir='ltr'><strong>Congregetione,</strong></span> <span class='ocrx_word' id='word_1_361' title='bbox 706 3641 871 3682; x_wconf 90' lang='lat' dir='ltr'><strong>decreto</strong></span> <span class='ocrx_word' id='word_1_362' title='bbox 897 3642 1162 3694; x_wconf 82' lang='lat' dir='ltr'><strong>quadragesi-</strong></span> 
     </span>
    </p>
   </div>
   <div class='ocr_carea' id='block_1_6' title="bbox 1178 214 2282 3695">
    <p class='ocr_par' dir='ltr' id='par_1_7' title="bbox 1178 214 1276 230">
     <span class='ocr_line' id='line_1_58' title="bbox 1178 214 1276 230; baseline 0 0"><span class='ocrx_word' id='word_1_363' title='bbox 1178 214 1276 230; x_wconf 62' lang='lat' dir='ltr'><strong>—n—uOE</strong></span> 
     </span>
    </p>

    <p class='ocr_par' dir='ltr' id='par_1_8' title="bbox 1181 245 2220 600">
     <span class='ocr_line' id='line_1_59' title="bbox 2134 245 2216 288; baseline 0.037 -3"><span class='ocrx_word' id='word_1_364' title='bbox 2134 245 2216 288; x_wconf 76' lang='lat'><strong>853</strong></span> 
     </span>
     <span class='ocr_line' id='line_1_60' title="bbox 1187 312 2216 367; baseline 0.003 -13"><span class='ocrx_word' id='word_1_365' title='bbox 1187 325 1256 354; x_wconf 89' lang='lat' dir='ltr'><strong>mo</strong></span> <span class='ocrx_word' id='word_1_366' title='bbox 1271 319 1430 362; x_wconf 87' lang='lat' dir='ltr'><strong>octavo,</strong></span> <span class='ocrx_word' id='word_1_367' title='bbox 1450 320 1545 367; x_wconf 90' lang='lat' dir='ltr'><strong>post</strong></span> <span class='ocrx_word' id='word_1_368' title='bbox 1563 316 1804 356; x_wconf 86' lang='lat' dir='ltr'><strong>electionem</strong></span> <span class='ocrx_word' id='word_1_369' title='bbox 1827 326 1839 354; x_wconf 71' lang='grc' dir='ltr'><strong>ε</strong></span> <span class='ocrx_word' id='word_1_370' title='bbox 1862 312 2000 363; x_wconf 79' lang='lat' dir='ltr'><strong>Quivis</strong></span> <span class='ocrx_word' id='word_1_371' title='bbox 2015 316 2216 366; x_wconf 75' lang='lat' dir='ltr'><strong>professus</strong></span> 
     </span>
     <span class='ocr_line' id='line_1_61' title="bbox 1181 376 2219 428; baseline 0 -12"><span class='ocrx_word' id='word_1_372' title='bbox 1181 379 1274 426; x_wconf 87' lang='lat' dir='ltr'><strong>post</strong></span> <span class='ocrx_word' id='word_1_373' title='bbox 1292 377 1437 417; x_wconf 84' lang='lat' dir='ltr'><strong>editam</strong></span> <span class='ocrx_word' id='word_1_374' title='bbox 1462 389 1578 417; x_wconf 79' lang='lat' dir='ltr'><strong>sua-m</strong></span> <span class='ocrx_word' id='word_1_375' title='bbox 1607 378 1900 428; x_wconf 77' lang='lat' dir='ltr'><strong>professionem,</strong></span> <span class='ocrx_word' id='word_1_376' title='bbox 1920 376 2034 417; x_wconf 82' lang='lat' dir='ltr'><strong>intra</strong></span> <span class='ocrx_word' id='word_1_377' title='bbox 2052 380 2219 425; x_wconf 59' lang='lat' dir='ltr'><strong>annum</strong></span> 
     </span>
     <span class='ocr_line' id='line_1_62' title="bbox 1182 437 2220 494; baseline 0.002 -17"><span class='ocrx_word' id='word_1_378' title='bbox 1182 448 1256 489; x_wconf 87' lang='lat' dir='ltr'><strong>per</strong></span> <span class='ocrx_word' id='word_1_379' title='bbox 1273 438 1544 491; x_wconf 69' lang='lat' dir='ltr'><strong>quadraqinta</strong></span> <span class='ocrx_word' id='word_1_380' title='bbox 1565 437 1648 478; x_wconf 82' lang='lat' dir='ltr'><strong>dies</strong></span> <span class='ocrx_word' id='word_1_381' title='bbox 1675 437 1894 487; x_wconf 83' lang='lat' dir='ltr'><strong>continuos,</strong></span> <span class='ocrx_word' id='word_1_382' title='bbox 1914 437 1975 478; x_wconf 78' lang='lat' dir='ltr'><strong>vel</strong></span> <span class='ocrx_word' id='word_1_383' title='bbox 2001 437 2220 494; x_wconf 58' lang='lat' dir='ltr'><strong>interpola7</strong></span> 
     </span>
     <span class='ocr_line' id='line_1_63' title="bbox 1184 497 2220 552; baseline 0.002 -13"><span class='ocrx_word' id='word_1_384' title='bbox 1184 501 1261 547; x_wconf 85' lang='lat' dir='ltr'><strong>tos,</strong></span> <span class='ocrx_word' id='word_1_385' title='bbox 1282 498 1505 538; x_wconf 77' lang='lat' dir='ltr'><strong>doctrinam</strong></span> <span class='ocrx_word' id='word_1_386' title='bbox 1519 497 1579 538; x_wconf 70' lang='lat' dir='ltr'><strong>Cla</strong></span> <span class='ocrx_word' id='word_1_387' title='bbox 1584 498 1797 539; x_wconf 81' lang='lat' dir='ltr'><strong>ristianam</strong></span> <span class='ocrx_word' id='word_1_388' title='bbox 1801 510 1945 552; x_wconf 80' lang='lat' dir='ltr'><strong>pueros</strong></span> <span class='ocrx_word' id='word_1_389' title='bbox 1956 501 1994 542; x_wconf 86' lang='lat' dir='ltr'><strong>et</strong></span> <span class='ocrx_word' id='word_1_390' title='bbox 2001 500 2120 541; x_wconf 79' lang='lat' dir='ltr'><strong>rudes</strong></span> <span class='ocrx_word' id='word_1_391' title='bbox 2126 510 2220 552; x_wconf 77' lang='lat' dir='ltr'><strong>per·</strong></span> 
     </span>
     <span class='ocr_line' id='line_1_64' title="bbox 1183 560 1675 600; baseline 0 0"><span class='ocrx_word' id='word_1_392' title='bbox 1183 569 1302 600; x_wconf 74' lang='lat' dir='ltr'><strong>sonas</strong></span> <span class='ocrx_word' id='word_1_393' title='bbox 1322 560 1455 600; x_wconf 83' lang='lat' dir='ltr'><strong>dooere</strong></span> <span class='ocrx_word' id='word_1_394' title='bbox 1479 563 1675 600; x_wconf 86' lang='lat' dir='ltr'><strong>teneatur.</strong></span> 
     </span>
    </p>

    <p class='ocr_par' dir='ltr' id='par_1_9' title="bbox 1185 619 2282 3391">
     <span class='ocr_line' id='line_1_65' title="bbox 1241 619 2220 672; baseline 0.005 -12"><span class='ocrx_word' id='word_1_395' title='bbox 1241 621 1306 660; x_wconf 76' lang='lat'><strong>12.</strong></span> <span class='ocrx_word' id='word_1_396' title='bbox 1334 621 1549 672; x_wconf 79' lang='lat' dir='ltr'><strong>Professos</strong></span> <span class='ocrx_word' id='word_1_397' title='bbox 1581 619 1756 672; x_wconf 73' lang='lat' dir='ltr'><strong>obliyari</strong></span> <span class='ocrx_word' id='word_1_398' title='bbox 1782 619 1912 662; x_wconf 82' lang='lat' dir='ltr'><strong>videri</strong></span> <span class='ocrx_word' id='word_1_399' title='bbox 1943 622 1999 662; x_wconf 85' lang='lat' dir='ltr'><strong>ad</strong></span> <span class='ocrx_word' id='word_1_400' title='bbox 2013 623 2220 665; x_wconf 78' lang='lat' dir='ltr'><strong>docendam</strong></span> 
     </span>
     <span class='ocr_line' id='line_1_66' title="bbox 1185 682 2217 734; baseline 0.001 -8"><span class='ocrx_word' id='word_1_401' title='bbox 1185 683 1407 726; x_wconf 85' lang='lat' dir='ltr'><strong>doctrinam</strong></span> <span class='ocrx_word' id='word_1_402' title='bbox 1435 682 1706 732; x_wconf 72' lang='lat' dir='ltr'><strong>Christianam</strong></span> <span class='ocrx_word' id='word_1_403' title='bbox 1722 693 1796 734; x_wconf 90' lang='lat' dir='ltr'><strong>per</strong></span> <span class='ocrx_word' id='word_1_404' title='bbox 1813 682 2086 734; x_wconf 61' lang='lat' dir='ltr'><strong>quadraginta</strong></span> <span class='ocrx_word' id='word_1_405' title='bbox 2120 686 2217 727; x_wconf 83' lang='lat' dir='ltr'><strong>dies.</strong></span> 
     </span>
     <span class='ocr_line' id='line_1_67' title="bbox 1187 743 2221 797; baseline 0.001 -11"><span class='ocrx_word' id='word_1_406' title='bbox 1187 745 1475 797; x_wconf 86' lang='lat' dir='ltr'><strong>—Oppositum</strong></span> <span class='ocrx_word' id='word_1_407' title='bbox 1495 745 1716 786; x_wconf 85' lang='lat' dir='ltr'><strong>ostenditur</strong></span> <span class='ocrx_word' id='word_1_408' title='bbox 1733 743 1861 796; x_wconf 88' lang='lat' dir='ltr'><strong>quoad</strong></span> <span class='ocrx_word' id='word_1_409' title='bbox 1875 743 2150 794; x_wconf 75' lang='lat' dir='ltr'><strong>obliyationem</strong></span> <span class='ocrx_word' id='word_1_410' title='bbox 2160 748 2221 788; x_wconf 84' lang='lat' dir='ltr'><strong>ri·</strong></span> 
     </span>
     <span class='ocr_line' id='line_1_68' title="bbox 1186 805 2221 858; baseline 0.001 -11"><span class='ocrx_word' id='word_1_411' title='bbox 1186 818 1386 858; x_wconf 73' lang='lat' dir='ltr'><strong>qorosam.</strong></span> <span class='ocrx_word' id='word_1_412' title='bbox 1402 829 1455 837; x_wconf 97' lang='lat'>—</span> <span class='ocrx_word' id='word_1_413' title='bbox 1471 806 1548 846; x_wconf 91' lang='lat' dir='ltr'><strong>Ubi</strong></span> <span class='ocrx_word' id='word_1_414' title='bbox 1580 805 1803 844; x_wconf 89' lang='lat' dir='ltr'><strong>obscurum</strong></span> <span class='ocrx_word' id='word_1_415' title='bbox 1827 808 1889 844; x_wconf 91' lang='lat' dir='ltr'><strong>est</strong></span> <span class='ocrx_word' id='word_1_416' title='bbox 1902 816 2030 855; x_wconf 84' lang='lat' dir='ltr'><strong>quam</strong></span> <span class='ocrx_word' id='word_1_417' title='bbox 2048 806 2131 845; x_wconf 89' lang='lat' dir='ltr'><strong>vim</strong></span> <span class='ocrx_word' id='word_1_418' title='bbox 2151 809 2221 848; x_wconf 88' lang='lat' dir='ltr'><strong>ha-</strong></span> 
     </span>
     <span class='ocr_line' id='line_1_69' title="bbox 1188 867 2224 917; baseline 0.001 -9"><span class='ocrx_word' id='word_1_419' title='bbox 1188 869 1285 908; x_wconf 89' lang='lat' dir='ltr'><strong>beat</strong></span> <span class='ocrx_word' id='word_1_420' title='bbox 1302 869 1405 908; x_wconf 90' lang='lat' dir='ltr'><strong>illud</strong></span> <span class='ocrx_word' id='word_1_421' title='bbox 1436 869 1624 917; x_wconf 86' lang='lat' dir='ltr'><strong>verbum,</strong></span> <span class='ocrx_word' id='word_1_422' title='bbox 1646 870 1840 908; x_wconf 86' lang='lat' dir='ltr'><strong>teneatur.</strong></span> <span class='ocrx_word' id='word_1_423' title='bbox 1862 867 1978 915; x_wconf 91' lang='lat' dir='ltr'><strong>Nam,</strong></span> <span class='ocrx_word' id='word_1_424' title='bbox 1999 867 2094 907; x_wconf 87' lang='lat' dir='ltr'><strong>licet</strong></span> <span class='ocrx_word' id='word_1_425' title='bbox 2121 869 2224 909; x_wconf 82' lang='lat' dir='ltr'><strong>alias</strong></span> 
     </span>
     <span class='ocr_line' id='line_1_70' title="bbox 1188 929 2224 980; baseline 0 -11"><span class='ocrx_word' id='word_1_426' title='bbox 1188 942 1335 970; x_wconf 89' lang='lat' dir='ltr'><strong>verum</strong></span> <span class='ocrx_word' id='word_1_427' title='bbox 1354 930 1406 969; x_wconf 88' lang='lat' dir='ltr'><strong>sit</strong></span> <span class='ocrx_word' id='word_1_428' title='bbox 1426 930 1708 970; x_wconf 88' lang='lat' dir='ltr'><strong>ordinationes</strong></span> <span class='ocrx_word' id='word_1_429' title='bbox 1728 933 1768 968; x_wconf 88' lang='lat' dir='ltr'><strong>et</strong></span> <span class='ocrx_word' id='word_1_430' title='bbox 1787 929 1954 980; x_wconf 86' lang='lat' dir='ltr'><strong>regulas</strong></span> <span class='ocrx_word' id='word_1_431' title='bbox 1975 929 2098 980; x_wconf 87' lang='lat' dir='ltr'><strong>hujus</strong></span> <span class='ocrx_word' id='word_1_432' title='bbox 2127 931 2224 969; x_wconf 87' lang='lat' dir='ltr'><strong>reli-</strong></span> 
     </span>
     <span class='ocr_line' id='line_1_71' title="bbox 1190 987 2226 1044; baseline 0 -13"><span class='ocrx_word' id='word_1_433' title='bbox 1190 992 1323 1044; x_wconf 86' lang='lat' dir='ltr'><strong>gionis</strong></span> <span class='ocrx_word' id='word_1_434' title='bbox 1344 1004 1428 1031; x_wconf 90' lang='lat' dir='ltr'><strong>non</strong></span> <span class='ocrx_word' id='word_1_435' title='bbox 1446 993 1630 1043; x_wconf 87' lang='lat' dir='ltr'><strong>obligare</strong></span> <span class='ocrx_word' id='word_1_436' title='bbox 1652 991 1704 1030; x_wconf 90' lang='lat' dir='ltr'><strong>ad</strong></span> <span class='ocrx_word' id='word_1_437' title='bbox 1724 991 1904 1042; x_wconf 87' lang='lat' dir='ltr'><strong>culpam,</strong></span> <span class='ocrx_word' id='word_1_438' title='bbox 1929 990 1986 1029; x_wconf 95' lang='lat' dir='ltr'><strong>ibi</strong></span> <span class='ocrx_word' id='word_1_439' title='bbox 2004 994 2144 1030; x_wconf 90' lang='lat' dir='ltr'><strong>tamen</strong></span> <span class='ocrx_word' id='word_1_440' title='bbox 2160 987 2226 1031; x_wconf 62' lang='lat' dir='ltr'><strong>vi-&#39;</strong></span> 
     </span>
     <span class='ocr_line' id='line_1_72' title="bbox 1188 1052 2224 1104; baseline 0 -11"><span class='ocrx_word' id='word_1_441' title='bbox 1188 1054 1312 1093; x_wconf 89' lang='lat' dir='ltr'><strong>detur</strong></span> <span class='ocrx_word' id='word_1_442' title='bbox 1340 1053 1607 1093; x_wconf 89' lang='lat' dir='ltr'><strong>determinari</strong></span> <span class='ocrx_word' id='word_1_443' title='bbox 1639 1053 1814 1092; x_wconf 83' lang='lat' dir='ltr'><strong>materia</strong></span> <span class='ocrx_word' id='word_1_444' title='bbox 1833 1053 2001 1104; x_wconf 88' lang='lat' dir='ltr'><strong>propria</strong></span> <span class='ocrx_word' id='word_1_445' title='bbox 2021 1052 2106 1092; x_wconf 88' lang='lat' dir='ltr'><strong>voti</strong></span> <span class='ocrx_word' id='word_1_446' title='bbox 2126 1053 2224 1093; x_wconf 88' lang='lat' dir='ltr'><strong>obe-</strong></span> 
     </span>
     <span class='ocr_line' id='line_1_73' title="bbox 1189 1114 2226 1166; baseline 0.001 -12"><span class='ocrx_word' id='word_1_447' title='bbox 1189 1115 1354 1155; x_wconf 81' lang='lat' dir='ltr'><strong>dientiae</strong></span> <span class='ocrx_word' id='word_1_448' title='bbox 1387 1115 1686 1166; x_wconf 84' lang='lat' dir='ltr'><strong>professorum,</strong></span> <span class='ocrx_word' id='word_1_449' title='bbox 1705 1119 1908 1166; x_wconf 85' lang='lat' dir='ltr'><strong>quantum</strong></span> <span class='ocrx_word' id='word_1_450' title='bbox 1945 1114 2000 1155; x_wconf 88' lang='lat' dir='ltr'><strong>ad</strong></span> <span class='ocrx_word' id='word_1_451' title='bbox 2027 1115 2135 1155; x_wconf 86' lang='lat' dir='ltr'><strong>hanc</strong></span> <span class='ocrx_word' id='word_1_452' title='bbox 2159 1126 2226 1155; x_wconf 84' lang='lat' dir='ltr'><strong>ex-</strong></span> 
     </span>
     <span class='ocr_line' id='line_1_74' title="bbox 1189 1176 2227 1229; baseline 0 -12"><span class='ocrx_word' id='word_1_453' title='bbox 1189 1188 1375 1229; x_wconf 88' lang='lat' dir='ltr'><strong>pressam</strong></span> <span class='ocrx_word' id='word_1_454' title='bbox 1389 1177 1707 1222; x_wconf 85' lang='lat' dir='ltr'><strong>ordinationem,</strong></span> <span class='ocrx_word' id='word_1_455' title='bbox 1718 1181 1759 1216; x_wconf 89' lang='lat' dir='ltr'><strong>et</strong></span> <span class='ocrx_word' id='word_1_456' title='bbox 1769 1176 1864 1215; x_wconf 92' lang='lat' dir='ltr'><strong>ideo</strong></span> <span class='ocrx_word' id='word_1_457' title='bbox 1875 1176 2038 1217; x_wconf 85' lang='lat' dir='ltr'><strong>videtur</strong></span> <span class='ocrx_word' id='word_1_458' title='bbox 2050 1176 2227 1217; x_wconf 86' lang='lat' dir='ltr'><strong>verbum</strong></span> 
     </span>
     <span class='ocr_line' id='line_1_75' title="bbox 1190 1238 2282 1290; baseline 0 -12"><span class='ocrx_word' id='word_1_459' title='bbox 1190 1239 1291 1278; x_wconf 89' lang='lat' dir='ltr'><strong>illud</strong></span> <span class='ocrx_word' id='word_1_460' title='bbox 1328 1238 1525 1279; x_wconf 89' lang='lat' dir='ltr'><strong>inducere</strong></span> <span class='ocrx_word' id='word_1_461' title='bbox 1561 1238 1859 1290; x_wconf 87' lang='lat' dir='ltr'><strong>obligationem</strong></span> <span class='ocrx_word' id='word_1_462' title='bbox 1888 1238 1931 1277; x_wconf 92' lang='lat' dir='ltr'><strong>in</strong></span> <span class='ocrx_word' id='word_1_463' title='bbox 1957 1239 2225 1278; x_wconf 78' lang='lat' dir='ltr'><strong>conscientia.</strong></span> <span class='ocrx_word' id='word_1_464' title='bbox 2280 1249 2282 1252; x_wconf 86' lang='grc'><em>·</em></span> 
     </span>
     <span class='ocr_line' id='line_1_76' title="bbox 1189 1300 2230 1341; baseline -0.002 0"><span class='ocrx_word' id='word_1_465' title='bbox 1189 1301 1464 1341; x_wconf 90' lang='lat' dir='ltr'><strong>Nihilominus</strong></span> <span class='ocrx_word' id='word_1_466' title='bbox 1497 1305 1657 1340; x_wconf 86' lang='lat' dir='ltr'><strong>certum</strong></span> <span class='ocrx_word' id='word_1_467' title='bbox 1689 1304 1750 1339; x_wconf 89' lang='lat' dir='ltr'><strong>est</strong></span> <span class='ocrx_word' id='word_1_468' title='bbox 1776 1300 1888 1339; x_wconf 89' lang='lat' dir='ltr'><strong>illam</strong></span> <span class='ocrx_word' id='word_1_469' title='bbox 1924 1301 2230 1340; x_wconf 87' lang='lat' dir='ltr'><strong>ordinationem</strong></span> 
     </span>
     <span class='ocr_line' id='line_1_77' title="bbox 1192 1361 2230 1412; baseline -0.002 -10"><span class='ocrx_word' id='word_1_470' title='bbox 1192 1375 1284 1403; x_wconf 88' lang='lat' dir='ltr'><strong>esse</strong></span> <span class='ocrx_word' id='word_1_471' title='bbox 1306 1363 1440 1402; x_wconf 91' lang='lat' dir='ltr'><strong>solum</strong></span> <span class='ocrx_word' id='word_1_472' title='bbox 1471 1362 1740 1401; x_wconf 87' lang='lat' dir='ltr'><strong>directionem</strong></span> <span class='ocrx_word' id='word_1_473' title='bbox 1762 1361 1983 1412; x_wconf 89' lang='lat' dir='ltr'><strong>quamdam</strong></span> <span class='ocrx_word' id='word_1_474' title='bbox 2007 1363 2059 1401; x_wconf 91' lang='lat' dir='ltr'><strong>ad</strong></span> <span class='ocrx_word' id='word_1_475' title='bbox 2080 1362 2230 1401; x_wconf 83' lang='lat' dir='ltr'><strong>melius</strong></span> 
     </span>
     <span class='ocr_line' id='line_1_78' title="bbox 1191 1423 2231 1476; baseline -0.003 -11"><span class='ocrx_word' id='word_1_476' title='bbox 1191 1424 1484 1476; x_wconf 83' lang='lat' dir='ltr'><strong>exequendum</strong></span> <span class='ocrx_word' id='word_1_477' title='bbox 1499 1423 1566 1463; x_wconf 90' lang='lat' dir='ltr'><strong>vel</strong></span> <span class='ocrx_word' id='word_1_478' title='bbox 1585 1423 1867 1462; x_wconf 89' lang='lat' dir='ltr'><strong>inchoandum</strong></span> <span class='ocrx_word' id='word_1_479' title='bbox 1882 1423 1938 1470; x_wconf 89' lang='lat' dir='ltr'><strong>id,</strong></span> <span class='ocrx_word' id='word_1_480' title='bbox 1950 1423 2113 1474; x_wconf 90' lang='lat' dir='ltr'><strong>quodin</strong></span> <span class='ocrx_word' id='word_1_481' title='bbox 2128 1435 2231 1474; x_wconf 85' lang='lat' dir='ltr'><strong>prae-</strong></span> 
     </span>
     <span class='ocr_line' id='line_1_79' title="bbox 1193 1485 2231 1537; baseline -0.002 -12"><span class='ocrx_word' id='word_1_482' title='bbox 1193 1486 1303 1526; x_wconf 90' lang='lat' dir='ltr'><strong>dicta</strong></span> <span class='ocrx_word' id='word_1_483' title='bbox 1318 1486 1575 1537; x_wconf 87' lang='lat' dir='ltr'><strong>professione</strong></span> <span class='ocrx_word' id='word_1_484' title='bbox 1592 1485 1850 1537; x_wconf 87' lang='lat' dir='ltr'><strong>exprimitur,</strong></span> <span class='ocrx_word' id='word_1_485' title='bbox 1877 1497 1962 1523; x_wconf 89' lang='lat' dir='ltr'><strong>non</strong></span> <span class='ocrx_word' id='word_1_486' title='bbox 1980 1489 2120 1524; x_wconf 85' lang='lat' dir='ltr'><strong>tamen</strong></span> <span class='ocrx_word' id='word_1_487' title='bbox 2139 1496 2231 1523; x_wconf 88' lang='lat' dir='ltr'><strong>esse</strong></span> 
     </span>
     <span class='ocr_line' id='line_1_80' title="bbox 1194 1547 2232 1600; baseline -0.003 -12"><span class='ocrx_word' id='word_1_488' title='bbox 1194 1549 1331 1600; x_wconf 88' lang='lat' dir='ltr'><strong>legem</strong></span> <span class='ocrx_word' id='word_1_489' title='bbox 1364 1547 1441 1587; x_wconf 88' lang='lat' dir='ltr'><strong>sub</strong></span> <span class='ocrx_word' id='word_1_490' title='bbox 1476 1551 1645 1599; x_wconf 87' lang='lat' dir='ltr'><strong>peccato</strong></span> <span class='ocrx_word' id='word_1_491' title='bbox 1681 1547 1948 1598; x_wconf 85' lang='lat' dir='ltr'><strong>obligantem‚</strong></span> <span class='ocrx_word' id='word_1_492' title='bbox 1979 1547 2060 1585; x_wconf 91' lang='lat' dir='ltr'><strong>imo</strong></span> <span class='ocrx_word' id='word_1_493' title='bbox 2094 1557 2232 1597; x_wconf 88' lang='lat' dir='ltr'><strong>neque</strong></span> 
     </span>
     <span class='ocr_line' id='line_1_81' title="bbox 1196 1609 2232 1661; baseline -0.002 -11"><span class='ocrx_word' id='word_1_494' title='bbox 1196 1623 1287 1651; x_wconf 88' lang='lat' dir='ltr'><strong>esse</strong></span> <span class='ocrx_word' id='word_1_495' title='bbox 1304 1610 1412 1649; x_wconf 89' lang='lat' dir='ltr'><strong>inter</strong></span> <span class='ocrx_word' id='word_1_496' title='bbox 1431 1610 1533 1650; x_wconf 89' lang='lat' dir='ltr'><strong>alias</strong></span> <span class='ocrx_word' id='word_1_497' title='bbox 1549 1609 1715 1661; x_wconf 86' lang='lat' dir='ltr'><strong>regulas</strong></span> <span class='ocrx_word' id='word_1_498' title='bbox 1735 1609 1776 1647; x_wconf 89' lang='lat' dir='ltr'><strong>in</strong></span> <span class='ocrx_word' id='word_1_499' title='bbox 1796 1609 1867 1647; x_wconf 87' lang='lat' dir='ltr'><strong>tali</strong></span> <span class='ocrx_word' id='word_1_500' title='bbox 1885 1609 2103 1659; x_wconf 83' lang='lat' dir='ltr'><strong>religione,</strong></span> <span class='ocrx_word' id='word_1_501' title='bbox 2123 1609 2232 1648; x_wconf 88' lang='lat' dir='ltr'><strong>etita</strong></span> 
     </span>
     <span class='ocr_line' id='line_1_82' title="bbox 1197 1671 2233 1722; baseline -0.005 -9"><span class='ocrx_word' id='word_1_502' title='bbox 1197 1678 1294 1714; x_wconf 88' lang='lat' dir='ltr'><strong>sunt</strong></span> <span class='ocrx_word' id='word_1_503' title='bbox 1314 1673 1459 1711; x_wconf 88' lang='lat' dir='ltr'><strong>similia</strong></span> <span class='ocrx_word' id='word_1_504' title='bbox 1478 1672 1605 1711; x_wconf 86' lang='lat' dir='ltr'><strong>verba</strong></span> <span class='ocrx_word' id='word_1_505' title='bbox 1622 1672 1664 1709; x_wconf 90' lang='lat' dir='ltr'><strong>in</strong></span> <span class='ocrx_word' id='word_1_506' title='bbox 1680 1672 1768 1722; x_wconf 89' lang='lat' dir='ltr'><strong>ejus</strong></span> <span class='ocrx_word' id='word_1_507' title='bbox 1782 1671 2149 1710; x_wconf 83' lang='lat' dir='ltr'><strong>Constitutionibus</strong></span> <span class='ocrx_word' id='word_1_508' title='bbox 2165 1682 2233 1710; x_wconf 89' lang='lat' dir='ltr'><strong>ex-</strong></span> 
     </span>
     <span class='ocr_line' id='line_1_83' title="bbox 1199 1733 2233 1788; baseline -0.003 -14"><span class='ocrx_word' id='word_1_509' title='bbox 1199 1736 1372 1788; x_wconf 83' lang='lat' dir='ltr'><strong>plicata3</strong></span> <span class='ocrx_word' id='word_1_510' title='bbox 1396 1746 1532 1784; x_wconf 88' lang='lat' dir='ltr'><strong>neque</strong></span> <span class='ocrx_word' id='word_1_511' title='bbox 1563 1734 1688 1772; x_wconf 86' lang='lat' dir='ltr'><strong>etiam</strong></span> <span class='ocrx_word' id='word_1_512' title='bbox 1725 1745 1814 1772; x_wconf 89' lang='lat' dir='ltr'><strong>esse</strong></span> <span class='ocrx_word' id='word_1_513' title='bbox 1844 1733 2233 1772; x_wconf 84' lang='lat' dir='ltr'><strong>determinationem</strong></span> 
     </span>
     <span class='ocr_line' id='line_1_84' title="bbox 1193 1794 2235 1845; baseline -0.006 -8"><span class='ocrx_word' id='word_1_514' title='bbox 1193 1796 1374 1837; x_wconf 86' lang='lat' dir='ltr'><strong>materiae</strong></span> <span class='ocrx_word' id='word_1_515' title='bbox 1393 1796 1491 1843; x_wconf 86' lang='lat' dir='ltr'><strong>voti,</strong></span> <span class='ocrx_word' id='word_1_516' title='bbox 1508 1795 1606 1845; x_wconf 87' lang='lat' dir='ltr'><strong>quia</strong></span> <span class='ocrx_word' id='word_1_517' title='bbox 1621 1794 1663 1832; x_wconf 90' lang='lat' dir='ltr'><strong>in</strong></span> <span class='ocrx_word' id='word_1_518' title='bbox 1677 1794 1746 1833; x_wconf 91' lang='lat' dir='ltr'><strong>illo</strong></span> <span class='ocrx_word' id='word_1_519' title='bbox 1764 1794 1947 1842; x_wconf 87' lang='lat' dir='ltr'><strong>decreto,</strong></span> <span class='ocrx_word' id='word_1_520' title='bbox 1966 1794 2105 1845; x_wconf 90' lang='lat' dir='ltr'><strong>quoad</strong></span> <span class='ocrx_word' id='word_1_521' title='bbox 2125 1794 2235 1832; x_wconf 88' lang='lat' dir='ltr'><strong>hanc</strong></span> 
     </span>
     <span class='ocr_line' id='line_1_85' title="bbox 1194 1855 2236 1910; baseline -0.003 -13"><span class='ocrx_word' id='word_1_522' title='bbox 1194 1861 1370 1910; x_wconf 85' lang='lat' dir='ltr'><strong>partem,</strong></span> <span class='ocrx_word' id='word_1_523' title='bbox 1388 1857 1502 1895; x_wconf 89' lang='lat' dir='ltr'><strong>nulla</strong></span> <span class='ocrx_word' id='word_1_524' title='bbox 1523 1856 1568 1894; x_wconf 90' lang='lat' dir='ltr'><strong>fit</strong></span> <span class='ocrx_word' id='word_1_525' title='bbox 1588 1856 1742 1894; x_wconf 90' lang='lat' dir='ltr'><strong>mentio</strong></span> <span class='ocrx_word' id='word_1_526' title='bbox 1758 1857 1862 1905; x_wconf 88' lang='lat' dir='ltr'><strong>voti;</strong></span> <span class='ocrx_word' id='word_1_527' title='bbox 1883 1855 2008 1903; x_wconf 91' lang='lat' dir='ltr'><strong>unde,</strong></span> <span class='ocrx_word' id='word_1_528' title='bbox 2028 1856 2119 1894; x_wconf 87' lang='lat' dir='ltr'><strong>licet</strong></span> <span class='ocrx_word' id='word_1_529' title='bbox 2138 1855 2236 1894; x_wconf 85' lang='lat' dir='ltr'><strong>finis</strong></span> 
     </span>
     <span class='ocr_line' id='line_1_86' title="bbox 1194 1917 2236 1968; baseline -0.005 -9"><span class='ocrx_word' id='word_1_530' title='bbox 1194 1920 1303 1960; x_wconf 90' lang='lat' dir='ltr'><strong>illius</strong></span> <span class='ocrx_word' id='word_1_531' title='bbox 1318 1918 1471 1957; x_wconf 84' lang='lat' dir='ltr'><strong>decreti</strong></span> <span class='ocrx_word' id='word_1_532' title='bbox 1493 1917 1615 1955; x_wconf 88' lang='lat' dir='ltr'><strong>fuerit</strong></span> <span class='ocrx_word' id='word_1_533' title='bbox 1630 1917 1830 1956; x_wconf 87' lang='lat' dir='ltr'><strong>reducere</strong></span> <span class='ocrx_word' id='word_1_534' title='bbox 1846 1917 1898 1955; x_wconf 89' lang='lat' dir='ltr'><strong>ad</strong></span> <span class='ocrx_word' id='word_1_535' title='bbox 1916 1918 2075 1968; x_wconf 87' lang='lat' dir='ltr'><strong>praxim</strong></span> <span class='ocrx_word' id='word_1_536' title='bbox 2097 1917 2236 1966; x_wconf 84' lang='lat' dir='ltr'><strong>aliquo</strong></span> 
     </span>
     <span class='ocr_line' id='line_1_87' title="bbox 1198 1978 2237 2029; baseline -0.004 -9"><span class='ocrx_word' id='word_1_537' title='bbox 1198 1981 1322 2020; x_wconf 91' lang='lat' dir='ltr'><strong>modo</strong></span> <span class='ocrx_word' id='word_1_538' title='bbox 1341 1984 1483 2018; x_wconf 90' lang='lat' dir='ltr'><strong>votum</strong></span> <span class='ocrx_word' id='word_1_539' title='bbox 1503 1978 1619 2024; x_wconf 85' lang='lat' dir='ltr'><strong>illud,</strong></span> <span class='ocrx_word' id='word_1_540' title='bbox 1634 1983 1871 2017; x_wconf 81' lang='lat' dir='ltr'><strong>nontamen</strong></span> <span class='ocrx_word' id='word_1_541' title='bbox 1884 1990 2003 2017; x_wconf 89' lang='lat' dir='ltr'><strong>mens</strong></span> <span class='ocrx_word' id='word_1_542' title='bbox 2021 1979 2111 2029; x_wconf 86' lang='lat' dir='ltr'><strong>ejus</strong></span> <span class='ocrx_word' id='word_1_543' title='bbox 2129 1979 2237 2017; x_wconf 85' lang='lat' dir='ltr'><strong>hanc</strong></span> 
     </span>
     <span class='ocr_line' id='line_1_88' title="bbox 1198 2040 2238 2095; baseline -0.004 -13"><span class='ocrx_word' id='word_1_544' title='bbox 1198 2053 1355 2095; x_wconf 85' lang='lat' dir='ltr'><strong>ponere</strong></span> <span class='ocrx_word' id='word_1_545' title='bbox 1377 2045 1422 2080; x_wconf 90' lang='lat' dir='ltr'><strong>ut</strong></span> <span class='ocrx_word' id='word_1_546' title='bbox 1451 2040 1669 2078; x_wconf 87' lang='lat' dir='ltr'><strong>materiam</strong></span> <span class='ocrx_word' id='word_1_547' title='bbox 1703 2040 1910 2091; x_wconf 83' lang='lat' dir='ltr'><strong>praecepti.</strong></span> <span class='ocrx_word' id='word_1_548' title='bbox 1939 2041 1997 2078; x_wconf 90' lang='lat' dir='ltr'><strong>Eo</strong></span> <span class='ocrx_word' id='word_1_549' title='bbox 2017 2041 2082 2079; x_wconf 90' lang='lat' dir='ltr'><strong>vel</strong></span> <span class='ocrx_word' id='word_1_550' title='bbox 2107 2040 2238 2078; x_wconf 83' lang='lat' dir='ltr'><strong>maxi-</strong></span> 
     </span>
     <span class='ocr_line' id='line_1_89' title="bbox 1199 2101 2238 2154; baseline -0.002 -12"><span class='ocrx_word' id='word_1_551' title='bbox 1199 2115 1268 2142; x_wconf 87' lang='lat' dir='ltr'><strong>me</strong></span> <span class='ocrx_word' id='word_1_552' title='bbox 1289 2103 1385 2154; x_wconf 91' lang='lat' dir='ltr'><strong>quia</strong></span> <span class='ocrx_word' id='word_1_553' title='bbox 1405 2101 1615 2153; x_wconf 84' lang='lat' dir='ltr'><strong>professus</strong></span> <span class='ocrx_word' id='word_1_554' title='bbox 1648 2113 1734 2139; x_wconf 91' lang='lat' dir='ltr'><strong>non</strong></span> <span class='ocrx_word' id='word_1_555' title='bbox 1763 2106 1884 2140; x_wconf 88' lang='lat' dir='ltr'><strong>vovet</strong></span> <span class='ocrx_word' id='word_1_556' title='bbox 1910 2101 2060 2140; x_wconf 88' lang='lat' dir='ltr'><strong>docere</strong></span> <span class='ocrx_word' id='word_1_557' title='bbox 2086 2102 2238 2140; x_wconf 87' lang='lat' dir='ltr'><strong>doctri-</strong></span> 
     </span>
     <span class='ocr_line' id='line_1_90' title="bbox 1200 2162 2237 2210; baseline 0.001 -7"><span class='ocrx_word' id='word_1_558' title='bbox 1200 2176 1299 2203; x_wconf 88' lang='lat' dir='ltr'><strong>nam</strong></span> <span class='ocrx_word' id='word_1_559' title='bbox 1328 2163 1617 2210; x_wconf 85' lang='lat' dir='ltr'><strong>Christianam,</strong></span> <span class='ocrx_word' id='word_1_560' title='bbox 1642 2162 1716 2201; x_wconf 91' lang='lat' dir='ltr'><strong>sed</strong></span> <span class='ocrx_word' id='word_1_561' title='bbox 1736 2164 2010 2207; x_wconf 81' lang='lat' dir='ltr'><strong>obedientiam,</strong></span> <span class='ocrx_word' id='word_1_562' title='bbox 2032 2168 2068 2203; x_wconf 91' lang='lat' dir='ltr'><strong>et</strong></span> <span class='ocrx_word' id='word_1_563' title='bbox 2101 2175 2237 2204; x_wconf 86' lang='lat' dir='ltr'><strong>secun-</strong></span> 
     </span>
     <span class='ocr_line' id='line_1_91' title="bbox 1202 2225 2238 2277; baseline -0.002 -11"><span class='ocrx_word' id='word_1_564' title='bbox 1202 2228 1295 2267; x_wconf 90' lang='lat' dir='ltr'><strong>dum</strong></span> <span class='ocrx_word' id='word_1_565' title='bbox 1321 2237 1404 2265; x_wconf 88' lang='lat' dir='ltr'><strong>eam</strong></span> <span class='ocrx_word' id='word_1_566' title='bbox 1416 2225 1658 2277; x_wconf 85' lang='lat' dir='ltr'><strong>peculiarem</strong></span> <span class='ocrx_word' id='word_1_567' title='bbox 1677 2236 1827 2272; x_wconf 87' lang='lat' dir='ltr'><strong>curam,</strong></span> <span class='ocrx_word' id='word_1_568' title='bbox 1852 2228 1929 2264; x_wconf 87' lang='lat' dir='ltr'><strong>etc.</strong></span> <span class='ocrx_word' id='word_1_569' title='bbox 1950 2237 1960 2271; x_wconf 88' lang='lat'>;</span> <span class='ocrx_word' id='word_1_570' title='bbox 1985 2228 2025 2264; x_wconf 90' lang='lat' dir='ltr'><strong>et</strong></span> <span class='ocrx_word' id='word_1_571' title='bbox 2046 2225 2140 2264; x_wconf 89' lang='lat' dir='ltr'><strong>ideo</strong></span> <span class='ocrx_word' id='word_1_572' title='bbox 2165 2226 2238 2264; x_wconf 91' lang='lat' dir='ltr'><strong>im-</strong></span> 
     </span>
     <span class='ocr_line' id='line_1_92' title="bbox 1202 2286 2238 2339; baseline 0.001 -13"><span class='ocrx_word' id='word_1_573' title='bbox 1202 2287 1399 2339; x_wconf 87' lang='lat' dir='ltr'><strong>possibile</strong></span> <span class='ocrx_word' id='word_1_574' title='bbox 1425 2292 1486 2325; x_wconf 85' lang='lat' dir='ltr'><strong>est</strong></span> <span class='ocrx_word' id='word_1_575' title='bbox 1504 2286 1545 2324; x_wconf 93' lang='lat' dir='ltr'><strong>in</strong></span> <span class='ocrx_word' id='word_1_576' title='bbox 1567 2286 1637 2324; x_wconf 88' lang='lat' dir='ltr'><strong>tali</strong></span> <span class='ocrx_word' id='word_1_577' title='bbox 1661 2290 1756 2325; x_wconf 82' lang='lat' dir='ltr'><strong>voto</strong></span> <span class='ocrx_word' id='word_1_578' title='bbox 1777 2287 2041 2326; x_wconf 87' lang='lat' dir='ltr'><strong>determinari</strong></span> <span class='ocrx_word' id='word_1_579' title='bbox 2064 2287 2171 2325; x_wconf 85' lang='lat' dir='ltr'><strong>hanc</strong></span> <span class='ocrx_word' id='word_1_580' title='bbox 2192 2291 2238 2327; x_wconf 88' lang='lat' dir='ltr'><strong>ut</strong></span> 
     </span>
     <span class='ocr_line' id='line_1_93' title="bbox 1201 2347 2237 2399; baseline -0.001 -10"><span class='ocrx_word' id='word_1_581' title='bbox 1201 2350 1421 2389; x_wconf 85' lang='lat' dir='ltr'><strong>materiam</strong></span> <span class='ocrx_word' id='word_1_582' title='bbox 1450 2347 1730 2387; x_wconf 84' lang='lat' dir='ltr'><strong>necessariam</strong></span> <span class='ocrx_word' id='word_1_583' title='bbox 1751 2348 1847 2392; x_wconf 84' lang='lat' dir='ltr'><strong>voti,</strong></span> <span class='ocrx_word' id='word_1_584' title='bbox 1871 2348 1950 2387; x_wconf 90' lang='lat' dir='ltr'><strong>nisi</strong></span> <span class='ocrx_word' id='word_1_585' title='bbox 1985 2348 2237 2399; x_wconf 90' lang='lat' dir='ltr'><strong>imponendo</strong></span> 
     </span>
     <span class='ocr_line' id='line_1_94' title="bbox 1203 2410 2240 2464; baseline 0 -13"><span class='ocrx_word' id='word_1_586' title='bbox 1203 2416 1456 2464; x_wconf 84' lang='lat' dir='ltr'><strong>praeeeptum</strong></span> <span class='ocrx_word' id='word_1_587' title='bbox 1479 2410 1666 2461; x_wconf 87' lang='lat' dir='ltr'><strong>obligans</strong></span> <span class='ocrx_word' id='word_1_588' title='bbox 1681 2411 1721 2448; x_wconf 92' lang='lat' dir='ltr'><strong>in</strong></span> <span class='ocrx_word' id='word_1_589' title='bbox 1736 2410 1884 2449; x_wconf 86' lang='lat' dir='ltr'><strong>virtute</strong></span> <span class='ocrx_word' id='word_1_590' title='bbox 1908 2410 2174 2457; x_wconf 84' lang='lat' dir='ltr'><strong>obedientiae;</strong></span> <span class='ocrx_word' id='word_1_591' title='bbox 2197 2414 2240 2451; x_wconf 86' lang='lat' dir='ltr'><strong>at</strong></span> 
     </span>
     <span class='ocr_line' id='line_1_95' title="bbox 1203 2472 2240 2524; baseline 0 -12"><span class='ocrx_word' id='word_1_592' title='bbox 1203 2475 1282 2512; x_wconf 93' lang='lat' dir='ltr'><strong>hoc</strong></span> <span class='ocrx_word' id='word_1_593' title='bbox 1308 2485 1394 2512; x_wconf 92' lang='lat' dir='ltr'><strong>non</strong></span> <span class='ocrx_word' id='word_1_594' title='bbox 1428 2472 1596 2524; x_wconf 87' lang='lat' dir='ltr'><strong>ponitur</strong></span> <span class='ocrx_word' id='word_1_595' title='bbox 1615 2472 1700 2519; x_wconf 89' lang='lat' dir='ltr'><strong>ibi;</strong></span> <span class='ocrx_word' id='word_1_596' title='bbox 1730 2484 1844 2522; x_wconf 87' lang='lat' dir='ltr'><strong>ergo.</strong></span> <span class='ocrx_word' id='word_1_597' title='bbox 1868 2472 2080 2521; x_wconf 86' lang='lat' dir='ltr'><strong>Quocirca,</strong></span> <span class='ocrx_word' id='word_1_598' title='bbox 2101 2484 2240 2523; x_wconf 85' lang='lat' dir='ltr'><strong>neque</strong></span> 
     </span>
     <span class='ocr_line' id='line_1_96' title="bbox 1202 2533 2240 2584; baseline -0.001 -10"><span class='ocrx_word' id='word_1_599' title='bbox 1202 2548 1254 2575; x_wconf 83' lang='lat' dir='ltr'><strong>ex</strong></span> <span class='ocrx_word' id='word_1_600' title='bbox 1285 2534 1456 2574; x_wconf 85' lang='lat' dir='ltr'><strong>consilio</strong></span> <span class='ocrx_word' id='word_1_601' title='bbox 1476 2538 1671 2572; x_wconf 88' lang='lat' dir='ltr'><strong>tenentur</strong></span> <span class='ocrx_word' id='word_1_602' title='bbox 1688 2533 1859 2584; x_wconf 86' lang='lat' dir='ltr'><strong>professi</strong></span> <span class='ocrx_word' id='word_1_603' title='bbox 1882 2534 2069 2573; x_wconf 87' lang='lat' dir='ltr'><strong>absolute</strong></span> <span class='ocrx_word' id='word_1_604' title='bbox 2088 2535 2141 2573; x_wconf 88' lang='lat' dir='ltr'><strong>ad</strong></span> <span class='ocrx_word' id='word_1_605' title='bbox 2161 2535 2240 2574; x_wconf 88' lang='lat' dir='ltr'><strong>hoc</strong></span> 
     </span>
     <span class='ocr_line' id='line_1_97' title="bbox 1203 2595 2241 2647; baseline -0.001 -11"><span class='ocrx_word' id='word_1_606' title='bbox 1203 2596 1477 2637; x_wconf 89' lang='lat' dir='ltr'><strong>ministerium</strong></span> <span class='ocrx_word' id='word_1_607' title='bbox 1527 2595 1803 2634; x_wconf 88' lang='lat' dir='ltr'><strong>exercendum</strong></span> <span class='ocrx_word' id='word_1_608' title='bbox 1845 2607 1919 2645; x_wconf 92' lang='lat' dir='ltr'><strong>per</strong></span> <span class='ocrx_word' id='word_1_609' title='bbox 1963 2595 2241 2647; x_wconf 86' lang='lat' dir='ltr'><strong>quadraginta</strong></span> 
     </span>
     <span class='ocr_line' id='line_1_98' title="bbox 1203 2657 2242 2708; baseline -0.002 -9"><span class='ocrx_word' id='word_1_610' title='bbox 1203 2660 1308 2704; x_wconf 89' lang='lat' dir='ltr'><strong>dies,</strong></span> <span class='ocrx_word' id='word_1_611' title='bbox 1325 2658 1405 2696; x_wconf 89' lang='lat' dir='ltr'><strong>nisi</strong></span> <span class='ocrx_word' id='word_1_612' title='bbox 1423 2657 1500 2695; x_wconf 87' lang='lat' dir='ltr'><strong>illis</strong></span> <span class='ocrx_word' id='word_1_613' title='bbox 1518 2669 1592 2707; x_wconf 90' lang='lat' dir='ltr'><strong>per</strong></span> <span class='ocrx_word' id='word_1_614' title='bbox 1611 2657 1876 2707; x_wconf 90' lang='lat' dir='ltr'><strong>Superiorem</strong></span> <span class='ocrx_word' id='word_1_615' title='bbox 1898 2657 2152 2708; x_wconf 84' lang='lat' dir='ltr'><strong>injungatur,</strong></span> <span class='ocrx_word' id='word_1_616' title='bbox 2174 2658 2242 2697; x_wconf 87' lang='lat' dir='ltr'><strong>vel</strong></span> 
     </span>
     <span class='ocr_line' id='line_1_99' title="bbox 1204 2718 2243 2769; baseline -0.003 -8"><span class='ocrx_word' id='word_1_617' title='bbox 1204 2722 1351 2761; x_wconf 88' lang='lat' dir='ltr'><strong>saltem</strong></span> <span class='ocrx_word' id='word_1_618' title='bbox 1371 2718 1534 2758; x_wconf 89' lang='lat' dir='ltr'><strong>licentia</strong></span> <span class='ocrx_word' id='word_1_619' title='bbox 1553 2718 1802 2769; x_wconf 61' lang='lat' dir='ltr'><strong>praebeatur,</strong></span> <span class='ocrx_word' id='word_1_620' title='bbox 1816 2718 1913 2768; x_wconf 90' lang='lat' dir='ltr'><strong>quia</strong></span> <span class='ocrx_word' id='word_1_621' title='bbox 1929 2730 2011 2757; x_wconf 77' lang='lat' dir='ltr'><strong>non</strong></span> <span class='ocrx_word' id='word_1_622' title='bbox 2031 2723 2092 2758; x_wconf 91' lang='lat' dir='ltr'><strong>est</strong></span> <span class='ocrx_word' id='word_1_623' title='bbox 2111 2719 2243 2758; x_wconf 88' lang='lat' dir='ltr'><strong>inten-</strong></span> 
     </span>
     <span class='ocr_line' id='line_1_100' title="bbox 1205 2779 2242 2826; baseline -0.003 -3"><span class='ocrx_word' id='word_1_624' title='bbox 1205 2784 1263 2824; x_wconf 87' lang='lat' dir='ltr'><strong>tio</strong></span> <span class='ocrx_word' id='word_1_625' title='bbox 1293 2783 1403 2821; x_wconf 87' lang='lat' dir='ltr'><strong>illius</strong></span> <span class='ocrx_word' id='word_1_626' title='bbox 1438 2780 1608 2826; x_wconf 76' lang='lat' dir='ltr'><strong>decreti,</strong></span> <span class='ocrx_word' id='word_1_627' title='bbox 1632 2780 1812 2818; x_wconf 83' lang='lat' dir='ltr'><strong>eximere</strong></span> <span class='ocrx_word' id='word_1_628' title='bbox 1849 2780 2037 2818; x_wconf 89' lang='lat' dir='ltr'><strong>subditos</strong></span> <span class='ocrx_word' id='word_1_629' title='bbox 2070 2779 2123 2819; x_wconf 88' lang='lat' dir='ltr'><strong>ab</strong></span> <span class='ocrx_word' id='word_1_630' title='bbox 2148 2781 2242 2820; x_wconf 90' lang='lat' dir='ltr'><strong>obe-</strong></span> 
     </span>
     <span class='ocr_line' id='line_1_101' title="bbox 1205 2842 2244 2893; baseline -0.004 -9"><span class='ocrx_word' id='word_1_631' title='bbox 1205 2845 1360 2885; x_wconf 89' lang='lat' dir='ltr'><strong>dientia</strong></span> <span class='ocrx_word' id='word_1_632' title='bbox 1389 2854 1559 2882; x_wconf 89' lang='lat' dir='ltr'><strong>suorum</strong></span> <span class='ocrx_word' id='word_1_633' title='bbox 1594 2842 1877 2893; x_wconf 83' lang='lat' dir='ltr'><strong>Superiorum,</strong></span> <span class='ocrx_word' id='word_1_634' title='bbox 1900 2846 1945 2881; x_wconf 89' lang='lat' dir='ltr'><strong>ut</strong></span> <span class='ocrx_word' id='word_1_635' title='bbox 1973 2854 2048 2893; x_wconf 88' lang='lat' dir='ltr'><strong>per</strong></span> <span class='ocrx_word' id='word_1_636' title='bbox 2079 2853 2123 2881; x_wconf 91' lang='lat' dir='ltr'><strong>se</strong></span> <span class='ocrx_word' id='word_1_637' title='bbox 2148 2854 2244 2881; x_wconf 91' lang='lat' dir='ltr'><strong>con-</strong></span> 
     </span>
     <span class='ocr_line' id='line_1_102' title="bbox 1206 2904 2245 2956; baseline -0.004 -9"><span class='ocrx_word' id='word_1_638' title='bbox 1206 2911 1286 2948; x_wconf 88' lang='lat' dir='ltr'><strong>stat</strong></span> <span class='ocrx_word' id='word_1_639' title='bbox 1294 2918 1306 2956; x_wconf 81' lang='lat'>3</span> <span class='ocrx_word' id='word_1_640' title='bbox 1329 2905 1402 2945; x_wconf 90' lang='lat' dir='ltr'><strong>sed</strong></span> <span class='ocrx_word' id='word_1_641' title='bbox 1420 2908 1587 2956; x_wconf 86' lang='lat' dir='ltr'><strong>paratos</strong></span> <span class='ocrx_word' id='word_1_642' title='bbox 1606 2916 1677 2943; x_wconf 86' lang='lat' dir='ltr'><strong>eos</strong></span> <span class='ocrx_word' id='word_1_643' title='bbox 1698 2904 1872 2942; x_wconf 86' lang='lat' dir='ltr'><strong>reddere</strong></span> <span class='ocrx_word' id='word_1_644' title='bbox 1890 2904 1943 2942; x_wconf 90' lang='lat' dir='ltr'><strong>ad</strong></span> <span class='ocrx_word' id='word_1_645' title='bbox 1965 2904 2042 2942; x_wconf 91' lang='lat' dir='ltr'><strong>hoc</strong></span> <span class='ocrx_word' id='word_1_646' title='bbox 2058 2904 2245 2943; x_wconf 81' lang='lat' dir='ltr'><strong>ministe-</strong></span> 
     </span>
     <span class='ocr_line' id='line_1_103' title="bbox 1206 2965 2245 3019; baseline -0.006 -9"><span class='ocrx_word' id='word_1_647' title='bbox 1206 2971 1315 3010; x_wconf 88' lang='lat' dir='ltr'><strong>rium</strong></span> <span class='ocrx_word' id='word_1_648' title='bbox 1336 2966 1632 3019; x_wconf 81' lang='lat' dir='ltr'><strong>praestandum,</strong></span> <span class='ocrx_word' id='word_1_649' title='bbox 1654 2966 1719 3005; x_wconf 89' lang='lat' dir='ltr'><strong>vel</strong></span> <span class='ocrx_word' id='word_1_650' title='bbox 1748 2966 1871 3004; x_wconf 84' lang='lat' dir='ltr'><strong>etiam</strong></span> <span class='ocrx_word' id='word_1_651' title='bbox 1891 2965 2196 3017; x_wconf 88' lang='lat' dir='ltr'><strong>procurandum</strong></span> <span class='ocrx_word' id='word_1_652' title='bbox 2219 2977 2245 3004; x_wconf 92' lang='lat' dir='ltr'><strong>a</strong></span> 
     </span>
     <span class='ocr_line' id='line_1_104' title="bbox 1210 3028 2244 3081; baseline -0.006 -10"><span class='ocrx_word' id='word_1_653' title='bbox 1210 3032 1295 3071; x_wconf 90' lang='lat' dir='ltr'><strong>suis</strong></span> <span class='ocrx_word' id='word_1_654' title='bbox 1315 3029 1618 3081; x_wconf 83' lang='lat' dir='ltr'><strong>Superioribus,</strong></span> <span class='ocrx_word' id='word_1_655' title='bbox 1630 3032 1670 3067; x_wconf 89' lang='lat' dir='ltr'><strong>et</strong></span> <span class='ocrx_word' id='word_1_656' title='bbox 1688 3028 1931 3078; x_wconf 84' lang='lat' dir='ltr'><strong>Superiores</strong></span> <span class='ocrx_word' id='word_1_657' title='bbox 1949 3028 2059 3079; x_wconf 90' lang='lat' dir='ltr'><strong>ipsos</strong></span> <span class='ocrx_word' id='word_1_658' title='bbox 2074 3037 2244 3066; x_wconf 86' lang='lat' dir='ltr'><strong>monere</strong></span> 
     </span>
     <span class='ocr_line' id='line_1_105' title="bbox 1208 3089 2245 3141; baseline -0.006 -8"><span class='ocrx_word' id='word_1_659' title='bbox 1208 3096 1255 3133; x_wconf 88' lang='lat' dir='ltr'><strong>ut</strong></span> <span class='ocrx_word' id='word_1_660' title='bbox 1272 3104 1357 3132; x_wconf 91' lang='lat' dir='ltr'><strong>non</strong></span> <span class='ocrx_word' id='word_1_661' title='bbox 1371 3091 1506 3130; x_wconf 91' lang='lat' dir='ltr'><strong>solum</strong></span> <span class='ocrx_word' id='word_1_662' title='bbox 1523 3090 1778 3141; x_wconf 88' lang='lat' dir='ltr'><strong>permittant,</strong></span> <span class='ocrx_word' id='word_1_663' title='bbox 1796 3089 1870 3128; x_wconf 91' lang='lat' dir='ltr'><strong>sed</strong></span> <span class='ocrx_word' id='word_1_664' title='bbox 1887 3090 2009 3129; x_wconf 87' lang='lat' dir='ltr'><strong>etiam</strong></span> <span class='ocrx_word' id='word_1_665' title='bbox 2031 3093 2174 3128; x_wconf 85' lang='lat' dir='ltr'><strong>curent</strong></span> <span class='ocrx_word' id='word_1_666' title='bbox 2186 3089 2245 3127; x_wconf 88' lang='lat' dir='ltr'><strong>ita</strong></span> 
     </span>
     <span class='ocr_line' id='line_1_106' title="bbox 1210 3151 2242 3204; baseline -0.005 -10"><span class='ocrx_word' id='word_1_667' title='bbox 1210 3153 1418 3194; x_wconf 87' lang='lat' dir='ltr'><strong>observari</strong></span> <span class='ocrx_word' id='word_1_668' title='bbox 1437 3165 1461 3191; x_wconf 89' lang='lat' dir='ltr'><strong>a</strong></span> <span class='ocrx_word' id='word_1_669' title='bbox 1478 3151 1701 3204; x_wconf 79' lang='lat' dir='ltr'><strong>professis3</strong></span> <span class='ocrx_word' id='word_1_670' title='bbox 1725 3155 1764 3190; x_wconf 88' lang='lat' dir='ltr'><strong>et</strong></span> <span class='ocrx_word' id='word_1_671' title='bbox 1797 3151 1907 3199; x_wconf 88' lang='lat' dir='ltr'><strong>ideo,</strong></span> <span class='ocrx_word' id='word_1_672' title='bbox 1931 3151 1964 3190; x_wconf 91' lang='lat' dir='ltr'><strong>si</strong></span> <span class='ocrx_word' id='word_1_673' title='bbox 1985 3151 2242 3202; x_wconf 84' lang='lat' dir='ltr'><strong>SuperioreS,</strong></span> 
     </span>
     <span class='ocr_line' id='line_1_107' title="bbox 1208 3210 2246 3266; baseline -0.005 -11"><span class='ocrx_word' id='word_1_674' title='bbox 1208 3217 1276 3256; x_wconf 85' lang='lat' dir='ltr'><strong>vel</strong></span> <span class='ocrx_word' id='word_1_675' title='bbox 1296 3226 1507 3266; x_wconf 82' lang='lat' dir='ltr'><strong>expresse,</strong></span> <span class='ocrx_word' id='word_1_676' title='bbox 1529 3214 1595 3252; x_wconf 91' lang='lat' dir='ltr'><strong>vel</strong></span> <span class='ocrx_word' id='word_1_677' title='bbox 1621 3213 1760 3260; x_wconf 88' lang='lat' dir='ltr'><strong>tacite,</strong></span> <span class='ocrx_word' id='word_1_678' title='bbox 1783 3217 1978 3252; x_wconf 89' lang='lat' dir='ltr'><strong>excusent</strong></span> <span class='ocrx_word' id='word_1_679' title='bbox 1997 3213 2049 3251; x_wconf 90' lang='lat' dir='ltr'><strong>ab</strong></span> <span class='ocrx_word' id='word_1_680' title='bbox 2072 3213 2150 3251; x_wconf 90' lang='lat' dir='ltr'><strong>hoc</strong></span> <span class='ocrx_word' id='word_1_681' title='bbox 2171 3210 2246 3249; x_wconf 90' lang='lat' dir='ltr'><strong>mi-</strong></span> 
     </span>
     <span class='ocr_line' id='line_1_108' title="bbox 1211 3271 2248 3325; baseline -0.007 -8"><span class='ocrx_word' id='word_1_682' title='bbox 1211 3277 1382 3317; x_wconf 87' lang='lat' dir='ltr'><strong>nisterio</strong></span> <span class='ocrx_word' id='word_1_683' title='bbox 1400 3287 1472 3315; x_wconf 90' lang='lat' dir='ltr'><strong>eos</strong></span> <span class='ocrx_word' id='word_1_684' title='bbox 1489 3275 1558 3325; x_wconf 90' lang='lat' dir='ltr'><strong>qui</strong></span> <span class='ocrx_word' id='word_1_685' title='bbox 1578 3274 1839 3325; x_wconf 89' lang='lat' dir='ltr'><strong>profitentur,</strong></span> <span class='ocrx_word' id='word_1_686' title='bbox 1861 3286 1910 3313; x_wconf 91' lang='lat' dir='ltr'><strong>eo</strong></span> <span class='ocrx_word' id='word_1_687' title='bbox 1941 3273 2053 3325; x_wconf 92' lang='lat' dir='ltr'><strong>quod</strong></span> <span class='ocrx_word' id='word_1_688' title='bbox 2073 3273 2174 3311; x_wconf 89' lang='lat' dir='ltr'><strong>alias</strong></span> <span class='ocrx_word' id='word_1_689' title='bbox 2188 3271 2248 3319; x_wconf 64' lang='lat' dir='ltr'><strong>le-&gt;</strong></span> 
     </span>
     <span class='ocr_line' id='line_1_109' title="bbox 1213 3335 2016 3391; baseline -0.007 -12"><span class='ocrx_word' id='word_1_690' title='bbox 1213 3339 1356 3391; x_wconf 88' lang='lat' dir='ltr'><strong>gitime</strong></span> <span class='ocrx_word' id='word_1_691' title='bbox 1373 3337 1560 3389; x_wconf 90' lang='lat' dir='ltr'><strong>impediti</strong></span> <span class='ocrx_word' id='word_1_692' title='bbox 1577 3341 1687 3385; x_wconf 87' lang='lat' dir='ltr'><strong>sunt,</strong></span> <span class='ocrx_word' id='word_1_693' title='bbox 1708 3335 1811 3374; x_wconf 91' lang='lat' dir='ltr'><strong>nihil</strong></span> <span class='ocrx_word' id='word_1_694' title='bbox 1833 3338 2016 3386; x_wconf 87' lang='lat' dir='ltr'><strong>peccant.</strong></span> 
     </span>
    </p>

    <p class='ocr_par' dir='ltr' id='par_1_10' title="bbox 1212 3394 2254 3695">
     <span class='ocr_line' id='line_1_110' title="bbox 1269 3394 2249 3449; baseline -0.009 -9"><span class='ocrx_word' id='word_1_695' title='bbox 1269 3402 1335 3440; x_wconf 77' lang='lat'><strong>13.</strong></span> <span class='ocrx_word' id='word_1_696' title='bbox 1357 3399 1527 3441; x_wconf 88' lang='lat' dir='ltr'><strong>Notatio</strong></span> <span class='ocrx_word' id='word_1_697' title='bbox 1544 3399 1672 3438; x_wconf 87' lang='lat' dir='ltr'><strong>altera</strong></span> <span class='ocrx_word' id='word_1_698' title='bbox 1683 3399 1790 3438; x_wconf 85' lang='lat' dir='ltr'><strong>circa</strong></span> <span class='ocrx_word' id='word_1_699' title='bbox 1802 3401 1958 3449; x_wconf 83' lang='lat' dir='ltr'><strong>partem</strong></span> <span class='ocrx_word' id='word_1_700' title='bbox 1971 3394 2249 3435; x_wconf 84' lang='lat' dir='ltr'><strong>secundam.—</strong></span> 
     </span>
     <span class='ocr_line' id='line_1_111' title="bbox 1215 3454 2249 3509; baseline -0.007 -8"><span class='ocrx_word' id='word_1_701' title='bbox 1215 3462 1332 3502; x_wconf 84' lang='lat' dir='ltr'><strong>Circa</strong></span> <span class='ocrx_word' id='word_1_702' title='bbox 1362 3461 1536 3500; x_wconf 86' lang='lat' dir='ltr'><strong>alteram</strong></span> <span class='ocrx_word' id='word_1_703' title='bbox 1555 3471 1654 3498; x_wconf 90' lang='lat' dir='ltr'><strong>vero</strong></span> <span class='ocrx_word' id='word_1_704' title='bbox 1675 3463 1834 3509; x_wconf 89' lang='lat' dir='ltr'><strong>partem</strong></span> <span class='ocrx_word' id='word_1_705' title='bbox 1855 3458 1905 3495; x_wconf 92' lang='lat' dir='ltr'><strong>de</strong></span> <span class='ocrx_word' id='word_1_706' title='bbox 1926 3454 2249 3494; x_wconf 84' lang='lat' dir='ltr'><strong>commendatio-</strong></span> 
     </span>
     <span class='ocr_line' id='line_1_112' title="bbox 1215 3516 2249 3568; baseline -0.007 -6"><span class='ocrx_word' id='word_1_707' title='bbox 1215 3535 1269 3563; x_wconf 91' lang='lat' dir='ltr'><strong>ne</strong></span> <span class='ocrx_word' id='word_1_708' title='bbox 1292 3522 1524 3568; x_wconf 87' lang='lat' dir='ltr'><strong>ministerii,</strong></span> <span class='ocrx_word' id='word_1_709' title='bbox 1543 3520 1725 3559; x_wconf 85' lang='lat' dir='ltr'><strong>notanda</strong></span> <span class='ocrx_word' id='word_1_710' title='bbox 1746 3520 1870 3557; x_wconf 88' lang='lat' dir='ltr'><strong>etiam</strong></span> <span class='ocrx_word' id='word_1_711' title='bbox 1893 3520 1989 3554; x_wconf 87' lang='lat' dir='ltr'><strong>sunt</strong></span> <span class='ocrx_word' id='word_1_712' title='bbox 2019 3516 2141 3554; x_wconf 85' lang='lat' dir='ltr'><strong>citata</strong></span> <span class='ocrx_word' id='word_1_713' title='bbox 2178 3516 2249 3555; x_wconf 86' lang='lat' dir='ltr'><strong>de-</strong></span> 
     </span>
     <span class='ocr_line' id='line_1_113' title="bbox 1214 3575 2252 3631; baseline -0.007 -7"><span class='ocrx_word' id='word_1_714' title='bbox 1214 3587 1341 3630; x_wconf 82' lang='lat' dir='ltr'><strong>creta.</strong></span> <span class='ocrx_word' id='word_1_715' title='bbox 1358 3585 1374 3622; x_wconf 72' lang='lat' dir='ltr'><strong>t</strong></span> <span class='ocrx_word' id='word_1_716' title='bbox 1402 3586 1443 3621; x_wconf 88' lang='lat' dir='ltr'><strong>et.</strong></span> <span class='ocrx_word' id='word_1_717' title='bbox 1459 3585 1485 3622; x_wconf 81' lang='lat'><strong>2</strong></span> <span class='ocrx_word' id='word_1_718' title='bbox 1500 3579 1837 3631; x_wconf 86' lang='lat' dir='ltr'><strong>Congregationis</strong></span> <span class='ocrx_word' id='word_1_719' title='bbox 1850 3575 2055 3627; x_wconf 75' lang='lat' dir='ltr'><strong>generatis</strong></span> <span class='ocrx_word' id='word_1_720' title='bbox 2065 3587 2080 3626; x_wconf 81' lang='lat'>3</span> <span class='ocrx_word' id='word_1_721' title='bbox 2098 3577 2252 3617; x_wconf 86' lang='lat' dir='ltr'><strong>namin</strong></span> 
     </span>
     <span class='ocr_line' id='line_1_114' title="bbox 1212 3638 2254 3695; baseline -0.004 -12"><span class='ocrx_word' id='word_1_722' title='bbox 1212 3642 1355 3695; x_wconf 69' lang='lat' dir='ltr'><strong>priori,</strong></span> <span class='ocrx_word' id='word_1_723' title='bbox 1377 3643 1457 3682; x_wconf 83' lang='lat' dir='ltr'><strong>hoc</strong></span> <span class='ocrx_word' id='word_1_724' title='bbox 1491 3646 1578 3681; x_wconf 90' lang='lat' dir='ltr'><strong>tam</strong></span> <span class='ocrx_word' id='word_1_725' title='bbox 1613 3641 1729 3691; x_wconf 87' lang='lat' dir='ltr'><strong>pium</strong></span> <span class='ocrx_word' id='word_1_726' title='bbox 1749 3638 1991 3678; x_wconf 87' lang='lat' dir='ltr'><strong>exercitium</strong></span> <span class='ocrx_word' id='word_1_727' title='bbox 2026 3638 2254 3679; x_wconf 82' lang='lat' dir='ltr'><strong>admodum</strong></span> 
     </span>
    </p>
   </div>
  </div>
 </body>
</html>
