2352 3880
597 1 603 6 ’
776 0 803 24 s
841 10 866 19 m
910 0 1074 25 '·*¹!·a·⁹'³,-‘'
1091 0 1140 29 ’ωε
1158 0 1240 26 *w
1260 0 1268 12 ¹
1304 0 1325 4 “·

589 28 605 48 ίῖ
624 11 728 52 ''stsll'b
752 38 757 50 ·,
813 22 834 43 ⁴⁴
891 12 943 51 [δᾴ
970 27 995 44 '!·
1050 26 1058 44 ¹
1080 29 1100 49 ⁴?
1142 31 1163 59 t*

181 281 209 322 ⁵.
223 299 229 304 .
235 286 269 320 3¹
302 269 548 322 poenitentes
562 268 615 308 ad
632 267 834 309 Abbatem
848 267 1078 317 remittere,

246 328 402 382 aliqui
419 330 656 370 coincidunt
671 342 766 370 cum
783 329 995 369 nonnullis
1011 339 1076 369 ca-

145 386 382 434 reservatis
395 403 421 431 a
435 391 657 441 Clemente,
675 394 723 431 ut
737 390 796 430 illi
810 390 883 442 qui
895 391 949 430 ad
964 402 1076 442 apos-

119 442 177 503 ’,
219 451 448 504 pertinent3
475 451 548 493 alii
577 455 793 492 recurrunt
825 451 950 491 etiam
978 462 1076 491 cum.

76 506 183 582 ,’
198 543 212 562 ,
237 516 284 552 ut
299 515 471 564 furtum,
494 513 755 566 proprietas;
788 512 860 551 alii
879 524 973 552 cum
998 511 1076 552 mi-

112 571 397 616 restrictione
414 574 480 613 vel
497 573 768 625 explicatione
783 578 1009 625 ponuntur,
1028 577 1078 615 ut

146 666 150 670 «
179 649 223 684 e,
248 636 309 676 nel
325 637 498 687 recipere
517 636 677 676 litteras
693 636 779 675 sine
797 636 973 676 lieentia.
994 634 1078 676 Alii

104 697 304 750 proprii
323 697 433 736 illius
459 696 644 736 ordinis.
666 697 949 766 majoremque
967 697 1076 748 rigo-

104 603 120 665 ,4

102 757 362 806 continent,
378 762 423 796 ut
437 758 629 798 comedere
643 769 782 798 carnes
794 758 881 797 sine
894 757 1078 806 lieentia,

90 819 196 862 edi
223 819 360 860 cellam
388 817 560 859 alterius
585 818 783 872 reliyiosi,
806 820 901 859 dare
919 818 1080 871 aliquid

72 881 349 923 monasterio
373 892 557 934 personoe
582 881 756 921 seculari
781 882 867 921 sine
893 880 1073 929 lieentza‚

71 942 212 985 clare
230 945 383 983 secreta
397 942 624 995 reliqioni&
656 943 718 983 vel
735 941 981 989 monasterii,
1004 945 1077 983 aut

23 989 38 1033 ἵ
85 1003 214 1044 'afleti
233 1003 313 1052 sui,
333 1004 457 1044 alicui
477 1008 674 1045 extranee
685 1015 882 1056 personae,
904 1003 1077 1042 incitare

27 1119 30 1121 ,
53 1081 84 1100 1⁴·
118 1078 165 1105 m
185 1069 232 1106 ut
253 1066 324 1106 sub
336 1066 568 1117 juramento
595 1070 666 1107 aut
694 1068 781 1105 noto
811 1065 891 1104 sibi
919 1063 1081 1116 aliquid

46 1122 84 1167 ,f
99 1127 264 1176 mittat,
286 1131 365 1167 etc.
384 1127 496 1167 Nihil
518 1139 616 1178 ergo
635 1126 844 1176 singulare
862 1129 934 1164 aut
952 1124 1077 1164 nimis

22 1191 120 1233 sus-,u
149 1200 268 1228 osum
287 1188 332 1228 in
354 1189 548 1241 praedicta
571 1187 783 1227 Societatis
801 1186 1077 1226 reservatione

20 1232 80 1302 f'..
97 1268 103 1285 ·
119 1250 239 1290 ·ritur
254 1260 268 1300 ;
297 1250 382 1290 imo
414 1250 458 1289 in
490 1249 568 1289 hoc
596 1249 730 1288 lenior
762 1252 823 1288 est
848 1259 974 1300 quam
1005 1246 1078 1286 illa

22 1304 88 1362 ΤΗ,
105 1310 324 1359 Francisci,
347 1311 457 1363 quod
476 1310 589 1349 nulla
607 1309 653 1348 fit
669 1309 889 1349 reservatio
909 1309 1079 1348 Provin-

20 1395 22 1401 ·
52 1382 71 1407 μ’
86 1390 90 1405 =
118 1371 145 1421 “,
158 1373 229 1412 sed
242 1373 449 1425 Superiori
461 1371 606 1411 domus
618 1371 683 1411 vel
699 1371 876 1423 collegii,
888 1371 940 1410 ad
953 1382 1078 1422 quem

23 1431 252 1478 &facilior
271 1437 313 1473 et
331 1433 577 1473 familiarior
596 1436 730 1485 potest
754 1444 837 1471 esse
858 1443 1047 1471 recursus
1062 1462 1076 1481 ,

23 1490 80 1541 kt
92 1498 290 1546 praeterea
309 1494 486 1534 liberum
506 1498 647 1533 manet
664 1493 870 1544 religioso,
893 1499 941 1532 ut
958 1493 992 1532 si
1010 1504 1078 1531 ve-

22 1547 86 1598 Hst
102 1555 238 1606 potius
254 1556 306 1595 ad
327 1555 624 1595 Provincialem
642 1567 867 1603 recurrere,
887 1554 1013 1606 possit
1035 1553 1078 1593 id

20 1608 184 1665 facere,
203 1617 301 1668 quia
318 1621 502 1668 respectu
518 1617 686 1668 maj0ris
703 1616 869 1656 Praelati
888 1615 1003 1656 nulla
1018 1619 1079 1656 est

24 1679 280 1727 weservatio,
300 1683 346 1717 ut
365 1691 440 1730 per
458 1690 499 1717 se
515 1684 661 1718 notum
680 1683 757 1718 est.

92 1740 131 1778 7.
165 1738 352 1780 Secunda
371 1739 572 1780 calumnia
590 1740 635 1781 de
654 1739 894 1791 difficultate
910 1740 1079 1782 lieentia>

24 1799 91 1841 aad
122 1805 328 1842 reservata
360 1802 612 1853 expenditur.
634 1822 688 1831 -—
709 1802 874 1842 Dicetur
909 1802 1078 1842 fortasse

25 1860 96 1915 ‘Qut
113 1861 167 1900 ad
204 1862 427 1902 secundam
454 1861 706 1902 calumniam
722 1863 971 1914 veniamus),
989 1867 1077 1903 esto

22 1923 254 1964 tre-‚servatio
274 1923 318 1963 in
337 1936 381 1963 sc
408 1935 492 1962 non
511 1923 564 1962 sit
595 1924 740 1973 nimia,
763 1928 904 1964 tamen
935 1925 981 1964 in
999 1935 1077 1963 usu

21 1984 125 2037 caius
140 1996 225 2024 esse
245 1985 422 2025 nimium
438 1985 635 2037 rigorem,
657 1986 755 2038 quia
774 1986 970 2037 Superior
989 1997 1077 2025 om-

20 2045 136 2090 mino
149 2047 238 2086 vult
251 2052 418 2099 peccata
436 2047 544 2088 dicta
563 2047 643 2087 sibi
667 2047 868 2097 confiteri,
882 2047 1076 2087 difficilis-

21 2115 117 2163 §que
139 2112 201 2148 est
217 2108 262 2147 in
281 2108 417 2146 danda
435 2108 625 2150 facultate
640 2113 687 2148 ut
712 2122 786 2156 per
801 2110 928 2143 alium
943 2109 1075 2143 abs-01-

24 923 82 978 ’ἅ
48 780 79 911 ‘Rss
26 730 87 785 ξ’
27 669 124 722 ’ἦ
31 111 89 654 *fit-*⁴-J'ss'1‘wm-

20 2234 140 2274 ewet
148 2228 374 2276 tolerabile,
386 2228 430 2266 in
442 2227 610 2267 occultis
624 2226 750 2266 nimis
762 2238 981 2266 onerosum
994 2231 1071 2276 est,

20 2294 84 2333 ml:
98 2291 216 2331 docet
232 2290 272 2330 S.
298 2291 601 2338 Bonaventura,
622 2288 667 2327 in
681 2288 937 2339 expositione
953 2299 1075 2340 regu-

21 2348 102 2401 llae,
116 2365 153 2394 c.
175 2354 216 2400 7,
237 2351 310 2391 ubi
326 2351 515 2403 regulam
533 2351 700 2390 citatam
719 2349 888 2402 exponit
914 2349 964 2389 de
980 2361 1075 2401 pec-

19 2414 135 2465 neatis
154 2413 342 2466 publicis,
367 2413 462 2464 quia
491 2424 579 2464 quoe
602 2414 753 2452 secreta
786 2415 885 2453 sunt
909 2410 1074 2463 (inquit)

19 2482 114 2522 mon
129 2479 220 2515 sunt
248 2474 504 2527 publicanda,
520 2477 560 2511 et
587 2473 685 2523 quia
704 2472 914 2510 notorium
933 2483 1076 2523 pecca-

14 2536 127 2586 {um
162 2537 327 2587 gravius
362 2538 423 2573 est
447 2538 615 2586 propter
648 2532 903 2581 scandalum,
915 2536 956 2571 et
980 2532 1072 2571 ideo

12 2640 13 2644 ,
39 2591 204 2668 'gravius
231 2600 291 2637 est
314 2595 586 2648 puniendum.
608 2594 765 2634 Gerson
799 2594 924 2633 etiam
948 2605 1072 2645 supra

12 2658 120 2715 stit:
147 2659 344 2706 Confessio
371 2655 680 2697 sacramentalis
707 2665 787 2695 non
817 2655 923 2696 debet
942 2665 1072 2696 coare-

20 2721 122 2779 Ιῌη
132 2732 204 2772 per
223 2732 329 2761 reser
331 2720 508 2759 vationes
520 2729 698 2765 casuum,
708 2716 936 2768 praesertim
947 2715 1071 2760 oecul-

17 2773 185 2837 imni,
207 2782 277 2822 sed
302 2782 454 2820 dandus
478 2783 537 2821 est
555 2779 666 2820 loeus
687 2780 721 2820 ti
726 2778 827 2817 mori
844 2777 1066 2819 Altissimi.

16 2828 241 2892 lffiinfra·
268 2842 468 2892 Confessio
498 2840 807 2882 sacramentalis
838 2840 883 2880 de
897 2840 1071 2891 peccatis

19 2905 204 2975 uqeeultis
227 2916 322 2945 raro
338 2907 375 2944 et
393 2903 501 2945 cauti
503 2903 621 2943 ssime
632 2903 736 2943 debet
745 2901 901 2942 remitti
921 2903 975 2942 ad
986 2902 1069 2943 Su-

16 2967 213 3028 Jffiriores
237 2966 419 3006 habentes
428 2964 763 3016 ,iurisdietionem
791 2963 1006 3004 coereivam
1025 2963 1071 3003 in

118 3027 226 3074 licis,
247 3027 382 3080 quales
409 3029 505 3067 sunt
535 3024 703 3066 Abbates
722 3028 760 3064 et
793 3024 959 3065 Priores
978 3025 1072 3066 reli-

10 3092 19 3097 ’“
138 3101 218 3138 um,
235 3090 332 3141 quia
362 3087 482 3138 facile
498 3088 630 3128 oritur
650 3085 825 3138 suspicio
847 3087 957 3137 apud
988 3098 1073 3127 cor-

147 3161 168 3190 s
185 3149 348 3203 publice,
363 3149 458 3201 quia
468 3148 621 3190 occulta
635 3146 821 3198 confessio
832 3157 906 3199 per
917 3158 979 3188 eos
989 3150 1073 3200 fae-

153 3211 287 3251 datur.

15 3207 153 3331 ηδτ
163 3273 386 3314 Reservans
392 3274 523 3323 potest
537 3270 581 3311 in
595 3271 730 3322 riyore
743 3270 849 3311 nihil
858 3269 1070 3312 remittere.

48 3328 58 3372 ’.
116 3331 231 3372 Sed
220 3345 266 3372 m
281 3332 359 3372 hac
376 3344 438 3382 re,
458 3332 494 3372 si
520 3335 674 3372 attente
694 3332 951 3384 inspiciatur,
974 3329 1075 3382 quid

153 3393 246 3435 fieri
266 3394 392 3446 possit
415 3396 457 3434 et
491 3393 655 3443 debeat²
670 3397 713 3434 et
727 3405 822 3433 cum
847 3403 926 3431 usu
945 3391 1076 3431 Socie-

179 3455 425 3503 conferatur,
452 3454 665 3497 evidentae
685 3453 900 3502 constabit,
930 3452 976 3492 in
1000 3451 1079 3492 hoc

135 3524 176 3553 m
195 3515 303 3553 sacto
337 3515 519 3554 debitam
550 3514 874 3555 moderationem
909 3513 1076 3554 servari.

166 3572 265 3627 iure
277 3579 439 3617 certum
455 3580 534 3627 est,
546 3587 667 3629 posse
691 3576 954 3630 Superiorem
978 3573 1082 3616 obli-

151 175 163 193 ⁶
179 203 235 235 :-
262 171 275 187 ⁵
376 205 476 252 ως
487 204 530 239 v.
551 205 610 240 AN
627 200 1190 255 nassavsrrorrcmronun
1213 202 1310 244 011AE
1329 202 1372 238 m
1391 200 1620 239 sociam-ra
1639 203 1719 242 rrr.
1741 202 1835 239 mc.

21 2174 183 2212 tmntur
200 2180 214 2215 ς
233 2166 310 2206 hoc
327 2172 483 2214 autem,
503 2169 598 2205 licet
617 2170 663 2204 in
691 2165 871 2217 peccatis
897 2164 1074 2217 publicis
1091 2177 1094 2181 ’

2087 200 2175 244 943

1129 277 1228 318 gare
1243 267 1470 318 subditum,
1489 281 1564 321 per
1577 281 1620 310 se
1634 268 1854 322 loquendo,
1867 270 1916 308 ut
1923 270 2088 321 peccata
2106 280 2168 308 re-

1127 332 1302 377 servata,
1324 331 1587 381 quantumvis
1602 343 1675 383 per
1691 330 1881 371 accidens
1897 329 2072 380 occulta,
2084 329 2172 370 sibiv

1129 389 1398 439 confiteatur3
1420 402 1520 429 nam
1545 391 1614 430 hic
1639 398 1702 431 est
1730 391 1827 432 finis
1863 391 2166 442 reservationis,

1128 461 1202 502 per
1218 463 1262 490 se
1292 450 1514 503 loquendo,
1532 455 1574 491 et
1593 453 1792 504 quidquid
1813 454 2009 505 Superior
2024 453 2076 493 de
2092 451 2170 494 hoc

1128 511 1263 562 rigore
1280 511 1470 560 remittit,
1489 524 1540 552 ex
1551 511 1811 563 benignitate
1827 515 1942 563 facit,
1955 514 2021 554 vel
2032 526 2083 555 ex
2099 514 2171 554 dc-

1128 571 1215 611 bita
1228 572 1487 624 providentia
1498 585 1548 612 ex
1558 573 1763 613 accidenti
1775 575 1912 626 aliquo
1925 576 2169 626 necessaria,

1129 645 1214 672 non
1230 633 1328 684 quia
1343 634 1406 685 jus
1425 646 1511 673 non
1528 633 1680 672 habeat
1708 635 1953 686 persistendi
1971 638 2015 676 in
2033 649 2173 689 r1gore

1129 694 1431 734 reservationis.
1454 695 1571 734 Unde
1590 694 1776 734 Clemens
1789 697 1895 744 VIII,
1911 698 1984 749 qui
2004 699 2171 750 speciali

1130 755 1290 795 decreto
1310 757 1490 795 maxime
1504 756 1665 796 curavit
1679 756 1893 808 providere
1912 758 2092 799 libertati
2110 772 2171 801 re-

1128 817 1370 867 ligiosorum
1388 819 1434 857 in
1450 818 1770 858 confessionibus
1786 818 1996 867 faciendis,
2019 833 2112 860 cum
2126 822 2172 861 in

1129 878 1154 930 ἓ
1170 880 1194 918 3
1215 879 1400 930 ejusdem
1416 879 1569 918 decreti
1586 880 1840 931 praecepisset
1853 880 2036 919 Praelatis
2053 894 2175 932 regu-

1129 940 1300 990 laribus,
1321 953 1374 981 ne
1393 941 1574 981 subditos
1588 941 1640 981 ad
1657 941 1952 981 confessionem
1963 955 2099 982 secum
2113 944 2175 983 fa-

1132 1001 1321 1042 ciendam
1341 1007 1535 1053 cogerent
1554 1015 1626 1042 seu
1658 1002 1906 1054 obligarent,
1926 1004 2041 1043 addit
2065 1004 2174 1044 limi-

1131 1063 1356 1105 tationem:
1378 1064 1479 1106 Nisi
1506 1065 1663 1117 quando
1692 1068 1899 1116 peecatum
1934 1065 2095 1117 aliquod
2116 1079 2176 1108 re·

1132 1129 1334 1166 servatum
1355 1126 1594 1166 admiserint
1608 1142 1627 1173 ,·
1646 1138 1743 1178 ergo
1765 1137 1836 1176 pro
1852 1127 2067 1167 reservatis
2078 1127 2178 1168 licet

1131 1186 1197 1226 his
1214 1187 1396 1227 Praelatis
1424 1188 1699 1246 confessiones
1729 1188 1988 1228 subditorum
2016 1190 2173 1239 audire,

1133 1249 1294 1289 etiamsi
1313 1249 1390 1300 ipsi
1406 1261 1491 1288 non
1512 1261 1585 1288 sua
1598 1254 1759 1302 sponte,
1775 1255 1849 1289 aut
1864 1254 1980 1289 motu
1993 1252 2174 1303 proprio,

1135 1310 1202 1349 sed
1222 1310 1463 1349 necessitate
1481 1311 1786 1360 reservationis,
1806 1315 1849 1352 et
1866 1311 2082 1352 severitate
2099 1313 2178 1353 Su-

1134 1371 1306 1423 perioris
1322 1371 1537 1422 compulsi,
1558 1371 1601 1410 id
1619 1372 1788 1411 faciant.

1187 1435 1228 1474 9.
1244 1434 1484 1485 Exponitur
1501 1433 1678 1486 diploma
1699 1434 1914 1476 Clementis
1939 1436 2069 1489 quoad
2083 1447 2177 1488 pro-

1134 1496 1240 1535 aime
1251 1494 1512 1535 dieta—Sed
1526 1494 1620 1534 licet
1639 1494 1727 1534 haec
1745 1507 1818 1548 per
1837 1508 1879 1535 se
1891 1508 1989 1536 vera
1998 1498 2095 1547 sint,
2117 1497 2177 1537 ni-

1133 1557 1359 1595 hilominus
1387 1555 1440 1595 ad
1473 1556 1717 1596 charitatem
1742 1561 1783 1597 et
1810 1558 2072 1610 prudentiam
2103 1560 2176 1598 Su-

1133 1617 1305 1670 perioris
1336 1617 1559 1669 pertinebit
1593 1618 1639 1657 in
1671 1619 1988 1671 particularibus
2018 1621 2178 1660 casibus

1134 1679 1390 1719 considerare
1400 1679 1708 1731 dispositionem
1717 1685 1757 1720 et
1765 1681 2031 1732 fragilitatem
2043 1683 2176 1734 poeni-

1134 1741 1276 1789 tcntis‚
1296 1741 1435 1792 eisque
1456 1741 1795 1790 condescendere,
1806 1755 1858 1782 ne
1872 1744 1916 1783 in
1929 1745 2045 1796 pejus
2059 1749 2176 1794 ruat,

1133 1802 1184 1841 de
1202 1814 1283 1853 quo
1300 1814 1384 1841 non
1407 1807 1540 1854 potest
1567 1803 1647 1842 alia
1676 1805 1879 1854 generalis
1906 1806 2052 1855 regula
2077 1818 2177 1858 pra}-

1132 1863 1272 1911 scribi,
1291 1868 1442 1915 praeter
1456 1864 1684 1915 Superioris
1705 1866 1971 1916 prudentiam
1989 1872 2031 1906 et
2045 1867 2179 1906 chari-

1132 1927 1274 1974 tatem,
1292 1928 1340 1964 ut
1363 1925 1407 1964 in
1426 1925 1466 1964 d.
1498 1927 1524 1964 4
1545 1930 1663 1972 tom.,
1685 1926 1788 1978 disp.
1812 1929 1881 1974 30,
1904 1933 2001 1965 sect.
2027 1930 2054 1965 4
2073 1933 2114 1966 et
2132 1930 2174 1975 5,

1131 1985 1255 2025 latius
1271 1985 1491 2034 declaravi,
1511 1989 1553 2025 et
1567 1997 1705 2036 supra,
1719 1989 1837 2025 tract.
1860 1987 1901 2034 8,
1922 1988 2055 2038 tetigi,
2072 1992 2177 2028 trac-

1131 2047 1256 2087 tando
1278 2047 1328 2080 de
1342 2046 1542 2093 potestate
1557 2042 1798 2083 absolvendi
1819 2046 2091 2088 Praelatorum
2111 2062 2176 2089 re-

1130 2103 1339 2156 gularium
1354 2114 1367 2154 3
1398 2103 1467 2142 ubi
1489 2104 1613 2143 etiam
1638 2106 1814 2157 expendi
1850 2120 2005 2147 novum
2039 2111 2173 2150 decre-

1128 2169 1219 2204 tum
1233 2165 1273 2204 S.
1297 2165 1343 2203 D.
1359 2165 1393 2204 N
1398 2195 1426 2213 .,
1445 2164 1517 2204 ubi
1537 2166 1583 2204 in
1605 2166 1629 2218 ξ
1649 2167 1675 2206 4
1699 2169 1900 2220 praecipit,
1914 2174 1961 2208 ut
1980 2171 2172 2222 Superio-

1129 2238 1193 2266 res
1208 2226 1309 2265 duos
1326 2226 1392 2265 vel
1410 2231 1492 2266 tres
1509 2228 1617 2266 viros
1634 2228 1772 2268 doctos
1794 2234 1835 2268 et
1851 2231 1938 2281 pios
1958 2231 2170 2283 deputent,

1130 2289 1200 2340 qui
1236 2288 1463 2328 ordinarIas
1483 2289 1755 2330 confessiones
1783 2291 2071 2344 religiosorum
2096 2308 2171 2334 au-

1130 2349 1260 2389 diant.
1283 2350 1334 2389 Et
1361 2349 1525 2389 subdit:
1559 2351 1710 2398 Quibus
1735 2353 1860 2394 etiam
1879 2360 2170 2397 reservatae-um

1129 2412 1324 2452 absolutio
1344 2413 1634 2462 committatur,
1643 2414 1800 2465 quando
1813 2426 1932 2456 casus
1953 2420 2168 2459 occurrerit

1128 2475 1175 2515 in
1189 2486 1263 2527 quo
1282 2485 1366 2514 eane
1383 2474 1515 2514 debere
1528 2476 1736 2524 committi,
1759 2478 1843 2528 ipse
1858 2478 2062 2530 imprimis
2078 2493 2167 2520 eon-

1127 2536 1325 2587 sessarius
1344 2535 1603 2579 iudicaverit.
1620 2536 1680 2574 Ex
1699 2538 1848 2587 quibus
1867 2539 2002 2578 verbis
2028 2543 2165 2581 notavi

1124 2596 1244 2648 juxta
1261 2600 1444 2635 mentem
1465 2595 1669 2635 Pontificis
1688 2608 1774 2637 non
1806 2598 1954 2638 debere
1975 2601 2163 2652 Superio-

1126 2668 1216 2696 rem
1229 2657 1334 2695 hanc
1351 2657 1586 2696 facultatem
1603 2657 1744 2707 facile,
1772 2664 1812 2699 et
1830 2660 1879 2698 ad
1904 2665 2053 2700 nutum
2072 2676 2163 2703 con-

1126 2718 1286 2759 fessoris
1295 2718 1530 2767 concedere,
1547 2718 1617 2758 sed
1634 2731 1787 2770 magno
1804 2721 1961 2772 judicio
1976 2727 2016 2762 et
2035 2725 2166 2764 consi-

1127 2779 1352 2828 deratione,
1369 2784 1410 2819 et
1428 2779 1593 2831 quando
1603 2782 1820 2820 necessitas
1832 2783 2087 2834 poenitentiS,
2102 2787 2166 2826 vel

1127 2841 1259 2892 major
1286 2840 1442 2879 utilitas
1476 2841 1592 2881 illam
1612 2842 1896 2894 postulaverit.
1917 2846 1966 2884 Et
1986 2847 2093 2886 hanc
2114 2849 2166 2888 ob

1127 2913 1291 2942 causam
1313 2901 1401 2940 vult
1435 2902 1615 2942 multum
1640 2903 1804 2952 deferri,
1827 2905 1872 2945 in
1900 2906 1992 2955 hoc,
2011 2909 2166 2958 judicio

1127 2963 1379 3010 confessoris,
1395 2963 1492 3014 quia
1510 2964 1597 3014 ipse
1614 2969 1748 3016 potest
1766 2967 1896 3017 magis
1909 2975 2163 3020 perspectam

1126 3025 1278 3064 habere
1311 3024 1599 3064 conscientiam
1619 3029 1660 3065 et
1694 3027 2001 3078 dispositionem
2036 3033 2165 3082 poeni-

1127 3086 1265 3125 tentis.
1287 3085 1339 3124 Et
1361 3084 1634 3125 nihilominus
1659 3098 1744 3126 non
1773 3090 1884 3138 cogit
1903 3090 2162 3143 Superiorem

1129 3152 1176 3187 ut
1194 3150 1239 3191 sa,
1259 3147 1332 3185 ‘im
1362 3151 1503 3198 pareat
1536 3147 1692 3198 judicio
1723 3151 1975 3200 confessoris,
1995 3157 2040 3192 ut
2072 3154 2141 3205 pla
2158 3176 2163 3182 -

1126 3220 1180 3248 ne
1198 3208 1266 3253 im*
1279 3207 1352 3247 'cat
1371 3207 1441 3246 illa
1459 3208 1661 3259 particula
1680 3210 1897 3261 imprimis,
1919 3225 2012 3264 quae
2037 3215 2163 3265 sigui-

1126 3268 1522 3308 ficatconsulendum
1532 3279 1616 3308 esse
1634 3269 1872 3310 confessoris
1886 3272 2100 3323 judicium,
2123 3278 2163 3312 et

1129 3343 1323 3383 magnam
1338 3330 1404 3370 vel
1416 3331 1642 3371 maximam
1654 3332 1767 3372 illius
1795 3335 1995 3374 rationem
2013 3336 2164 3373 hahen-

1131 3393 1228 3432 dam
1263 3404 1365 3440 esse,
1383 3404 1469 3432 non
1492 3396 1634 3432 tamen
1653 3406 1739 3434 esse
1768 3394 1950 3434 futuram
1969 3396 2169 3434 infallibi-

1131 3453 1215 3494 lem
1229 3464 1276 3492 ac
1294 3453 1563 3493 necessariam
1583 3454 1787 3505 regulam.
1809 3456 1923 3503 Quod
1948 3455 2004 3494 ad
2019 3455 2165 3496 tollen,

1133 3513 1206 3554 dos
1226 3513 1435 3566 scrupulos
1453 3525 1527 3566 pro
1546 3513 1745 3554 Societate
1771 3519 1909 3553 nostra
1927 3515 1984 3553 ita
2014 3515 2168 3558 fuitah

1134 3574 1279 3615 eodem
1306 3573 1503 3617 Pontifice
1534 3574 1800 3623 declaratum,
1822 3573 1886 3615 vel
1911 3586 2161 3630 cencessum,
