2352 3880
292 190 334 247 γ’
333 162 520 253 ζὴ»
537 184 624 231 vin.
645 173 712 231 ne
722 193 865 231 vorum
872 167 976 230 noi«
976 153 1243 242 menni
1261 194 1547 231 nriscormni
1566 185 1741 237 Assone,
1757 192 1853 231 m.

168 258 183 281 ”
262 254 287 261 ”
305 282 311 286 ·
359 261 483 309 Petro
498 263 651 304 volenti
671 273 717 303 se
738 263 1112 314 Episcopumoeea-
1146 291 1148 294 >

31 318 34 319 ⁷
58 310 60 315 ’
91 274 146 378 .Ῐὲ
160 306 298 370 donee
311 324 368 364 ab
382 326 437 364 eo
454 323 638 364 audivit:
663 321 717 365 Si
731 323 953 375 paricidam
963 310 1115 374 paebacz·

15 422 18 426 ,
167 417 170 420 .
233 387 432 438 suscipere
445 382 609 438 ναίειγὲυ
619 384 817 426 Ecclesia
828 383 1109 436 yubomaoula,

29 482 34 498 ,
109 438 133 456 ⁴
156 439 212 490 'u
228 452 307 488 esto
327 449 432 499 quood
446 447 638 497 ampliu?
648 456 815 497 peccas,
841 446 910 499 qui
924 445 1116 498 populum

15 510 34 523 ‘¹'
71 501 172 566 1²34,
189 510 297 550 velut
316 510 360 550 in
379 509 572 560 fluctibns
585 509 761 559 positum
779 511 815 547 et
829 508 1110 560 periclitatum,

23 573 32 610 Γ
107 565 118 569 ”
147 589 150 595 ‚
180 571 329 622 juvare
341 572 496 621 possis,
492 569 776 620 subtersuyis,
797 570 859 608 tui
877 573 1112 610 tantumm-

120 633 292 673 habens
307 631 674 677 considerationem
690 634 727 670 et
745 641 823 669 non
836 633 937 683 quod
950 631 997 671 in
1009 641 1112 671 com-

69 700 193 738 sune
211 693 388 731 omnibus
408 692 579 743 expedit,
597 691 824 741 providens.

72 754 196 814 ρῳ.
226 751 426 802 Exempla
446 763 578 792 eorum
598 753 667 804 qui
687 764 765 792 non
782 755 944 802 frustra
960 753 1113 794 restite·

17 815 28 819 “
42 774 190 881 W.
215 835 273 845 —
297 815 453 862 Quibus
485 814 608 853 etiam
640 815 735 853 addi
772 819 947 865 possunt
966 827 1114 855 eorum

19 874 26 879 ⁴
66 876 384 929 ωωρ13,ῳ]ἰ
406 888 491 915 non
516 876 649 915 solum
670 876 822 915 affeetu
843 877 978 916 conati
1001 879 1110 924 sunt,

22 952 25 955 ·
63 937 149 979 sed
185 938 312 977 etiam
346 938 496 976 effectu
533 938 806 977 obtinuerunt
838 950 892 977 ne
925 937 1115 1006 Episcopi

57 999 238 1047 sterent,
260 999 449 1050 quamvis
472 1011 496 1038 a
519 999 701 1039 Summis
723 999 1019 1038 Pontificibus
1007 999 1114 1038 mvi-

73 1063 273 1100 tarentnr.
305 1060 422 1106 Quod
442 1061 493 1099 de
514 1061 556 1100 S.
579 1061 808 1110 Bernardo,
827 1062 869 1100 S.
891 1061 1038 1100 Thom.
1061 1059 1115 1100 de

68 1121 237 1172 Aquino
253 1153 262 1170 ‚
286 1127 325 1161 et
346 1122 453 1168 aliis,
478 1126 630 1160 nostrae
652 1122 777 1160 etiam
807 1121 1021 1172 religionis
1041 1121 1113 1160 ho-

0 1183 2 1217 ?
74 1183 270 1231 minibus,
291 1183 547 1222 celebratum
564 1186 641 1229 est,
661 1183 827 1233 legique
849 1186 985 1233 potest
1003 1183 1113 1232 apud

60 1243 374 1295 Hieronymum
408 1244 591 1292 Platum,
613 1243 706 1282 libr.
732 1246 749 1282 1
784 1244 835 1284 de
856 1244 972 1283 Bono
1004 1246 1114 1283 statu

72 1306 218 1356 relig..
250 1319 340 1356 cap.
372 1307 587 1357 trigesimo
621 1309 782 1346 octavo.
822 1306 899 1345 Alii
933 1306 1112 1355 denique

72 1369 203 1408 semel
234 1369 447 1408 obtentam
478 1369 720 1420 dignitatem
754 1373 897 1420 postea
922 1369 1114 1419 repudia—

71 1434 181 1471 runt.
206 1431 454 1485 Coelestinus
485 1431 518 1468 V
552 1430 812 1470 Pontificatui
844 1431 1111 1480 renuntiavit,

72 1496 118 1531 ut
147 1492 352 1542 colligitur
383 1504 434 1531 ex
458 1503 550 1542 cap.
583 1493 624 1541 1,
646 1492 696 1530 de
728 1492 984 1540 Renuntiat„
1008 1492 1050 1530 in
1071 1494 1110 1533 6.

67 1553 219 1595 {Petrus
239 1553 466 1592 Damianus
486 1552 793 1591 cardinalatum
824 1557 864 1592 et
891 1553 1113 1604 Episcopa-

71 1617 162 1654 tum
181 1615 370 1664 reliquit,
392 1626 634 1665 quanquam
656 1614 710 1652 ob
737 1626 829 1652 eam
858 1625 947 1652 rem
979 1613 1113 1665 gravis

69 1676 318 1727 poenitentia
355 1675 392 1714 ei
419 1675 542 1714 fuerit
569 1688 593 1713 a
620 1675 790 1714 Summo
813 1675 1009 1714 Pontitice
1034 1676 1114 1714 im-

70 1737 221 1788 posita,
254 1749 378 1788 quam
413 1737 504 1788 ipse
534 1738 785 1787 acceptavit,
806 1741 948 1776 tamen
981 1738 1021 1775 in
1041 1738 1114 1776 de-

71 1799 304 1837 fensionem
338 1798 433 1837 facti
466 1799 527 1838 sui
564 1798 863 1849 apologeticam
898 1799 1114 1848 epistolam

69 1859 127 1899 ad
159 1860 400 1909 Gregorium
434 1861 503 1899 VII
535 1861 712 1910 scripsit,
739 1872 830 1910 quae
861 1861 1041 1901 habetur
1070 1861 1113 1899 in

70 1919 325 1962 Bibliotheca
345 1921 608 1969 Sanctorum,
624 1925 724 1959 tom.
745 1923 783 1960 3.

124 1984 191 2021 14.
222 1981 386 2023 Accedit
405 1983 560 2021 tandem
579 1985 702 2022 ratio.
722 2003 775 2012 —
792 1982 945 2023 Ultimo
964 1983 1112 2034 proba-

68 2045 139 2084 tur
163 2044 323 2082 ratione
346 2043 519 2082 assertio
536 2044 685 2094 posita.
706 2044 807 2090 Quia
831 2045 926 2084 licet
947 2046 1112 2096 Episco-

65 2109 195 2158 patus
219 2106 270 2144 sit
298 2109 430 2144 status
453 2105 791 2156 perfectissimus,
824 2107 1021 2158 supponit
1052 2111 1114 2145 ta-

65 2178 183 2213 men,
216 2179 301 2205 non
328 2166 487 2205 confert
518 2167 833 2218 perfectionem,
866 2180 942 2219 per
973 2180 1018 2207 se
1055 2168 1112 2207 lo-

68 2227 255 2280 quendo,
287 2240 382 2268 cum
403 2233 542 2267 tamen
561 2229 675 2267 illam
695 2230 880 2280 requirat
911 2242 965 2269 ne
996 2229 1112 2268 illum

68 2291 281 2342 accipiens
308 2303 352 2330 se
385 2289 526 2329 multis
560 2292 754 2342 pen'culis
787 2296 988 2343 exponat;
1012 2303 1110 2342 ergo

71 2352 282 2405 loquendo
309 2364 364 2391 ex
396 2352 574 2403 objecto,
604 2353 804 2404 quamdiu
825 2354 948 2392 homo
978 2351 1111 2404 po'test

71 2413 161 2458 sine
194 2418 364 2465 peccato
397 2414 692 2465 Episcopatum
724 2427 934 2463 recusare,
964 2415 1112 2453 melius

66 2474 194 2515 faciet
216 2475 333 2513 illum
352 2475 584 2514 recusando
601 2488 727 2526 quam
747 2476 1018 2527 acceptando,
1035 2477 1111 2515 sal-

72 2540 157 2576 tzm
197 2535 432 2583 moraliter,
469 2539 510 2575 et
541 2540 587 2574 ut
619 2537 842 2587 plurimum
876 2537 1108 2586 loquendo;

71 2608 173 2649 ergo
202 2601 346 2636 votum
375 2609 461 2635 non
490 2599 732 2649 acceptandi
760 2600 803 2637 in
832 2599 902 2638 tali
932 2611 1030 2637 casu
1055 2610 1112 2638 ex

71 2670 149 2698 suo
182 2670 336 2709 genere
370 2659 574 2709 optimum
605 2664 688 2706 est;
723 2661 1020 2711 consequentia
1051 2664 1113 2699 est

70 2720 198 2766 clara,
221 2720 319 2771 quia
338 2724 482 2759 votum
508 2721 559 2760 de
580 2722 739 2760 meliori
761 2723 872 2761 bono
903 2722 1111 2762 laudabile

70 2785 149 2824 est.
167 2782 428 2821 Antecedens
446 2787 576 2833 patet,
595 2784 692 2834 quia
713 2795 797 2822 non
817 2788 1049 2835 acceptare,
1068 2784 1110 2823 in

67 2842 216 2882 ordine
246 2843 300 2882 ad
319 2845 530 2895 propriam
563 2845 738 2884 salutem
759 2849 821 2885 est
843 2847 1050 2895 securius,
1071 2850 1111 2886 et

69 2905 211 2956 quoad
231 2906 442 2956 propriam
473 2907 787 2946 aestimationem
819 2908 1014 2959 suiipsius
1049 2912 1112 2948 est

74 2965 285 3014 hmnssius,
302 2971 342 3006 et
362 2980 386 3006 a.
411 2969 577 3019 propria
590 2969 912 3021 praesumptione
929 2971 1110 3009 maxime

51 3047 53 3052 .
73 3027 257 3074 distans;
276 3041 376 3080 ergo
394 3041 444 3068 ex
463 3030 526 3068 his
546 3031 749 3081 capitibus
770 3032 845 3069 hoc
865 3031 1014 3070 melius
1032 3035 1108 3079 est,

38 3119 39 3122 ,
62 3089 290 3140 'magisque
313 3095 639 3130 consentaneum
658 3091 916 3143 perfectioni.
933 3093 1110 3132 Aliunde

28 3201 29 3210 ἵ
73 3160 173 3189 vero
195 3151 446 3191 sufficienter
464 3153 661 3205 prospicit
691 3154 783 3203 quis
814 3153 978 3192 utilitati
1009 3153 1110 3193 alio-

32 3230 34 3234 ·
46 3221 200 3259 ,Ji-um
237 3211 272 3250 si
307 3217 478 3262 paratus
516 3219 577 3255 est
614 3215 716 3254 illud
753 3226 858 3254 onus
893 3214 1108 3266 accipere,

27 3290 53 3339 ὲ
75 3271 246 3322 quando
264 3273 331 3311 vel
351 3274 544 3324 charitas,
562 3277 629 3316 vel
649 3277 884 3316 ohedientia
903 3276 1111 3328 obligave-

31 3334 54 3367 ἰ
74 3330 152 3378 εἰη
173 3343 291 3383 ergo.
310 3333 363 3372 Ut
379 3338 518 3374 autem
537 3336 622 3375 vim
650 3338 774 3388 hujus
796 3336 966 3375 rationis
987 3348 1111 3388 expo-

51 3397 244 3440 mutnus,
275 3394 488 3435 declarare
519 3401 679 3448 oportet
711 3398 963 3437 sufficienter
983 3402 1112 3438 mate-

207 3454 333 3505 hujus
363 3455 462 3503 voti,
495 3458 634 3507 quoad
663 3458 778 3498 illam
806 3459 1108 3510 exceptionem,

148 3514 158 3523 '
175 3526 226 3556 σω
255 3516 471 3558 obediontia
490 3518 603 3569 ejus,
624 3518 692 3570 qui
707 3522 926 3571 praecipere
952 3519 1111 3573 pontt,-

227 3577 340 3619 onim
359 3578 446 3618 sola
465 3582 550 3619 tota
572 3579 791 3620 difficultas
808 3584 1012 3624 versatur.

1218 259 1297 303 151·
1328 263 1423 304 Hoc
1465 263 1688 304 societatis
1734 265 1889 311 votnm
1912 240 2213 332 metendi?

1166 321 1284 364 etiam
1301 328 1542 375 precaeptum
1569 325 1802 373 charitatis,
1824 328 1904 364 etc.
1922 344 1976 354 —
1989 323 2069 363 Et·
2054 335 2206 375 ampu-

1165 385 1246 424 mis
1271 387 1429 424 cenum
1457 389 1523 423 est
1541 385 1596 424 ihi
1615 397 1699 424 non
1719 385 1855 426 solum
1887 385 2020 436 excipi
2048 396 2204 437 μεω-
2243 422 2247 426 .
2302 424 2305 427 ᾗ

1165 450 1282 498 ptum
1303 445 1524 496 positivum
1544 445 1801 494 humanum;
1828 459 1943 494 nain,
1969 446 2065 485 licet
2092 446 2203 498 Papa

1166 519 1251 546 non
1271 505 1512 556 praeciperet
1529 505 1608 544 sub
1626 506 1774 545 virtute
1791 507 2054 553 obedientiae,
2067 507 2104 546 si
2122 507 2204 547 alia

1165 567 1233 607 via
1251 571 1364 606 certo
1390 571 1600 606 constaret
1623 567 1780 617 judicio
1810 569 2079 619 prudentum,
2100 579 2206 620 proe-

1165 632 1333 680 ceptum
1354 628 1565 666 charitatis
1592 627 1780 679 obligare
1810 629 1866 668 ad
1892 630 2204 680 suscipiendum

1164 689 1269 730 illud
1305 702 1412 729 onus
1442 690 1484 728 in
1514 689 1672 739 honum
1703 690 2003 740 proximorum,
2035 695 2206 742 propter

1166 751 1349 802 aliquam
1387 755 1608 801 urgentem.
1646 750 1841 789 Ecclesiae
1882 752 2202 802 necessitatem,

1166 824 1251 853 non
1269 817 1333 853 est
1352 813 1524 852 dubium
1545 813 1646 863 quin
1677 824 1798 851 casus
1817 811 1886 850 ille
1910 823 1996 850 non
2014 825 2205 864 compre-

1166 875 1374 914 hendatur
1392 874 1469 912 sub
1490 874 1568 912 hoc
1587 877 1696 922 voto,
1726 885 1806 912 nec
1821 885 1868 912 re
1886 873 1996 923 ipsa3
2017 874 2112 923 quia
2133 885 2204 914 vo-

1160 939 1255 976 ‘tum
1285 948 1368 974 non
1392 940 1531 987 potest
1560 936 1745 986 obligare
1768 939 1916 974 contra
1945 935 2203 986 charitatem,

1166 1009 1245 1037 nec
1265 1010 1315 1037 ex
1336 999 1563 1037 intentione
1583 998 1784 1037 voventis.
1803 998 1907 1037 Nam
1927 997 2115 1037 absolute
2135 1009 2207 1037 ex-

1167 1059 1316 1110 cipitur
1344 1059 1578 1098 obedientia
1605 1059 1695 1110 ejus
1722 1060 1791 1110 qui
1813 1059 2038 1110 praecipere
2071 1063 2208 1110 poteret

1162 1121 1246 1160 sub
1267 1132 1388 1171 poena
1405 1121 1581 1172 peccati;
1596 1125 1695 1160 tunc
1715 1125 1856 1160 autem
1875 1120 2092 1159 intercedit
2111 1120 2207 1160 obe-

1167 1182 1324 1221 dientia
1354 1181 1442 1228 Dei,
1465 1184 1534 1233 qui
1568 1183 1646 1220 sub
1675 1187 1794 1221 reatu
1826 1181 1957 1232 culpa²
1980 1183 2207 1233 praecipere

1167 1247 1326 1295 potest;
1359 1255 1459 1295 ergo
1481 1256 1603 1283 casus
1634 1244 1701 1282 ille
1724 1244 1801 1282 sub
1833 1244 1942 1282 dicta
1964 1244 2208 1295 exceptione

1168 1305 1551 1357 comprehenditur.
1574 1306 1623 1345 Et
1647 1317 1670 1344 a
1699 1305 1856 1343 fortiori
1878 1305 2208 1354 comprehende-

1167 1372 1235 1406 tur
1254 1367 1427 1418 quilibet
1441 1380 1578 1411 casus,
1595 1368 1634 1405 in
1651 1379 1733 1417 quo
1751 1366 2008 1416 contingeret
2026 1367 2208 1404 divinam

1166 1430 1424 1469 voluntatem
1446 1429 1617 1480 speciali
1638 1430 1757 1479 signo
1786 1431 1828 1467 et
1846 1428 2046 1467 miraculo
2075 1429 2208 1467 mani-

1166 1491 1325 1537 festari,
1345 1495 1390 1530 ut
1408 1504 1501 1530 cum
1524 1491 1703 1542 antiquis
1722 1491 1880 1530 Sanctis
1897 1490 2105 1529 interdum
2125 1489 2209 1529 fac-

1167 1557 1256 1592 tum
1288 1557 1365 1599 est,
1393 1565 1490 1591 nam
1529 1553 1630 1591 illud
1657 1553 1739 1591 vim
1760 1553 1985 1603 quamdam
2015 1552 2208 1602 specialis

1168 1614 1366 1665 praecepti
1404 1614 1531 1653 divini
1570 1614 1726 1654 habere
1763 1614 1940 1653 videtur.
1978 1613 2138 1652 Deinde
2174 1613 2210 1653 si

1168 1676 1394 1715 necessitas
1414 1676 1607 1714 Ecclesiae
1637 1681 1707 1714 aut
1730 1676 2014 1726 proximorum
2044 1686 2128 1713 non
2160 1674 2211 1714 sit

1168 1741 1299 1787 tanta,
1321 1742 1365 1777 ut
1383 1738 1563 1777 charitas
1581 1739 1669 1789 ipsa
1691 1750 1764 1788 per
1781 1751 1823 1777 se
1843 1739 1998 1788 obliget
2017 1737 2094 1776 sub
2113 1749 2211 1789 pec-

1170 1803 1261 1838 cato
1299 1805 1514 1850 acceptare
1551 1800 1872 1850 Episcopatum‚
1914 1799 2014 1838 satis
2047 1799 2211 1838 videtur

1169 1862 1418 1911 cuicumque
1449 1860 1566 1899 alteri
1588 1861 1822 1899 necessitati
1841 1860 1906 1898 vel
1928 1860 2091 1899 utilitati
2111 1871 2210 1910 pro-

1166 1924 1375 1963 ximorum
1421 1922 1642 1960 subvenire
1666 1951 1676 1969 ‚
1720 1921 1952 1960 obediendo
1997 1922 2210 1972 Superiori

1166 1983 1423 2035 praecipienti
1456 1985 1673 2033 acceptare
1711 1983 2027 2033 Episcopatum;
2060 1986 2102 2021 at
2132 1983 2211 2022 hoc

1166 2045 1292 2083 modo
1327 2044 1461 2095 magis
1491 2044 1672 2083 vitantur
1705 2044 1843 2082 omnia
1875 2043 2142 2082 incommoda
2172 2048 2212 2084 et

1166 2106 1374 2157 pericula;
1410 2117 1510 2157 ergo
1543 2105 1796 2144 sufficienter
1825 2104 1870 2143 fit
1902 2105 1970 2143 illa
2003 2105 2207 2155 exceptio.

1165 2169 1298 2218 Major
1329 2169 1456 2218 patet,
1486 2167 1583 2217 quia
1615 2166 1749 2217 magis
1776 2166 1956 2216 pertinet
1985 2165 2038 2205 ad
2066 2178 2210 2206 curam

1167 2228 1402 2279 Superioris
1431 2240 1530 2266 cura
1551 2227 1650 2266 honi
1671 2228 1918 2275 communis,
1951 2239 2076 2278 quam
2105 2228 2210 2268 infe-

1166 2290 1309 2338 rioris3
1330 2290 1430 2328 item
1449 2289 1582 2340 magis
1599 2291 1698 2327 nota
1716 2292 1852 2340 potest
1869 2289 1926 2327 illi
1945 2301 2036 2328 esse
2056 2290 2211 2331 utilitas

1167 2352 1416 2395 communis,
1439 2355 1477 2390 et
1498 2350 1725 2389 necessitas
1743 2351 1837 2389 talis
1863 2362 2053 2401 personae
2080 2352 2123 2389 in
2142 2363 2210 2391 or-

1167 2413 1265 2452 dine
1287 2413 1340 2452 ad
1365 2413 1501 2460 illam3
1518 2411 1675 2450 facilius
1694 2410 1891 2462 denique,
1909 2416 1950 2451 et
1970 2411 2058 2450 sine
2076 2413 2209 2464 suspi-

1165 2476 1287 2518 cione
1315 2476 1381 2514 vel
1406 2475 1592 2526 periculo
1618 2474 1843 2513 inordinati
1873 2473 2046 2513 affectus
2071 2478 2210 2526 potest

1164 2537 1278 2576 idem
1298 2537 1493 2588 Superior
1512 2537 1557 2574 in
1587 2535 1657 2574 tali
1688 2547 1814 2574 causa
1839 2535 2043 2586 judicium
2072 2533 2207 2588 ferre5

1166 2610 1267 2647 ergo
1288 2610 1364 2650 per
1393 2601 1658 2648 potestatem,
1688 2607 1812 2647 quam
1835 2597 1924 2647 ipse
1952 2597 2076 2635 hahet
2106 2609 2209 2649 prae-

1166 2660 1345 2711 cipiendi
1376 2659 1492 2698 alteri
1512 2662 1557 2698 ut
1576 2661 1764 2709 acceptet
1790 2658 2098 2709 Episcopatum,
2123 2659 2208 2698 suf-

1165 2722 1356 2762 ficienter
1394 2721 1638 2760 subvenitur
1671 2720 1881 2760 communi
1917 2721 2040 2761 bono.
2073 2720 2209 2762 Minor

1166 2784 1415 2829 declaratur,
1449 2783 1545 2833 quia
1573 2782 1672 2821 dum
1699 2794 1784 2820 non
1812 2781 2036 2822 intervenit
2055 2794 2208 2834 praece-

1165 2850 1282 2897 ptum
1304 2845 1489 2884 divinum
1510 2844 1573 2882 vel
1594 2844 1840 2891 humanum,
1860 2844 1985 2883 homo
2012 2843 2205 2896 simplici-

1164 2910 1229 2946 ter
1246 2910 1388 2945 manet
1404 2906 1508 2945 liber
1526 2905 1578 2944 ad
1598 2905 1898 2957 acceptandum
1917 2906 1983 2945 vel
2003 2917 2206 2958 respuen-

1165 2968 1266 3007 dum
1284 2980 1389 3007 onus
1412 2968 1683 3018 Episcopatus
1692 2977 1705 3018 ;
1727 2971 1767 3006 et
1792 2965 1887 3006 ideo
1906 2966 1941 3006 si
1960 2966 2063 3006 illud
2087 2976 2205 3008 acce-

1164 3034 1272 3082 ptet,
1302 3042 1468 3081 semper
1489 3029 1652 3068 videtur
1681 3029 1850 3080 propria
1881 3029 2109 3077 voluntate,
2139 3029 2204 3069 vel

1163 3090 1369 3130 honorem
1390 3091 1594 3142 accipere,
1613 3090 1679 3130 vel
1699 3090 1894 3142 periculis
1911 3103 1956 3131 se
1979 3101 2202 3142 exponere,

1166 3165 1257 3205 quae
1275 3153 1318 3191 in
1339 3153 1589 3203 Episcopatu
1606 3152 1787 3190 maxima
1809 3156 1919 3201 sunt,
1939 3156 1985 3191 ut
2011 3151 2202 3204 Augusti-

1164 3226 1245 3255 nus
1264 3214 1381 3263 dixit,
1403 3214 1523 3265 epist.
1543 3214 1768 3253 centesima
1798 3213 2120 3266 quadragesima
2141 3223 2203 3252 oc-

1164 3279 1274 3324 tava,
1304 3279 1344 3314 et
1362 3275 1600 3326 Gregorius,
1634 3276 1654 3315 1
1689 3286 1727 3328 p.
1763 3274 1998 3322 pastoralis,
2033 3286 2121 3325 cap.
2153 3273 2204 3320 8,

1166 3342 1208 3378 et
1223 3337 1557 3389 chrysostomus,
1576 3336 1692 3376 hom.
1720 3336 1936 3387 trigesima
1959 3336 2102 3387 quinta
2124 3333 2205 3372 Im-

1164 3400 1336 3452 perfecti
1355 3409 1368 3438 :
1391 3399 1679 3450 unusquisque
1709 3398 1834 3438 etiam
1861 3399 1903 3437 in
1924 3396 2089 3449 propria
2111 3406 2204 3434 cau·

1165 3473 1211 3501 sa
1239 3473 1325 3500 non
1361 3464 1423 3500 est
1457 3464 1593 3499 rectus
1620 3459 1766 3511 judex,
1807 3463 1848 3498 et
1878 3458 1971 3497 ideo
2006 3455 2205 3512 quamdiu

1163 3523 1260 3574 quis
1279 3534 1305 3562 a
1327 3523 1549 3572 Superiore
1570 3533 1653 3560 non
1676 3521 1851 3569 cogitur,
1870 3519 1937 3556 vix
1955 3515 2205 3570 potest‘pru-

1165 3583 1316 3626 denter
1327 3583 1522 3636 judicare
1540 3582 1692 3623 melius
1708 3581 1787 3623 sibi
1815 3589 1907 3620 esse
1921 3579 2111 3632 majusve
2127 3576 2211 3620 ‘Dei

2099 191 2242 265 ;.88ϊ
