2352 3880
344 248 436 284 CAP.
457 246 500 283 π.
522 245 581 282 An
596 243 846 280 ramerum
866 243 1012 280 vomu
1029 244 1206 280 mummi
1221 245 1351 279 arian
1373 246 1620 283 rnaecsoms
1639 243 1945 288 nAmuomuu.'

0 359 2 363 ,
30 336 45 354 ⁴·
57 313 384 367 ‘Gbmeqnentia
401 323 500 352 vero
520 310 730 363 probatur,
748 308 845 360 quia
856 310 909 349 ab
922 310 1002 359 his,
1017 322 1109 362 quse

75 389 164 421 non
183 377 317 418 solum
341 373 558 415 dissimilia
577 374 686 417 sunt,
705 370 780 410 sed
799 372 922 411 etiam
944 383 1109 423 separa-

22 440 37 471 ?
74 440 191 487 bilia,
207 451 291 479 non
306 440 416 477 recte
436 435 483 475 fit
499 434 642 474 illatio.
659 433 837 472 Maxime
854 446 947 473 cum
967 439 1109 486 posset

0 490 23 499 ’'
76 500 336 542 intercedere
356 497 459 537 ratio
483 497 607 547 longe
627 494 804 542 diversa,
827 495 930 535 sicut
947 496 990 536 in
1011 499 1107 536 voto

75 561 337 605 continentiae
360 558 465 598 sacri
491 557 654 597 Ordinis
688 556 829 596 videre
856 558 965 597 licet.
990 559 1034 597 In
1054 569 1106 597 eo

77 627 191 668 enim
221 623 399 676 positum
434 623 496 660 est
523 619 868 670 impedimentum
909 621 1107 660 dirimens

71 687 332 737 subsequens
351 681 677 729 matrimonium,
695 685 740 720 ut
755 682 931 730 muniat,
951 685 992 722 et
1009 693 1108 721 eon-

2 779 7 783 .
24 759 28 764 ·
71 750 208 790 servet
225 750 366 786 votum
382 743 499 792 illud,
520 746 560 782 et
574 742 806 782 decentiam
824 744 934 783 illius
948 747 1076 783 status
1092 756 1106 792 ;

70 809 185 862 quod
203 811 425 860 propterea
445 817 529 844 non
554 805 734 856 oportuit
755 806 922 845 extendi
938 806 991 844 ad
1007 817 1108 857 prae-

72 871 226 912 cedens
254 867 566 908 matrimonium
587 878 596 912 ;
619 866 717 917 quia
738 879 830 906 cum
852 880 935 906 non
957 878 1103 918 suppo-

71 934 210 981 natur,
231 935 303 970 aut
329 930 438 969 Ordo
459 928 631 967 collatus
649 957 658 976 ,
680 932 751 967 aut
778 932 917 968 votum
935 928 1104 978 factum,

72 994 172 1035 satis
194 994 346 1032 vitatur
367 991 616 1038 indecentia,
639 981 908 1041 prohibendo'
931 1002 986 1029 ne
1015 990 1110 1041 post

71 1054 388 1096 matrimonium
408 1056 545 1091 ratum
564 1081 574 1098 ,
599 1051 720 1090 etiam
742 1063 826 1089 non
846 1063 1109 1090 consumma-

72 1120 191 1165 tum,
226 1115 371 1166 aliquis
402 1112 583 1152 ordinari
615 1112 743 1162 possit
780 1112 869 1150 sine
901 1125 1105 1152 consensu

74 1179 230 1225 uxoris,
256 1180 295 1216 et
312 1176 382 1214 illa
401 1175 522 1213 simul
540 1177 730 1221 vovente,
756 1173 872 1223 juxta
894 1175 1110 1214 ecclesias-

75 1239 178 1279 ticas
197 1239 308 1289 leges
327 1248 336 1283 ;
357 1247 453 1274 nam
484 1235 596 1283 quod
620 1235 843 1282 aliquando
866 1237 995 1285 possit
1016 1236 1109 1285 quis

76 1304 220 1339 contra
254 1299 362 1336 hanc
392 1296 527 1346 legem
569 1294 891 1333 ecclesiasticam
923 1297 1108 1336 indebite

76 1360 270 1407 ordinari,
288 1362 329 1397 et
350 1357 392 1397 in
407 1356 668 1395 matrimonio
685 1368 854 1395 manere
878 1357 1106 1406 ordinatus,

75 1425 118 1460 et
149 1421 353 1460 obnoxius
379 1419 518 1457 debito
551 1419 760 1469 conjugali
794 1419 1024 1467 reddendo,
1047 1423 1110 1459 est

74 1494 214 1523 rarum
236 1485 276 1520 et
298 1480 621 1519 accidentarium
647 1481 958 1519 incommodum
979 1512 988 1528 ,
1013 1493 1111 1532 pro-

74 1549 167 1597 pter
182 1543 293 1594 quod
312 1543 526 1582 vitandum
545 1555 630 1580 non
651 1542 727 1581 fuit
744 1544 1027 1582 necessarium
1042 1542 1109 1582 vel

74 1605 352 1646 universalem
387 1605 625 1643 facultatem
663 1605 762 1643 dare
792 1605 850 1643 sic
881 1605 1109 1656 recipiendi

76 1668 268 1715 Ordines,
299 1667 364 1706 vel
384 1667 623 1718 permittere
644 1670 689 1705 ut
719 1678 793 1717 per
821 1667 934 1705 illam
971 1679 1110 1706 susce-

76 1729 278 1781 ptionem,
314 1731 388 1767 etsi
422 1728 663 1775 indebitam,
687 1728 996 1766 matrimonium
1024 1728 1112 1767 fac-

76 1796 166 1831 tum
187 1792 427 1830 solveretur.
446 1790 550 1828 Nam
567 1790 658 1827 aliis
673 1790 805 1827 modis
823 1790 955 1841 potuit
977 1790 1113 1828 Eccle-

75 1852 137 1891 sia
159 1852 215 1890 illi
242 1852 351 1889 malo
373 1850 591 1901 providere
608 1880 618 1896 ‚
643 1851 747 1888 sicut
767 1855 807 1890 et
829 1851 1020 1901 providit.
1047 1851 1115 1890 Sic

76 1924 175 1964 ergo
189 1912 232 1950 in
246 1912 441 1963 praesenti
458 1911 549 1950 loco
566 1911 911 1962 impedimentum
934 1912 1112 1962 positum

77 1978 162 2022 est,
183 1974 299 2025 quasi
321 1975 360 2012 in
383 1974 687 2012 munimentum
717 1977 758 2012 et
790 1973 1022 2012 custodiam
1045 1985 1116 2012 vo-

76 2039 214 2076 torum
249 2036 475 2083 Societatis,
498 2041 538 2074 et
571 2039 615 2073 ut
644 2035 712 2074 ille
739 2039 869 2074 status
896 2036 1026 2074 semel
1052 2047 1118 2073 as-

76 2102 267 2150 sumptus
283 2110 366 2136 non
382 2101 521 2149 posset
541 2096 659 2135 facile
681 2097 920 2136 labefactari
944 2101 1013 2136 aut
1033 2097 1117 2135 vio-

75 2159 174 2207 lari3
198 2163 240 2199 at
258 2159 363 2197 circa
383 2158 693 2197 matrimonium
713 2159 828 2210 prius
854 2158 1007 2197 factum
1031 2159 1122 2198 haec

78 2222 183 2262 ratio
201 2232 285 2259 non
307 2219 429 2258 habet
451 2219 603 2267 locum,
622 2231 698 2258 nec
720 2231 826 2259 nova
846 2219 999 2270 aliqua,
1021 2232 1116 2271 quae

79 2282 255 2324 moverit
290 2281 530 2320 Pontificem
569 2281 622 2320 ad
651 2281 766 2332 prius
793 2281 864 2332 jus
894 2282 1118 2320 immutan-

81 2343 198 2390 dum,
233 2343 337 2382 sicut
368 2343 508 2382 mnltae
542 2355 689 2394 graves
721 2348 941 2382 moverunt
962 2344 1015 2382 ad
1038 2345 1117 2383 im-

81 2404 329 2445 mutandum
360 2416 434 2455 pro
459 2404 721 2443 matrimonio
742 2405 898 2454 futuro,
918 2409 965 2445 ut
981 2406 1118 2458 capite

81 2465 348 2519 praecedenti,
371 2477 545 2505 numero
565 2478 691 2513 nono,
714 2466 909 2505 vidimus.

136 2528 177 2567 8.
207 2528 413 2567 Probatur
455 2527 584 2567 tertio.
614 2549 667 2557 —
689 2528 807 2567 Unde
848 2532 1120 2579 argumentor

81 2590 218 2635 tertio,
249 2589 342 2639 quia
367 2601 443 2640 per
472 2601 627 2628 novum
653 2590 722 2640 jus
750 2591 801 2628 ab
831 2592 1001 2642 antiquo
1033 2602 1119 2629 non

81 2650 349 2698 discedimus,
366 2650 444 2688 nisi
462 2655 668 2701 quatenus
684 2652 724 2689 in
747 2663 854 2690 novo
876 2664 1119 2704 expressum

84 2717 164 2759 est,
194 2717 238 2751 ut
263 2712 439 2751 sumitur
460 2724 510 2750 ex
529 2712 609 2763 leg.
632 2712 898 2763 Pracipimus
914 2745 925 2762 ,
945 2715 1041 2753 Cod.
1067 2715 1118 2753 de

85 2774 307 2827 Appellat„
326 2774 554 2826 praesertim
572 2774 615 2812 in
640 2775 815 2813 materia
835 2776 997 2823 odiosa,
1019 2787 1121 2826 qua-

85 2837 139 2878 lis
160 2837 212 2876 de
228 2849 273 2876 se
293 2840 354 2876 est
371 2836 504 2875 omnis
525 2836 592 2875 lex
612 2836 780 2875 irritans
806 2838 872 2876 vel
898 2839 1120 2877 annullans

50 2901 357 2946 .-contra0tum‚
392 2898 544 2949 alioqui
567 2901 716 2937 natura
746 2911 821 2937 sua
854 2900 1058 2947 validum;
1080 2904 1121 2940 et

2 2952 8 2953 ἶ
53 2958 188 3003 'wfimc
207 2959 382 2998 maxime
402 2959 568 3010 quando
590 2960 631 2998 in
659 2960 926 3011 ampliatione
951 2974 1025 3000 seu
1051 2974 1123 3000 ex-

55 3013 59 3018 *
88 3018 277 3065 §ursione
307 3021 529 3060 similitudo
549 3022 719 3060 rationis
746 3034 829 3061 non
854 3028 916 3062 est·
950 3023 1121 3062 omnino

93 3082 353 3131 eadem;sed
378 3083 463 3122 haec
483 3082 621 3122 omnia
650 3083 694 3121 in
724 3084 918 3134 praesenti
952 3097 1125 3124 concur-

96 3145 204 3182 runt.
221 3144 324 3183 Nam
341 3144 453 3195 quod
466 3149 560 3184 vota
575 3145 775 3197 simplicia
794 3145 1020 3186 dissolvant
1037 3159 1124 3185 ma-

96 3203 352 3253 trimonium,
373 3206 442 3244 vel
466 3206 660 3246 dirimant
681 3209 1028 3256 contrahendum,
1051 3220 1126 3247 no-

95 3275 196 3304 vum
220 3265 291 3316 jus
320 3267 402 3312 est,
428 3267 636 3318 corrigens
667 3270 807 3320 quoad
832 3270 940 3309 hanc
965 3274 1127 3322 partem

89 3325 192 3379 jura
215 3325 383 3376 antiqua
398 3355 407 3372 ‚
427 3329 474 3364 ut
500 3337 550 3366 ex
572 3332 772 3380 superiori
802 3336 914 3371 tomo
951 3332 1003 3372 de
1031 3336 1128 3372 voto

49 3423 51 3426 .
98 3386 277 3438 simplici
304 3386 501 3426 castitatis
537 3388 634 3427 satis
659 3395 835 3442 constat,
867 3397 1011 3444 estque
1041 3394 1132 3433 haec

34 3464 35 3467 ¹
98 3450 273 3488 'materia
286 3448 338 3488 de
350 3460 393 3487 se
410 3448 574 3498 odiosa3
590 3460 702 3496 nam,
713 3452 807 3492 licet
817 3455 1006 3494 videatur
1020 3455 1132 3495 favo—

2119 250 2203 290 m,

1163 310 1337 363 derogat
1362 309 1440 362 ipsi
1460 313 1741 355 matrimonio.
1766 317 1816 356 Et
1841 317 2192 370 proptereavfavm

1161 373 1391 423 religionis,
1420 383 1494 424 per
1513 373 1598 413 tale
1623 375 1695 425 jus
1712 377 1911 429 intentus,
1945 378 2203 422 sufficienter

1163 434 1373 474 obtinetur
1386 446 1462 486 per
1476 434 1819 486 impedimentum
1836 441 1964 482 futuri
1984 443 2202 484 matri-mo·-

1160 497 1235 544 nii,
1261 499 1308 535 ut
1325 495 1367 534 in
1387 498 1732 547 argumentorum
1752 500 1958 543 solutione
1976 505 2200 556 expneabia

1160 570 1276 606 mus;
1301 570 1400 609 ergo
1428 570 1522 597 cum
1554 569 1709 597 novum
1728 560 1797 609 jus
1818 562 1928 602 aliud
1952 578 2038 606 non
2062 555 2202 621 expri-J

1159 623 1261 669 mat,
1285 619 1590 673 extendendum
1611 631 1696 658 non
1717 624 1792 660 est.

1213 683 1253 722 9.
1276 681 1342 722 Ad
1354 683 1532 734 primum
1552 682 1858 731 fundamentum
1877 683 1924 723 in
1939 693 1981 724 n.
2003 687 2043 725 1.
2060 708 2115 717 —
2130 688 2196 728 Ad

1160 743 1342 795 primum
1380 754 1479 794 ergo
1509 742 1827 785 fundamentum
1859 747 2075 786 contrariae
2108 749 2198 799 opi·

1160 805 1297 843 nionis
1314 809 1493 856 negatur
1509 806 1821 858 consequentia,
1845 807 1942 857 quia
1958 812 2087 846 status
2105 821 2198 859 per-

1160 865 1370 914 fectionis,
1390 870 1436 904 ut
1456 867 1537 913 sic,
1570 879 1655 906 non
1677 867 1861 907 dissolvit
1886 869 2198 909 matrimonium

1161 932 1322 974 ratum
1344 928 1534 979 Episcopi
1559 929 1671 968 enim
1705 933 1834 968 status
1870 929 2091 980 perfectior
2112 933 2196 978 est,

1163 993 1204 1028 et
1224 1002 1307 1028 non
1330 989 1540 1037 dissolvit,
1576 991 1671 1041 quia
1710 990 1824 1029 nullo
1853 990 1946 1041 jure
1966 990 2010 1028 id
2030 995 2200 1030 cautum

1163 1056 1239 1099 est,
1262 1057 1307 1092 ut
1341 1053 1383 1090 in
1415 1053 1611 1103 praedicta
1633 1055 1852 1105 Extravag.
1887 1053 2036 1092 dicitur
2052 1084 2064 1101 ,
2092 1057 2132 1093 et
2157 1054 2200 1093 in

1162 1119 1275 1154 tomo
1294 1114 1495 1165 superiori
1521 1119 1581 1154 est
1603 1115 1871 1166 disputatum.
1890 1115 2008 1155 Unde
2029 1115 2083 1153 ad
2102 1126 2203 1166 pro-

1162 1176 1375 1215 bationem
1409 1180 1587 1227 negatur
1623 1181 1801 1228 utraque
1837 1189 1932 1227 pars
1963 1180 2199 1228 assumpta,

1164 1239 1260 1288 quia
1295 1250 1441 1276 revera
1473 1239 1515 1276 in
1550 1242 1764 1278 contractu
1802 1239 2055 1277 matrimonii
2089 1238 2200 1277 nulla

1163 1300 1256 1339 talis
1277 1299 1501 1338 includitur
1521 1301 1726 1346 conditio;
1765 1312 1842 1338 nec
1874 1300 1998 1338 etiam
2030 1302 2091 1338 est
2119 1299 2201 1338 ulla

1163 1360 1230 1398 lex
1254 1361 1534 1398 ecclesiastica
1568 1374 1660 1410 quae
1681 1362 1877 1400 virtutem
1913 1362 2019 1399 hanc
2051 1361 2202 1400 tribnat

1164 1421 1498 1472 quibuscumque
1525 1422 1655 1470 votis,
1678 1434 1769 1472 quae
1791 1421 1873 1460 sint
1892 1423 2123 1461 substantia
2141 1434 2203 1463 re-

1162 1483 1297 1534 ligiosi
1332 1486 1483 1531 status,
1515 1483 1591 1522 sed
1619 1484 1725 1521 votis
1746 1486 1906 1522 tantum
1931 1484 2203 1531 solemnibus,

1164 1557 1214 1584 ex
1233 1556 1330 1583 vera
1365 1548 1407 1583 et
1442 1544 1609 1595 propria
1631 1545 1888 1595 professione
1908 1545 2138 1596 religionis,
2161 1548 2208 1584 ut:

1163 1606 1419 1645 declaratum
1442 1611 1516 1644 est.
1543 1608 1686 1656 Neque
1706 1607 1841 1645 obstat
1865 1607 1977 1657 quod
2007 1607 2046 1644 in
2072 1606 2208 1646 citatis

1160 1668 1323 1719 juribus
1349 1680 1432 1705 non
1453 1667 1497 1706 fit
1519 1680 1714 1719 expressa
1745 1669 1900 1707 mentio
1920 1669 2206 1719 professionis,

1165 1733 1236 1768 aut
1259 1730 1339 1768 voti
1360 1730 1560 1776 solemnis,
1595 1730 1672 1768 sub
1704 1730 1769 1768 his
1791 1730 1962 1769 vocibus
1981 1761 1993 1778 ,
2026 1730 2098 1769 sed
2131 1729 2209 1769 sub

1166 1791 1335 1830 nomine
1367 1790 1574 1842 impressus
1597 1791 1830 1844 reliqionis,·
1851 1804 1949 1830 nam
1973 1792 2068 1841 jure
2098 1803 2210 1830 com-

1166 1852 1283 1891 muni
1320 1853 1407 1890 haec
1441 1853 1794 1903 aequipollebant,
1827 1857 1867 1892 et
1889 1853 1942 1891 ita
1966 1865 2039 1903 pro
2061 1852 2210 1891 eodem

1170 1917 1390 1952 sumuntur
1408 1913 1574 1963 injure,
1610 1917 1654 1952 ut
1683 1925 1828 1952 omnes
1861 1914 2110 1963 interpretes
2140 1913 2211 1952 do·

1170 1980 1292 2023 cent,
1316 1978 1355 2013 et
1377 1975 1554 2013 sumitur
1573 1987 1622 2013 ex
1652 1975 1743 2012 aliis
1768 1975 1932 2025 juribus
1960 1975 2209 2024 dicentibus,

1171 2037 1411 2088 religiosum
1435 2035 1524 2074 fieri
1545 2036 1820 2086 professione,
1843 2049 1934 2087 quae
1953 2049 2077 2087 supra
2103 2039 2212 2075 retu-

1173 2099 1311 2146 limus,
1341 2101 1381 2135 et
1406 2098 1633 2135 Concilium
1654 2098 1941 2136 Tridentinum
1966 2098 2064 2136 satis
2085 2098 2213 2148 signi—

1174 2161 1336 2209 ticavit3
1358 2163 1398 2198 et
1430 2160 1565 2210 colligi
1593 2159 1717 2198 etiam
1739 2163 1876 2210 potest
1909 2172 1959 2199 ex
1989 2160 2209 2210 Extravag.

1168 2221 1341 2262 Joannis
1374 2221 1497 2268 XXII,
1518 2221 1569 2259 de
1592 2222 1709 2268 voto,
1734 2221 1788 2258 ibi
1809 2231 1820 2259 z
1844 2222 1906 2261 Et
1925 2221 2015 2270 ejus
2033 2221 2211 2274 repulam

1170 2295 1367 2336 expresse,
1390 2284 1451 2322 ‘cel
1472 2287 1584 2322 caute
1601 2283 1804 2333 profiteri.
1827 2283 1875 2321 Et
1896 2282 2002 2320 infra
2030 2293 2041 2321 :
2068 2283 2138 2323 Ad
2151 2283 2213 2322 in·

1166 2357 1352 2399 pressum
1369 2344 1613 2395 hujusmodi,
1635 2347 1712 2383 etc.
1731 2344 1918 2394 Denique
1941 2344 1972 2382 si
1992 2355 2212 2395 argumen-

1170 2413 1256 2448 tum
1287 2407 1389 2446 illud
1423 2410 1532 2445 esset
1564 2406 1740 2457 alicujus
1776 2406 1992 2454 momenti,
2019 2406 2214 2457 probaret

1173 2471 1314 2517 etiam,
1338 2469 1427 2507 haec
1454 2470 1549 2506 vota
1572 2480 1621 2506 ex
1652 2469 1692 2507 vi
1723 2469 1827 2518 juris
1861 2469 2094 2507 communis
2125 2468 2214 2507 sine

1173 2530 1465 2570 constitutione
1483 2529 1670 2578 Gregorii
1691 2529 1894 2579 impedire
1922 2529 2107 2567 futurum
2128 2539 2213 2567 ma-

1172 2592 1428 2636 trimonium,
1451 2589 1649 2627 irritando
1670 2589 1787 2635 illud,
1809 2590 1919 2640 quod
1942 2590 2213 2628 asserendum

1174 2666 1257 2693 non
1276 2657 1351 2698 est,
1379 2655 1424 2689 ut
1443 2662 1493 2690 ex
1515 2652 1649 2700 capite
1670 2651 1922 2702 praecedenti
1941 2655 2067 2702 patet.
2086 2652 2134 2690 Et
2151 2662 2215 2690 se-

1174 2714 1296 2766 quela
1316 2713 1452 2759 valet;
1476 2724 1574 2750 nam
1601 2712 1711 2751 idem
1733 2714 1902 2752 omnino
1922 2716 2213 2763 argumentum

1175 2777 1225 2817 de
1248 2776 1319 2815 illo
1351 2774 1441 2813 fieri
1465 2778 1617 2825 potest,
1638 2774 1749 2825 quod
1781 2774 1934 2813 ibidem
1965 2773 2212 2825 praecedenti

1174 2839 1311 2890 capite
1323 2837 1512 2883 fecimus,
1537 2841 1577 2876 et
1597 2835 1785 2876 similiter
1805 2837 2015 2875 solvimus.

1230 2902 1294 2940 10.
1326 2900 1395 2939 Ad
1413 2900 1623 2939 secundum
1645 2900 1952 2950 fundamentum
1974 2900 2018 2938 in
2038 2909 2080 2937 n.
2101 2898 2144 2937 2.
2163 2917 2218 2926 --

1176 2963 1246 3005 Ad
1258 2963 1433 3013 primam
1455 2961 1808 3009 confirmationem.
1830 2982 1886 2991 —
1902 2959 1964 2999 Ad
1986 2958 2215 2998 secundnm

1176 3024 1496 3064 fundamentum
1515 3026 1703 3073 negatur,
1726 3021 1883 3072 aliquid
1904 3033 1995 3059 esse
2013 3021 2121 3059 circa
2140 3020 2216 3057 hoc

1178 3087 1421 3127 innovatum
1442 3097 1518 3136 per
1538 3083 1875 3123 constitutionem
1896 3082 2081 3133 Gregorii
2100 3080 2214 3126 X1113

1179 3152 1357 3199 negatur
1383 3147 1509 3186 etiam
1533 3158 1626 3185 esse
1646 3145 1837 3184 eamdem
1855 3144 2056 3183 rationem
2077 3143 2130 3180 de
2146 3141 2217 3179 im-

1179 3210 1419 3263 pedimento
1438 3208 1578 3255 futuri,
1604 3209 1645 3246 et
1666 3207 1939 3245 dissolutione
1962 3205 2058 3243 facti
2078 3201 2218 3241 matri-

1180 3271 1325 3312 monii.
1359 3271 1547 3321 Denique
1569 3278 1749 3320 negatur
1768 3269 1856 3307 haec
1885 3271 1979 3307 vota
2010 3277 2121 3304 nunc
2149 3263 2218 3299 ha·

1182 3333 1282 3374 here
1307 3333 1614 3372 solemnitatem
1635 3332 1675 3369 in
1694 3331 1791 3382 jure
1820 3329 2060 3380 requisitam
2079 3354 2089 3370 ,
2123 3320 2218 3372 quia

1184 3396 1228 3435 in
1256 3395 1413 3434 illamet
1439 3393 1734 3434 constitutione
1766 3403 1932 3442 semper
1952 3389 2119 3428 cavetur
2135 3383 2223 3422 hoee

1185 3462 1281 3496 vota
1301 3467 1473 3495 manere
1491 3454 1710 3506 simplicia,
1725 3457 1766 3493 et
1778 3451 1820 3491 in
1842 3460 1983 3491 eorum
2001 3443 2222 3484 emissione

25 3511 79 3570 ‘25¹
98 3509 242 3550 rabilis
260 3510 382 3549 alicui
399 3510 518 3549 statui
540 3510 746 3562 religioso,
767 3517 909 3555 tamen
926 3521 990 3557 est
1007 3517 1060 3556 de
1085 3527 1133 3556 se
1187 3522 1229 3559 et
1247 3518 1488 3570 receptione
1522 3529 1606 3556 non
1637 3515 1725 3555 fieri
1744 3523 1883 3552 veram
1906 3507 2220 3560 professionem.

10 3569 18 3584 ²
39 3568 148 3628 'fi-‘in
163 3572 449 3623 praejudicium
464 3572 590 3622 tertii,
612 3573 766 3614 scilicet
780 3578 933 3627 uxoris,
949 3590 1041 3630 quae
1058 3590 1135 3632 per
1189 3580 1295 3628 Quid
1316 3584 1454 3619 autem
1475 3578 1540 3617 his
1563 3577 1668 3617 votis
1690 3574 1795 3615 desit
1813 3571 1867 3611 ad
1894 3569 2127 3609 absolutam
2158 3578 2226 3607 so·-

0 3632 18 3703 kj
38 3611 414 3694 &Rq-matrimonium
429 3634 499 3687 jus
524 3634 758 3688 acquisivit,
783 3640 828 3679 σι
849 3635 990 3691 aliquo
1011 3641 1139 3681 modo
1189 3639 1466 3691 immunem,
1479 3641 1570 3692 jam
1593 3647 1719 3690 supra
1739 3634 1999 3675 declaratum
2027 3635 2118 3679 est3
2152 3639 2226 3670 ne-
