2352 3880
516 254 607 293 ω.
629 231 704 293 xv,
723 253 780 294 ee
797 247 1144 292 annectionem
1164 253 1221 290 ex
1241 253 1379 292 01010
1397 249 1689 291 metueres,

40 322 127 380 1ῤ31
144 321 348 377 emptioni-e
360 331 435 374 per
450 318 541 366 haec
555 321 654 370 duo,
670 319 834 368 seilicet,
847 318 1072 359 immittere

40 385 224 430 'muctam
244 388 286 424 et
316 382 671 436 supernaturalem
697 381 987 432 cogitationem
1005 391 1072 419 ac·-

41 447 361 495 commodatam,
378 449 419 485 et
437 444 634 496 impedire
651 455 706 490 110
729 443 993 494 cogitationes
1009 442 1071 480 in-

0 510 5 511 ’
41 512 227 561 surgant,
255 518 349 560 quae
377 506 666 556 cogitationem
685 505 863 556 priorem
883 507 955 543 aut
987 502 1072 544 effi·-

42 571 198 612 cacia'm
234 569 324 621 ejus
357 567 515 620 possint
550 566 735 607 minuere
748 595 759 614 ‚
792 570 865 605 aut
901 565 1072 607 omnino

42 630 239 674 evertere.
261 631 312 670 Et
333 628 438 669 ratio
457 628 563 669 sumi
583 631 715 679 potest
734 627 886 679 partim
914 639 966 667 ex
994 626 1073 666 im·-

41 694 218 748 perfecta
236 691 458 744 capacitate
472 689 702 728 intellectus
720 690 865 737 nostri,
878 688 931 728 ob
942 699 1074 740 Ι11110111

42 755 228 808 pluribus
260 751 473 792 distractus
498 750 828 801 cogitationibus,
855 751 990 790 minua
1009 749 1075 790 in„

19 811 22 814 ’
40 820 180 857 tentus
194 814 260 855 vel
275 817 465 854 constans
483 812 606 852 estin
626 812 797 863 singulis
816 827 826 861 3
847 812 1000 865 par-tim
1025 822 1076 851 ex

40 876 353 930 imperfectione
371 873 610 922 voluntatis,
629 886 719 925 quae
748 874 871 913 etiam
893 873 1075 913 1010111οκ

39 943 124 989 tur,
157 937 224 978 vel
257 948 308 976 ex
335 935 575 987 imperfecta
609 935 931 975 consideratione
956 933 1075 973 intel-

41 999 184 1049 lectus,
207 998 341 1038 velex
360 997 530 1037 diversis
556 996 768 1040 affectibus
804 995 1071 1047 simplicibus,

41 1062 114 1115 qui
130 1061 176 1101 in
189 1073 239 1100 ea
255 1061 495 1109 insurgunt,
519 1059 682 1110 quando
708 1058 934 1098 intellectus
950 1056 1074 1098 variis

40 1122 289 1168 discursibus
310 1121 505 1172 agitatur.
526 1119 642 1159 Unde
672 1119 775 1158 sicut
798 1118 903 1157 actio
933 1129 1073 1170 pecca-

41 1185 202 1225 minosa
219 1182 443 1223 voluntatis
468 1181 621 1233 partim
654 1180 866 1231 consurgit
897 1191 949 1219 ex
977 1191 1072 1218 con·

42 1246 286 1288 sideratione
318 1243 435 1296 pravi
473 1241 646 1293 objecti,
681 1243 834 1294 partim
886 1253 934 1281 ex
973 1240 1074 1283 boni

41 1306 411 1347 inconsideratione
431 1334 444 1352 ,
475 1304 535 1344 ita
550 1334 563 1351 ,
596 1308 756 1343 servata
791 1302 1070 1356 proportione,

39 1373 157 1410 recta
193 1369 321 1408 motio
352 1365 576 1405 voluntatis
609 1377 681 1417 per
710 1377 752 1404 se
775 1364 950 1416 requirit
980 1376 1075 1404 con-

39 1431 208 1471 veniens
222 1429 422 1482 judicium
439 1428 537 1467 boni
559 1427 847 1479 prosequendi,
869 1439 942 1479 per
968 1425 1075 1466 acci-

42 1492 142 1532 dens
161 1504 257 1531 vero
270 1490 540 1530 remotionem
554 1490 738 1530 omnium
759 1490 1070 1540 cogitationum,

41 1565 134 1606 quae
162 1557 333 1606 possunt
350 1552 542 1591 affectum
563 1551 683 1591 illum
718 1551 932 1603 impedire.
952 1553 1002 1591 Et
1023 1562 1075 1592 ex

39 1609 212 1667 utroque
228 1615 359 1666 capite
375 1618 508 1665 potest
525 1625 608 1653 esse
623 1614 755 1664 major
774 1618 813 1654 et
831 1614 967 1653 minor
985 1626 1075 1665 per·

41 1677 175 1716 sectio.
198 1678 257 1717 Ex
280 1679 394 1728 parte
409 1675 586 1727 {quidem
606 1675 764 1725 judicii,
785 1680 874 1714 tum
911 1676 956 1714 in
991 1687 1076 1714 ma-

42 1738 124 1790 jori
142 1738 368 1780 attentione
386 1749 457 1776 seu
475 1735 704 1775 intensione
724 1740 838 1775 actus
849 1747 861 1786 ;
881 1740 970 1776 tum
989 1749 1076 1776 ma-

41 1801 151 1840 xime
169 1801 214 1840 in
238 1799 379 1839 altiori
400 1798 722 1840 consideratione
744 1798 907 1849 objecti,
927 1810 1074 1850 propo.-

42 1862 179 1901 nendo
199 1861 302 1903 illud
332 1860 407 1899 sub
438 1860 715 1899 excellentiori
753 1860 906 1899 motivo
940 1863 980 1898 et
1000 1860 1074 1899 110-

42 1922 227 1971 nestate;
250 1935 300 1962 ex
325 1925 440 1974 parte
469 1925 607 1960 autem
627 1921 884 1973 privationis,
906 1933 978 1960 seu
1011 1934 1074 1961 ca-

39 1985 186 2026 rentiae
210 1984 370 2036 judicii,
410 1982 474 2024 vel
501 1982 758 2034 cogitationis
796 1982 1070 2034 impedientis,

41 2051 156 2088 'tanto
189 2046 268 2085 erit
302 2046 435 2096 major
463 2045 683 2096 perfectio,
710 2048 865 2096 quanto
900 2045 1074 2095 privatio

42 2108 116 2148 1110
144 2108 277 2159 major
294 2107 433 2148 fuerit.
459 2107 554 2146 Haec
571 2118 683 2156 ergo,
703 2118 795 2158 quse
820 2106 866 2146 in
893 2105 1075 2157 generali

41 2169 245 2210 declarata
280 2173 389 2217 sunt,
407 2169 459 2208 ad
480 2167 756 2208 obedientiam
787 2179 882 2207 cum
910 2180 1075 2219 propor-

41 2231 153 2271 tione
181 2235 276 2270 sunt
304 2230 560 2282 applicanda,
585 2234 627 2269 et
648 2230 693 2269 in
715 2229 798 2269 illis
836 2229 993 2269 duabus
1016 2230 1074 2269 lo-

44 2293 292 2341 cutionibus,
310 2304 412 2344 quas
430 2292 734 2344 proposuimus,
756 2296 852 2330 sunt
873 2292 1047 2331 intenta.

47 2392 135 2446 Qua
157 2394 311 2439 ‘ratione
330 2394 385 2435 ad
407 2393 687 2449 perfectionem
711 2391 934 2437 obedientiae
948 2392 1075 2451 perti-

95 2460 186 2499 neat
212 2455 257 2497 in
279 2454 497 2511 Superiora
514 2455 771 2507 praecipiente
789 2455 918 2498 Deum
947 2454 1075 2497 consi-

96 2518 250 2567 derare,
265 2518 375 2570 eique
390 2521 437 2562 ut
452 2518 533 2563 Deo
551 2517 715 2558 obedire.

97 2606 165 2647 14.
192 2604 264 2646 Aa
291 2604 550 2645 auotoritaees
575 2603 847 2656 siqnifieantes
884 2600 1076 2653 Superio-

41 2679 125 2708 rem
142 2670 188 2708 ut
206 2667 334 2707 Deum
352 2666 660 2716 suspiciendum.
676 2686 729 2696 —
748 2665 1004 2717 Exemplum.
1021 2682 1076 2698 -ι

42 2729 180 2769 Primo
209 2740 307 2779 ergo
338 2728 485 2766 merito
512 2727 743 2778 postulatur
767 2725 820 2765 ad
849 2725 1074 2777 perfectam

44 2791 318 2831 obedientiam
341 2789 611 2829 consideratio
630 2789 698 2828 Dei
716 2789 761 2828 in
780 2788 1013 2839 Superiore,
1032 2790 1074 2827 et

45 2853 309 2905 apprehensio
330 2852 522 2905 praecepti
541 2852 644 2903 ejus,
665 2862 713 2891 00
741 2851 774 2889 si
798 2863 823 2889 a
844 2851 928 2890 Deo
956 2861 1071 2900 031·ον

44 2913 206 2954 deretur
229 2925 242 2964 ;
262 2926 334 2965 per
356 2915 440 2953 haee
469 2913 579 2953 enim
600 2924 686 2952 non
712 2911 941 2964 postulatur
959 2923 985 2950 a
1002 2923 1070 2951 re.-

43 2974 184 3026 ligioso
200 2975 300 3015 falsa
320 2975 604 3027 apprehensio,
624 2974 689 3014 vel
709 2975 954 3014 existimatio
973 2985 1072 3024 erga

43 3037 318 3089 Superiorem,
339 3030 405 3078 vel
430 3038 672 3078 mandatum
701 3038 789 3089 ejus
805 3067 816 3084 ‚
839 3036 910 3076 sed
936 3036 1071 3077 solum

45 3097 216 3137 elevatio
234 3099 381 3138 mentis
401 3099 453 3138 ad
474 3099 812 3138 considerandam
837 3110 1072 3150 supremam

45 3159 246 3199 rationem
264 3172 311 3199 00
337 3161 555 3210 motivum,
571 3165 737 3214 propter
756 3161 864 3211 quod
883 3160 1072 3200 obedien-

46 3219 146 3260 dum
164 3223 238 3266 est,
258 3221 367 3272 quod
385 3225 445 3261 est
462 3222 603 3262 divina
625 3223 817 3262 voluntas
835 3226 876 3261 et
893 3222 1072 3263 auctori-

45 3284 123 3321 tas.
141 3280 255 3329 Quod
269 3281 365 3322 satis
381 3282 601 3323 declaravit
617 3284 663 3323 B.
685 3285 730 3324 P.
753 3284 933 3335 {gnatius
950 3284 996 3330 in
1013 3283 1069 3323 ci·

47 3346 132 3383 tata
147 3341 332 3394 epistola,
353 3354 448 3384 cum
465 3344 568 3384 dixit
586 3345 861 3385 obedientiam
886 3357 973 3385 esse
996 3345 1072 3384 bc·

46 3407 291 3451 incaustum,
309 3416 391 3456 quo
409 3408 518 3444 totus
541 3405 666 3447 homo
680 3407 768 3447 sine
794 3407 879 3447 ulla
909 3419 1073 3459 promus

45 3464 353 3514 imminutione,
383 3466 584 3506 conditori
610 3479 685 3508 euo
716 3481 764 3508 00
793 3469 967 3513 Domino
1000 3480 1076 3520 per

5 3552 9 3555 -
46 3529 196 3568 ’10011110
213 3528 494 3568 ministrorum
511 3528 557 3569 in
576 3527 783 3570 charitatis
798 3531 895 3582 13110
922 3531 1074 3571 immo-

47 3586 173 3630 latur.
189 3590 291 3630 Item
311 3601 406 3630 cum
423 3590 577 3631 ibidem
605 3591 735 3632 dixit:
757 3592 966 3634 Christum
990 3594 1074 3634 Do-

49 3648 202 3702 mi·
215 3650 263 3704 ὓ
275 3650 494 3706 Bupm‘m
507 3652 682 3708 quolibet
694 3663 900 3708 ayne-som
914 3655 1072 3700 mdes-

36 3805 48 3824 ,⁴

2079 253 2161 294 783

1125 318 1195 369 tis,
1215 321 1259 362 in
1278 332 1393 374 eoquo
1423 321 1568 362 divim
1593 320 1808 373 Majmati
1833 321 2090 369 obedimus
2111 335 2163 366 ao

1123 383 1385 425 reverentiam
1420 392 1580 422 summa
1617 393 1705 422 eum
1733 383 1924 435 reliyiom
1949 388 2158 436 praetore.

1124 442 1225 483 ltem
1244 442 1354 496 quod
1366 443 1426 482 ait
1442 454 1451 481 :
1468 443 1692 494 Nunquam
1703 443 1936 486 intueantur
1950 459 2160 500 porsonam

1125 507 1271 558 ipsam,
1292 505 1357 547 oui
1380 505 1576 551 obediunt,
1594 505 1661 544 sod
1672 508 1716 544 iu
1730 517 1776 546 ea
1796 506 2004 548 Christum
2025 504 2161 556 Domi-f

1123 579 1236 617 num,
1257 569 1372 620 eujus
1392 578 1513 607 causa
1533 566 1715 608 obediunt
1725 582 1743 611 ,v
1758 570 1799 605 et
1817 568 1966 609 similia
1981 562 2162 616 habetin'

1125 630 1280 673 caeteris
1318 628 1418 668 locis
1461 628 1610 667 citatis.
1643 627 1755 667 Nihil
1788 640 1885 679 ergo
1917 636 2064 682 praeter
2093 632 2162 674 vel

1129 696 1271 732 contra
1294 691 1498 735 rationem
1515 689 1679 731 virtutis
1698 701 1771 741 per
1790 690 1896 735 hanc
1918 677 2163 742 admonitio-j

1129 765 1226 793 nem
1243 752 1488 801 consulitur,
1502 763 1600 790 nam
1618 751 1688 802 qui
1707 751 1765 790 sic
1782 751 1934 798 obedit,
1955 755 2161 804 1100111111-

1130 819 1194 854 cat
1212 815 1472 867 Superiorem
1494 825 1579 852 esse
1603 813 1745 859 Deum,
1772 812 1843 852 sed
1872 820 2161 865 repraesentare

1128 877 1274 925 Deum,
1302 881 1504 928 quatenus
1532 875 1664 915 vicem
1692 875 1780 926 ejus
1803 876 1908 926 gerit
1923 886 1936 925 ;
1956 876 2066 927 quod
2092 889 2161 916 ve-

1127 939 1335 978 rissimum
1354 942 1427 986 est,
1456 949 1551 976 nam
1575 937 1624 976 de
1644 936 1834 976 omnibus
1855 938 2161 988 magistratibus

1128 1000 1232 1039 dixit
1251 999 1400 1039 Paulus
1420 1011 1504 1038 esse
1524 1000 1594 1038 Dei
1615 999 1839 1048 ministros,
1858 1003 1899 1038 et
1925 999 1978 1038 ab
2001 999 2072 1039 illo
2092 1000 2161 1039 ha-

1127 1061 1223 1102 bere
1250 1065 1509 1113 potestatem,
1540 1060 1592 1102 ad
1618 1061 1791 1100 Roman.
1815 1062 1864 1100 10
1882 1075 1893 1109 3
1912 1073 2011 1112 0130
2036 1074 2061 1101 0
2081 1061 2164 1110 for7

1128 1123 1223 1162 tiori
1251 1123 1293 1162 id
1325 1135 1469 1163 verum
1497 1122 1621 1162 habet
1652 1123 1697 1164 in
1733 1122 1904 1162 Praelato
1936 1115 2164 1173 religionisss

1126 1186 1265 1237 Neque
1302 1186 1427 1227 etiam
1462 1185 1619 1237 judicat
1648 1188 1896 1236 praeceptum
1935 1184 2163 1236 Superioris

1127 1259 1213 1287 esse
1242 1246 1446 1296 divinum,
1471 1247 1514 1286 id
1543 1251 1617 1295 est,
1647 1259 1673 1286 0
1701 1247 1782 1286 Deo
1811 1247 1898 1298 ipso
1926 1246 2164 1286 immediate

1126 1309 1274 1357 latum,
1293 1321 1386 1348 eum
1408 1309 1578 1349 evidens
1595 1309 1656 1353 illi
1677 1309 1729 1347 sit
1753 1308 1966 1347 hominem
1987 1320 2072 1347 esse
2091 1308 2164 1359 qui

1127 1376 1275 1422 praeest
1296 1385 1308 1418 3
1331 1370 1400 1410 sed
1417 1370 1578 1421 judicat
1597 1370 1801 1409 rationem
1831 1369 2050 1408 obediendi
2079 1381 2164 1409 esse

1128 1431 1326 1480 divinam,
1346 1432 1512 1480 scilicet,
1540 1431 1794 1470 voluntatem
1814 1431 1945 1482 ipsam
1966 1431 2052 1479 Dei,
2074 1442 2165 1482 quae

1126 1493 1336 1545 impletur,
1359 1506 1454 1532 cum
1473 1493 1669 1545 impletur
1697 1493 1926 1544 Superioris
1959 1492 2163 1541 voluntas,

1130 1559 1169 1595 et
1188 1568 1272 1595 0000
1298 1556 1421 1595 debet
1441 1557 1574 1607 prima
1603 1560 1710 1594 ratio
1742 1554 1974 1594 obediendi.
1997 1555 2097 1593 Item
2120 1554 2164 1592 in

1130 1617 1318 1669 religioso
1333 1622 1393 1658 est
1412 1618 1492 1657 alia
1509 1618 1726 1668 peculiaris
1743 1617 1848 1656 ratio
1868 1616 1998 1655 divini
2014 1616 2162 1664 cultus,

1130 1692 1251 1732 quam
1283 1681 1329 1719 in
1361 1692 1435 1719 sua
1465 1679 1699 1719 ohedientia
1725 1678 1878 1717 intueri
1896 1677 2016 1717 debet
2034 1707 2046 1725 ,
2067 1677 2166 1729 quia

1130 1754 1203 1794 per
1221 1741 1394 1793 speciale
1411 1746 1554 1780 votum
1574 1741 1687 1779 illam
1707 1741 1794 1779 Deo
1814 1739 2093 1786 consecravit;
2113 1739 2164 1777 ob

1127 1803 1234 1843 hanc
1257 1816 1355 1854 ergo
1376 1814 1541 1842 causam
1565 1803 1843 1853 aequiparatur
1862 1800 2164 1852 quodammodo

1128 1869 1378 1916 praeoeptum
1402 1863 1578 1912 Praelati,
1603 1875 1650 1902 ac
1669 1864 1703 1901 si
1723 1866 1826 1901 esset
1856 1862 1987 1900 latum
2016 1861 2164 1900 imme-

1128 1926 1238 1965 diate
1252 1926 1303 1965 ab
1316 1927 1403 1977 ipso
1416 1926 1500 1964 Deo
1514 1935 1526 1974 ;
1541 1935 1655 1971 nam,
1668 1924 1762 1962 licet
1782 1924 1874 1971 hoc,
1889 1925 2056 1974 propter
2074 1933 2165 1972 pro-

1127 1988 1385 2040 pinquiorem
1428 1986 1715 2026 habitudinem
1745 1984 1796 2023 ad
1831 1985 1989 2031 Deum,
2018 1982 2166 2034 majori

1128 2050 1304 2102 quadam
1343 2049 1396 2088 sit
1431 2048 1663 2088 reverentia
1691 2046 1881 2097 dignum,
1912 2049 1952 2085 et
1979 2049 2167 2095 respectu

1126 2112 1343 2152 hominum
1373 2111 1425 2150 sit
1451 2110 1575 2150 etiam
1603 2108 1902 2151 immutabilius
1922 2137 1934 2156 ‚
1955 2106 2166 2145 nihilomi-

1126 2186 1206 2215 nus
1224 2203 1234 2215 .
1271 2178 1472 2226 quantum
1503 2173 1555 2211 ad
1594 2171 1811 2211 formalem
1839 2170 2042 2208 rationem
2071 2168 2166 2208 obe-

1127 2235 1281 2284 diendi,
1302 2236 1335 2274 si
1356 2235 1533 2286 perfecto
1553 2233 1675 2273 modo
1695 2232 1781 2280 fiat,
1802 2231 2023 2283 quamdam
2041 2229 2165 2269 habet

1128 2297 1419 2348 aequalitatem.
1444 2297 1531 2344 Quo
1558 2307 1681 2334 seusu
1708 2294 1812 2332 dixit
1838 2291 2092 2338 flavuardus,
2119 2291 2164 2330 in

1127 2359 1250 2400 citato
1274 2359 1419 2410 Opusc.
1452 2359 1502 2397 de
1533 2358 1739 2408 Praecepto
1771 2360 1813 2395 et
1842 2354 2163 2404 dispensatione,

1127 2434 1251 2473 quem
1284 2422 1472 2460 imitatur
1505 2421 1794 2459 Bonaventura
1820 2417 1865 2456 in
1893 2415 2065 2467 Speculo
2085 2415 2161 2454 dis⁴

1129 2483 1242 2534 cipi„
1277 2486 1392 2534 parte
1418 2482 1569 2534 prima,
1597 2482 1729 2533 capite
1763 2483 1939 2532 quarto:
1961 2476 2164 2528 Quidquid

1127 2545 1212 2586 vieo
1228 2545 1307 2586 Dei
1339 2545 1526 2596 praecipit
1551 2544 1689 2592 homo,
1710 2542 1812 2595 quod
1841 2552 1919 2581 non
1943 2540 2000 2581 eit
2032 2541 2163 2579 tamen

1130 2610 1278 2648 certum
1319 2606 1526 2656 displicere
1557 2606 1652 2654 Deo,
1683 2604 1791 2646 haud
1823 2613 1933 2643 secus
1966 2600 2162 2652 aecipien-

1128 2669 1221 2709 dum
1256 2671 1315 2709 est
1350 2679 1468 2719 quam
1504 2667 1542 2707 si
1577 2665 1790 2718 praecipiat
1833 2664 1956 2704 Deus.
1997 2662 2048 2702 Et
2083 2661 2163 2701 ibi-

1126 2730 1219 2769 dem
1239 2741 1491 2780 exaggerans
1506 2727 1736 2767 Bernarslus
1750 2724 2025 2764 obedientiam
2042 2727 2082 2763 et
2096 2735 2162 2762 re-

1126 2793 1355 2831 verentiam
1387 2790 1570 2830 Praelatis
1595 2789 1806 2828 debitam:
1829 2786 1933 2835 Quos
1950 2785 2027 2826 sibi
2051 2785 2162 2826 Dm

1127 2853 1316 2905 (inquit)
1334 2865 1489 2905 oequare
1508 2851 1784 2904 quodammodo
1798 2847 1842 2888 in
1855 2852 2024 2900 ucraque
2043 2850 2162 2898 parte

1125 2917 1329 2969 eliquatus,
1350 2913 1501 2956 sibimet
1531 2913 1703 2965 imputat
1734 2911 1898 2951 illorum
1928 2913 1964 2951 et
1982 2919 2162 2954 reveren-

1126 2980 1224 3019 tiam
1241 2982 1277 3018 et
1290 2980 1564 3029 contemptum.
1584 2976 1717 3014 Potest
1726 2972 1803 3012 1100
1816 2971 2013 3012 declarari
2024 2982 2160 3011 exem-

1125 3039 1194 3092 plo
1211 3039 1340 3079 latrice
1354 3068 1368 3088 ,
1389 3050 1479 3090 quae
1499 3037 1643 3078 eadem
1662 3036 1707 3075 in
1727 3034 1934 3074 Christum
1954 3037 1995 3073 et
2013 3031 2161 3082 imagi-

1125 3113 1222 3144 nem
1253 3102 1340 3153 ejus
1370 3100 1501 3140 fertur
1520 3113 1532 3149 3
1552 3099 1649 3152 quia
1682 3097 1864 3137 Christus
1897 3096 1942 3135 in
1976 3094 2161 3144 imagine

1125 3163 1334 3212 adoratur,
1352 3167 1394 3202 et
1410 3161 1462 3201 ob
1481 3161 1669 3201 eamdem
1687 3158 1838 3199 Christi
1856 3156 2157 3203 excellentiam,

1125 3225 1261 3276 imago
1284 3224 1431 3264 Christi
1455 3224 1711 3263 coadoratur.

1179 3288 1243 3326 15.
1259 3286 1592 3332 Adauotoritates
1605 3284 1885 3336 significantes
1897 3279 2158 3333 Superiorem

1124 3360 1203 3390 non
1221 3360 1301 3390 esso
1329 3348 1583 3400 eoyicandum
1617 3350 1663 3387 ut
1698 3346 1828 3391 errori
1861 3343 2083 3384 obnoxium.
2102 3355 2158 3369 -

1124 3411 1263 3462 Neque
1281 3409 1406 3450 etiam
1422 3409 1494 3461 qui
1512 3410 1571 3450 sio
1603 3407 1758 3456 obedit,
1775 3406 1935 3458 judicat
1951 3405 2023 3443 aut
2052 3398 2158 3439 exis-

1125 3473 1245 3517 timat
1259 3483 1342 3512 non
1357 3483 1474 3523 posse
1487 3470 1620 3522 decipi
1635 3473 1709 3510 aut
1725 3478 1865 3508 errare
1881 3462 2156 3515 superiorem.

1125 3534 1194 3574 vel
1211 3546 1263 3574 ex
1278 3534 1528 3585 ignorantia,
1549 3532 1615 3572 vel
1647 3543 1700 3572 ex
1724 3528 1898 3574 malitia,
1917 3523 2023 3564 nihil
2042 3522 2158 3562 enim

1124 3593 1275 3634 horum
1304 3595 1356 3634 ed
1379 3595 1619 3647 praedictam
1637 3587 2007 3632 considerationem
2034 3582 2157 3624 intel-

1124 3654 1256 3700 lectus
1273 3652 1551 3700 necessarium
1567 3658 1645 3705 est,
1664 3661 1800 3706 neque
1819 3660 1848 3690 0
1870 3647 2006 3690 citatis
2020 3649 2158 3688 sucto-

1599 3741 1614 3769 θ’
