2352 3880
143 301 197 330 An
210 296 318 331 etiarn
328 296 462 354 ‘ligetur
477 293 620 338 legibus
634 301 659 329 a
668 300 710 330 se
719 291 889 334 conditis,
902 290 935 327 si
947 298 1010 327 eas
1021 293 1134 337 possit

99 345 313 439 Ρὲἒοῖξῖιῗέ
326 347 509 439 Igleneralis
521 394 705 430 societatis
726 396 919 437 perpetuus
931 394 1005 435 est;
1021 392 1133 436 idque

142 447 296 481 maxime
321 446 487 480 societati
515 445 738 480 conveniens
757 453 846 487 esse,
876 447 920 479 tr.
946 446 1000 487 10,
1024 443 1051 478 l.
1077 447 1131 485 1ο,

140 499 350 580 3ot²estatem
368 545 477 580 habet
490 544 734 580 constituendi
750 544 913 590 reliquos
928 543 1134 588 superiores

140 595 325 629 societatis
339 595 409 629 sibi
426 595 632 636 inferiores,
645 604 676 629 c.
690 600 721 629 3.

140 644 264 679 Utrum
282 645 393 688 possit
413 645 508 679 banc
533 649 740 688 potestatem
758 645 860 680 alteri
882 644 1066 688 delegare;
1083 651 1132 679 an

138 703 204 777 ¹pler
223 703 262 729 se
284 696 405 739 ipsum
419 695 544 731 saltem
572 696 812 738 provinciales
829 695 957 730 debeat
985 694 1129 737 eligere,

138 771 277 833 Quanta
297 797 334 828 et
351 767 470 837 qualis
487 794 534 828 sit
558 795 637 837 ejus
657 798 811 837 potestas
832 793 872 826 in
897 800 983 827 suos
1004 791 1134 827 subdi-

137 846 205 885 tos,
225 847 260 878 et
275 844 322 878 ad
344 852 436 887 quos
454 845 636 888 praecipue
658 848 757 878 actus
774 842 995 882 extendatur,
1010 850 1041 877 c.
1058 845 1090 876 ⁴.

96 891 222 927 Utrum
240 894 318 928 haec
335 898 491 937 potestas
509 894 542 929 ei
561 894 767 928 conferatur
784 893 991 926 immediate
1006 901 1028 927 a
1042 892 1135 927 Con·

137 944 344 986 gregatione
362 944 521 987 generali
548 953 570 979 a
597 953 669 987 qua
694 943 858 987 eligitur;
881 951 928 978 an
947 952 969 977 a
986 943 1134 978 Summo

137 993 321 1035 Pontifice,
338 994 390 1028 ib.

136 1043 260 1099 Utrum
285 1043 522 1087 congregatio
540 1042 721 1085 generalis
740 1050 820 1077 eam
846 1042 959 1086 possit
986 1042 1133 1077 restrin-

94 1093 309 1186 Prffipgsilttbis
327 1143 511 1178 Generalis
527 1143 712 1177 societatis
734 1145 849 1185 potest
862 1142 1016 1177 condere
1031 1141 1132 1177 ordi·

138 1194 304 1227 nationes
326 1201 537 1227 communes
554 1193 617 1227 toti
644 1192 826 1235 religioni,
846 1196 882 1226 et
902 1201 1010 1234 quem
1029 1192 1134 1234 vigo-

137 1252 213 1277 rem
242 1247 280 1277 et
301 1243 533 1277 stabilitatem
564 1244 721 1277 habeant
751 1247 894 1278 mortuo
922 1242 1109 1277 conditore
1122 1270 1134 1284 ,

137 1300 169 1325 c.
186 1295 239 1325 14.

135 1342 247 1375 Habet
265 1344 474 1385 potestatem
499 1342 760 1384 interpretandi
775 1342 1055 1377 constitutiones
1067 1343 1134 1377 So·

136 1392 296 1434 cietatis;
316 1396 351 1426 et
366 1397 543 1434 quantum
566 1394 682 1427 valeat
705 1394 783 1435 ejus
802 1394 1058 1436 interpretatio,
1083 1394 1132 1428 ib.

94 1442 307 1485 Praepositus
324 1444 504 1485 generalis
521 1444 706 1478 societatis
726 1453 834 1486 quam
850 1448 1057 1487 potestatem
1075 1445 1136 1478 ha-

135 1492 218 1526 beat
243 1493 289 1526 ad
316 1492 550 1527 dimittendos
578 1494 769 1536 professos,
792 1495 849 1528 vel
874 1495 928 1530 eis
954 1494 1136 1529 licentiam

136 1543 407 1625 concedendam
434 1544 481 1578 ad
508 1544 698 1579 transitum
726 1544 773 1580 ad
802 1544 892 1580 alias
919 1545 1134 1588 religiones,

153 1618 161 1624 .
180 1594 235 1634 11,
254 1600 287 1627 c.
305 1596 337 1624 Β.

94 1642 218 1675 Utrum
246 1642 454 1685 hujusmodi
483 1647 636 1686 potestas
657 1644 704 1679 ad
725 1644 976 1679 dimissionem
995 1644 1135 1687 profes-

135 1700 258 1726 sorum
281 1692 430 1726 limitari
459 1695 516 1727 vel
539 1694 714 1729 reservari
742 1694 855 1737 possit
880 1702 904 1730 a
929 1695 1135 1737 congrega·

137 1741 235 1776 tione
253 1743 427 1784 generali,
451 1743 499 1776 ib.

96 1791 187 1832 Quid
209 1793 321 1834 possit
342 1793 521 1834 generalis
542 1793 729 1827 societatis
751 1793 790 1827 in
822 1792 1136 1829 administratione

136 1841 316 1878 bonorum
338 1843 538 1885 societatis,
556 1844 641 1877 vide
654 1843 846 1883 Alienatio,
870 1846 907 1884 et
920 1843 1030 1878 Bona.

547 1928 684 1954 GRADUS.

97 1991 235 2026 Gradus
255 1991 295 2026 in
317 1992 503 2033 societate,
524 1995 672 2035 quando
688 1997 723 2028 et
741 1995 808 2028 sub
830 2003 902 2037 qua
916 1991 1136 2036 obligatione

138 2042 379 2084 acceptandus
391 2051 413 2077 a
429 2043 608 2085 religiosis
627 2051 701 2077 non
727 2044 911 2086 professis,
928 2046 974 2078 tr.
985 2046 1038 2085 1ο,
1061 2042 1087 2078 Ι.
1100 2045 1138 2086 ι,

139 2099 172 2125 c.
194 2094 247 2124 17.

96 2139 185 2175 Vide
206 2141 410 2176 promissio.

97 2187 234 2226 Gradus
249 2200 484 2233 personarum
499 2192 685 2226 societatis
699 2195 788 2235 quot
801 2192 885 2234 sint,
900 2196 937 2228 et
948 2199 1031 2236 quae
1044 2192 1137 2226 inter

91 2256 93 2259 ·
140 2242 222 2276 illos
241 2241 439 2285 distinctio,
462 2243 487 2276 l.
506 2245 538 2283 7,
559 2251 589 2275 c.
609 2245 639 2276 4.

97 2290 234 2327 Gradus
253 2292 431 2335 litterarii,
454 2295 495 2326 ut
508 2293 724 2332 doctoratus,
744 2295 827 2334 etc..
845 2292 930 2326 vide
949 2291 1085 2328 Studia.

553 2377 684 2402 oliuu.

95 2438 186 2472 Cum
203 2439 296 2473 Deus
312 2442 407 2474 certo
430 2439 540 2474 alicui
564 2439 768 2474 ministerio
787 2439 947 2482 aliquem
969 2439 1136 2480 destinat,

137 2489 289 2532 gratiam
299 2489 490 2531 specialem
504 2493 538 2523 et
551 2490 858 2524 accommodatam
873 2489 991 2523 adtale
1005 2489 1136 2523 minis·

138 2539 268 2572 terium
292 2539 443 2578 confert,
467 2543 507 2572 tr.
527 2542 578 2576 10,
601 2539 624 2572 l.
642 2542 674 2580 1,
695 2547 727 2572 c.
745 2544 775 2572 6.

96 2585 214 2621 Gratia
228 2596 249 2621 a
261 2588 431 2622 Pontifice
449 2593 547 2622 motu
568 2589 715 2631 proprio
729 2597 910 2629 concessa,
927 2588 1139 2631 subreptitia

138 2639 278 2673 censeri
298 2647 373 2673 non
396 2643 522 2682 potest,
546 2640 568 2673 1.
590 2644 623 2679 3.
643 2648 675 2674 c.
692 2643 725 2674 4.

409 2723 709 2750 cnmotuoxrnnsss
728 2723 832 2751 onnon

99 2783 434 2867 Grangimontensis
455 2789 598 2824 ordinis
619 2790 792 2824 fundator
811 2789 917 2832 quis,
941 2792 987 2824 tr.
1001 2792 1038 2832 9,
1055 2789 1080 2824 t.
1102 2792 1139 2832 2,

141 2842 172 2868 c.
218 2859 226 2867 .

100 2882 251 2924 Quando
267 2887 431 2929 coeperit,
453 2891 489 2921 et
508 2887 577 2922 sub
598 2897 671 2930 qua
686 2888 825 2931 regula,
845 2896 880 2923 c.
895 2892 930 2924 2.

424 2971 453 2995 β.
475 2972 656 2997 GHEGORIUS
677 2973 819 2998 MAGNUS.

102 3034 136 3068 s.
155 3034 344 3079 Gregorius
357 3036 504 3080 Magnus
519 3046 567 3072 an
588 3039 699 3073 fuerit
716 3039 918 3074 monachus
933 3038 1139 3074 Benedicti-

142 3092 225 3128 uus,
242 3085 293 3120 ib.

478 3144 508 3171 S.
528 3145 756 3172 (inmusulus.

102 3207 138 3244 S.
168 3210 395 3245 Guillielmus
424 3219 471 3246 an
509 3211 620 3246 suerit
657 3212 872 3247 reformator
906 3213 1138 3248 eremitarum

142 3260 221 3295 Divi
242 3262 445 3304 Augustini,
466 3266 510 3297 tr.
531 3265 565 3305 9,
585 3263 611 3296 l.
626 3266 646 3296 2
663 3270 697 3298 c.
711 3264 749 3298 9.

103 3310 155 3344 An
177 3319 285 3346 verus
300 3311 502 3354 religiosus,
523 3313 579 3351 ib.

552 3518 705 3552 HAtm

106 3582 254 3677 nabiter,
278 3588 505 3625 nionacbalis
526 3589 784 3633 antiquitastsset
807 3594 928 3630 causa,
947 3590 994 3622 tr.
1010 3589 1045 3629 c,
1060 3585 1087 3622 Ι.
1105 3590 1142 3629 ι,

149 3643 184 3670 e.

1012 223 1140 267 max
1159 227 1311 267 nusum.

1183 293 1352 328 Habitum
1372 295 1448 323 suae
1468 286 1657 332 religionis
1676 287 1866 332 proprium
1886 295 1964 327 non
1988 293 2127 327 mutare
2146 290 2218 329 snb

1226 339 1367 377 mortali
1388 338 1546 382 religiosi
1566 341 1747 380 tenentur,
1770 338 1822 373 ib.

1183 390 1298 435 quue
1321 398 1365 424 ex
1388 390 1468 433 jure
1495 389 1693 433 praesertim
1711 387 1887 431 positivo;
1909 390 1947 424 et
1965 390 2149 433 quodnam
2169 389 2219 426 sit

1228 444 1296 476 hoc
1310 442 1380 483 jus,
1398 439 1448 474 ib.

1183 491 1302 528 Potest
1322 495 1441 524 tamen
1466 490 1544 523 baec
1563 489 1714 524 mutatio
1737 489 1880 524 habitus
1902 497 1980 524 esse
1999 489 2151 525 venialis
2173 498 2219 526 ex

1228 541 1369 576 levitate
1396 539 1555 575 materiae
1578 548 1589 583 ;
1617 543 1654 574 et
1676 546 1760 582 quae
1787 538 1835 573 sit
1858 539 2040 574 censenda
2069 540 2218 575 materis

1227 592 1329 632 levis,
1353 590 1402 624 ib.
2091 590 2094 594 ’

1183 641 1286 684 Quod
1304 642 1490 684 peccatum
1509 638 1558 674 sit
1573 641 1710 682 partem
1727 641 1868 674 tantum
1890 637 2035 673 habitus
2054 640 2219 682 mutare,

1229 692 1277 725 ib.

1186 741 1337 783 Quando
1356 742 1545 774 censeatur
1565 739 1648 782 quis
1666 737 1884 773 sufficienter
1907 738 2071 772 habitum
2094 737 2222 772 dimit·

1229 795 1314 832 tere,
1338 790 1384 824 ad
1398 789 1562 824 effectum
1577 789 1788 824 incurrendi
1808 797 1998 824 censuram
2013 788 2221 824 dimissioni

1230 849 1421 882 annexam,
1443 841 1465 874 l.
1488 843 1519 882 3,
1537 848 1568 874 c.
1586 843 1618 874 1.

1186 891 1353 927 Habitum
1378 891 1566 933 proprium
1592 898 1667 924 suae
1694 889 1885 932 religionis
1907 888 2086 923 occultare
2107 887 2222 924 alium

1230 941 1540 984 superinduendo,
1562 943 1747 984 peccatum
1766 938 1916 974 mortale
1934 945 2010 974 non
2024 940 2078 972 est
2096 945 2141 973 ex
2153 937 2222 974 ob·

1228 993 1334 1034 jecto,
1358 991 1382 1026 l.
1398 994 1429 1031 1,
1454 999 1484 1024 c.
1503 994 1535 1025 5.

1185 1041 1353 1078 Habitum
1369 1041 1578 1083 religiosum
1590 1042 1728 1074 mutare
1741 1039 1789 1074 ad
1802 1042 1944 1082 tempus
1956 1045 2000 1072 ex
2009 1037 2104 1080 justa
2116 1042 2223 1074 causa

1229 1093 1367 1126 licitum
1390 1095 1454 1131 est,
1477 1091 1527 1124 ib.

1185 1140 1249 1178 Vel
1271 1143 1379 1176 etiam
1400 1150 1444 1176 ex
1465 1139 1714 1183 dispositione,
1737 1145 1848 1182 quam
1866 1141 1989 1174 tamen
2009 1136 2109 1173 solus
2127 1136 2225 1182 Papo

1229 1191 1361 1226 directe
1381 1194 1494 1234 potest
1515 1190 1724 1231 concedere,
1749 1189 1799 1222 ib.

1185 1240 1315 1277 Habitu
1331 1250 1368 1275 se
1388 1242 1526 1275 nudare
1544 1248 1618 1273 non
1638 1243 1691 1273 est
1710 1238 1934 1281 prohibitum
1951 1236 2129 1279 religiosis
2142 1236 2224 1278 iure

1229 1291 1413 1326 communi
1428 1294 1489 1324 aut
1505 1289 1673 1330 naturali,
1689 1289 1753 1322 sed
1770 1293 1910 1322 tantum
1924 1295 1968 1321 ex
1981 1285 2154 1331 peculiari
2170 1294 2225 1321 re·

1229 1342 1313 1384 gula
1331 1340 1553 1383 prohibitum
1571 1348 1647 1372 esse
1664 1342 1788 1381 potest,
1808 1338 1857 1371 ib.

1186 1390 1353 1427 Habitum
1370 1390 1577 1432 religiosum
1592 1389 1777 1422 dimittens
1794 1388 1888 1422 intra
1902 1389 2000 1430 septa
2014 1385 2223 1421 monasterii

1231 1449 1306 1476 non
1341 1439 1494 1474 incurrit
1520 1438 1956 1479 excommunicationem,
1981 1437 2099 1472 donec
2127 1440 2226 1473 extra

1231 1490 1489 1525 monasterium
1505 1489 1631 1523 habitu
1649 1488 1815 1522 dimissio
1833 1488 1973 1526 existat,
1987 1488 2011 1521 l.
2029 1491 2061 1528 5,
2083 1494 2116 1522 c.
2131 1490 2164 1522 1.

1189 1541 1357 1577 Habitum
1379 1540 1533 1582 aliquus
1551 1538 1740 1581 religionis
1755 1538 1862 1572 etiam
1878 1547 1941 1580 per
1954 1546 2068 1572 unum
2087 1540 2227 1572 tantum

1232 1591 1330 1626 diem
1344 1589 1590 1631 assumpsisse,
1610 1591 1663 1622 est
1680 1588 1978 1630 impedimentum
1994 1587 2227 1622 substantiale

1232 1642 1279 1675 ad
1293 1640 1571 1683 ingrediendum
1587 1638 1626 1672 in
1641 1638 1866 1679 Societatem,
1880 1641 1916 1672 et
1928 1645 2040 1680 quare
2055 1637 2105 1671 ita
2118 1637 2229 1672 suerit

1234 1691 1450 1730 institutum,
1475 1693 1517 1723 tr.
1538 1692 1592 1729 10,
1612 1688 1637 1722 1.
1658 1691 1691 1729 2,
1714 1696 1745 1721 c.
1761 1691 1791 1721 1.

1190 1740 1359 1775 Habitum
1382 1739 1603 1782 peculiarem
1625 1746 1690 1772 cur
1711 1737 1869 1772 Societas
1891 1744 1966 1771 non
1991 1735 2132 1777 habeat,
2154 1735 2228 1770 nisi

1232 1791 1350 1824 solum
1363 1789 1579 1830 clericalem,
1595 1795 1714 1830 neque
1729 1788 1766 1822 id
1784 1795 1861 1822 esse
1874 1786 2154 1830 reprehensione
2169 1786 2229 1820 di·

1231 1849 1357 1883 gnum,
1381 1840 1406 1881 l,
1423 1843 1454 1881 1,
1470 1848 1500 1873 c.
1520 1842 1549 1871 5.

1190 1891 1301 1925 Debet
1318 1895 1438 1924 tamen
1459 1889 1602 1923 habitus
1618 1886 1804 1922 societatis
1816 1886 1863 1920 ad
1876 1894 1984 1921 usum
1997 1885 2083 1929 loci,
2100 1884 2141 1919 in
2155 1891 2229 1928 quo

1234 1941 1380 1979 vivitur,
1401 1948 1476 1973 esse
1493 1938 1794 1977 accommodatus,
1813 1936 1863 1969 ib.

1189 1989 1357 2024 Habitum
1378 1993 1562 2023 austerum
1580 1991 1617 2021 et
1632 1994 1800 2029 asperum
1817 1992 1884 2019 cur
1897 1983 2055 2019 Societas
2068 1989 2144 2018 non
2160 1982 2228 2018 ha·

1234 2040 1326 2079 beat,
1349 2046 1380 2073 c.
1397 2041 1430 2071 9.

1190 2089 1339 2124 Habitus
1358 2087 1535 2129 decentia,
1558 2089 1597 2122 et
1618 2083 1802 2122 munditia
1822 2082 1943 2126 qualis
1959 2085 2137 2126 competat
2153 2082 2229 2119 cle·

1235 2139 1309 2174 rico
1325 2138 1507 2181 religioso,
1523 2137 1574 2172 ib.

1192 2189 1283 2224 Vide
1303 2191 1481 2231 apostata.

1633 2259 1787 2288 agnosio.

1193 2335 1378 2372 Absolutio
1396 2335 1443 2369 ab
1458 2335 1583 2369 haeresi
1602 2338 1723 2369 utrum
1739 2334 2063 2377 comprehendatur
2077 2333 2146 2369 sub
2163 2340 2232 2378 geo,

1238 2386 1350 2420 nerali
1382 2386 1541 2420 clausula
1570 2385 1781 2419 absolvendi
1813 2385 1858 2419 ab
1889 2385 2060 2420 omnibus
2085 2385 2230 2420 casibus

1232 2437 1342 2471 Bullae
1362 2437 1494 2475 Coenae.
1513 2440 1557 2470 tr.
1571 2438 1625 2477 10,
1644 2435 1668 2468 l.
1688 2439 1721 2477 9,
1738 2442 1768 2468 c.
1783 2438 1816 2469 2.

1190 2486 1244 2522 Ab
1261 2486 1385 2520 haeresi
1400 2486 1583 2519 absolvere
1600 2488 1713 2528 potest
1725 2483 1908 2519 Generalis
1919 2484 2114 2525 societatis,
2127 2492 2228 2519 eam-

1234 2545 1304 2578 que
1334 2540 1542 2580 potestatem
1570 2535 1756 2577 aliquibus
1783 2534 1955 2578 professis
1981 2535 2203 2569 committere
2216 2547 2233 2576 ,-

1236 2586 1284 2620 ib.

1192 2637 1416 2678 Quibusnam
1440 2643 1520 2669 eam
1542 2634 1752 2677 committat,
1773 2636 1810 2669 et
1828 2642 1903 2678 qua
1922 2634 2167 2669 moderatione
2184 2640 2229 2668 ea

1236 2687 1409 2721 utendum
1432 2685 1490 2726 sit,
1515 2684 1565 2720 ib.

1191 2737 1281 2772 Vide
1297 2737 1398 2771 Bulla
1415 2737 1549 2771 Goenae.

1511 2819 1799 2844 niuotwutunun
1819 2817 1918 2845 OBDO.

1192 2883 1518 2925 Hieronymitarum
1539 2880 1681 2916 ordinis
1701 2880 1817 2924 origo,
1840 2879 1964 2923 regula
1983 2884 2019 2915 et
2040 2879 2226 2924 perfectio,

1234 2937 1278 2967 tr.
1292 2933 1363 2973 9,1.
1381 2934 1413 2971 2,
1433 2939 1464 2965 c.
1482 2935 1513 2964 5.

1192 2984 1263 3017 Cur
1278 2983 1355 3015 haec
1370 2981 1498 3023 religio
1511 2980 1626 3015 sancti
1642 2979 1848 3022 Hieronymi
1868 2982 2110 3023 nuncupetur,
2133 2977 2186 3023 ib.

1191 3032 1277 3075 Ejus
1294 3040 1501 3075 progressus
1520 3031 1558 3064 in
1578 3030 1748 3072 Hispania
1764 3034 1798 3063 et
1810 3030 2010 3071 Lusitania,
2031 3030 2080 3064 ib.

1191 3083 1330 3118 Similis
1347 3083 1436 3117 ordo
1458 3083 1495 3116 D.
1515 3082 1720 3123 Hieronymi
1740 3081 1778 3114 in
1794 3081 1894 3116 Italia
1907 3081 1975 3118 sub
1994 3081 2138 3116 diverso
2156 3078 2225 3115 Ge·-

1234 3133 1370 3174 nerali;
1389 3137 1423 3167 et
1437 3133 1520 3176 quis
1533 3133 1612 3175 eJus
1627 3132 1820 3171 institutor,
1845 3132 1895 3166 ib.

1190 3183 1279 3220 Aliae
1302 3184 1459 3226 denique
1481 3183 1776 3225 congregationes
1798 3182 1838 3217 in
1855 3181 1957 3216 italia
1975 3180 2137 3224 ejusdem
2155 3187 2224 3215 no-

1234 3234 1357 3277 minis,
1372 3234 1436 3268 sed
1450 3241 1525 3269 non
1541 3233 1708 3273 instituti,
1725 3232 1775 3267 ib.

1604 3316 1814 3345 nomentum.

1193 3385 1448 3426 Homicidium,
1470 3393 1531 3426 an,
1556 3383 1739 3427 quomodo
1762 3386 1797 3416 et
1817 3381 1964 3425 quando
1984 3379 2232 3424 impedienti-⁷
2296 3399 2298 3403 ,

1234 3444 1397 3479 gressum
1415 3435 1454 3470 in
1469 3433 1693 3469 Societatem.
1715 3432 1804 3466 Vide
1822 3431 2132 3475 impedimentum.

1654 3517 1778 3544 BONOR-

1192 3585 1375 3621 Honorum
1390 3586 1625 3627 contemptus,
1636 3576 1811 3625 quantum
1825 3583 1860 3616 et
1872 3588 1944 3624 qua
1955 3575 2146 3615 rationein
2155 3575 2223 3612 So-
2246 3619 2250 3625 ¹

1235 3636 1362 3671 cietate
1382 3637 1605 3679 procuretur,
1622 3636 1668 3667 tr.
1682 3635 1736 3674 1⁰,
1751 3631 1778 3666 l.
1793 3634 1827 3672 8,
1842 3637 1877 3673 c,
1888 3632 1923 3664 9.
2247 3632 2249 3635 ’
