2352 3880
122 286 233 330 '1190

167 361 205 391 et
241 353 484 399 imperfectior
510 350 724 395 plerumque
755 347 809 382 est
829 352 939 389 quam
965 344 1152 388 paucitas,

167 407 372 446 tr.10,l.2,
386 412 418 437 c.
435 407 468 437 2.

166 457 256 490 Vide
266 457 412 488 Rarum.

581 531 702 558 {DRUS-

127 606 214 638 Cum
229 605 321 637 Deus
342 601 496 645 speciale
517 599 626 634 alicui
646 607 780 632 munus
798 597 948 638 confert,
964 594 1155 640 specialem

166 653 275 687 simul
291 652 442 695 gratiam
468 651 579 686 donat
597 649 643 683 ad
668 648 759 682 illud
786 646 1021 689 implendum,
1041 649 1086 680 tr.
1101 648 1154 682 1⁰.

168 702 192 736 l.
206 706 237 745 1,
253 710 284 736 c.
301 706 334 736 6.

624 802 664 855 N

539 922 746 950 amorium·

129 1001 327 1045 Negoiiatio
358 998 537 1042 religiosis
564 1006 637 1031 non
678 994 860 1038 prohibita
886 995 1053 1038 quaenam
1097 992 1157 1042 sit,

167 1055 210 1087 tr.
227 1055 279 1091 10,
296 1051 366 1092 1.9,
383 1059 414 1084 c.
433 1053 465 1082 8.

549 1122 727 1146 nomnium

125 1186 214 1220 Vide
237 1184 391 1217 Crimen.

473 1250 610 1281 novius
630 1249 810 1282 noenum.

125 1314 214 1348 Vide
231 1312 414 1347 Doctrina.

420 1384 621 1416 sovimrus,
639 1384 679 1409 m·
693 1383 855 1409 novmns.

163 1443 250 1476 nitii
282 1447 330 1478 'an
366 1441 572 1483 obligentur
604 1442 790 1484 praeceptis
820 1441 1051 1477 Praelatorum
1070 1439 1158 1478 reli-

164 1493 294 1536 gionis,
318 1495 363 1525 tr.
381 1495 412 1532 8,
437 1491 460 1524 l.
483 1495 514 1533 2,
539 1500 568 1525 c.
591 1496 622 1525 8.

121 1545 209 1578 Cum
242 1541 389 1575 novitiis
411 1550 457 1574 an
482 1545 517 1574 et
546 1541 584 1574 in
617 1540 750 1583 quibus
784 1540 993 1581 dispensare
1022 1538 1166 1581 possint

162 1591 300 1626 Praelati
319 1591 519 1633 religionis,
545 1590 694 1624 seclusis
711 1589 923 1631 privilegiis,
941 1596 971 1622 c.
991 1590 1042 1621 110.

122 1645 176 1681 An
201 1643 342 1685 possint
357 1651 439 1675 cum
453 1642 506 1674 eis
523 1641 731 1683 dispensare
752 1640 790 1673 in
815 1638 1016 1672 interstitiis
1038 1637 1083 1672 ad
1098 1637 1162 1671 Or·

164 1693 284 1734 dines,
304 1696 365 1726 aut
383 1696 422 1726 ut
440 1692 655 1725 ordinentur
674 1695 770 1723 extra
792 1694 952 1732 tempora
968 1697 1033 1731 per
1051 1689 1164 1730 parti—

164 1743 286 1776 culare
302 1742 533 1785 privilegium
549 1741 647 1783 quod
666 1741 802 1774 habent
816 1740 863 1774 ad
881 1739 1165 1782 dispensandum

165 1792 203 1826 in
225 1794 292 1826 hoc
311 1801 394 1826 cum
414 1792 489 1825 suis
505 1791 696 1834 religiosis,
720 1791 769 1824 ib.

122 1842 253 1877 Novitii
284 1851 330 1876 an
358 1842 519 1876 ordinari
550 1841 689 1883 possint
715 1849 735 1874 a
761 1838 918 1874 Praelatis
940 1837 1165 1881 regularibus

165 1892 383 1926 habentibus
403 1895 612 1933 potestatem
632 1891 677 1924 ad
695 1891 836 1932 aliquos
857 1889 1004 1925 ordines
1022 1888 1097 1923 suis
1111 1896 1167 1922 re·

166 1942 309 1984 ligiosis
332 1942 587 1983 conferendos,
610 1950 642 1975 c.
659 1945 714 1974 29.

123 1992 257 2027 Novitii
283 1993 446 2026 confiteri
472 1996 619 2035 possunt
642 1991 816 2025 sacerdoti
842 1989 996 2032 regulari
1020 1989 1167 2022 habenti

163 2043 455 2086 jurisdictionem
478 2051 498 2075 a
526 2043 672 2076 Summo
695 2041 877 2078 pontifice,
908 2039 978 2072 nisi
1003 2039 1084 2072 talis
1110 2046 1168 2071 sa—

165 2093 292 2125 cerdos
309 2101 388 2125 eam
403 2092 692 2133 jurisdictionem
708 2100 729 2123 a
741 2091 817 2124 suis
829 2089 986 2122 praelatis
1006 2096 1170 2130 expresse

164 2141 419 2175 limitationem
430 2143 569 2181 habeat,
581 2150 625 2174 ne
637 2141 681 2174 ad
691 2140 846 2174 novitios
853 2139 1167 2177 extendatur,c.17.

124 2190 203 2225 Non
234 2195 352 2224 tamen
377 2191 539 2224 coutiteri
565 2195 735 2232 possunt,
763 2190 863 2231 juxta
886 2187 1168 2230 probabiliorem

168 2242 407 2281 sententiam,
432 2241 607 2275 sacerdoti
632 2240 776 2274 habenti
801 2240 917 2273 solum
943 2238 1168 2280 Jurisdictio-

166 2298 248 2323 nem
269 2291 530 2333 Episcopalem,
563 2291 638 2325 sive
665 2290 899 2329 ordinariam,
925 2289 999 2322 sive
1022 2288 1168 2331 delega-

165 2342 251 2379 tam,
274 2340 322 2372 ib.

123 2389 253 2422 Novitii
272 2398 291 2421 a
307 2397 379 2430 quo
394 2388 532 2431 possint
547 2389 684 2422 absolvi
700 2389 744 2422 de
763 2389 962 2428 reservatis,
990 2397 1019 2422 c.
1040 2390 1091 2421 19.

124 2438 254 2473 Novitii
270 2442 419 2480 possunt
435 2437 571 2472 absolvi
588 2447 652 2481 per
666 2438 876 2479 Superiores
892 2446 965 2471 suae
982 2437 1170 2480 religionis

167 2488 212 2521 ab
230 2488 400 2521 omnibus
417 2488 571 2529 casibus,
597 2488 760 2521 censuris
781 2491 815 2521 et
834 2487 954 2530 poenis
973 2488 1171 2523 pontificiis

168 2541 251 2570 ante
267 2537 324 2571 vel
340 2541 417 2578 post
433 2537 634 2579 ingressum
655 2537 871 2578 commissis,
891 2546 922 2571 c.
938 2540 991 2570 24.

126 2588 179 2622 An
196 2594 239 2619 ea
257 2586 435 2620 absolutio
451 2587 571 2628 quoad
591 2584 763 2621 censuras
781 2588 886 2621 delur
901 2587 947 2621 ad
967 2586 1172 2621 reinciden-

169 2635 266 2675 tiam,
290 2635 320 2668 si
341 2636 555 2677 religionem
578 2641 700 2678 postea
722 2640 785 2671 aut
806 2644 882 2674 non
904 2637 1171 2679 ingrediantur,

167 2688 229 2718 aut
244 2692 318 2718 non
335 2685 581 2726 profiteantur,
610 2685 660 2719 ib.

127 2733 358 2776 Explicantur
381 2736 452 2769 <luo
479 2736 669 2778 privilegia
695 2743 759 2778 per
788 2742 870 2777 quae
896 2733 1025 2768 novitii
1053 2742 1074 2768 a
1096 2733 1172 2769 suis

168 2784 422 2825 Superioribus
437 2785 576 2819 absolvi
597 2789 631 2819 et
650 2785 853 2827 dispensari
871 2787 1032 2826 possunt,
1058 2783 1107 2817 ib.

128 2833 260 2871 Novitii
275 2835 574 2875 mendicantium,
600 2845 671 2878 qua
688 2836 827 2870 ratione
843 2835 955 2868 semel
974 2835 1012 2868 in
1032 2835 1118 2874 vita,
1137 2836 1171 2870 et

171 2882 303 2916 iterum
320 2883 358 2916 in
374 2889 488 2918 morte
507 2886 644 2920 absolvi
664 2886 803 2929 possint
823 2885 868 2919 ab
886 2885 1056 2918 omnibus
1075 2885 1169 2918 casi-

169 2931 252 2973 bus,
270 2936 303 2965 et
317 2941 425 2973 quam
441 2939 526 2968 tunc
542 2935 807 2978 indulgentiam
823 2935 997 2977 consequi
1012 2935 1166 2977 valeant,

173 2982 255 3016 vide
273 2982 493 3015 Mendicans.

131 3026 291 3066 Novitius
310 3031 432 3064 animo
455 3030 537 3065 ficto
559 3031 776 3074 religionem
797 3032 1020 3075 ingrediens,
1043 3031 1081 3066 id
1103 3036 1166 3075 est,

173 3089 255 3114 cum
278 3080 539 3114 deliberatione
554 3090 627 3115 non
644 3082 896 3123 perseverandi
915 3083 953 3116 in
970 3091 1025 3122 ea,
1046 3087 1170 3125 peccat

171 3130 382 3169 mortaliter,
398 3133 610 3172 teneturque
623 3131 668 3164 ad
684 3131 922 3165 restituendas
936 3140 1121 3175 expensas,
1137 3135 1172 3167 et

173 3178 307 3213 damna
326 3178 513 3222 religionis
533 3179 618 3214 inde
638 3181 899 3223 provenientia,
923 3189 990 3215 nec
1005 3186 1171 3224 protunc

173 3229 335 3263 validum
351 3230 424 3272 agit
440 3229 668 3271 novitiatum,
688 3237 719 3263 c.
735 3233 766 3263 5.

135 3277 177 3312 At
203 3278 389 3321 probabile
415 3283 478 3321 est,
502 3279 532 3313 si
559 3284 682 3323 postea
706 3279 931 3322 propositum
951 3283 1076 3320 mutet,
1099 3280 1170 3314 tale

158 3342 162 3346 -
176 3329 400 3370 propositum
413 3328 613 3370 retrotrahi,
631 3328 862 3371 validamque
874 3328 1025 3363 evadere
1041 3330 1173 3372 proba-

176 3377 333 3420 tionem,
355 3378 404 3411 ib.

135 3426 266 3462 Novitii
281 3427 526 3470 subjiciuntur
543 3428 702 3462 Praelatis
715 3427 902 3470 religionis
919 3428 1039 3471 quoad
1055 3429 1170 3470 juris-

176 3474 374 3511 dictionem
392 3477 646 3520 voluntariam,
661 3481 696 3512 et
708 3485 784 3512 non
799 3476 914 3518 aliter,
937 3480 981 3512 tr.
999 3480 1052 3519 10,
1074 3478 1098 3511 l.
1114 3480 1166 3520 10,

177 3531 209 3557 c.
228 3529 257 3558 5.

136 3571 298 3608 novitius
315 3574 354 3607 in
379 3574 639 3610 favorabilibus
659 3577 759 3611 venit
783 3575 891 3611 etiam
914 3575 1062 3610 nomine
1082 3577 1169 3611 reli-

179 3621 283 3664 giosi,
306 3623 332 3657 1.
352 3627 383 3665 9,
408 3632 438 3658 c.
458 3627 489 3658 1.

141 3669 301 3707 Novitius
316 3673 501 3716 presbyter
517 3681 602 3709 cum
618 3674 695 3710 sola
715 3674 974 3719 approbatione
994 3674 1170 3712 ordinarii

1046 274 1176 314 mon
1192 276 1348 315 mm.

1245 339 1409 387 deputari
1429 340 1545 384 potest
1565 346 1588 375 a
1609 338 1866 384 superioribus
1875 338 2065 384 &ments
2077 339 2127 382 jd
2141 339 2235 376 eon-

1244 391 1419 427 ressiones
1431 389 1641 431 audiendas,
1656 397 1723 433 per
1733 389 1860 425 endan
1875 387 2066 433 privilegio
2074 396 2142 436 per
2151 395 2235 434 (με

1245 442 1363 478 caeteri
1385 441 1544 484 religiosi
1561 440 1713 484 professi
1729 441 1960 484 deputantur,
1977 439 2029 474 ib.

1204 492 1364 529 Novitius
1379 491 1564 525 societatis
1589 490 1772 534 quomodo
1794 490 1909 534 possit
1923 492 1962 525 et
1977 488 2106 525 debeat
2126 487 2236 527 ffl-

1249 547 1411 576 mentum
1428 542 1595 582 condere,
1613 541 1636 575 l.
1656 543 1687 582 Ιι,
1707 548 1738 575 c.
1753 543 1786 573 7.

1206 593 1368 629 Essentia
1400 591 1595 627 novitiatus
1619 590 1805 626 societatis
1829 588 1920 634 quid
1947 589 2120 633 includat,
2146 587 2174 624 t
2189 585 2238 633 Ι,

1250 651 1280 676 c.
1300 647 1328 674 5,

1207 692 1405 727 Novitiatus
1420 690 1604 724 societatis
1625 698 1688 733 per
1702 689 1883 732 integrum
1896 688 2088 723 biennium
2104 687 2242 724 durans

1251 742 1437 775 conforme
1450 743 1502 774 est
1515 743 1592 773 tum
1605 739 1836 782 antiquorum
1851 738 2100 782 religiosorum
2113 739 2247 782 probu-

1249 792 1421 831 tionibus,
1444 795 1519 824 tum
1536 789 1691 823 maxime
1710 789 1774 823 fini
1793 788 1990 830 societatis,
2011 797 2042 824 c.
2059 792 2092 824 ¹0.

1207 839 1250 879 Ut
1264 842 1345 884 quis
1363 840 1570 875 admittatur
1585 841 1630 874 ad
1647 839 1859 875 novitiatum
1876 839 2072 883 societatis,
2092 845 2174 875 non
2182 847 2247 876 no-

1251 891 1408 933 quiritur
1429 891 1607 933 susceptio
1627 890 1781 932 habitus,
1803 889 1865 924 sed
1886 893 2026 924 tantum
2043 890 2157 924 libera
2173 890 2244 926 Sn-

1250 941 1404 983 perioris
1419 941 1586 975 voluntas
1604 941 1706 974 illum
1722 939 1941 983 recipientis,
1965 939 2014 973 ib.

1208 989 1284 1024 Irno
1306 995 1400 1025 totus
1422 992 1617 1026 novitiatus
1636 999 1719 1026 cum
1737 991 1824 1026 solis
1848 990 2071 1026 secularibus
2087 988 2247 1026 vestibus

1252 1043 1401 1084 transigi
1419 1046 1544 1085 potest,
1569 1043 1618 1076 ib.

1207 1089 1453 1127 Necessarium
1474 1101 1549 1126 non
1574 1094 1626 1126 est
1644 1092 1824 1135 integrum
1846 1088 2037 1125 biennium
2055 1090 2248 1126 vovitiatus

1251 1141 1290 1175 in
1310 1142 1482 1175 societate
1506 1142 1552 1176 ad
1569 1143 1727 1176 valorem
1750 1140 2004 1184 professionis,
2035 1141 2099 1175 sed
2118 1140 2249 1175 sufficit

1250 1198 1347 1225 unus
1373 1196 1513 1224 tantum
1543 1200 1662 1226 annus
1696 1191 1880 1226 moraliter
1909 1199 1992 1225 cum
2025 1190 2257 1236 profession&

1253 1242 1499 1283 continuatus,
1525 1241 1573 1274 ib.

1206 1290 1275 1328 Per
1295 1293 1506 1326 dilationem
1529 1293 1765 1336 professionis
1789 1293 1827 1327 in
1851 1292 2023 1327 Societate
2042 1299 2117 1327 non
2137 1292 2250 1329 inter-

1252 1342 1431 1384 rumpitur
1447 1344 1630 1377 moraliter
1646 1343 1811 1385 probatio
1826 1343 2032 1384 novitiatus,
2051 1342 2102 1376 ib.

1211 1390 1340 1428 Raram
1360 1392 1490 1426 debere
1505 1402 1580 1426 esse
1595 1393 1903 1435 dispensationem
1926 1393 1965 1426 in
1983 1393 2078 1427 dicto
2097 1391 2250 1428 biennio

1253 1443 1460 1484 novitiatus,
1482 1447 1515 1476 et
1531 1444 1612 1485 quis
1634 1444 1742 1485 possit
1764 1452 1842 1476 eam
1865 1444 2075 1485 concedere,
2096 1443 2146 1477 ib.

1213 1494 1338 1529 Annus
1364 1493 1501 1534 integer
1528 1493 1723 1527 novitiatus
1744 1502 1790 1526 an
1808 1494 2014 1535 requiratur
2033 1495 2078 1527 ad
2094 1492 2251 1528 validam

1256 1543 1586 1586 incorporationem
1607 1544 1644 1577 in
1668 1543 1843 1586 religione
1869 1553 1933 1586 per
1956 1548 2038 1578 vota
2057 1543 2249 1586 simplicia,

1256 1594 1562 1635 quemadmodum
1578 1594 1774 1636 requiritur
1789 1594 1836 1628 ad
1849 1594 2047 1628 solemnem
2063 1594 2252 1637 professio-

1348 1668 1553 1685 ‚‚‚‚‚

1218 1693 1457 1727 Observantiae
1483 1695 1617 1736 quibus
1645 1692 1773 1729 novitii
1799 1691 1991 1728 societatis
2005 1694 2188 1735 juvantur,
2212 1695 2255 1728 ut

1260 1752 1342 1778 cum
1366 1745 1492 1786 majori
1520 1745 1682 1778 libertate
1710 1748 1745 1778 et
1768 1745 1896 1779 notitia
1923 1743 2075 1778 instituti
2099 1743 2145 1779 de
2162 1744 2254 1778 statu

1260 1803 1325 1828 suo
1340 1794 1551 1835 deliberent,
1577 1796 1598 1828 l.
1616 1798 1646 1834 Ξ,
1664 1803 1693 1828 c.
1711 1797 1743 1828 4.

1218 1843 1287 1878 Has
1301 1845 1545 1878 observantias
1561 1853 1635 1878 non
1655 1853 1731 1879 esse
1753 1843 2017 1880 substantiales.
2029 1845 2102 1882 ,sed
2116 1845 2257 1880 tantum

1261 1896 1514 1937 conducentes,
1536 1896 1587 1929 ib.

1220 1945 1458 1986 Experientiae
1493 1946 1626 1988 quibus
1655 1943 1783 1979 novitii
1815 1943 1998 1979 societatis
2027 1941 2257 1986 probantur,

1263 2002 1294 2027 c.
1313 1998 1342 2026 5.

1263 2045 1396 2077 Locum
1415 2047 1476 2077 aut
1495 2044 1642 2077 domurn
1656 2045 1855 2086 separatam
1872 2050 1936 2084 pro
1951 2041 2126 2076 novitiatu
2142 2043 2256 2086 magis

1264 2094 1432 2135 expedire
1453 2102 1535 2127 cum
1559 2093 1596 2126 in
1617 2093 1699 2127 aliis
1724 2092 1963 2134 religionibus
1978 2117 1986 2132 ,
2007 2095 2083 2125 tum
2100 2093 2256 2127 maxime

1264 2142 1302 2175 in
1320 2143 1506 2185 societate,
1529 2144 1578 2176 ib.

1262 2193 1348 2226 Vota
1374 2201 1454 2234 quae
1478 2191 1606 2227 novitii
1631 2190 1817 2225 societatis
1841 2190 1957 2225 solent
1981 2190 2156 2233 emittere,
2171 2189 2256 2228 vide

1262 2242 1403 2276 Votum.

1222 2292 1444 2326 Novitiorum
1464 2291 1648 2325 societatis
1665 2291 1774 2330 bona,
1789 2290 1873 2324 vide
1894 2290 2008 2324 Bona.

1265 2343 1330 2375 Pro
1346 2341 1493 2375 novitiis
1507 2340 1703 2380 societatis,
1720 2339 1803 2373 vide
1818 2339 1996 2373 Probatio.

1223 2393 1362 2427 Novitia
1378 2391 1547 2426 monialis
1561 2391 1670 2424 semel
1688 2389 1876 2433 egrediens
1892 2399 1934 2423 ex
1948 2397 2011 2423 suo
2025 2390 2255 2433 monasterio,

1265 2450 1312 2475 an
1337 2442 1575 2484 interrumpat
1588 2440 1645 2477 vel
1664 2440 1803 2475 amittat
1817 2439 2044 2482 noviomum,
2063 2441 2110 2474 tr.
2121 2441 2155 2482 8,
2175 2438 2201 2473 l.
2222 2442 2256 2483 ι,

1267 2499 1300 2526 c.
1319 2495 1353 2529 8.

1720 2593 1763 2648 Ο

1641 2715 1848 2741 mammis.

1224 2783 1444 2821 obedientiae
1462 2787 1585 2819 votum
1605 2793 1678 2819 non
1707 2789 1845 2819 tantum
1861 2785 1994 2827 obligat
2009 2785 2195 2819 subditum
2209 2782 2258 2820 at!

1265 2835 1510 2871 obediendum
1538 2835 1723 2877 Superiori
1740 2838 1821 2868 actu
1840 2835 2046 2877 imperanti,
2070 2834 2133 2869 sed
2148 2834 2258 2868 etiam

1263 2887 1310 2921 ad
1332 2885 1595 2928 persistendum
1611 2885 1649 2917 in
1665 2884 1827 2927 proxima
1849 2885 2084 2927 subjectione,
2098 2889 2140 2920 ut
2151 2890 2258 2919 man-

1264 2935 1342 2968 dari
1359 2934 1482 2976 possit,
1498 2937 1540 2966 tr.
1566 2937 1618 2976 to,
1639 2934 1662 2967 l.
1683 2937 1715 2975 4,
1739 2942 1770 2968 c.
1791 2938 1824 2968 5.

1221 2981 1442 3019 obedientiae
1454 2983 1625 3026 perfectio
1642 2984 1760 3026 quoad
1774 2983 2020 3018 executionem
2033 2987 2168 3026 quanta
2180 2959 2352 3074 qk}

1264 3034 1403 3072 debeat,
1419 3037 1454 3066 et
1469 3041 1637 3075 quaenam
1652 3035 1698 3067 sit
1718 3035 1754 3067 in
1771 3034 1957 3076 societate,
1974 3041 2005 3067 c.
2022 3036 2075 3068 13

1225 3081 1435 3164 Obgdicntia
1463 3092 1552 3125 quas
1579 3083 1826 3118 excusationes
1844 3083 2008 3118 admittat
2026 3086 2087 3118 aut
2105 3078 2280 3127 rejicias,

1266 3142 1277 3165 1

1265 3232 1365 3272 dum,
1383 3240 1413 3264 c.
1435 3235 1486 3265 14.

1223 3279 1434 3315 Obedientia
1453 3281 1614 3315 formalis
1631 3284 1719 3316 tunc
1737 3281 1862 3325 datur,
1891 3282 2038 3325 quando
2067 3281 2149 3324 quis
2177 3284 2256 3317 rem
2317 3302 2327 3316 ι

1264 3335 1477 3374 praeceptam
1498 3331 1583 3365 facit
1598 3331 1684 3373 quia
1700 3334 1878 3375 praecepta
1899 3334 1971 3374 est;
1995 3334 2030 3366 et
2047 3330 2260 3376 materialis.

1264 3381 1412 3423 quando
1430 3390 1505 3414 rem
1529 3383 1743 3424 praeceptam
1762 3390 1806 3415 ex
1823 3381 1906 3416 aliis
1930 3381 2075 3416 motivis
2101 3380 2199 3415 facit.
2212 3376 2258 3415 R!
2306 3387 2307 3390 ’
2326 3359 2331 3363 ’

1264 3429 1365 3522 ‘iidem'
1384 3439 1467 3514 ctum
1494 3431 1726 3474 proportione
1748 3431 1795 3467 de
1817 3431 2064 3466 inobedientia
2083 3430 2255 3520 judim⁶

1291 3489 1352 3514 um
1384 3491 1395 3513 1

1263 3530 1319 3565 Ad
1353 3530 1600 3574 impletionem
1627 3533 1748 3565 tamen
1766 3530 1935 3574 praecepti
1956 3537 2032 3565 non

1265 3578 1429 3614 formalis
1446 3578 1665 3622 obedientia,
1687 3579 1751 3615 sed
1765 3580 1850 3615 satis
1869 3583 1922 3615 ωε
1940 3575 2144 3619 material,

1264 3627 1413 3668 Quando
1429 3628 1475 3663 sit
1486 3631 1669 3672 peccatum
1684 3629 1850 3672 generale
1862 3620 2253 3671 conuaobedientim,
2276 3654 2281 3659 .

1265 3682 1302 3712 et
1318 3679 1465 3721 quando
1485 3679 1654 3722 speciale,
1669 3679 1719 3714 ib.

1265 3181 1339 3222 Qua
1359 3181 1554 3216 voluntatis
1582 3181 1763 3218 alacritate
1786 3186 1824 3218 et
1851 3182 2054 3227 integritate
2081 3182 2256 3218 obedien·
2307 3126 2352 3217 .·;
