2352 3880
171 251 254 293 684-

171 323 276 377 gari,
292 321 366 362 sed
377 322 556 361 retinere
570 334 619 361 ac
632 333 844 363 reservare
863 322 940 362 sibi
953 326 1199 375 potestatem

171 397 243 425 eos
253 382 481 423 dimittendi
492 382 641 423 liberos
651 383 905 436 simpliciter,
920 385 1045 425 etiam
1059 383 1199 437 quoad

168 445 393 493 vinculum,
419 443 453 483 si
470 444 514 484 id
533 445 728 496 expedire
746 446 969 486 censuerit.
988 446 1200 487 Nihilomi-

168 520 248 546 nus
274 517 495 545 commune
515 510 578 547 est
601 507 662 546 his
682 507 788 548 votis
816 513 857 548 et
877 508 1198 560 incorporationi

169 567 415 607 scholarium
435 580 528 607 cum
546 581 808 620 quacumque
828 570 906 610 alia
923 571 1196 622 professione,

167 632 213 668 ut
237 641 321 668 non
342 629 472 680 possit
490 629 579 669 fieri
600 630 653 669 ab
681 631 771 681 ipso
791 636 968 672 vovente
1000 632 1196 682 solitarie,

167 694 238 730 aut
261 691 426 730 omnino
448 695 625 740 secrete3
644 692 742 732 talia
760 693 871 732 enim
890 697 984 733 vota
1003 706 1087 733 non
1104 697 1199 734 sunt

166 756 259 792 vota
277 753 505 800 Societatis,
526 765 662 804 neque
684 754 898 794 habebunt
914 755 995 794 vim
1010 756 1197 807 incorpo-

164 814 283 853 randi
304 815 345 853 in
365 815 447 863 illa,
470 819 510 854 et
529 819 833 867 consequenter
851 829 930 857 nec
956 817 1196 868 religiosum

166 879 316 915 statum
342 877 604 916 constituent.
634 877 801 927 Oportet
825 889 924 928 ergo
945 882 990 918 ut
1008 878 1111 919 fiant
1130 891 1196 919 co-

164 949 253 977 ram
277 938 429 988 aliquo,
463 939 533 989 qui
554 943 798 990 potestatem
829 939 983 980 habeat
1009 940 1195 993 incorpo-

163 999 280 1039 randi
296 1000 337 1037 in
353 1000 554 1039 Societate
569 1001 611 1039 in
627 1001 697 1039 tali
711 1001 857 1052 gradU,
877 1005 919 1042 et
935 1014 1194 1054 consequen-

158 1065 223 1101 ter
243 1062 296 1100 ad
316 1062 426 1102 hunc
454 1063 645 1102 effectum
673 1063 742 1102 illa
764 1068 964 1116 acceptet,
994 1071 1034 1106 et
1057 1066 1193 1116 ipsam

158 1123 402 1173 religionem
422 1123 575 1175 obliget
591 1124 716 1163 modo
743 1125 881 1165 debito
903 1131 944 1165 et
962 1128 1192 1179 proportio-

158 1190 271 1231 nato‚
293 1196 416 1234 quem
439 1186 570 1237 magis
583 1187 626 1225 in
643 1188 668 1226 9
686 1199 721 1226 c.
740 1187 1059 1227 declarabimus.
1080 1189 1194 1228 Sicut

159 1256 258 1295 ergo
282 1248 508 1298 acceptatio
528 1249 741 1299 religionis
767 1251 1004 1289 necessaria
1023 1251 1068 1289 in
1093 1263 1192 1301 prae-

159 1306 263 1345 senti
297 1311 371 1354 est,
408 1308 463 1347 ita
496 1320 546 1348 ex
566 1314 683 1360 parte
710 1310 924 1361 religionis
944 1311 1189 1351 necessariae

158 1372 253 1406 sunt.
274 1369 545 1415 conditiones,
569 1383 661 1421 quae
682 1372 723 1409 in
743 1372 832 1411 aliis
849 1373 1118 1423 religionibus
1138 1372 1191 1412 ad

156 1429 456 1482 professionem
476 1433 721 1471 necessariae
743 1445 834 1472 esse
855 1434 1002 1474 solent.

209 1492 249 1530 2.
273 1492 421 1531 Prima
449 1494 642 1542 conditio,
666 1493 906 1535 Societatem
933 1495 1192 1548 approbatam

155 1561 239 1592 esse
257 1557 446 1603 oportere,
471 1558 517 1595 ut
533 1559 625 1595 vota
643 1555 885 1595 scholarium
912 1557 1021 1608 ipsos
1045 1556 1193 1597 consti-

158 1616 276 1655 auant
301 1616 522 1666 reliqiosos.
538 1637 587 1647 ·-
603 1617 740 1656 Prima
771 1618 951 1657 conditio
979 1619 1193 1670 religionis

157 1679 233 1721 est,
255 1680 297 1715 ut
317 1677 367 1715 sit
384 1678 611 1728 approbata
631 1690 707 1730 per
726 1680 1003 1730 Apostolicam
1023 1681 1191 1729 Sedem,

152 1738 270 1788 juxta
291 1750 326 1777 c.
347 1738 419 1777 ult.
444 1739 495 1778 de
516 1740 645 1789 Relig.
676 1740 849 1787 domib.,
871 1745 912 1779 et
930 1742 1099 1780 unicum
1123 1753 1194 1781 eo-

156 1799 250 1837 dem
283 1800 425 1849 titulo,
456 1800 498 1838 in
527 1802 565 1841 6.
588 1802 704 1839 Hanc
726 1814 823 1840 vero
849 1803 1129 1842 conditionem
1148 1803 1193 1842 in

157 1860 359 1900 Societate
378 1861 552 1900 inveniri
573 1863 672 1901 satis
687 1864 729 1902 in
746 1864 1028 1914 superioribus
1044 1865 1193 1915 proba-

155 1926 245 1961 tum
275 1928 348 1961 est.
375 1922 517 1962 Fuisse
540 1928 679 1962 autem
715 1926 991 1965 necessariam
1018 1929 1063 1964 ut
1094 1925 1191 1964 talia

156 1987 250 2023 vota
270 1984 378 2023 licite
400 1989 439 2023 et
462 1985 595 2024 valide
626 1985 717 2024 fieri
738 1988 908 2037 possint,
932 1987 975 2025 in
1003 1986 1191 2038 ipsismet

155 2045 277 2085 buHIs
299 2045 519 2085 Pontificiis
539 2059 613 2098 pro
629 2051 739 2086 certo
761 2049 1021 2099 supponitur,
1044 2053 1190 2099 estque

156 2107 420 2147 manifestum
450 2120 499 2147 ex
532 2109 648 2148 dictis
669 2110 847 2160 juribus,
874 2112 944 2150 ubi
967 2112 1100 2149 omnis
1119 2123 1192 2150 no-

155 2182 206 2209 va
230 2170 374 2221 religio
395 2171 651 2221 prohibetur,
674 2172 751 2210 nisi
773 2173 1004 2224 specialiter
1021 2172 1144 2212 fuerit
1166 2185 1191 2212 a

157 2232 262 2271 Sede
291 2233 523 2283 Apostolica
543 2234 797 2285 approbata3
821 2240 860 2273 et
883 2235 1117 2286 praecipitur
1145 2239 1190 2275 ut

157 2295 291 2333 omnis
306 2324 318 2342 ,
353 2294 424 2345 qui
458 2295 499 2332 in
527 2296 727 2346 religione
764 2297 947 2335 converti
986 2297 1187 2346 voluerit,

156 2367 284 2395 unam
307 2367 357 2395 ex
380 2356 615 2407 approbatis
636 2362 831 2396 assumat.
856 2358 1020 2397 Certum
1041 2363 1102 2398 est
1121 2370 1193 2396 au-

155 2420 256 2465 tem,
285 2429 360 2469 per
377 2417 464 2455 haec
483 2422 591 2466 vota,
613 2421 652 2457 et
672 2420 950 2469 receptionem
979 2420 1021 2458 in
1051 2421 1191 2459 Socie-

155 2483 297 2523 tatem,
325 2479 379 2518 ita
400 2479 583 2530 aliquem
605 2481 786 2519 converti
802 2481 855 2519 ad
875 2494 1016 2520 verum
1038 2486 1191 2521 statum

156 2541 395 2591 religiosum
406 2551 418 2590 3
442 2553 539 2592 ergo
561 2553 643 2579 non
661 2543 889 2592 potuissent
908 2543 1062 2582 habere
1082 2544 1191 2583 lianc

155 2603 254 2646 vim.
283 2603 359 2642 nisi
380 2603 473 2641 talis
497 2603 642 2654 religio
661 2603 806 2643 fuisset
829 2604 882 2643 ab
908 2605 1089 2644 Ecclesia
1119 2618 1191 2656 ap-

156 2665 345 2716 probata.
365 2666 412 2703 Et
431 2665 483 2703 ob
502 2665 608 2704 hanc
624 2677 728 2712 rem,
744 2667 933 2716 quamvis
949 2679 972 2705 a
987 2667 1189 2718 principio

157 2726 214 2765 ita
247 2726 370 2765 fuerit
399 2726 651 2777 approbata,
678 2730 722 2765 ut
749 2729 930 2777 potestas
959 2728 1191 2778 recipiendi

160 2793 268 2828 esset
295 2788 349 2827 ad
368 2792 523 2827 certum
557 2800 777 2827 numerum
805 2789 991 2836 limitata,
1021 2790 1065 2828 id
1089 2790 1187 2828 satis

158 2850 385 2901 iudicatum
410 2860 494 2887 non
522 2848 611 2895 fuit,
638 2853 681 2888 ut
706 2849 845 2900 plures
864 2850 993 2901 recipi
1017 2854 1189 2901 possent

159 2923 244 2950 non
275 2910 408 2949 solum
442 2909 568 2959 licite,
606 2922 753 2950 verum
788 2911 913 2950 etiam
944 2924 1022 2952 nec
1052 2913 1190 2952 valide

160 2971 298 3024 quoad
322 2971 563 3022 religiosum
583 2975 751 3021 statum,
773 2977 815 3012 et
846 2973 939 3013 ideo
959 2973 1013 3013 ab
1041 2974 1189 3014 eadem

162 3033 267 3073 Sede
284 3032 515 3084 Apostolica
526 3033 768 3084 approbatio
784 3034 893 3074 facta
909 3038 986 3083 est,
998 3038 1039 3075 et
1054 3040 1191 3087 potes-

161 3098 225 3135 tas
253 3094 450 3134 collocata
471 3093 629 3146 absque
646 3095 729 3135 ulla
751 3096 917 3137 numeri
941 3096 1193 3139 determina-

161 3157 288 3196 tione.

216 3219 255 3258 3.
277 3218 460 3260 Secunda
479 3218 665 3267 conditio,
694 3218 825 3259 debere
850 3219 934 3260 liceo
949 3222 1043 3261 vota
1065 3218 1196 3262 emitti

164 3292 295 3322 coram
313 3280 475 3321 habente
491 3280 544 3319 ad
563 3280 609 3321 id
620 3282 867 3334 potestatem.
881 3280 1194 3324 —Notatia—

165 3341 354 3383 Secunda
373 3341 551 3381 conditio
569 3341 804 3381 necessaria
824 3344 900 3388 est,
922 3345 967 3380 ut
985 3342 1074 3381 haec
1096 3346 1194 3382 vota

164 3405 267 3445 fiant
285 3414 424 3443 coram
452 3402 538 3448 illo,
567 3402 641 3453 qui
663 3405 908 3453 potestatem
942 3401 1094 3442 habeat
1120 3402 1195 3443 ad-

166 3465 356 3505 mittendi
385 3464 427 3503 in
448 3475 598 3515 corpus
618 3463 846 3511 societatis,
862 3463 981 3514 juxta
1003 3464 1192 3515 ejusdem

169 3526 381 3565 Societatis
400 3524 723 3565 constitutiones.
748 3525 863 3564 Patet
886 3525 1020 3576 primo
1042 3537 1094 3565 ex
1119 3537 1193 3577 ge-

167 3587 300 3627 nerali
308 3588 482 3637 ratione,
492 3587 590 3640 quia
598 3586 813 3626 admittere
822 3585 1002 3638 aliquem
1013 3587 1056 3626 in
1066 3598 1195 3627 mem-

169 3647 294 3692 brum
314 3648 487 3700 alicujus
504 3645 811 3689 communitatis
827 3650 892 3687 cst
919 3650 1037 3688 actus
1052 3652 1195 3699 potes-

541 252 637 290 Lm.
660 251 716 288 nl.
739 251 794 288 DE
815 252 1056 290 mmSSmNE
1077 252 1336 291 scnommtm
1357 255 1412 290 An
1433 255 1541 291 vom
1565 255 1780 295 simenem.
1803 256 1894 292 ETC.

1254 325 1346 365 tatis
1368 325 1606 377 superioris,
1622 326 1706 366 sive
1721 326 1791 366 illa
1809 330 1992 378 potestas
2007 327 2050 367 in
2069 331 2156 368 tota
2173 339 2285 368 com-

1251 386 1469 436 munitate,
1485 387 1627 427 sivein
1647 387 1780 439 capite
1799 388 1993 428 resideat.
2015 389 2220 438 secundo,
2242 389 2286 429 id

1251 452 1365 501 patet
1380 460 1429 488 ex
1448 449 1807 489 constitutionibus
1821 449 2036 490 Societatis
2049 462 2060 498 ς
2075 462 2175 491 nam
2191 463 2286 503 pro-

1251 514 1397 561 pterea
1416 510 1551 549 statim
1563 511 1605 550 in
1618 511 1751 562 prima
1765 514 1898 562 parte,
1916 522 2006 563 cap.
2026 512 2176 563 primo,
2196 512 2286 564 agi-

1251 574 1319 611 tur
1338 570 1389 610 de
1408 574 1610 622 potestate
1633 571 1878 612 admittendi
1897 572 1951 612 ad
1976 572 2282 624 probationem,

1252 631 1364 685 apud
1395 643 1519 681 quem
1549 633 1743 681 resideat,
1766 637 1808 673 et
1834 633 1877 672 in
1912 633 2056 686 quinta
2083 637 2214 685 parte,
2240 633 2287 675 in

1254 707 1336 747 qua
1356 694 1493 746 agitur
1507 694 1560 734 de
1577 694 1893 747 incorporandis
1911 696 1955 734 in
1972 696 2190 743 Societate,
2206 698 2285 735 sta-

1250 757 1324 797 tim
1340 756 1383 795 in
1405 767 1496 807 cap.
1516 755 1649 807 primo
1668 757 1804 808 agitur
1822 757 1875 797 de
1901 768 1953 797 eo
1981 757 2052 809 qui
2071 757 2197 796 talem
2213 768 2285 808 po-

1249 822 1443 859 testatem
1473 816 1615 867 habet,
1647 822 1687 859 et
1707 822 1890 870 potestas
1918 818 1988 858 illa
2010 819 2161 859 dicitur
2193 830 2286 860 esse

1249 891 1378 931 penes
1398 879 1667 930 Praepositum
1687 879 1943 930 generalem,
1967 878 2039 928 qui
2068 879 2160 917 aliis
2189 890 2285 918 eam

1249 941 1557 982 communicare
1577 945 1725 992 potest,
1756 945 1878 994 prout
1902 940 2145 991 oportuerit.
2173 941 2222 979 Et
2238 940 2284 980 in

1247 1003 1549 1052 declaratione,
1568 1003 1693 1042 litter.
1716 1002 1772 1050 B,
1813 1001 2038 1041 advertitur
2074 1001 2284 1041 ordinarie

1246 1064 1541 1104 communicari
1574 1063 1912 1110 Provincialibus,
1933 1062 2155 1114 aliquando
2182 1073 2283 1101 vero

1247 1126 1542 1165 communicari
1570 1138 1691 1178 posse
1719 1125 1975 1172 RectoribUS,
1996 1125 2063 1166 vel
2083 1124 2283 1176 Praeposi-

1245 1188 1314 1235 tis,
1338 1189 1405 1227 vel
1441 1188 1531 1227 aliis
1565 1188 1753 1239 personis
1773 1187 1991 1228 Societatis
2008 1217 2019 1235 ,
2055 1187 2122 1227 vel
2159 1182 2282 1226 alicui

1247 1249 1371 1290 etiam
1395 1251 1509 1289 extra
1531 1249 1791 1296 Societatem,
1807 1253 1853 1288 ut
1873 1249 2091 1300 EpiscopO,
2107 1247 2170 1287 vel
2189 1259 2283 1298 per-

1247 1323 1358 1350 sonae
1382 1310 1424 1350 in
1442 1310 1643 1361 dignitate
1665 1311 1944 1351 ecclesiastica
1964 1310 2214 1355 constitutae,
2246 1308 2281 1348 si

1246 1372 1395 1412 alicubi
1416 1384 1594 1424 persona
1627 1372 1840 1412 Societatis
1859 1372 2036 1412 deesset.
2058 1372 2103 1411 In
2123 1370 2202 1411 hoc
2219 1375 2287 1428 ἀι-1

1245 1446 1342 1473 men
1374 1434 1674 1473 advertendum
1703 1439 1787 1478 est,
1814 1433 1928 1473 aliud
1958 1444 2049 1472 esse
2081 1431 2195 1481 loqui
2227 1431 2287 1470 de’

1246 1499 1447 1547 potestate
1467 1495 1625 1534 ferendi
1642 1496 1828 1534 ultimum
1839 1494 2059 1546 judicium,
2074 1493 2191 1544 quasi
2207 1492 2280 1531 de-

1246 1557 1464 1602 finitivum,
1485 1569 1538 1596 an
1559 1557 1707 1607 aliquis
1736 1559 1788 1596 sit
1818 1557 2082 1608 recipiendus
2100 1556 2142 1593 in
2168 1554 2279 1593 hunc

1249 1619 1423 1671 gradum
1442 1619 1672 1665 Societatis‚
1700 1629 1855 1668 necne;
1874 1618 1987 1656 aliud
2004 1629 2103 1656 vero
2129 1615 2181 1655 de
2205 1627 2278 1667 po-

1247 1685 1395 1720 testate
1420 1680 1652 1731 exequendi
1675 1681 1807 1730 ipsam
1841 1679 2120 1730 receptionem
2141 1681 2278 1717 actua-

1248 1743 1342 1782 liter
1362 1742 1593 1781 assistendo
1613 1741 1822 1781 emissioni
1857 1746 2047 1780 votorum
2062 1788 2067 1792 .
2083 1752 2178 1779 cum
2204 1751 2277 1790 po-

1247 1809 1394 1844 testate
1423 1805 1665 1844 admittendi
1698 1804 1781 1842 illa.
1815 1803 2008 1851 Quamvis
2037 1814 2135 1854 ergo
2168 1805 2279 1840 utra-

1247 1878 1327 1918 que
1348 1871 1527 1917 potestas
1558 1866 1762 1904 ordinarie
1791 1865 1843 1904 sit
1872 1866 1915 1903 in
1940 1864 2275 1911 Provincialibus‚

1246 1931 1385 1966 tamen
1406 1927 1653 1978 regulariter
1669 1930 1861 1966 exercent
1888 1926 2001 1965 illam
2024 1924 2163 1976 quoad
2192 1925 2278 1976 pri—⁴

1246 2000 1359 2027 mum
1381 1993 1517 2027 actum
1538 2000 1613 2039 per
1638 1988 1821 2038 seipsos;
1847 1987 2118 2038 posteriorem
2137 1993 2278 2027 autem

1246 2051 1533 2102 Superioribus
1553 2050 1753 2088 localibus
1771 2050 2047 2088 committunt.

1294 2114 1336 2151 4.
1371 2111 1636 2159 Quorumdam
1657 2112 1833 2161 objectio.
1856 2133 1908 2142 —·
1936 2111 2212 2159 Confirmatur
2229 2122 2278 2151 ex

1244 2173 1478 2213 Basilio.—
1490 2174 1576 2211 Non
1598 2173 1745 2212 desunt
1758 2177 1897 2212 tamen
1912 2172 1980 2223 qui
2000 2173 2040 2210 in
2064 2173 2141 2211 hac
2158 2177 2276 2224 parte

1246 2235 1369 2273 etiam
1402 2238 1544 2273 contra
1577 2235 1822 2273 Societatem
1851 2234 2181 2281 obmurmurent,
2213 2233 2278 2272 di-

1244 2303 1385 2337 centes
1431 2302 1678 2349 potestatem
1728 2297 2018 2348 incorporandi
2063 2296 2273 2347 religioni,

1245 2371 1337 2410 quae
1361 2359 1603 2411 gravissima
1625 2364 1705 2406 est,
1728 2371 1811 2398 non
1842 2359 1996 2397 debere
2018 2369 2109 2396 esse
2128 2358 2172 2396 in
2191 2367 2275 2395 una

1246 2422 1333 2461 sola
1359 2433 1552 2472 persona,
1584 2421 1657 2460 sed
1683 2421 1727 2459 in
1760 2424 1845 2460 toto
1880 2424 2085 2459 conventu
2110 2419 2276 2470 provin-

1245 2484 1354 2531 ciali,
1383 2484 1449 2521 vel
1481 2483 1626 2522 saltem
1646 2483 1782 2530 locali,
1800 2486 1921 2533 prout
1939 2482 1981 2520 in
2002 2481 2092 2520 aliis
2111 2480 2276 2531 religio-

1245 2545 1366 2584 nibus
1382 2544 1638 2592 observatur,
1655 2544 1697 2582 in
1714 2544 1971 2594 quibuslicet
1987 2542 2187 2593 professio
2204 2541 2276 2581 fiat

1244 2606 1287 2645 in
1307 2606 1501 2644 manibus
1525 2606 1698 2656 alicujus
1718 2605 1875 2643 Praelati
1888 2634 1897 2649 ,
1918 2608 2058 2642 tamen
2079 2603 2273 2640 admissio

1245 2668 1298 2707 ad
1318 2667 1620 2718 professionem
1638 2666 1683 2704 fit
1701 2678 1725 2704 a
1742 2665 1946 2715 Capitale,
1966 2664 2032 2702 vel
2055 2664 2201 2702 saltem
2221 2663 2274 2701 de

1243 2740 1449 2767 consensu
1476 2730 1546 2766 aut
1575 2726 1742 2765 consilio
1769 2726 1897 2776 ipsius
1917 2725 2105 2776 Capituli.
2134 2726 2181 2763 In
2201 2724 2274 2762 ali-

1242 2790 1391 2840 quibus
1407 2788 1518 2827 enim
1536 2787 1804 2838 religionibus
1820 2787 2013 2825 admissio
2028 2786 2073 2825 fit
2089 2787 2141 2825 ad
2155 2787 2273 2838 plura

1243 2850 1439 2900 suffragia
1460 2849 1653 2896 decisiva,
1666 2849 1709 2887 in
1723 2849 1813 2887 aliis
1828 2860 1942 2898 vero,
1962 2848 2027 2888 vel
2043 2849 2163 2888 etiam
2175 2849 2277 2899 jure

1243 2911 1452 2951 communi
1473 2911 1541 2962 (ut
1557 2911 1712 2962 juristae
1737 2910 1922 2962 volunt),
1947 2909 1993 2949 fit
2022 2911 2075 2949 ab
2096 2911 2270 2958 Abbate,

1242 2973 1454 3025 praemisso
1485 2972 1656 3011 consilio
1689 2971 1883 3022 Capituli,
1915 2972 1971 3011 ita
1999 2976 2043 3011 ut
2074 2973 2162 3010 sine
2201 2971 2272 3011 illo

1242 3033 1445 3086 professio
1463 3045 1548 3072 non
1564 3033 1712 3072 valeat.
1731 3033 1776 3072 In
1787 3033 1989 3072 Societate
2008 3045 2106 3072 vero
2123 3037 2272 3071 neutro

1243 3094 1367 3135 modo
1395 3095 1676 3135 necessarium
1706 3097 1768 3134 est
1797 3094 2103 3133 communitatis
2135 3094 2273 3133 consi-

1242 3156 1366 3205 lium,
1394 3157 1460 3196 vel
1478 3156 1705 3209 judicium,
1727 3155 1803 3195 sed
1820 3159 1953 3195 totum
1984 3155 2198 3207 negotium
2229 3156 2271 3194 in

1245 3219 1369 3259 unius
1405 3218 1585 3258 hominis
1609 3220 1811 3269 potestate
1842 3217 2121 3264 constituitur;
2160 3216 2274 3269 quod

1243 3279 1520 3331 incongruum
1531 3279 1755 3330 judicatur,
1773 3283 1862 3318 tum
1878 3278 1975 3329 quia
1996 3289 2090 3318 cum
2105 3278 2272 3329 religio-

1246 3353 1317 3381 sus
1333 3341 1386 3381 ad
1403 3341 1528 3381 vitam
1542 3352 1804 3380 communem
1827 3351 1921 3380 cum
1939 3339 2130 3380 omnibus
2145 3350 2271 3389 agen-

1244 3402 1340 3443 dam
1366 3403 1610 3454 recipiatur,
1634 3402 1687 3442 ab
1707 3402 1899 3442 omnibus
1925 3402 2053 3452 recipi
2072 3401 2269 3448 deberet3

1245 3467 1334 3505 tum
1355 3465 1480 3506 etiam
1507 3465 1605 3516 quia
1629 3464 1790 3504 facilius
1811 3462 2053 3513 contingere
2072 3463 2209 3513 potest
2227 3464 2271 3501 nt

1249 3536 1356 3565 unus
1375 3525 1468 3564 odio
1487 3526 1554 3566 vel
1570 3536 1713 3565 amore
1733 3527 1958 3571 moveatur,
1974 3534 2099 3574 quam
2113 3521 2274 3573 plures)

1249 3591 1322 3628 ant
1340 3590 1384 3626 ut
1399 3592 1508 3627 erret
1524 3586 1762 3639 recipiendo
1773 3585 2005 3638 indignum,
2017 3583 2084 3624 vel
2097 3584 2270 3637 dignum

1249 3648 1504 3699 repellendo.
1525 3648 1576 3689 Et
1593 3648 1688 3689 ideo
1709 3646 1906 3696 Basilius,
1934 3645 2080 3697 regula
2098 3647 2199 3696 1⁴2,
2217 3654 2271 3686 ex

2318 3660 2352 3718 ξι·

2310 3739 2352 3880 5
