2352 3880
35 267 40 325 ἶ
74 263 97 323 3²⁴³
118 267 292 326 ostatis
304 273 513 326 scripserit
529 290 543 312 .-
561 271 680 313 Orate
697 275 734 314 et
750 284 823 323 pro
841 285 914 320 me,
933 275 1029 322 etc„
1046 270 1100 310 ad

45 381 50 383 ‚
71 335 75 340 '
96 333 428 384 ’·’,;.1135.6.Ῐῐειᾳι]ε
444 333 623 373 officium
636 333 778 372 orandi
791 334 982 372 omnibus
993 343 1099 373 com-

46 395 50 398 ”
82 384 114 420 '³³
128 386 200 442 'iio
212 394 295 435 est.
325 395 459 444 Unde,
474 395 569 434 licet
590 407 697 433 unus
712 406 762 433 ex
777 394 994 446 praecipuis
1010 392 1100 432 fini-

38 447 57 503 }
72 447 445 510 fflsexercitiorum
455 457 506 496 sit
516 457 661 496 electio
670 455 850 494 melioris
860 461 1004 504 status,
1014 465 1099 494 non

41 526 56 569 ξ
98 511 106 516 ”
138 518 315 558 tendunt
335 522 381 556 ut
399 530 543 557 omnes
571 517 725 566 eligant
754 517 993 567 religiosum
1019 519 1098 555 sta-

42 580 55 628 i
94 571 106 579 '⁷
163 607 174 626 ,
196 582 284 617 tum
307 579 419 630 quia,
439 578 534 617 licet
553 581 682 616 status
703 577 770 616 ille
791 578 1023 616 secundum
1052 588 1099 616 se

34 647 54 687 3
70 631 217 686 melior
248 639 321 687 sit,
351 636 574 689 aliquando
604 650 688 676 non
710 639 876 689 expedit
906 642 1097 689 respectu

38 695 282 752 ggligentim
316 700 600 750 unusquisque
622 703 762 737 autem
786 699 908 738 debet
942 700 1093 751 eligere

38 752 112 807 ΞΗ
128 759 242 810 quod
262 759 337 798 sibi
358 760 509 800 melius
529 764 603 799 est.
626 761 730 798 Tum
753 761 875 799 etiam
897 761 993 811 quia
1011 771 1095 799 non

43 830 213 865 iamnes
241 818 397 860 habent
430 821 555 872 hujus
587 821 813 860 vocationis
834 823 1023 873 gratiam,
1054 822 1096 861 et

43 884 165 928 §tune
183 887 357 934 prosunt
374 883 428 922 ad
449 883 686 933 eligendum
697 884 763 922 vel
777 884 904 922 alium
926 886 1093 931 statum,

45 935 133 984 Tvel
152 948 311 982 certum
330 943 495 983 vivendi
517 945 686 984 modum
708 957 792 983 suae
814 945 936 984 saluti
962 945 1096 995 magis

45 1018 51 1041 ῑ
68 1005 434 1047 accommodatum.
458 1007 507 1045 Et
526 1006 632 1053 ideo,
652 1006 748 1046 licet
764 1006 983 1057 religiosus
1002 1006 1093 1056 jam

46 1074 148 1107 {non
167 1066 316 1106 debeat
332 1067 384 1106 de
404 1071 511 1106 statu
528 1068 774 1114 deliberare,
790 1071 926 1119 potest
945 1067 1094 1106 merito

41 1146 51 1164 ι.
65 1128 262 1176 exerceri,
285 1132 330 1166 ut
347 1127 391 1167 in
412 1141 486 1167 suo
507 1131 614 1167 statu
633 1130 755 1180 eligat
781 1129 980 1179 optimum
998 1140 1094 1179 pro-

44 1188 239 1228 medendi
255 1190 531 1238 modum,vel,
549 1191 583 1228 si
603 1191 654 1229 de
668 1190 837 1241 illojam
859 1195 980 1228 antea
995 1190 1092 1228 satis

46 1246 304 1291 deliberavit
320 1264 368 1291 ac
386 1252 615 1302 proposuit,
631 1257 676 1290 ut
696 1251 950 1302 propositum
970 1264 1093 1290 reno-

67 1315 148 1359 vet,
169 1315 210 1350 et
227 1311 525 1364 impedimenta
545 1313 682 1352 denuo
706 1313 953 1361 consideret,
977 1317 1021 1352 ut
1042 1325 1092 1352 ea

43 1369 298 1424 diligentius
317 1374 499 1422 auferat,
522 1387 570 1414 ac
590 1375 785 1424 denique,
806 1379 850 1413 ut
870 1375 913 1412 in
933 1375 1091 1413 actibus

45 1443 138 1488 {per
156 1446 199 1473 se
212 1435 390 1474 maxime
408 1436 695 1474 consentaneis
708 1447 782 1473 suo
802 1436 922 1474 statui
945 1436 984 1474 in
1002 1436 1091 1474 dies

47 1495 274 1552 *proficiam
298 1497 507 1539 seculares
528 1501 683 1545 autem,
706 1497 865 1535 etiamsi
880 1498 922 1535 in
951 1497 1092 1536 seculo

46 1557 326 1610 'permansuri
353 1558 448 1606 sint,
471 1559 658 1610 indigent
680 1559 803 1597 etiam
826 1559 904 1597 hoc
921 1559 1091 1608 auxilio,

62 1621 109 1660 ut
140 1619 338 1658 adversus
367 1620 572 1670 pericula,
597 1621 638 1658 in
668 1620 818 1670 quibus
850 1625 1091 1670 versantur,

62 1681 197 1731 magis
215 1681 296 1719 sint
315 1682 547 1732 praeparati,
566 1682 850 1732 majoremque
869 1683 1043 1733 gratiam
1068 1694 1092 1721 a

61 1741 146 1781 Deo
171 1742 396 1781 obtineant.
422 1743 606 1793 Denique
628 1743 789 1794 magnis
807 1744 926 1782 etiam
950 1756 1094 1794 pecca-

63 1802 220 1842 toribus
255 1804 438 1842 dandum
476 1809 537 1844 est
569 1804 647 1843 hoc
670 1805 918 1854 remedium,
945 1817 1028 1843 non
1049 1809 1094 1844 ut

63 1864 196 1904 subito
215 1866 387 1915 perfecti
407 1866 520 1909 fiant.
542 1866 616 1904 sed
634 1867 770 1916 potius
788 1867 880 1916 quia
906 1879 988 1904 non
1003 1879 1093 1905 mo-

64 1924 117 1966 do
142 1925 298 1977 perfici,
320 1939 464 1965 verum
482 1927 604 1965 etiam
624 1939 647 1964 a
668 1927 792 1977 priori
814 1929 922 1966 statu
940 1927 1091 1965 mutari

64 1986 123 2026 eis
141 1987 258 2026 valde
280 1987 443 2027 difficile
462 1992 537 2036 est,
560 1988 738 2038 ideoque
768 1988 832 2027 his
857 1988 1093 2027 efficacissi-

64 2047 140 2088 mis
159 2047 353 2086 remediis
372 2047 573 2098 indigent.
594 2046 739 2086 Merito
759 2058 859 2098 ergo
890 2048 1088 2095 Societas,

64 2120 154 2162 quae
186 2109 240 2148 ad
270 2121 415 2147 omnes
450 2109 639 2148 homines
666 2109 875 2159 juvandos
903 2109 1091 2149 instituta

65 2174 136 2218 est,
158 2182 231 2221 pro
252 2169 446 2209 omnibus
476 2171 556 2209 hoc
584 2170 818 2209 remedium
852 2181 1090 2210 accommo-

64 2230 189 2274 davit.

435 2350 598 2393 CAPUT
608 2352 712 2392 VIII.

63 2484 196 2517 UTRUM
221 2483 405 2514 DEBEANT
438 2485 623 2514 RELIGIOSI
650 2486 872 2516 SOGIETATIS
899 2487 977 2516 CUM
999 2487 1093 2515 PRO-

113 2547 222 2576 XIMIS
241 2547 523 2577 FAMILIARITER
550 2547 793 2577 GONVERSAM
818 2549 872 2577 AD
902 2548 1006 2577 ILLOS
1031 2548 1093 2578 ,ΙΗ-

114 2607 282 2639 VANDOS.

75 2766 79 2771 ⁴
113 2719 157 2762 1.
184 2720 309 2762 Ratio
326 2732 399 2773 pro
422 2726 537 2773 parte
554 2722 757 2774 negativa.
775 2742 828 2752 ——
849 2720 968 2761 Ratio
988 2720 1092 2760 diffi-

40 2779 224 2835 multatis
261 2786 337 2833 est,
357 2783 452 2834 quia
484 2783 720 2835 hujusmodi
752 2782 956 2833 colloquia
995 2795 1089 2821 cum

38 2832 314 2890 soecularibus
346 2845 521 2884 multum
561 2845 790 2896 impediunt
824 2843 1089 2895 perfectionis

36 2902 306 2960 sprofectum,
324 2917 450 2955 quem
462 2901 642 2957 religiosi
657 2906 836 2945 maxime
858 2905 1011 2944 debent
1026 2905 1090 2943 in-

38 2962 245 3015 tundere.
272 2966 539 3017 Assumptum
574 2967 825 3017 experientia
852 2970 1027 3014 constat,
1048 2969 1088 3005 et

41 3030 47 3056 ¹
64 3018 180 3070 valde
200 3027 514 3067 commendatur
537 3040 562 3067 a
582 3027 767 3067 Patribus
786 3027 1088 3066 institutoribus

33 3083 322 3138 Religionum,
353 3092 398 3128 ut
421 3088 689 3134 viderelicet
727 3089 838 3140 apud
872 3089 1084 3136 Basiliam,

35 3141 48 3190 1
106 3148 193 3200 gul.
215 3151 238 3188 5
258 3154 296 3190 et
321 3151 384 3196 13,
405 3162 455 3188 ex
466 3150 595 3189 fusius
622 3150 855 3202 disputatis,
888 3149 956 3188 ubi
978 3152 1086 3189 inter

39 3202 45 3260 s
70 3252 76 3256 ⁴
162 3209 259 3249 dicit
280 3225 289 3249 ε
311 3211 413 3253 Nisi
427 3211 473 3251 ab
506 3223 550 3251 ea
569 3223 654 3259 rios,
682 3224 769 3264 qaoe
802 3223 850 3252 ee}
877 3212 1087 3262 sanquinis

63 3312 70 3317 ,
132 3271 347 3311 essitudine
365 3271 564 3312 nobiscum
586 3274 804 3320 intercedit,
821 3271 1089 3318 coniunctione

123 3332 217 3371 uino
237 3331 555 3381 alienam-imus,
567 3336 604 3374 et
618 3346 640 3371 a
657 3333 860 3382 familiari
880 3345 1089 3385 congressa

166 3391 327 3440 larium,
350 3404 396 3434 aa
419 3393 560 3434 mentis
581 3394 718 3435 habita
743 3395 787 3435 iii
820 3395 944 3434 aliam
963 3394 1086 3435 veluti

112 3497 118 3506 ,
158 3454 249 3495 dam
269 3455 707 3508 transmiyraverimas‚
725 3456 832 3495 nullo
863 3456 975 3495 modo
1002 3467 1087 3496 seo·

28 3547 33 3554 .
54 3536 59 3540 ·
87 3514 91 3519 “
170 3515 297 3556 animi·
319 3516 574 3567 attiuqemus.
596 3516 646 3555 Et
666 3517 710 3555 in
735 3516 978 3567 praefatione
996 3515 1087 3555 illa-

30 3599 32 3601 >
83 3619 85 3621 ,
122 3575 425 3628 ⁴regularum,
453 3577 495 3617 et
515 3575 679 3616 duobus
702 3576 961 3617 sermonibus
985 3587 1087 3629 praee

261 208 265 209 ⁷
325 209 416 245 cAP.
436 208 522 243 Vm.
544 207 598 242 DE
619 207 744 242 memo
765 207 938 243 JUVANDI
958 206 1177 251 rhomum,
1196 207 1489 245 CONVERSANDO
1510 211 1813 254 FAmitiAanssm
1836 213 1926 251 ETc.

1154 272 1413 322 cedentibus,
1437 279 1477 314 et
1495 275 1618 316 latius
1636 277 1680 316 in
1700 277 1867 318 Constit.
1880 281 2076 327 monast„
2090 294 2180 334 cap.

1153 331 1179 372 7
1201 344 1211 372 ι
1235 335 1383 375 Danda
1401 335 1561 387 (inquit)
1584 340 1740 378 omnino
1758 339 1868 379 nobis
1888 351 2005 388 opera
2032 345 2105 389 est,
2137 347 2186 386 ut

1153 404 1233 433 nori
1250 396 1332 434 nisi
1349 407 1496 447 mayna
1509 397 1686 439 adhibita
1702 399 1908 451 diliyentia
1928 401 2184 454 circumspeo-

1153 455 1329 507 tioneque
1347 457 1390 495 iri
1406 468 1616 507 congressu
1632 472 1715 500 cum
1739 461 1962 501 hominibus
1981 465 2183 506 extraneis

1150 517 1368 562 veniamus,
1391 521 1469 555 etc.
1489 518 1537 556 Et
1558 519 1837 568 confirmatur,
1853 535 1950 560 nam
1969 535 2019 562 ex
2038 525 2183 575 hujus-

1149 577 1261 615 modi
1272 577 1546 618 familiaritate
1569 591 1661 618 eum
1673 583 1926 622 secularibus
1935 585 2182 636 plerumque

1150 638 1351 688 sequitur,
1371 643 1416 677 ut
1436 643 1476 678 et
1497 652 1569 678 eos
1586 641 1767 689 visitare,
1790 647 1831 682 et
1849 644 1901 683 ab
1921 646 1980 683 eis
2006 646 2179 687 invicem

1146 698 1301 738 visitari
1336 700 1586 751 plerumque
1620 700 1795 741 necesse
1836 705 1888 742 sit
1909 716 1919 752 ;
1956 710 2180 758 utrumque

1148 763 1287 798 autem
1321 766 1382 800 est
1416 767 1556 800 contra
1593 763 1884 811 religiosorum
1913 766 2148 807 clausuram
2163 799 2177 817 ,

1148 831 1273 872 quam
1308 834 1452 861 omnes
1477 825 1616 862 Patres
1642 825 1950 864 commendant.
1994 827 2180 868 Tandem

1148 882 1431 930 confirmatur,
1452 885 1548 934 quia
1565 885 1663 923 hinc
1687 887 1812 924 etiam
1829 887 1886 933 tit,
1909 891 1954 926 ut
1971 889 2100 926 nostri
2121 901 2181 928 re-

1146 939 1280 994 ligiosi
1299 957 1404 994 saepe
1422 957 1465 983 se
1486 946 1699 996 implicent
1715 948 1891 996 negotiis
1926 949 2180 988 secularibus

1146 1008 1289 1043 contra
1311 1005 1425 1044 Pauli
1450 1012 1701 1057 praeceptum
1725 1019 1733 1045 :
1757 1008 1883 1047 Nemo
1897 1009 2081 1051 militaris
2098 1010 2180 1050 Deo

1145 1066 1327 1118 implicat
1350 1079 1391 1106 se
1410 1069 1575 1120 neyotiis
1597 1070 1857 1109 secutaribus.
1905 1104 1908 1108 .

1199 1129 1240 1167 2.
1274 1129 1418 1168 Prima
1444 1130 1611 1169 assertio
1657 1131 1868 1182 bipartita.
1893 1150 1947 1161 -·-
1978 1130 2182 1172 Probatur

1142 1190 1258 1240 prior
1274 1202 1387 1240 pars.
1403 1212 1458 1220 -—·
1487 1190 1711 1229 Dicendum
1734 1192 2003 1231 nihilominus
2024 1199 2084 1231 est
2102 1194 2181 1244 pri-

1146 1262 1227 1298 me,
1246 1251 1430 1289 medium
1447 1252 1523 1290 hoo
1535 1252 1790 1291 familiariter
1803 1255 2073 1292 conversandi
2087 1266 2179 1292 cum

1145 1313 1345 1364 proximis
1359 1325 1406 1351 ex
1429 1326 1504 1352 suo
1524 1326 1677 1365 genere
1694 1327 1777 1352 non
1802 1327 1891 1353 esse
1924 1316 2103 1354 alienum
2128 1316 2180 1354 ab

1147 1375 1256 1411 statu
1270 1374 1550 1423 perfectionis,
1572 1375 1741 1425 etjuxta
1758 1376 1969 1426 proprium
2001 1378 2178 1415 Societa-

1145 1435 1198 1474 tis
1224 1435 1455 1474 institutum
1486 1448 1577 1475 esse
1610 1436 1668 1474 illi
1700 1438 1877 1475 maxime
1910 1439 2176 1477 conveniens.

1146 1496 1371 1546 Utramque
1410 1502 1571 1547 partem
1613 1501 1768 1535 certam
1814 1498 2015 1538 existimo.
2069 1500 2179 1538 Prior

1147 1562 1306 1596 constat
1328 1559 1515 1609 exemplo
1538 1558 1684 1597 Christi
1702 1560 1878 1604 Domini,
1900 1561 1969 1610 qui
1987 1561 2110 1598 vitam
2125 1562 2177 1599 ita

1146 1620 1334 1669 instituit,
1357 1626 1400 1660 ut
1419 1634 1511 1660 cum
1534 1623 1770 1661 hominibus
1789 1629 2117 1669 conversaretur,
2140 1626 2178 1662 et

1148 1695 1241 1721 cum
1264 1684 1321 1722 eis
1349 1684 1619 1722 manducaret
1638 1687 1678 1722 et
1701 1684 1876 1732 biberet,
1918 1689 1962 1724 ut
1980 1698 2030 1724 ex
2051 1686 2179 1723 Evan-

1149 1745 1255 1795 gelio
1278 1749 1451 1791 constat,
1470 1758 1564 1784 cum
1594 1750 1730 1784 tamen
1752 1758 1836 1784 non
1871 1747 2004 1785 solum
2028 1746 2181 1796 perfec·

1147 1807 1303 1844 tionem
1329 1807 1567 1850 servaverit,
1590 1807 1664 1846 sed
1688 1808 1812 1846 etiam
1835 1808 2180 1858 perfectissimum

1147 1867 1239 1905 vitae
1256 1872 1409 1906 statum
1426 1868 1610 1913 coluerit,
1625 1873 1669 1907 ut
1685 1869 1807 1907 latius
1826 1871 1865 1906 in
1884 1872 1907 1907 2
1929 1874 2047 1916 tom.,
2062 1868 2183 1907 tertia

1146 1932 1277 1979 parte,
1306 1929 1411 1977 disp.
1449 1931 1515 1975 28,
1545 1934 1644 1967 sect.
1670 1932 1688 1966 1
1714 1934 1752 1966 et
1778 1931 1819 1973 2,
1848 1929 2041 1967 diximus.
2068 1930 2181 1967 Idem

1146 1987 1326 2027 ostendit
1359 1987 1595 2037 exemplum
1631 1988 1937 2038 Apostolorum,
1964 2002 2068 2039 quos
2101 1994 2183 2028 sta-

1145 2052 1234 2088 tum
1254 2049 1495 2100 religiosum
1516 2054 1558 2088 et
1592 2050 1856 2100 perfectionis
1894 2051 2091 2089 habuisse
2118 2063 2181 2089 su-

1145 2122 1221 2162 pra
1244 2110 1518 2155 ostendimus,
1544 2114 1643 2148 tom.
1663 2111 1860 2160 praeced.,
1881 2115 1921 2149 et
1940 2124 2081 2161 supra,
2107 2111 2176 2150 lib.

1146 2173 1188 2219 1,
1211 2183 1248 2210 c.
1274 2172 1314 2215 5,
1343 2183 1385 2209 n.
1412 2173 1451 2215 6,
1475 2175 1515 2209 et
1538 2173 1679 2209 tamen
1707 2175 1879 2218 constat,
1912 2172 2019 2211 inter
2050 2173 2182 2211 homi-

1145 2243 1222 2271 nes
1239 2231 1496 2270 familiariter
1529 2236 1793 2270 conversatos
1814 2233 1955 2275 fuisse,
1979 2238 2018 2271 et
2052 2234 2180 2272 omni-

1144 2292 1225 2332 bus
1260 2294 1400 2332 omnia
1440 2292 1582 2339 factos,
1618 2298 1662 2332 ut
1692 2306 1837 2332 omnes
1873 2294 2175 2334 lucrifacerent.

1146 2354 1263 2394 Unde
1285 2355 1509 2393 Concilium
1523 2355 1726 2405 Magum„
1746 2355 1823 2393 sub
1843 2356 1980 2394 Leone
2003 2357 2067 2398 IlI,
2083 2369 2174 2407 rap.

1146 2416 1306 2455 decimo
1328 2420 1486 2466 quarto,
1510 2428 1604 2454 cum
1631 2415 1799 2454 dixisset
1819 2428 1826 2453 :
1852 2417 2040 2457 Ministri
2074 2418 2179 2457 alta-

1144 2476 1203 2517 ris
1224 2477 1398 2524 Domini,
1411 2477 1471 2516 vel
1487 2478 1669 2515 monachi
1688 2489 1711 2515 a
1733 2478 1902 2528 neyotiis
1917 2479 2178 2519 secularibus

1146 2540 1301 2578 omnmo
1323 2538 1559 2585 abstineant,
1575 2537 1713 2575 subdit
1734 2551 1743 2574 z
1763 2538 1860 2579 Non
1880 2542 2007 2576 tamen
2019 2539 2178 2588 justam

1144 2599 1345 2648 negotium
1365 2602 1424 2638 est
1454 2599 1795 2638 contradicendum
1826 2601 1987 2648 propter
2011 2598 2177 2638 necessi-

1147 2662 1249 2700 tates
1269 2661 1461 2704 diversas,
1479 2660 1575 2711 qaia
1597 2659 1766 2709 Zeqimus
1782 2663 1937 2697 sanctos
1969 2658 2177 2710 Apostolos

1144 2721 1376 2774 neqotiasse.
1403 2720 1468 2759 Sic
1486 2732 1585 2770 ergo
1606 2732 1682 2758 nos
1702 2718 1743 2757 in
1756 2719 2036 2767 negotiatione
2050 2721 2177 2770 Apos-

1144 2783 1323 2820 tolorum
1344 2782 1452 2820 circa
1470 2781 1702 2819 animarum
1724 2781 1914 2827 salutem,
1934 2784 2044 2819 recte
2067 2779 2175 2819 colli·

1144 2843 1279 2893 gimus
1299 2855 1384 2882 non
1405 2855 1495 2881 esse
1516 2847 1658 2881 contra
1683 2842 1923 2893 religiosum
1953 2846 2104 2880 statum
2126 2852 2174 2881 eo

1141 2904 1224 2944 fine
1243 2917 1337 2943 cum
1359 2904 1554 2955 proximis
1574 2903 1808 2942 conversari
1830 2915 1879 2942 ex
1899 2903 1936 2941 vi
1957 2902 2146 2942 instituti.

1196 2967 1235 3006 3.
1266 2965 1544 3005 Confirmatur
1559 2995 1569 3010 ,
1611 2965 1707 3014 quia
1754 2963 1911 3014 antiqui
1954 2963 2173 3010 monachi,

1143 3026 1535 3067 etiamsisolitariam
1547 3029 1669 3064 vitam
1685 3025 1993 3076 profiterentur,
2009 3024 2172 3074 quando

1140 3089 1337 3142 proximis
1352 3087 1610 3139 expediebat,
1629 3086 1892 3126 solitudinem
1913 3085 2167 3130 deserebant,

1140 3156 1186 3190 ut
1202 3152 1309 3190 inter
1322 3149 1531 3202 proximos
1550 3152 1817 3187 versarentur
1839 3160 1848 3193 ;
1883 3147 1937 3185 ita
1962 3145 2112 3194 legitur
2129 3142 2171 3182 in

1141 3212 1233 3252 Vita
1250 3213 1298 3250 D.
1322 3210 1502 3256 Antonii,
1521 3209 1632 3261 apud
1644 3208 1975 3250 Athanasium,et
1989 3205 2169 3250 Surium,

1141 3277 1182 3313 et
1202 3274 1493 3319 Sozomenum,
1515 3271 1542 3309 1.
1568 3273 1585 3310 1
1620 3270 1820 3314 Historiae,
1841 3280 1875 3306 c.
1901 3268 1963 3309 13,
1988 3266 2059 3303 ubi
2074 3263 2170 3302 dicit

1140 3335 1364 3374 Antonium
1390 3332 1605 3372 hominum
1630 3331 1761 3383 gratia
1781 3328 1943 3368 solitum
1961 3326 2084 3364 fuisse
2117 3321 2167 3359 ci-

1139 3395 1286 3434 vitates
1306 3394 1466 3446 ingredi
1487 3403 1499 3431 ι
1520 3392 1643 3433 Mula·
1668 3390 1785 3431 etiam
1806 3385 1964 3438 (inquit)
1990 3381 2168 3437 graviter

1139 3457 1250 3508 apud
1264 3466 1348 3496 eum
1367 3455 1565 3506 conquesti
1585 3455 1789 3502 coeqerunt
1801 3449 1917 3488 illam
1935 3444 2165 3508 Zeqatioriem

1136 3528 1212 3570 pro
1229 3528 1269 3556 se
1284 3516 1336 3555 ad
1352 3517 1617 3568 mayz'stratas
1634 3518 1671 3552 et
1684 3508 1899 3562 primarios
1921 3506 2029 3544 viros
2049 3501 2161 3542 Obw'ss·

1138 3576 1193 3618 Et
1227 3574 1405 3626 Theod.,
1427 3575 1459 3614 l.
1482 3574 1511 3613 4
1528 3573 1732 3620 Etstoriae,
1754 3579 1796 3609 c.
1823 3565 1875 3607 24
1908 3567 1953 3605 et
1969 3563 2021 3604 25
2037 3574 2058 3616 3·
2084 3558 2162 3607 Et·
