2352 3880
815 0 996 58 '4⁷

115 325 121 340 ,
138 329 144 339 .
164 329 180 352 ‚
196 301 244 344 B.
262 299 471 353 ignatium
492 301 558 353 (ut
584 301 750 354 opinor)
766 303 870 344 nihil
894 303 1107 358 peculiare

33 364 47 416 3
71 363 248 414 noluisse
269 363 378 402 circa
395 363 476 403 hoc
494 363 684 414 definire,
708 365 783 404 sed
809 365 1024 407 advertere
1037 377 1105 406 so-

40 426 58 467 j'
72 426 160 471 ium
182 424 296 464 illam
313 425 620 476 separationem
644 425 956 477 discipulorum,
978 436 1106 480 quam

42 502 45 505 ·
71 486 332 538 &vangelista
350 486 489 526 refert.
522 486 744 526 Sciendum
765 491 829 527 est
848 500 948 540 ergo
967 493 1101 528 totum

36 559 45 598 j
63 538 183 599 {llum
204 547 357 595 locum,
375 547 420 586 in
434 558 559 598 quem
574 547 770 587 Dominus
787 549 927 599 exivit,
946 550 999 589 ab
1011 549 1101 589 aliis

38 609 45 645 i·
69 598 339 661 Evangelistis
358 607 496 648 vocari
514 607 669 657 villam,
691 621 776 647 non
791 611 888 661 quia
909 616 1016 651 esset
1030 623 1099 662 op-

68 669 214 724 pidum
251 668 419 719 aliquod
438 698 448 715 ‚
478 668 547 708 vel
578 680 713 720 pagus
734 700 746 717 ,
781 671 854 710 sed
881 673 977 723 quia
1011 675 1100 712 erat

65 730 270 784 praedium
285 731 345 779 (ut
359 730 522 768 Marcus
534 729 635 769 illud
650 732 844 783 appellat)
859 734 1019 773 habens
1034 746 1100 774 ru-

57 791 197 832 'ralem
212 791 398 838 domum,
418 791 612 830 Lusitane
627 792 792 839 Quinta,
813 805 905 844 quae
930 795 1099 834 Gethse·

66 853 180 895 mani
214 852 514 904 appellabatur.
554 853 603 893 Et
632 854 739 893 intra
762 856 865 896 illud
895 858 1098 908 praedium

67 913 288 955 verisimile
319 918 381 954 est
400 913 526 953 fuisse
555 915 738 962 hortum,
760 917 803 956 id
835 922 896 957 est
916 919 1098 969 peculia-

65 986 155 1016 rem
171 974 310 1014 locum
329 975 546 1015 arboribus
565 977 785 1026 consitum,
807 982 848 1018 et
867 980 986 1030 quasi
1004 980 1099 1019 viri-

66 1035 242 1084 darium,
271 1036 384 1088 quod
411 1038 679 1077 recreationis
714 1040 846 1090 gratia
878 1041 921 1079 in
954 1042 1098 1091 hujus-

65 1097 176 1138 modi
195 1097 300 1136 villis
313 1099 458 1137 haberi
477 1099 595 1147 solet,
610 1104 654 1139 ut
665 1113 812 1151 graves
821 1105 1013 1141 auctores
1025 1115 1098 1141 an-

64 1163 236 1199 notant:
268 1160 451 1209 Toletus,
485 1162 751 1201 annotatione
773 1164 822 1210 3;
858 1163 1026 1211 Natalis,
1054 1164 1096 1202 in

65 1221 150 1262 suis
174 1220 523 1261 meditationibus.
555 1223 681 1262 Totus
711 1226 848 1263 autem
881 1224 950 1264 ille
982 1225 1096 1264 locus

64 1286 152 1323 erat
172 1282 226 1322 ad
247 1282 428 1323 radicem
445 1284 596 1322 montis
617 1284 775 1333 Oliveti,
797 1285 909 1325 unde
923 1298 1096 1327 necesse

64 1348 127 1384 est
149 1347 195 1383 ut
212 1345 277 1383 vel
295 1349 420 1392 totus,
439 1345 505 1384 vel
523 1356 675 1396 magna
692 1358 788 1396 pars
803 1347 893 1396 ejus
908 1347 1033 1387 fuerit
1052 1348 1096 1387 in

62 1405 167 1446 valle
185 1406 399 1455 Josaphat.
418 1406 505 1444 Hoc
524 1407 752 1457 supposito,
775 1421 906 1446 unum
927 1413 989 1448 est
1008 1421 1098 1449 cer-

61 1470 166 1515 tum,
190 1467 358 1515 scilicet,
389 1466 594 1507 Christum
629 1480 724 1507 cum
756 1470 947 1509 omnibus
977 1470 1098 1510 disci-

61 1528 170 1582 pulis
188 1527 421 1580 ingressum
441 1541 531 1568 esse
551 1530 752 1580 praedium
772 1531 887 1579 illud,
905 1532 1000 1581 quia
1017 1532 1097 1571 hoc

62 1590 173 1630 clare
201 1589 405 1641 significat
428 1590 660 1638 Matthaeus,
686 1603 723 1630 6.
742 1593 805 1640 26,
827 1592 996 1631 dicens:
1023 1593 1097 1634 Si-

61 1652 214 1692 militer
241 1663 371 1692 omnes
399 1652 590 1703 discipuli
617 1653 817 1693 dixerunt.
853 1654 966 1694 Tunc
991 1656 1098 1694 venit

59 1713 180 1754 Jesm
208 1722 296 1754 cum
322 1713 411 1753 illis
441 1713 610 1764 (utique
635 1715 841 1763 omnibus)
866 1716 910 1755 in
937 1716 1095 1764 villam,

58 1786 149 1827 quoe
159 1774 306 1815 dicitur
314 1773 583 1822 Geth-romani,
595 1779 633 1816 et
642 1776 750 1816 dixit
761 1776 973 1829 discipulis
984 1778 1070 1817 suis
1082 1794 1098 1816 .-

62 1834 203 1876 Sedete
224 1835 290 1885 hic
314 1836 443 1884 donec,
469 1839 567 1884 etc„
588 1847 681 1886 quae
704 1837 831 1876 verba
858 1838 1101 1878 referuntur

60 1895 114 1936 ad
134 1899 226 1935 octo
253 1895 493 1946 discipulos,
523 1908 622 1935 nam
652 1898 789 1937 statim
821 1898 1012 1938 additur:
1035 1899 1098 1940 Et

59 1961 260 2008 assumpto
287 1957 422 2006 Petro,
446 1961 522 1997 etc.
552 1958 682 1998 Jussit
710 1971 808 2010 ergo
834 1960 925 1998 illos
944 1959 1094 1999 sedere

59 2017 166 2058 intra
183 2018 322 2058 villam
341 2018 628 2068 Gethsemani;
645 2021 757 2070 quod
778 2025 889 2060 recte
906 2021 1094 2061 conside-

59 2081 164 2120 ravit
180 2079 328 2119 beatus
352 2081 534 2131 {gnatius
554 2081 678 2131 paulo
706 2081 896 2130 inferius,
918 2082 959 2122 in
993 2095 1094 2123 con-

60 2141 308 2184 sideratione
344 2143 397 2182 de
426 2143 635 2194 mysteriis
674 2148 767 2195 post
801 2156 966 2184 coenam
985 2175 996 2194 ‚
1029 2144 1094 2185 di-

61 2216 185 2245 cens:
206 2204 267 2244 Ec
282 2208 366 2244 octo
379 2206 717 2255 remanereyussit
734 2204 1001 2247 Gethsemani.
1022 2207 1093 2246 Est

60 2271 199 2307 nutem
218 2265 438 2306 verisimile
454 2266 629 2316 jussisse
653 2266 743 2305 illos
764 2278 936 2306 manere
955 2268 1093 2308 statim

60 2326 314 2379 inprincipio
329 2326 489 2377 praedii,
512 2326 658 2365 etideo
678 2325 721 2365 in
740 2327 820 2366 alio
840 2328 945 2373 loco,
968 2339 1093 2379 quem

61 2391 298 2436 tractamus,
320 2387 424 2427 dixit
443 2387 659 2438 reliquisse
679 2388 771 2427 illos
791 2389 830 2427 in
849 2389 955 2428 valle
974 2390 1094 2429 ,1036-

61 2449 175 2502 phat,
197 2449 310 2500 quia,
331 2452 376 2488 ut
406 2449 655 2496 notavimus,
685 2450 889 2500 praedium
913 2450 1014 2490 illud
1035 2454 1094 2491 at·

62 2510 261 2562 tingebat,
281 2510 349 2549 vel
361 2521 513 2561 magna
529 2521 579 2549 ex
595 2514 712 2561 parte
737 2515 826 2550 erat
843 2512 885 2550 in
902 2512 1010 2551 valle
1026 2512 1094 2552 Jo-

42 2591 45 2595 <
63 2572 222 2623 saphat.
244 2573 331 2611 [mo
355 2571 481 2611 refert
498 2571 777 2621 Burchardus,
804 2574 823 2612 1
845 2585 887 2624 p.
907 2574 1092 2625 Descrip.

42 2633 197 2674 'Terrae
220 2638 385 2682 sanctae,
421 2645 513 2684 cap.
536 2635 727 2685 septimo,
748 2631 773 2687 ἓ
799 2634 865 2682 46,
892 2635 1032 2675 locum
1050 2635 1095 2674 il-

43 2693 148 2735 lum
167 2694 434 2735 Gethsemani
454 2706 544 2734 esse
564 2696 604 2733 in
626 2695 756 2735 latere
783 2697 934 2736 montis
950 2696 1094 2736 Oliveti

42 2774 46 2795 a
64 2755 342 2796 adhaerentem
365 2754 529 2795 cuidam
547 2755 643 2807 rupi
663 2768 854 2796 concavae
874 2756 927 2797 de
953 2760 1095 2797 monte

43 2830 45 2867 3
64 2817 281 2871 pendenti,
320 2816 400 2857 sub
432 2830 517 2869 qua
546 2817 735 2869 discipuli
767 2818 979 2866 sederunt,
1001 2830 1095 2859 cum

42 2894 46 2911 ⁴
66 2877 165 2920 dixit
183 2879 410 2919 Dominus:
434 2878 576 2920 Sedete
589 2880 669 2927 hic,
691 2881 807 2920 donec
823 2882 965 2921 vadam
981 2881 1093 2929 illuc,

40 2964 47 2978 ,ι
69 2943 105 2983 α
121 2951 238 2980 orem.
260 2939 378 2986 Quod
396 2940 431 2979 si
447 2940 503 2979 ita
531 2944 608 2988 est,
638 2945 749 2980 recte
770 2941 975 2990 colligitur
1000 2943 1095 2982 reli-

43 3021 46 3033 «
69 3001 203 3055 quisse
212 3000 435 3052 discipulos
446 3001 593 3040 satisin
603 3001 803 3053 principio
814 3002 1091 3043 Gethsemani.

42 3060 251 3112 'Tandem
270 3062 316 3101 fit
346 3062 472 3102 etiam
500 3062 721 3102 veris¹mile
751 3068 842 3103 octo
870 3065 1095 3116 discipulos

42 3148 46 3150 -
70 3132 153 3165 non
187 3123 316 3163 fuisse
353 3123 561 3175 ingressos
596 3129 758 3175 partem
798 3125 910 3163 illam
953 3126 1097 3176 praedii

42 3192 48 3215 ¹
71 3174 351 3234 Gethsemani,
372 3195 480 3235 quae,
508 3185 550 3224 in
573 3185 740 3236 propria
767 3189 808 3225 et
828 3186 1013 3238 rigorose
1045 3188 1099 3227 si-

42 3268 47 3286 2
70 3245 348 3306 suificatione,
366 3246 509 3284 hortus
527 3245 605 3285 dici
620 3250 768 3297 potest.
786 3247 928 3298 Neque
945 3248 1022 3287 hoc
1035 3260 1098 3288 re-

39 3312 47 3345 }
70 3310 231 3363 pugnat
248 3306 414 3354 Joanni,
433 3306 530 3357 quia
551 3319 576 3346 a
595 3312 711 3358 parte
731 3312 862 3347 totum
882 3310 1100 3349 nominan-

39 3370 47 3400 ἰ
74 3365 143 3418 dp,
164 3367 276 3421 quod
293 3368 417 3407 etiam
435 3367 479 3407 in
497 3368 656 3419 vulgari
674 3369 798 3409 modo
816 3370 1014 3421 loquendi
1036 3383 1101 3411 sa-

41 3457 47 3469 ,
93 3420 109 3438 ”
144 3430 340 3470 usitatum
353 3433 430 3478 est,
442 3429 610 3468 nomine
628 3430 736 3469 horti
754 3434 886 3470 totum
901 3431 1103 3482 praedium

40 3501 49 3522 -1
76 3429 341 3547 gethsemani
359 3490 618 3541 significavit.
640 3495 686 3529 ut
706 3492 830 3530 etiam
849 3493 1017 3532 Toletus
1036 3506 1105 3533 su-

40 3542 61 3595 i*
80 3552 385 3605 maintellexin
409 3551 507 3590 nihil
522 3552 630 3590 enim
648 3552 760 3590 aliud
775 3565 898 3604 quam
915 3555 1025 3604 quod
1039 3556 1107 3596 alii

44 3607 49 3641 ἒ
80 3606 361 3666 Evangelia&
389 3613 544 3654 referre
562 3613 706 3655 voluit.
729 3613 847 3661 Quod
874 3616 907 3654 si
935 3615 1107 3658 fortasse

293 3692 380 3722 xv1.

99 3804 121 3842 F

392 196 514 271 ‘cm
533 235 576 272 ν.
597 234 655 272 on
671 236 980 275 srmrrmunus
998 234 1244 278 macnus,
1266 237 1320 275 nr
1341 241 1499 278 emmim
1518 243 1617 286 Qum
1637 242 1744 288 smr,
1765 246 1856 284 erc.
1933 210 1968 252 ’ἱ

1156 305 1252 357 quis
1269 307 1508 358 contendat,
1525 309 1592 350 vel
1605 309 1664 352 ibi
1675 323 1762 358 non
1776 310 1907 355 fuisse
1917 319 2082 367 partem
2092 332 2196 371 prae-

1155 365 1240 415 dii,
1271 380 1362 419 quae
1391 370 1524 420 magis
1550 372 1717 424 proprie
1750 374 1832 415 dici
1862 377 1994 428 possit
2026 379 2195 431 hortus,

1157 439 1284 479 quam
1303 429 1487 480 reliquae,
1507 432 1573 471 vel
1597 433 1631 472 si
1651 438 1755 484 erat,
1774 435 1819 475 in
1837 436 1952 478 illam
1972 439 2099 480 fuisse
2130 441 2196 481 in-

1156 501 1323 540 gressos
1346 502 1492 530 omnes
1512 491 1751 545 discipulos,
1778 500 1969 548 quamvis
1998 505 2196 543 neutrum

1156 549 1253 589 satis
1272 550 1439 601 probari
1463 553 1607 603 possit,
1635 556 1761 594 verba
1787 558 1933 609 Ignatii
1954 573 2040 600 non
2070 575 2196 616 repu-

1154 615 1298 663 gnant,
1318 612 1391 651 sed
1409 613 1461 650 ab
1482 625 1531 652 ea
1547 614 1827 666 disputatione
1848 620 2072 663 abstinent.
2091 625 2197 664 Nam

1151 672 1290 723 priora
1307 674 1516 723 generalia
1531 678 1642 723 sunt,
1659 677 1828 728 scilicet,
1856 685 1948 720 octo
1973 683 2198 735 discipulos

1153 732 1195 771 in
1218 734 1323 773 valle
1355 736 1574 781 mansisse,
1602 737 1644 776 id
1676 744 1753 787 est,
1776 740 1819 778 in
1850 741 2056 794 principio
2087 746 2198 786 illius

1152 793 1276 843 horti,
1298 799 1342 834 ut
1354 795 1536 846 loquitur
1547 798 1713 837 Aranda
1730 812 1873 851 supra,
1886 814 1978 853 cap.
1992 804 2197 854 vigesimo

1151 856 1310 906 quinto,
1336 858 1403 896 vel
1426 858 1480 897 ad
1506 859 1690 899 radicem
1715 861 1821 911 ejus,
1844 866 1891 901 ut
1919 863 1977 903 ait
1997 865 2198 906 Burchar-

1153 916 1231 956 dus
1243 932 1255 965 3
1277 923 1317 957 et
1333 919 1376 957 in
1396 919 1475 958 hoc
1493 924 1654 959 tantum
1676 933 1803 962 sensu
1823 923 2039 976 distinguit
2059 929 2198 978 appel-

1152 977 1352 1018 lationem
1376 981 1502 1029 hujus
1522 982 1602 1020 loci
1625 982 1680 1021 ab
1708 982 1779 1022 illa
1795 989 1914 1035 parte
1934 986 2044 1025 horti
2064 989 2199 1040 magis

1151 1039 1352 1088 interiori,
1375 1046 1418 1080 et
1438 1054 1530 1093 quae
1561 1043 1738 1084 fortasse
1760 1044 1852 1096 jam
1870 1052 1961 1087 erat
1992 1048 2037 1087 in
2057 1054 2199 1089 monte

1152 1101 1311 1150 Oliveti,
1343 1106 1389 1142 ut
1416 1103 1549 1143 Lucas
1575 1105 1801 1156 significat,
1825 1108 1868 1146 in
1900 1120 1983 1159 qna
2004 1122 2200 1160 perman-

1153 1167 1296 1202 serunt
1309 1164 1379 1202 alii
1397 1168 1481 1204 tres
1499 1166 1705 1217 discipuli.
1727 1168 1791 1208 Ad
1804 1169 1916 1208 hunc
1938 1171 2111 1210 modum
2128 1184 2200 1223 po-

1152 1224 1248 1263 terit
1264 1225 1394 1265 lector
1412 1226 1533 1266 facile
1553 1229 1750 1279 expedire
1772 1229 1842 1279 (ne
1869 1231 2117 1281 prolixiores
2145 1233 2201 1272 si-

1152 1296 1260 1333 mus,
1279 1291 1319 1326 et
1333 1287 1387 1326 ad
1401 1288 1646 1338 explicanda
1666 1291 1892 1342 Evangelia
1909 1292 2197 1344 divertamur),

1151 1346 1188 1386 si
1206 1347 1306 1398 quid
1323 1350 1549 1389 occurrerit
1568 1351 1610 1389 in
1631 1351 1781 1390 eodem
1797 1352 1919 1399 libro,
1940 1353 1983 1393 in
2004 1356 2199 1395 omnibus

1150 1410 1329 1460 punctis,
1351 1422 1427 1450 seu
1452 1411 1793 1453 meditationibus
1823 1415 1917 1453 vitae
1947 1415 2096 1456 Christi
2120 1418 2200 1456 Do-

1150 1471 1270 1520 mini,
1291 1482 1383 1522 quae
1409 1483 1462 1511 ex
1490 1473 1724 1524 Evangeliis
1748 1474 1981 1527 desumptae
2012 1482 2108 1517 sunt
2118 1489 2133 1528 ;
2163 1479 2197 1517 si

1151 1531 1252 1581 quid
1274 1531 1385 1570 enim
1415 1532 1494 1572 illis
1514 1534 1723 1574 interdum
1754 1537 1937 1586 additur,
1971 1538 2107 1578 solum
2135 1543 2198 1578 est

1150 1604 1228 1644 per
1258 1594 1430 1633 modum
1470 1595 1608 1636 brevis
1640 1599 1935 1648 expositionis,
1974 1599 2094 1650 cujus
2131 1600 2198 1640 vel

1153 1656 1456 1704 auctoritatem,
1477 1658 1543 1697 vel
1567 1659 1826 1710 probabilem
1845 1661 2052 1701 rationem
2076 1662 2193 1702 inve-

1151 1717 1244 1757 nire
1260 1729 1427 1771 semper
1443 1718 1564 1758 facile
1585 1720 1816 1772 unicuique
1839 1722 1930 1762 erit.

1488 1814 1655 1855 Nonum
1674 1816 1854 1856 dubium.

1201 1899 1270 1940 22.
1292 1898 1491 1941 Doctrina
1514 1900 1569 1940 B.
1595 1901 1758 1954 anatii
1777 1902 1823 1942 de
1849 1903 1981 1943 tribus
1998 1903 2196 1955 madibus

1149 1959 1409 2001 humilitatis.
1425 1962 1626 2008 —Nono,
1657 1961 1768 2000 inter
1795 1963 1996 2012 praeludia
2021 1977 2095 2003 seu
2115 1964 2197 2004 dis-

1147 2020 1377 2073 positiones
1407 2021 1465 2060 ad
1495 2025 1653 2060 rectam
1682 2022 1930 2063 electionem
1958 2024 2195 2065 faciendam

1147 2086 1360 2134 ponuntur
1378 2086 1462 2122 tres
1488 2083 1643 2134 gradus
1664 2083 1922 2124 humilitatis.
1950 2087 2111 2126 Primus
2132 2087 2195 2126 di-

1145 2143 1253 2183 citur
1286 2144 1549 2182 necessarius
1572 2144 1626 2183 ad
1652 2144 1843 2193 salutem,
1875 2158 1974 2185 nam
2007 2149 2194 2188 consistit

1146 2204 1194 2244 in
1213 2205 1471 2256 subjectione
1493 2205 1673 2244 hominis
1697 2206 1751 2245 ad
1779 2207 1963 2246 divinam
1985 2214 2027 2247 et
2048 2210 2194 2248 huma-

1147 2277 1247 2306 nam
1265 2266 1416 2317 legem.
1441 2267 1659 2306 Secundus
1675 2266 1825 2308 dicitur
1845 2281 1936 2308 esse
1954 2270 2191 2320 perfectior,

1148 2339 1248 2367 nam
1266 2327 1350 2367 duo
1375 2327 1566 2375 includit,
1598 2328 1767 2374 scilicet,
1791 2330 2056 2370 voluntatem
2084 2344 2193 2370 nun-

1148 2399 1276 2439 quam
1304 2387 1549 2427 admittendi
1570 2389 1776 2428 venialem
1795 2392 1977 2442 culpam,
2005 2395 2046 2431 et
2070 2392 2194 2432 indif-

1148 2448 1368 2490 ferentiam
1385 2450 1560 2488 affectus
1583 2450 1634 2489 ad
1655 2451 1795 2489 omnia
1818 2453 2063 2503 temporalia
2083 2466 2191 2492 60111-

1149 2510 1278 2550 moda
1295 2509 1362 2550 vel
1375 2510 1644 2550 incommoda
1659 2524 1668 2558 ;
1688 2512 1743 2550 ita
1758 2516 1804 2551 ut
1817 2525 1937 2564 aeque
1956 2515 2007 2553 sit
2026 2515 2191 2554 animus

1149 2583 1385 2625 propensus
1403 2572 1457 2611 ad
1475 2572 1560 2620 illa,
1579 2572 1645 2613 vel
1664 2573 1893 2612 carentiam
1915 2574 2094 2623 illorum,
2119 2577 2191 2615 ubi

1151 2633 1323 2684 aequalis
1351 2633 1425 2673 Dei
1445 2634 1575 2685 gloria
1596 2638 1638 2675 et
1658 2634 1818 2674 occasio
1839 2637 2018 2687 propriae
2046 2638 2190 2677 salutis

1150 2694 1447 2735 intercesserit.
1466 2695 1630 2734 Tertius
1647 2695 1800 2734 dicitur
1823 2707 1915 2736 esse
1934 2698 2191 2738 absolutissi-

1149 2768 1260 2804 muS,
1279 2768 1376 2796 nam
1397 2756 1441 2795 in
1460 2768 1509 2796 eo
1534 2756 1650 2808 eligit
1669 2758 1793 2795 homo
1811 2763 2101 2808 paupertatem
2115 2791 2125 2807 ‚
2150 2765 2192 2800 et

1152 2831 1319 2859 omnem
1337 2818 1482 2858 mundi
1502 2824 1788 2870 contemptum
1804 2821 1898 2871 plus
1919 2834 2045 2873 quam
2063 2823 2191 2862 hono-

1150 2893 1219 2922 res
1240 2882 1309 2921 vel
1339 2868 1666 2927 divilias‚'etiam
1687 2893 1783 2919 cum
1803 2882 1953 2932 aequali
1973 2883 2045 2922 Dei
2068 2883 2191 2923 obse-

1151 2943 1267 2995 quio,
1288 2943 1353 2982 vel
1374 2943 1522 2993 gloria,
1544 2942 1610 2981 vel
1631 2942 1834 2992 spirituali
1854 2943 2005 2991 fructu,
2019 2950 2191 2996 propter

1149 3006 1354 3056 majorem
1375 3004 1523 3043 Christi
1545 3004 1836 3044 imitationem.

1204 3068 1270 3107 23.
1302 3067 1402 3107 Tres
1421 3067 1726 3118 quaestiunculae
1746 3068 1852 3106 circa
1871 3078 1934 3106 eos
1950 3068 2114 3119 gradus.
2134 3088 2189 3097 —

1150 3127 1199 3168 In
1219 3140 1300 3179 qua
1321 3127 1510 3166 doctrina
1530 3127 1610 3166 tria
1631 3126 1858 3166 desiderari
1872 3128 1935 3166 vel
1951 3127 2078 3177 quaeri
2095 3139 2188 3177 pos-

1153 3195 1263 3229 sunt.
1289 3189 1482 3235 Primum‚
1503 3200 1576 3227 cur
1596 3188 1640 3226 hi
1667 3188 1859 3227 dicantur
1882 3188 2035 3238 gradus
2061 3187 2188 3225 humi-

1152 3251 1303 3297 litatis3
1325 3263 1423 3288 nam
1447 3250 1641 3288 videntur
1660 3250 1796 3300 potius
1818 3259 1906 3287 esse
1929 3248 2082 3298 gradus
2102 3259 2189 3285 om-

1153 3314 1272 3352 nium
1292 3312 1506 3359 virtutum,
1535 3303 1690 3362 quippe
1722 3321 1887 3350 servare
1919 3313 2122 3360 praecepta
2150 3310 2191 3346 et

1153 3375 1284 3414 vitare
1313 3377 1484 3425 peccata
1516 3373 1569 3412 ad
1602 3383 1748 3411 omnes
1777 3371 1968 3422 pertinet,
1995 3374 2048 3417 et,
2073 3369 2104 3406 si
2138 3367 2192 3407 ad

1156 3436 1340 3486 aliquam
1362 3434 1601 3486 specialem,
1626 3433 1763 3484 potius
1782 3432 1836 3471 ad
1857 3431 2097 3471 charitatem
2126 3429 2192 3469 vel

1157 3496 1444 3550 poenitentiam
1467 3525 1479 3543 ‚
1518 3505 1645 3545 quam
1694 3493 1747 3532 ad
1791 3491 2078 3531 humilitatem.
2120 3489 2195 3529 Illa.

1162 3559 1287 3598 etiam
1323 3556 1569 3596 universalis
1605 3553 1833 3592 moderatio
1868 3552 2039 3589 affectus
2086 3549 2193 3589 circa

1162 3619 1306 3661 omnia
1320 3616 1565 3668 temporalia
1585 3615 1696 3653 bona
1720 3613 1899 3652 officium
1920 3613 1981 3650 est
1999 3611 2192 3649 virtutum

1954 3670 1994 3700 65
