2352 3880
106 263 208 310 “tlro
221 262 406 319 posset&
436 264 489 304 Et
520 262 669 304 eodem
687 262 814 304 modo
843 263 1001 305 licitum
1026 266 1091 306 est

126 325 399 372 erhaereticos
414 325 559 366 habitu
585 324 768 373 militari,
792 324 859 367 vel
873 325 956 366 alio
972 335 1088 366 secu-

24 378 37 427 ἶ
62 380 142 441 kri
157 387 373 436 incedere,
398 388 465 427 vei
489 398 535 427 se
553 386 855 438 negotiatorem
878 387 1086 436 simulare,

112 489 113 493 ,
138 452 230 504 pter
254 448 448 490 eumdem
469 448 598 488 finem
615 446 885 487 conversandi
910 460 1006 488 cum
1023 456 1091 506 Q,-

24 483 39 586 ¹
75 508 81 510 ’
108 510 222 552 olicis
242 509 429 559 occultis,
456 509 665 560 fidemque
690 508 800 547 inter
825 520 897 549 eos
926 521 1090 550 conser-

63 571 197 622 yandi,
226 571 293 612 vel
311 570 520 623 augendi,
551 569 663 620 quod
697 569 828 608 nostri
859 570 1090 611 0110011110-

60 632 190 682 ciunt,
206 633 302 684 quia
315 632 371 671 ibi
388 643 466 670 nec
482 629 745 670 mendacium
764 631 1000 681 intervenit,
1015 631 1090 674 sed

31 737 34 739 ,
61 694 295 742 occultatio,
324 704 462 744 neque
485 692 642 743 aliquid
660 692 798 732 minus
817 693 970 734 decens
997 693 1092 735 reli-

61 755 221 810 giosum
238 757 409 802 statum,
440 765 534 793 cum
553 757 715 794 constet
734 766 817 806 quo
838 754 923 797 fine
949 760 992 798 et
1008 767 1093 808 qua

51 815 305 860 'necessitate
328 815 371 855 id
389 814 475 854 fiat.
507 816 573 855 Sic
603 816 854 864 Bernardus,
878 817 999 869 epist.
1020 820 1089 866 42,

61 877 272 929 aliquanto
293 881 391 917 ante
411 877 612 925 medium,
634 878 742 918 inter
761 878 842 918 alia
860 879 914 919 ad
934 880 1011 919 1100
1028 879 1092 919 111-

61 931 262 986 stitutum,
275 938 327 978 de
347 950 412 986 00,
434 939 505 990 qui
524 939 758 991 proximum
777 939 863 979 vult
879 939 1092 980 lucriface-

61 1011 125 1049 re,
148 999 317 1040 scribit:
338 1000 443 1041 Fiat
462 1001 586 1041 etiam
610 1001 673 1051 (si
697 1001 760 1042 ita
781 1001 982 1052 oporteat)
1002 1011 1091 1042 oum

58 1060 220 1104 Judoeis
235 1062 418 1107 Judceus,
435 1062 541 1102 nihil
558 1063 748 1112 formidet
767 1073 857 1103 cum
879 1063 979 1103 bona
1004 1071 1091 1102 con-

58 1121 227 1167 teientia
260 1123 435 1174 exemplo
461 1123 650 1165 ‹Ieremia›
683 1126 723 1164 et
754 1122 975 1164 Ezechielis
1002 1133 1095 1163 cum

60 1185 429 1236 transqressoribus
446 1183 674 1238 captivari,
692 1187 730 1224 et
749 1195 837 1225 cum
860 1186 999 1224 sancto
1014 1183 1093 1224 εῙοό

58 1244 194 1298 frater
220 1244 315 1295 fieri
334 1247 548 1287 draconum
562 1275 575 1294 ,
593 1249 630 1286 et
646 1246 781 1286 socius
797 1246 1089 1294 struthionum,

59 1315 148 1348 cum
167 1306 307 1359 Mopse
321 1317 469 1359 quoque
492 1307 615 1358 (quod
627 1307 795 1358 qraoius
811 1309 888 1356 est)
910 1307 1033 1348 deleri
1048 1307 1093 1348 de

59 1365 160 1408 libro
176 1369 266 1417 Dei,
280 1372 318 1409 et
334 1380 422 1409 cum
431 1369 559 1409 Paulo
573 1370 783 1410 anathema
796 1381 876 1409 esse
894 1381 918 1409 a
935 1369 1093 1410 Christo

58 1438 133 1483 pro
162 1430 379 1479 fratribus,
403 1433 482 1470 010.
516 1430 619 1469 item
640 1430 762 1480 objici
794 1433 946 1481 potest,
979 1429 1094 1481 quod

61 1489 157 1530 olim
179 1490 360 1542 religiosi
390 1491 490 1531 artis
521 1501 648 1542 opera
669 1491 893 1538 faciebant,
923 1495 983 1539 ut,
1013 1491 1093 1531 illis

61 1549 249 1598 venditis,
273 1563 324 1591 ex
341 1552 474 1603 pretio
493 1552 692 1603 proximis
713 1552 991 1591 subvenirent.
1010 1551 1094 1592 Sed

60 1611 129 1652 illa
148 1624 233 1652 non
247 1618 384 1665 potest
402 1614 480 1654 dici
501 1615 727 1664 negotiatio
748 1614 960 1663 secularis,
977 1626 1091 1664 nam,

60 1671 157 1715 licet
174 1685 315 1715 emere
333 1675 387 1715 ad
403 1675 670 1716 vendendum
684 1706 697 1726 ,
727 1676 910 1727 indeque
929 1676 1094 1716 lucran-

60 1734 176 1786 dum,
210 1735 262 1775 sit
290 1737 516 1789 negotiatio
549 1738 747 1777 secularis
766 1737 973 1789 prohibita
1000 1736 1093 1777 reli-

61 1797 193 1850 gioso,
212 1796 267 1838 de
288 1809 370 1849 qua
391 1798 684 1850 intelligendus
706 1803 768 1838 est
787 1799 1009 1850 CaJetanus
1028 1810 1093 1838 su—

60 1869 160 1912 pra,
184 1861 326 1898 tamen
356 1859 547 1900 laborare
579 1860 758 1912 propriis
786 1859 980 1900 manibus
1010 1871 1095 1900 non

61 1923 125 1961 est
153 1920 382 1973 negotiatio
414 1921 615 1961 secularis
638 1921 832 1973 specifice
853 1923 924 1971 (ut
951 1921 1009 1961 sic
1034 1920 1097 1960 di-

60 1980 197 2031 cam),
226 1981 301 2023 sed
319 1982 576 2031 communis,
600 1982 707 2023 sicut
726 1983 808 2023 late
842 1983 886 2022 in
910 1981 1097 2034 superio-

61 2041 177 2083 ribus
194 2042 392 2092 diximus,
423 2044 487 2081 vel
507 2044 614 2080 sicut
639 2044 864 2091 Gregorius
884 2041 1022 2079 statim
1042 2042 1098 2080 ci-

62 2102 213 2155 tandus
228 2102 282 2143 de
298 2103 506 2154 piscatura
521 2102 636 2142 dixit.
649 2102 699 2141 Et
714 2102 902 2142 similiter
915 2101 1099 2143 vendere

63 2176 130 2207 res
146 2165 336 2216 proprias
353 2164 406 2203 ad
425 2163 758 2203 subveniendum
776 2163 869 2211 sibi,
888 2160 955 2203 vel
967 2163 1101 2215 proxi-

62 2235 147 2274 mo,
166 2237 251 2265 non
271 2229 334 2265 est
351 2226 518 2277 proprie
538 2225 779 2276 negotiatio,
800 2223 875 2264 sed
895 2236 961 2264 res
981 2222 1101 2264 mdis-

63 2285 201 2328 ferens
218 2291 262 2326 01
282 2287 527 2326 communis.
545 2285 663 2326 Unde
684 2290 907 2336 utrumque
929 2285 1021 2336 conj
1030 2295 1100 2324 un·

64 2359 164 2401 gere
197 2348 334 2399 (quod
364 2348 574 2387 faciebant
603 2346 785 2399 religiosi
806 2347 992 2401 antiqui)
1013 2356 1099 2387 non

65 2414 127 2450 est
146 2409 472 2461 negotiationem
496 2420 706 2449 exercere.

119 2472 183 2512 13.
218 2470 371 2520 Quibus
401 2471 555 2524 regulis
583 2472 844 2522 dionoscatur
863 2469 973 2513 dicta
992 2467 1100 2512 iude-

66 2534 209 2576 centia.
241 2554 294 2565 -—-
322 2532 439 2580 Quod
462 2533 496 2573 si
516 2544 678 2584 quaeras
695 2532 861 2584 quando
881 2533 989 2573 actio
1009 2531 1100 2572 talis

65 2584 274 2637 'censenda
298 2595 364 2644 sit,
377 2599 424 2635 ut
441 2606 525 2634 non
545 2595 692 2635 deceat
708 2594 965 2646 religiosum,
977 2593 1103 2634 etiam

68 2660 235 2710 propter
271 2656 428 2695 bonum
466 2656 643 2707 proximi
659 2683 671 2704 ,
707 2655 984 2706 respondetur
1017 2655 1102 2695 duo

71 2728 161 2758 esse
175 2717 373 2770 principia
388 2718 539 2770 quibus
553 2716 730 2757 discerni
746 2718 888 2768 possit.
903 2717 1101 2765 Primum,

71 2780 106 2821 si
119 2781 170 2820 sit
185 2779 390 2832 prohibita
407 2779 475 2819 vel
488 2791 539 2820 ex
556 2791 616 2827 se,
632 2779 728 2830 quia
746 2789 822 2829 per
838 2790 882 2818 50
897 2782 959 2817 051
975 2777 1100 2826 mala,

71 2839 137 2881 vel
151 2842 246 2893 jure
265 2841 500 2889 communi,
523 2841 620 2892 quia
643 2840 797 2879 scilicet
815 2839 1022 2892 prohibita
1041 2841 1105 2879 est

74 2902 244 2950 clericis,
261 2902 411 2953 quibus
429 2903 473 2942 in
488 2902 567 2941 hoc
587 2913 710 2953 pares
730 2906 826 2941 sunt
842 2901 1039 2952 religiosi,
1058 2903 1106 2940 ut

73 2962 119 3004 D.
138 2964 335 3012 Thomas,
354 2963 461 3002 dicto
482 2963 654 3003 articulo
675 2962 856 3002 secundo
867 2993 880 3012 ‚
903 2963 1018 3010 dixit,
1040 2961 1106 3003 vel

76 3023 109 3064 ei
130 3025 297 3077 proprio
329 3032 370 3064 et
402 3024 569 3075 speciali
601 3025 695 3075 jure
729 3024 941 3076 religionis
968 3023 1107 3076 prohi-

74 3084 238 3134 beatur,
256 3086 354 3137 quia
369 3086 586 3137 religiosus
602 3088 766 3125 tenetur
780 3086 970 3138 regulam
989 3096 1108 3126 suam

77 3157 263 3196 servare;
283 3158 368 3186 non
394 3146 601 3197 loquimur
624 3147 735 3186 enim
760 3146 813 3186 de
843 3146 1007 3186 casibus
1040 3158 1109 3187 ex-

77 3209 220 3258 tremae
250 3207 510 3247 necessitatis
523 3237 534 3254 ,
559 3207 634 3248 sed
670 3208 723 3249 de
757 3207 965 3247 ordinario
1000 3209 1106 3259 jure.

80 3268 200 3309 Aliud
223 3268 471 3319 principium
502 3273 584 3317 est,
603 3269 637 3310 si
657 3281 762 3321 opus
781 3269 836 3308 de
864 3280 909 3308 se
927 3268 1010 3309 tale
1029 3273 1108 3319 est,

50 3354 54 3355 ν
83 3334 128 3371 nt
143 3329 212 3368 vix
230 3329 360 3380 possit
379 3329 467 3368 sine
485 3330 668 3380 periculo
688 3329 848 3382 peccati
866 3329 973 3378 fieri,
988 3330 1110 3370 01111-

51 3406 53 3409 ’
81 3389 141 3431 xit
156 3391 402 3442 Gregorius,
420 3390 563 3430 homil.
584 3393 636 3431 24
654 3391 696 3430 in
716 3391 952 3445 Evangelia.
973 3391 1110 3432 Idem-

51 3471 56 3478 =
84 3462 166 3510 qne
183 3465 278 3494 cum
296 3454 560 3506 proportione
579 3456 656 3503 est,
674 3453 709 3494 si
729 3465 833 3505 opus
852 3453 1027 3494 nImium
1045 3465 1111 3495 oc-

66 3555 70 3557 *
135 3570 156 3626 ξ
180 3572 282 3616 vide
293 3573 517 3625 Luceriam,
533 3572 606 3614 lib.
626 3574 692 3624 10,
706 3585 743 3614 0.
764 3573 832 3614 26.

313 201 405 239 mr.
426 199 513 235 vm.
534 198 590 235 DE
609 197 737 234 numo
757 197 931 236 invium!
949 197 1167 242 Pnoxmos,
1189 194 1486 239 c'oNVERSAmJO
1506 203 1813 249 FAmLIARITER,
1834 207 1925 244 mc.

1143 269 1268 318 cupet
1300 267 1485 309 animum
1518 281 1620 310 cura
1654 274 1698 312 et
1732 270 2006 313 sollicitudine
2037 284 2180 316 rerum

1142 329 1450 379 temporalium.
1473 329 1578 376 Quia
1606 342 1705 372 vero
1737 331 1781 371 in
1807 333 1887 373 1100
1917 337 2054 386 potest
2088 346 2181 378 esse

1142 398 1297 439 magna
1327 389 1519 439 latitudo,
1548 391 1658 439 ideo,
1681 393 1843 432 seclusa
1865 394 1974 446 lege,
1994 394 2062 434 vel
2081 395 2181 437 obe-

1144 447 1301 489 dientia
1319 450 1495 499 Praelati,
1517 463 1603 491 non
1624 457 1762 503 potest
1780 459 1892 494 certa
1910 456 2056 507 regula
2073 469 2179 508 pree-

1145 509 1283 558 scribi,
1305 510 1380 549 sed
1405 511 1599 562 prudenti
1623 514 1791 554 arbitrio
1820 516 2022 555 utendum
2043 522 2118 564 est,
2139 520 2180 559 et

1142 570 1273 610 multo
1294 571 1552 611 observanda
1582 577 1644 613 est
1668 576 1926 616 consuetudo
1956 577 2182 618 observan-

1142 631 1247 671 tium
1276 631 1626 692 etntimoratorum
1657 635 1968 686 religiosorum,
2000 642 2041 677 et
2071 651 2180 679 com-

1144 692 1284 734 munis
1305 705 1454 733 sensus
1482 695 1904 744 recte·sentientium,
1928 701 1969 736 et
1989 698 2181 748 judican-

1144 754 1249 795 tium
1273 755 1355 794 tale
1380 767 1486 807 opus
1513 766 1604 798 esse
1625 755 1693 798 vel
1719 768 1805 796 non
1832 768 1925 796 esse
1953 757 2136 799 alienum
2155 772 2181 800 a

1146 820 1255 856 statu
1274 816 1480 867 religioso.

1200 879 1264 918 14.
1296 879 1414 919 Datoe
1448 875 1648 919 cautiones
1670 889 1719 920 ex
1747 878 1937 920 instituto
1966 878 2182 922 Societatis

1144 939 1552 990 moenium—Atque
1570 939 1660 979 haec
1679 939 1817 979 omnia
1836 940 1923 980 fere
1943 942 2183 993 praescripta

1145 1003 1244 1042 sunt
1259 1001 1462 1054 religiosis
1482 1002 1750 1042 Societatisin
1771 1002 1855 1041 suis
1875 1002 2184 1044 Constitutioni-

1145 1063 1237 1103 bus.
1260 1063 1363 1103 Nam
1385 1064 1559 1114 septima
1592 1068 1730 1115 parte,
1753 1076 1843 1115 cap.
1868 1065 1915 1111 ti,
1936 1063 2022 1104 fere
2044 1066 2186 1106 omnia

1145 1125 1481 1177 praescribuntur,
1506 1126 1548 1165 et
1574 1124 1617 1164 in
1656 1129 1803 1176 quarta
1836 1125 2107 1166 instructione
2136 1127 2183 1168 P.

1145 1187 1305 1228 Claudii
1341 1199 1419 1239 pro
1454 1187 1775 1236 confessoribus,
1808 1200 1973 1230 numer.
1999 1190 2040 1236 3,
2063 1202 2185 1241 repe-

1144 1252 1305 1297 tuntur,
1320 1248 1470 1300 quibus
1483 1249 1615 1290 nostri
1628 1250 1836 1301 proximos
1845 1251 1991 1301 juvare
2007 1250 2160 1290 debent
2169 1266 2182 1300 3

1147 1321 1240 1362 quae
1271 1310 1411 1349 omnia
1435 1314 1531 1350 sunt
1561 1311 1726 1362 pietatis
1751 1323 1895 1362 opera,
1917 1315 1959 1353 et
1989 1311 2043 1351 ab
2072 1312 2183 1351 omni

1147 1371 1428 1422 negotiatione
1450 1371 1626 1412 seculari
1651 1372 1800 1411 aliena.
1825 1373 1947 1412 Sexta
1966 1384 2065 1411 vero
2090 1385 2186 1424 par-

1145 1436 1203 1481 te,
1226 1442 1318 1484 cap.
1339 1433 1377 1481 3,
1400 1433 1423 1484 ἓ
1446 1435 1486 1481 7,
1511 1434 1748 1484 expressius
1776 1433 1818 1472 id
1847 1433 2090 1485 prohibetur
2122 1433 2186 1472 his

1147 1493 1285 1533 verbis
1303 1505 1313 1532 ε
1341 1493 1396 1534 Ut
1412 1494 1571 1547 plenius
1583 1496 1713 1546 possit
1735 1493 1916 1535 Societas
1932 1495 2047 1535 rebus
2065 1494 2187 1546 spiri-

1146 1555 1324 1596 tualibus
1336 1555 1463 1605 juxta
1482 1567 1599 1596 suum
1627 1555 1856 1596 institutum
1875 1567 2037 1602 cacare,
2058 1555 2189 1607 quoad

1146 1617 1235 1668 ejus
1262 1617 1356 1667 fieri
1371 1620 1500 1668 potest
1530 1629 1556 1658 a
1582 1617 1755 1669 neyotiis
1784 1617 2031 1657 secularibus
2062 1616 2188 1656 absti-

1146 1681 1254 1726 neat,
1271 1678 1407 1730 qualia
1423 1682 1516 1718 sunt
1532 1678 1920 1718 testamentariorum
1936 1677 1996 1718 vel
2012 1680 2188 1717 executo-

1146 1749 1254 1786 rum,
1274 1739 1337 1781 vel
1352 1742 1662 1790 procuratorum
1681 1751 1816 1780 rerum
1836 1738 2033 1787 civilium,
2055 1741 2125 1778 aut
2146 1736 2192 1779 id

1147 1811 1272 1853 genus
1294 1801 1450 1850 officia,
1470 1811 1539 1841 neo
1558 1812 1602 1841 ea
1627 1800 1727 1840 ullis
1742 1799 1923 1851 precibus
1942 1798 2105 1840 adducti
2126 1796 2188 1838 ob-

1149 1861 1278 1903 eunda
1291 1862 1531 1914 suscipiant,
1546 1861 1607 1901 vel
1619 1860 1764 1900 inillis
1779 1871 1818 1901 se
1832 1872 2019 1912 occupare
2032 1860 2187 1899 sinant.

1150 1922 1202 1962 Et
1219 1934 1332 1962 nona
1355 1924 1488 1974 parte,
1509 1922 1632 1972 capit.
1652 1922 1692 1968 6,
1710 1920 1735 1972 ξ
1754 1922 1796 1970 4,
1815 1920 1886 1960 ubi
1907 1920 2014 1959 dicta
2035 1918 2191 1959 Consti-

1149 1983 1253 2021 tutio
1273 1982 1473 2027 refertur,
1496 1982 1662 2018 additur
1695 1990 1782 2026 eos,
1805 1979 1875 2029 qui
1902 1980 1954 2017 de
1987 1980 2192 2018 Societate

1153 2046 1263 2090 sunt,
1284 2040 1487 2092 implicari
1507 2052 1591 2079 non
1612 2039 1766 2079 debere
1786 2040 1851 2079 his
1873 2040 2051 2090 negotiis
2074 2051 2192 2079 secu-

1147 2102 1324 2150 laribus,
1345 2102 1439 2143 licet
1460 2101 1529 2155 pia
1554 2101 1705 2153 alioqui
1730 2104 1859 2142 essent
1865 2116 1882 2147 ‚·
1904 2101 1947 2139 in
1969 2101 2032 2139 his
2050 2104 2193 2140 tamen

1155 2163 1319 2204 admitti
1339 2166 1476 2215 potest
1504 2161 1727 2213 aliquando
1756 2161 2008 2212 dispensatio
2030 2173 2080 2200 ex
2099 2173 2196 2212 gra-7

1154 2223 1331 2265 vissimis
1360 2223 1511 2271 causis,
1535 2234 1629 2274 quae
1659 2223 1734 2262 soli
1754 2222 1961 2270 Generali,
1981 2221 2047 2262 vel
2072 2221 2193 2262 alteri

1154 2296 1207 2326 ex
1224 2283 1391 2335 speciali
1413 2284 1705 2324 commissione
1724 2285 1815 2334 ejus
1834 2283 1988 2323 ibidem
2008 2294 2194 2323 reserva-

1153 2350 1236 2387 tur.
1253 2347 1303 2386 Et
1322 2346 1382 2386 sic
1401 2346 1525 2385 etiam
1545 2344 1695 2385 dicitur
1714 2345 1756 2383 in
1771 2345 1917 2396 regula
1934 2345 2002 2392 41,
2019 2356 2069 2383 ex
2083 2355 2194 2383 com-

1151 2407 1372 2456 munibus,
1394 2412 1438 2448 ut
1456 2407 1658 2460 negotium
1688 2407 1806 2447 etiam
1834 2407 1947 2458 piune
1967 2406 2053 2446 sine
2069 2405 2194 2455 facul-

1155 2473 1237 2512 tate
1258 2469 1496 2520 Superioris
1517 2479 1588 2509 neo
1616 2467 1877 2518 suscipiatur,
1896 2478 1963 2507 nec
1976 2468 2194 2519 promitta-

1155 2535 1226 2574 tur
1243 2548 1258 2570 .·
1275 2529 1478 2571 secularia
1498 2532 1630 2569 autem
1646 2529 1806 2580 neyotia
1830 2528 1984 2567 omnino
2002 2527 2191 2568 vitentur.

1155 2591 1344 2643 Denique
1376 2590 1486 2629 circa
1520 2589 1627 2628 hanc
1656 2588 1988 2627 moderationem
2014 2587 2195 2627 maxime

1158 2650 1465 2692 observandum
1482 2653 1559 2697 est,
1578 2648 1691 2700 quod
1711 2649 1753 2687 in
1774 2652 1889 2688 sexta
1905 2652 2022 2700 parte
2038 2647 2195 2686 Consti-

1156 2712 1379 2759 10110111110,
1398 2723 1435 2751 0.
1457 2712 1496 2758 3,
1513 2711 1559 2749 10
1575 2711 1675 2754 fine,
1700 2709 1877 2749 dicitur:
1898 2710 2090 2749 Instituti
2107 2720 2196 2749 nos-

1156 2772 1226 2818 tri
1248 2778 1319 2824 est,
1348 2771 1435 2813 sine
1461 2771 1697 2824 cujusquam
1730 2771 1971 2823 offensione,
2004 2773 2196 2822 quantum

1156 2836 1252 2890 fieri
1273 2836 1418 2888 potest,
1439 2833 1613 2876 oninium
1635 2832 1683 2873 in
1699 2831 1869 2872 Domino
1886 2831 2079 2871 inservire
2095 2840 2195 2871 com-

1156 2897 1298 2942 modis.

1214 2960 1280 2999 15.
1310 2954 1537 3000 Moderatio
1573 2951 1772 3006 explicata
1802 2952 1981 3005 procedit
2020 2948 2196 2991 maxime

1157 3021 1274 3064 eirca
1289 3022 1475 3073 feminas.
1494 3038 1547 3049 ·-·
1562 3017 1710 3058 Prima
1734 3017 1843 3056 ratio
1862 3026 1935 3056 cur
1963 3012 2197 3052 monialium

1160 3094 1301 3125 curam
1330 3093 1409 3122 non
1440 3080 1578 3121 habeat
1616 3077 1813 3119 Societas.
1832 3098 1886 3106 —
1913 3075 2116 3115 Praeterea
2143 3070 2198 3109 ad

1161 3144 1493 3185 moderationem
1515 3140 1623 3180 cirea
1647 3139 1725 3177 hoc
1748 3136 2018 3176 ministerium
2051 3133 2094 3171 in
2126 3132 2198 3171 So-

1163 3207 1312 3248 cietate
1332 3203 1633 3250 necessarium,
1652 3200 1832 3253 pertinet
1859 3202 1903 3236 ut
1934 3196 2068 3246 major
2099 3205 2197 3233 cura

1163 3268 1412 3309 adhibeatur
1448 3265 1494 3304 in
1530 3276 1580 3304 eo
1614 3263 1722 3302 circa
1754 3258 1929 3299 feminas
1965 3252 2195 3319 exercendo

1163 3342 1259 3372 cum
1290 3326 1481 3381 pluribus
1508 3321 1841 3366 circumstantiis.
1865 3320 1913 3357 Et
1941 3317 2073 3368 primo
2107 3324 2196 3380 1101-γ

1162 3390 1260 3431 dem
1294 3390 1347 3430 ob
1369 3389 1477 3428 hanc
1511 3397 1696 3431 causam,
1715 3385 1863 3434 praeter
1889 3379 2000 3417 illam
2035 3378 2196 3426 potism-

1163 3463 1291 3499 mam,
1307 3462 1434 3503 quam
1451 3449 1480 3488 1,
1504 3450 1543 3498 1,
1564 3459 1654 3498 cap.
1675 3446 1713 3490 3,
1733 3443 1786 3482 ad
1806 3441 1944 3485 finem,
1967 3435 2193 3481 attulimus,

1162 3511 1293 3555 voluit
1315 3513 1362 3552 D.
1381 3510 1582 3564 Ignatius,
1600 3513 1643 3545 ut
1664 3504 1847 3545 Societas
1866 3496 2104 3539 monialium
2126 3506 2198 3564 00-

1173 3586 1260 3616 ram
1286 3585 1371 3614 non
1404 3571 1644 3623 susciperet,
1665 3569 1780 3606 sexta
1798 3565 1917 3615 parte
1941 3558 2197 3599 Constitutio-
