2352 3880
119 225 228 268 1188

116 294 248 331 Eorum
263 291 391 334 religio
406 289 600 333 approbata
617 290 670 322 est
684 296 706 322 3
719 287 868 322 Summo
882 284 1065 325 Pontifice,
1080 292 1150 319 nec

157 342 238 378 sine
253 343 314 376 tali
330 338 598 384 approbatione,
619 336 700 370 talis
717 336 840 379 aliqua
860 334 989 378 religio
1006 333 1147 369 institui

158 395 284 436 potest,
301 391 349 423 ib.

572 461 695 495 1113111.

116 526 345 564 minimorum
362 524 487 568 regula
506 533 529 558 a
543 524 644 558 nulla
662 521 858 568 antiquiori
880 521 1059 565 originem
1072 522 1148 554 tra-

157 576 250 610 xisse
265 575 412 615 dicitur,
432 577 476 607 tr.
493 577 524 615 8,
541 573 566 607 1.
581 577 615 616 1,
633 580 666 607 0.
682 575 720 614 1.

425 658 597 684 mustum
612 654 830 685 semisomn-

116 726 239 764 Utrum
260 733 325 769 pro
344 725 556 760 ministeriis
573 725 822 768 spiritualibus
843 720 1065 765 stipendium
1085 727 1150 756 ac·

156 776 288 819 cipere,
308 784 535 819 quacumque
554 776 694 810 ratione
711 775 749 809 id
767 774 828 808 fiat
847 773 885 806 in
905 772 1090 810 societate,
1109 768 1151 804 fit

156 830 281 863 contra
307 829 430 860 votum
455 826 685 869 paupertatis,
716 833 763 858 an
789 822 985 866 aliquando
1009 823 1149 855 tantum

156 881 281 912 contra
302 877 476 920 regulam,
499 880 543 910 tr.
559 880 612 918 10,
636 876 659 909 l.
677 878 709 916 4,
732 882 764 908 c.
783 878 815 907 8

115 928 170 965 An
191 927 315 962 saltem
337 926 519 961 Generalis
538 926 747 968 dispensare
773 923 887 966 possit
905 921 944 956 in
966 919 1150 956 Constitu-

156 977 256 1012 tione
275 977 480 1020 prohibecte
503 976 638 1009 dictum
661 973 882 1016 stipendium
899 971 1073 1014 accipere,
1097 969 1136 1004 ib

120 1027 189 1062 Pro
207 1027 418 1060 ministeriis
433 1025 681 1068 spiritualibus
695 1023 874 1065 stipendia
891 1030 964 1056 non
980 1014 1157 1075 accipere;

158 1085 270 1119 quam
288 1076 334 1110 sit
353 1075 550 1117 perfectum
572 1077 606 1108 et
627 1073 837 1116 gloriosum,
861 1079 893 1106 0.
908 1073 943 1106 7.

116 1126 206 1160 Vide
224 1127 427 1168 Paupertas.

495 1202 655 1243 ptuonuu
671 1205 770 1232 01130.

117 1271 295 1308 minorum
316 1269 459 1304 ordinis
479 1268 650 1304 fundator
671 1268 705 1302 S.
727 1266 939 1302 Franciscus
959 1272 1031 1309 qua
1051 1265 1155 1300 aetate

158 1331 242 1356 eum
263 1320 469 1361 instituerit,
490 1324 525 1354 et
544 1327 617 1362 quo
635 1326 745 1360 anno,
766 1322 809 1352 tr.
826 1322 861 1358 9,
876 1317 901 1350 1.
915 1321 947 1358 2,
967 1323 999 1350 0.
1018 1318 1050 1349 ’1.

118 1373 199 1407 Haec
222 1371 349 1413 religio
371 1370 440 1404 fuit
460 1370 656 1413 approbata
682 1370 785 1411 prius
808 1375 917 1410 quam
938 1364 1154 1400 Praedicato-

157 1430 239 1456 rum
253 1422 344 1454 vivae
359 1421 458 1454 vocis
471 1420 639 1462 oraculo,
630 1430 637 1436 ·
655 1418 832 1463 posterius
847 1420 967 1451 autem
981 1422 1044 1458 per
1058 1415 1156 1449 Pon-

158 1471 269 1506 tificia
289 1471 498 1513 diplomata,
521 1470 572 1504 ib.

118 1521 172 1557 Ad
189 1530 297 1564 quem
315 1521 423 1554 tinem
443 1519 644 1560 ordinetur,
667 1517 722 1553 ib.

116 1571 265 1607 Maxime
292 1571 428 1604 eminet
455 1570 495 1603 in
526 1571 746 1613 paupertate,
778 1569 813 1603 et
833 1568 887 1602 est
907 1561 1156 1611 propriissime

159 1621 386 1661 mendicans,
409 1620 458 1653 ib

118 1671 309 1706 confertur
332 1678 413 1703 cum
437 1667 566 1702 ordine
583 1669 875 1708 Praedicatorum,
894 1663 945 1703 ib.

119 1720 232 1761 Quam
254 1720 300 1753 sit
321 1724 474 1759 austera,
501 1719 550 1752 ib.

118 1769 273 1804 Diversae
289 1777 331 1802 ex
347 1777 388 1802 ea
405 1768 554 1802 t‘amiliae
569 1766 751 1809 derivatae,
768 1769 804 1801 et
816 1772 897 1809 quae
911 1763 1021 1807 hujus
1033 1762 1156 1797 diver-

161 1818 275 1852 sitatls
294 1826 413 1859 03353,
438 1818 487 1851 11).

120 1870 202 1902 Haec
229 1869 415 1903 diversitas
440 1868 617 1902 unitatem
645 1866 832 1909 religionis
859 1872 934 1899 non
961 1862 1074 1904 101111,
1091 1859 1159 1896 sed

163 1921 281 1962 potius
296 1922 374 1961 eius
396 1919 654 1961 perfectionem
670 1918 801 1959 arguit,
825 1916 873 1950 ib.

122 1969 206 2010 Quae
237 1970 462 2003 difficultates
493 1972 680 2004 versentur
710 1968 807 2002 circa
835 1965 945 2008 hujus
971 1961 1161 2004 religionis

165 2024 423 2062 paupertatem,
444 2019 495 2053 ib.

122 2069 288 2103 Pecuniae
313 2069 358 2102 ab
382 2068 455 2102 illis
479 2074 555 2103 non
580 2065 810 2110 acceptandoe
830 2063 955 2107 regula
970 2059 1163 2098 discutitur

163 2122 198 2151 et
213 2118 424 2160 explicatur,
446 2117 498 2151 ib

121 2170 175 2202 An
208 2172 432 2202 contractum
453 2164 569 2200 mutui
601 2164 783 2199 celebrare
803 2162 943 2206 possint
962 2158 1136 2195 minoritae
1153 2170 1167 2187 ν

163 2216 214 2251 ib.

122 2267 298 2310 Obligatio
318 2267 363 2301 ad
386 2268 631 2309 paupertatem
652 2264 759 2298 nudae
777 2263 922 2306 regulae,
942 2261 1076 2302 absque
1089 2257 1165 2293 ulla

162 2317 406 2352 declaratione
426 2320 460 2348 et
477 2314 745 2348 modificatione
762 2322 782 2347 a
802 2312 1019 2354 quibusdam
1036 2316 1162 2344 eorum

162 2370 353 2408 acceptata,
378 2365 560 2407 quomodo
584 2364 830 2405 temperanda,
855 2363 901 2395 ib.

120 2415 263 2458 Regulae
284 2416 463 2450 Minorum
485 2414 634 2457 quando
655 2417 870 2448 censeantur
894 2410 1056 2454 obligare
1072 2408 1161 2445 suh-

157 2466 286 2506 ditum,
307 2470 351 2506 tr,
367 2468 398 2506 8,
419 2465 443 2497 l.
460 2468 490 2505 1,
510 2472 541 2498 0.
558 2467 589 2497 3.

120 2514 275 2548 Minores
294 2514 467 2556 religiosi,
492 2514 522 2547 si
543 2513 588 2547 ad
607 2513 714 2546 altam
732 2511 943 2554 religionem
965 2512 1159 2549 transeant,

161 2567 197 2597 et
230 2567 307 2606 post
331 2563 592 2606 profectionem
617 2563 655 2595 in
682 2562 743 2595 illa
768 2561 909 2603 fugiant
929 2559 975 2594 ad
999 2559 1159 2593 seculum

162 2613 218 2647 vel
238 2614 283 2646 ad
302 2613 411 2646 aliam
433 2613 605 2646 laxiorem
627 2612 852 2654 religionem,
877 2618 919 2644 eo
942 2610 1020 2652 ipso
1035 2608 1161 2652 primae

163 2670 237 2696 suae
269 2663 437 2705 religioni
473 2663 652 2696 Minorum
683 2661 950 2703 subjiciuntur,
980 2662 1021 2695 ut
1051 2658 1163 2702 possit

163 2716 288 2746 contra
316 2721 378 2747 eos
407 2716 581 2755 tanquam
611 2715 790 2756 apostatas
816 2710 1010 2754 procedere
1030 2736 1039 2751 ,
1068 2709 1091 2742 1.
1112 2712 1132 2742 8
1149 2735 1158 2751 ,

162 2768 197 2803 c,
217 2765 268 2794 12.

123 2808 199 2845 Non
220 2811 268 2844 ita
287 2815 406 2845 tamen
429 2811 460 2846 si
481 2818 521 2846 sc
536 2810 586 2848 ad
605 2810 784 2855 aequalem
801 2810 928 2846 saltem
946 2808 1160 2853 religionem

165 2860 370 2902 conferant,
391 2860 442 2894 ib.

588 2943 696 2973 meu.

125 3003 268 3041 iussam
287 3004 408 3038 dicere
425 3012 497 3046 qua
516 3004 732 3046 frequentia,
755 3006 792 3038 et
811 3003 988 3047 decentia,
1004 3006 1042 3038 et
1054 3004 1164 3041 devo-

169 3054 281 3094 tione,
301 3053 457 3088 debeant
479 3055 680 3088 sacerdotes
710 3053 907 3096 societatis,
935 3057 978 3090 tr.
1001 3056 1056 3096 10,
1082 3054 1108 3089 l.
1127 3057 1161 3097 8,

168 3111 198 3136 c.
221 3107 251 3135 3.

124 3152 246 3188 1115535
272 3160 339 3194 pro
361 3151 617 3187 fundatoribus
638 3150 763 3185 aliisve
785 3151 903 3186 causis
927 3152 966 3185 in
991 3151 1164 3187 societate

166 3201 239 3236 dici
253 3201 388 3243 solitas,
409 3200 555 3243 quando
572 3203 762 3234 teneantur
775 3202 853 3242 ejus
869 3201 1026 3243 religiosi
1041 3201 1163 3236 dicere

167 3251 234 3284 sub
257 3250 370 3292 gravi,
391 3253 427 3284 et
447 3249 594 3293 quaudo
616 3257 659 3283 ex
680 3249 716 3284 vi
738 3252 876 3283 tantum
900 3251 1044 3293 regulae,
1069 3250 1119 3284 ib.

125 3299 267 3336 Missam
287 3303 369 3333 ante
395 3299 563 3335 divinum
585 3299 743 3334 officium
765 3299 910 3334 dicendi
933 3300 1163 3343 privilegium

167 3349 345 3392 religiosis
366 3349 551 3384 societatis
573 3356 801 3391 concessum,
825 3350 1005 3392 quomodo
1025 3349 1164 3384 intelli-

166 3400 327 3442 gendum
349 3402 384 3434 et
403 3399 492 3441 quid
513 3402 694 3442 operetur,
714 3398 766 3434 11).

127 3447 360 3492 Privilegium
382 3448 530 3483 dicendi
555 3449 696 3484 Missam
718 3456 784 3493 per
804 3448 930 3485 horam
953 3451 1036 3483 ante
1053 3457 1163 3485 anro-

167 3506 247 3533 ram
282 3498 340 3532 vel
373 3501 452 3541 post
487 3498 679 3533 meridiem
697 3526 706 3542 ,
740 3498 906 3536 societati
938 3506 1162 3542 concessum,

168 3549 352 3591 quomodo
374 3548 666 3592 intelligendum,
689 3548 740 3585 ib.

128 3596 267 3634 nissam
295 3599 422 3637 audire
451 3599 606 3645 singulis
636 3599 769 3638 diebus
795 3598 933 3640 debent
964 3607 1011 3638 ex
1041 3599 1167 3644 regula

1026 220 1152 255 INDEX
1172 220 1323 254 numm.

1243 283 1556 366 omnesbrelrgiosi
1589 281 1775 318 societatis
1791 307 1800 322 ,
1827 280 1892 324 qui
1921 281 2121 317 sacerdotes
2151 285 2227 316 non

1240 337 1336 371 sunt,
1360 342 1370 366 ι
1401 357 1410 366 .

1632 412 1804 439 nonestu-

1198 479 1367 517 Modestia
1391 478 1431 512 in
1450 477 1620 512 omnibus
1635 477 1822 519 sensibus,
1844 476 2025 520 praecipue
2045 476 2085 511 in
2102 476 2230 520 oculis,

1241 537 1355 614 {lrmff
1375 530 1440 610 les‘}
1469 536 1512 611 {x
1526 527 1673 610 ⁴mediis
1701 527 1748 562 ad
1781 527 1976 562 castitatem
1997 525 2232 571 necessariis.

1278 605 1287 614 .
1349 605 1356 620 ,
1392 603 1400 611 .
1444 604 1453 620 ,
1500 603 1507 610 .
1549 600 1558 610 .

1409 660 1615 686 noluemus
1636 660 1769 686 numo
1793 661 1832 686 8¹1·
1851 660 2036 687 HONACBU&

1201 726 1417 762 monachalis
1438 726 1565 768 religio
1593 725 1633 760 in
1660 726 1795 768 quibus
1813 725 2007 761 conveniat
2023 731 2107 761 cum
2127 723 2237 761 cleri·

1242 777 1322 817 cali,
1346 780 1381 810 et
1399 776 1438 809 in
1457 776 1591 818 quibus
1613 775 1767 818 differat,
1784 778 1828 809 tr.
1847 778 1880 818 9,
1903 775 1928 810 1.
1944 778 1975 817 1,
1995 783 2026 809 0.
2044 777 2081 814 9.

1201 826 1390 868 Utriusque
1410 826 1608 868 antiquitas
1625 828 1771 868 quanta,
1795 833 1826 859 0.
1842 827 1877 860 7.

1200 875 1417 910 Μο330113115
1452 875 1641 918 religionis
1675 874 1808 909 divisio
1838 875 1878 909 in
1911 874 2177 909 mendicantem
2199 874 2237 910 et

1250 926 1498 960 monachalem
1520 933 1654 968 presse,
1674 925 1792 967 qualis
1809 924 1866 966 sit,
1886 924 1937 958 ib.

1205 973 1300 1017 Quas
1330 979 1522 1018 utrumque
1552 975 1755 1009 membrum
1787 973 1982 1008 divisionis
2010 973 2139 1007 habeat
2157 979 2240 1017 pro-

1249 1026 1428 1069 prietates,
1449 1030 1485 1060 et
1502 1026 1684 1069 quomodo
1704 1024 1882 1065 differant,
1901 1025 1952 1058 ib.

1206 1073 1304 1110 nanc
1318 1076 1535 1110 divisionem
1553 1083 1627 1110 303
1643 1082 1720 1109 0550
1739 1075 1963 1117 adaequatam
1979 1080 2017 1107 n.
2032 1075 2065 1115 ⁷,
2081 1078 2150 1108 nec
2160 1071 2241 1109 fleri

1249 1126 1287 1159 in
1311 1126 1473 1159 membra
1495 1125 1707 1168 simpliciter
1725 1124 1901 1167 opposita,
1925 1131 1955 1158 0.
1970 1125 2001 1156 8.

1202 1171 1420 1212 monachalis
1436 1174 1622 1217 religionis
1636 1182 1756 1217 presse
1773 1179 1924 1216 sumptae
1939 1174 2026 1215 quot
2039 1171 2112 1206 sint
2126 1170 2241 1213 modi,

1248 1225 1298 1258 ib.

1203 1272 1460 1310 nonachorum
1484 1274 1635 1309 nomine
1656 1281 1704 1309 an
1730 1275 1767 1311 et
1792 1273 1938 1318 quando
1963 1271 2114 1308 veniant
2130 1268 2243 1307 exteri

1249 1332 1375 1358 omnes
1391 1323 1563 1366 religiosi,
1584 1332 1615 1357 0.
1633 1328 1665 1359 7.

1206 1372 1368 1409 Monachi
1392 1373 1480 1407 olim
1503 1381 1629 1408 omnes
1651 1376 1754 1408 erant
1771 1373 1866 1412 laici,
1889 1372 2013 1415 eisque
2028 1368 2246 1415 praesidebat

1249 1424 1398 1465 quidam
1415 1423 1610 1466 bresbyter,
1630 1424 1654 1457 l.
1671 1427 1702 1465 2,
1721 1431 1752 1457 c.
1769 1426 1801 1457 8.

1206 1471 1437 1507 Monachatus
1459 1473 1559 1515 origo
1578 1474 1617 1507 in
1635 1473 1790 1512 Oriente,
1813 1479 1845 1508 ο.
1864 1473 1899 1506 1.

1207 1522 1438 1559 Monachatus
1461 1523 1569 1566 quale
1587 1522 1671 1558 vitae
1688 1530 1804 1565 genus
1826 1521 1937 1557 fuerit
1959 1523 2042 1557 ante
2060 1518 2244 1562 Basilium.

1254 1573 1302 1606 ib.

1207 1622 1437 1659 Monacbatus
1457 1622 1558 1666 origo
1586 1621 1627 1656 iu
1653 1619 1846 1656 occidente
1867 1618 2043 1663 posterior
2067 1625 2178 1661 quam
2204 1615 2247 1652 in

1251 1671 1407 1714 Oriente,
1425 1679 1459 1706 0.
1476 1674 1512 1707 2.

1646 1752 1813 1780 nonnus.

1208 1817 1416 1856 monialium
1431 1818 1597 1853 clausura
1611 1817 1658 1853 de
1669 1825 1708 1853 se
1721 1824 1796 1852 non
1809 1817 1943 1860 spectat
1955 1815 2002 1851 ad
2012 1815 2251 1851 substantiam

1252 1874 1363 1904 status
1379 1868 1551 1911 religiosi,
1571 1871 1614 1902 tr.
1630 1871 1663 1909 8,
1680 1868 1707 1903 l.
1722 1869 1752 1907 1,
1769 1875 1800 1901 0.
1817 1870 1849 1902 8.

1210 1920 1326 1954 Potest
1341 1923 1460 1952 tamen
1474 1917 1631 1952 Ecclesia
1659 1924 1733 1951 non
1754 1916 1944 1950 admittere
1960 1915 2120 1958 aliquam
2139 1914 2250 1950 femi-

1254 1976 1339 2002 nam
1356 1969 1402 2003 ad
1419 1967 1682 2010 professionem
1702 1965 1928 2007 religiosam,
1948 1965 2019 1999 nisi
2051 1965 2118 2000 sub
2146 1965 2250 2001 clau-

1254 2026 1339 2052 sura
1358 2018 1398 2051 in
1417 2016 1636 2051 monasterio
1651 2018 1790 2056 voveat,
1814 2015 1864 2048 ib.

1214 2068 1315 2103 Unde
1338 2067 1529 2110 provenire
1559 2065 1671 2109 possit
1689 2066 1850 2108 rigorosa
1867 2064 2038 2108 obligatio
2060 2065 2249 2107 clausum,

1257 2126 1329 2160 qua
1345 2117 1521 2151 moniales
1534 2115 1794 2158 astringuntur,
1814 2114 1866 2149 11).

1260 2168 1297 2201 Si
1324 2167 1495 2209 obligatio
1516 2166 1692 2199 clausurae
1723 2164 1762 2197 in
1791 2161 2014 2198 monialibus
2039 2163 2176 2199 oriatur
2205 2171 2252 2201 ex

1259 2217 1382 2258 aliquo
1399 2219 1494 2257 voto,
1511 2218 1687 2257 quantum
1701 2213 1925 2252 extendetur,
1939 2213 1993 2248 ibs

1216 2265 1386 2300 Moniales
1420 2272 1547 2299 031305
1582 2263 1752 2306 professae
1783 2263 1934 2297 omnino
1966 2261 2203 2306 prohibentur
2227 2269 2253 2298 a

1257 2315 1418 2350 Concilio
1448 2314 1662 2348 Tridentino
1690 2321 1737 2347 ne
1758 2311 1975 2347 monasterio
2007 2312 2251 2355 egrediantur,

1256 2365 1327 2399 nisi
1350 2363 1611 2398 interveniente
1625 2363 1786 2406 legitima
1800 2371 1907 2398 causa
1918 2361 2077 2397 exeundi
2091 2362 2138 2397 ab
2150 2361 2254 2406 Epis-

1257 2421 1346 2456 copo
1364 2413 1610 2455 approbanda,
1628 2412 1680 2446 ib.

1254 2463 1338 2503 Quae
1362 2463 1407 2495 sit
1423 2463 1582 2504 legitima
1604 2469 1710 2496 causa
1724 2460 1892 2501 exeundi,
1908 2468 1941 2495 c.
1955 2463 1988 2494 9.

1255 2513 1352 2546 Varii
1377 2521 1480 2546 casus
1502 2512 1599 2546 circa
1618 2513 1686 2547 hoc
1703 2511 1955 2554 expediuntur,
1973 2510 2026 2545 ib.

1254 2563 1458 2604 Aliquando
1474 2562 1555 2596 talis
1577 2565 1630 2596 est
1651 2561 1844 2596 necessitas
1862 2560 2032 2602 exeundi,
2052 2561 2093 2596 ut
2110 2558 2251 2597 Praelati

1256 2612 1403 2646 licentia
1427 2611 1648 2654 expectanda
1663 2618 1739 2645 non
1754 2610 1813 2652 sit,
1829 2612 1865 2644 et
1876 2617 2044 2654 quaenam
2063 2613 2252 2647 censeatur

1255 2661 1437 2696 sufficiens
1453 2660 1658 2700 necessitas,
1677 2660 1728 2694 ib.

1254 2711 1336 2745 Haec
1363 2711 1530 2745 clausura
1564 2709 1780 2744 monialium
1809 2708 1967 2743 maxime
1992 2709 2168 2752 praecepta
2191 2708 2251 2744 est

1255 2764 1402 2803 propter
1423 2760 1635 2801 castitatem,
1658 2762 1703 2792 tr.
1726 2762 1758 2800 9,
1779 2759 1804 2792 l.
1823 2761 1856 2799 1,
1873 2765 1904 2792 0.
1918 2761 1971 2790 12.

1210 2808 1382 2846 moniales
1400 2812 1522 2843 utrum
1545 2807 1742 2850 aliquando
1769 2807 1867 2841 exire
1887 2806 2026 2848 possint
2050 2813 2071 2840 e
2094 2805 2252 2845 eleum

1253 2859 1363 2902 petita
1378 2858 1537 2897 licentia,
1552 2860 1587 2890 et
1602 2864 1675 2891 non
1691 2856 1848 2896 obtenta,
1862 2858 1905 2889 tr.
1923 2859 1955 2897 8,
1972 2856 1996 2888 l.
2017 2859 2048 2898 1,
2065 2864 2095 2890 0.
2113 2859 2146 2890 9.

1252 2908 1343 2942 Cum
1367 2905 1587 2940 monialibus
1616 2906 1714 2940 solus
1740 2906 1834 2948 Papa
1869 2905 2013 2947 proprie
2041 2904 2252 2948 dispensare

1253 2959 1369 2999 potest
1385 2955 1423 2987 in
1445 2955 1621 2989 clausura.
1638 2956 1679 2989 Et
1696 2955 1785 2997 quid
1799 2954 1978 2997 Episcopi.
1999 2954 2074 2989 sive
2091 2954 2275 3002 ordina-,¹
2334 2934 2342 2947 'r

1254 3005 1315 3046 rii,
1344 3007 1379 3037 et
1403 3004 1541 3046 proprii
1575 3013 1699 3039 earum
1721 3003 1860 3038 Praelati
1886 3004 2025 3046 possint
2052 3004 2092 3038 in
2118 3010 2263 3040 conoe-1⁹

1254 3053 1375 3088 denda
1394 3054 1466 3087 illis
1484 3054 1630 3088 licentia
1646 3055 1693 3089 ad
1711 3054 1983 3097 egrediendum,
2001 3053 2051 3088 ib.

1254 3103 1380 3139 Utrum
1406 3104 1613 3146 hujusmodi
1644 3104 1792 3139 licentia
1815 3105 1861 3138 ab
1890 3103 1962 3137 illis
1989 3103 2068 3138 siue
2089 3102 2253 3146 legitima

1257 3160 1363 3187 causa
1386 3154 1468 3188 data
1488 3154 1618 3196 valeat,
1637 3158 1673 3188 et
1690 3153 1867 3190 moniales
1888 3156 2032 3188 excuset
2047 3161 2068 3186 a
2086 3152 2194 3195 culpa
2216 3153 2253 3186 01

1256 3209 1422 3286 ἓῗηέἓῑῗιῖ
1435 3203 1544 3286 clausa
1558 3251 1719 3294 legitima
1739 3250 1908 3290 exeundi,
1922 3254 1958 3285 et
1970 3250 2167 3294 Episcopus
2185 3255 2252 3286 no-

1257 3300 1301 3334 lit
1331 3309 1411 3336 eam
1441 3301 1640 3344 approbare
1658 3328 1666 3343 ,
1692 3301 1864 3335 monialis
1887 3300 2063 3343 Episcopo
2091 3301 2252 3343 subjecta
2309 3311 2315 3331 s

1255 3351 1354 3387 exire
1382 3360 1457 3388 non
1479 3355 1594 3395 potest
1618 3361 1629 3387 z
1653 3355 1816 3395 exempta
1835 3359 1921 3387 vero
1947 3351 1994 3388 de
2021 3351 2168 3386 licentia
2192 3350 2251 3387 sul
2311 3397 2313 3402 Α

1256 3402 1395 3445 praelati
1415 3405 1541 3446 potest,
1556 3402 1608 3438 ib.

1256 3452 1351 3492 Quid
1368 3453 1398 3488 si
1414 3461 1434 3486 e
1447 3451 1628 3487 contrario
1640 3451 1838 3495 Episcopus
1853 3458 1997 3486 causam
2018 3449 2204 3494 approbet.
2213 3449 2252 3485 et

1259 3503 1429 3545 proprius
1442 3502 1613 3537 Praelatus
1633 3502 1725 3536 nolit
1746 3501 1929 3537 licentiam
1949 3501 2048 3543 dare,
2066 3499 2116 3535 ib.

1217 3550 1388 3589 moniales
1407 3560 1545 3595 omnes,
1562 3551 1602 3586 in
1621 3551 1680 3586 his
1699 3559 1782 3596 quae
1796 3551 1844 3587 ad
1860 3550 2064 3586 clausuram
2077 3549 2260 3592 spectant..

1259 3602 1444 3646 Episcopis
1461 3602 1716 3647 subjiciuntur,
1731 3604 1778 3639 tr.
1800 3604 1836 3646 ⁹,
1853 3600 1880 3636 1.
1899 3603 1933 3644 1,
1945 3607 1978 3636 c.
1992 3601 2047 3635 12.

2339 2635 2352 2691 ³,

2342 2692 2352 2723 1

2336 2732 2352 2790 1
