<?xml version="1.0" encoding="UTF-8"?>
<!DOCTYPE html PUBLIC "-//W3C//DTD XHTML 1.0 Transitional//EN"
    "http://www.w3.org/TR/xhtml1/DTD/xhtml1-transitional.dtd">
<html xmlns="http://www.w3.org/1999/xhtml" xml:lang="en" lang="en">
 <head>
  <title>
</title>
<meta http-equiv="Content-Type" content="text/html;charset=utf-8" />
  <meta name='ocr-system' content='tesseract 3.04.00' />
  <meta name='ocr-capabilities' content='ocr_page ocr_carea ocr_par ocr_line ocrx_word'/>
</head>
<body>
  <div class='ocr_page' id='page_1' title='image "./operaomnia16suaauoft_0130.png"; bbox 0 0 2352 3880; ppageno 0'>
   <div class='ocr_carea' id='block_1_1' title="bbox 163 248 236 288">
    <p class='ocr_par' dir='ltr' id='par_1_1' title="bbox 163 248 236 288">
     <span class='ocr_line' id='line_1_1' title="bbox 163 248 236 288; baseline -0.041 0"><span class='ocrx_word' id='word_1_1' title='bbox 163 248 236 288; x_wconf 74' lang='grc' dir='ltr'><strong>’1Ίο</strong></span> 
     </span>
    </p>
   </div>
   <div class='ocr_carea' id='block_1_2' title="bbox 152 373 1198 3690">
    <p class='ocr_par' dir='ltr' id='par_1_2' title="bbox 155 373 1198 2380">
     <span class='ocr_line' id='line_1_2' title="bbox 161 373 1186 426; baseline -0.001 -11"><span class='ocrx_word' id='word_1_2' title='bbox 161 374 291 424; x_wconf 85' lang='lat' dir='ltr'><strong>tione,</strong></span> <span class='ocrx_word' id='word_1_3' title='bbox 311 373 383 422; x_wconf 83' lang='lat' dir='ltr'><strong>sed</strong></span> <span class='ocrx_word' id='word_1_4' title='bbox 400 385 452 418; x_wconf 76' lang='lat' dir='ltr'><strong>ex</strong></span> <span class='ocrx_word' id='word_1_5' title='bbox 468 376 672 426; x_wconf 80' lang='lat' dir='ltr'><strong>potestate</strong></span> <span class='ocrx_word' id='word_1_6' title='bbox 689 373 943 417; x_wconf 80' lang='lat' dir='ltr'><strong>dominativa</strong></span> <span class='ocrx_word' id='word_1_7' title='bbox 965 374 1186 426; x_wconf 75' lang='lat' dir='ltr'><strong>provenit).</strong></span> 
     </span>
     <span class='ocr_line' id='line_1_3' title="bbox 163 434 1191 487; baseline -0.002 -12"><span class='ocrx_word' id='word_1_8' title='bbox 163 439 206 483; x_wconf 83' lang='lat' dir='ltr'><strong>et</strong></span> <span class='ocrx_word' id='word_1_9' title='bbox 221 435 314 480; x_wconf 80' lang='lat' dir='ltr'><strong>ideo</strong></span> <span class='ocrx_word' id='word_1_10' title='bbox 331 434 499 482; x_wconf 71' lang='lat' dir='ltr'><strong>violatio</strong></span> <span class='ocrx_word' id='word_1_11' title='bbox 519 435 608 486; x_wconf 86' lang='lat' dir='ltr'><strong>ejus</strong></span> <span class='ocrx_word' id='word_1_12' title='bbox 625 447 699 487; x_wconf 90' lang='lat' dir='ltr'><strong>per</strong></span> <span class='ocrx_word' id='word_1_13' title='bbox 717 447 760 475; x_wconf 90' lang='grc'><strong>30</strong></span> <span class='ocrx_word' id='word_1_14' title='bbox 772 447 858 476; x_wconf 88' lang='grc'><strong>000</strong></span> <span class='ocrx_word' id='word_1_15' title='bbox 876 435 1058 480; x_wconf 88' lang='lat' dir='ltr'><strong>continet</strong></span> <span class='ocrx_word' id='word_1_16' title='bbox 1075 435 1191 478; x_wconf 59' lang='grc'><strong>01011,</strong></span> 
     </span>
     <span class='ocr_line' id='line_1_4' title="bbox 160 496 1194 542; baseline 0.003 -6"><span class='ocrx_word' id='word_1_17' title='bbox 160 497 264 537; x_wconf 87' lang='grc'><strong>11010</strong></span> <span class='ocrx_word' id='word_1_18' title='bbox 283 500 427 537; x_wconf 85' lang='lat' dir='ltr'><strong>contra</strong></span> <span class='ocrx_word' id='word_1_19' title='bbox 444 496 570 540; x_wconf 83' lang='lat' dir='ltr'><strong>aliam</strong></span> <span class='ocrx_word' id='word_1_20' title='bbox 587 498 798 542; x_wconf 88' lang='lat' dir='ltr'><strong>virtutem,</strong></span> <span class='ocrx_word' id='word_1_21' title='bbox 814 497 886 538; x_wconf 88' lang='lat' dir='ltr'><strong>sed</strong></span> <span class='ocrx_word' id='word_1_22' title='bbox 898 498 1032 540; x_wconf 87' lang='lat' dir='ltr'><strong>solum</strong></span> <span class='ocrx_word' id='word_1_23' title='bbox 1050 501 1194 542; x_wconf 80' lang='lat' dir='ltr'><strong>contra</strong></span> 
     </span>
     <span class='ocr_line' id='line_1_5' title="bbox 162 557 1190 612; baseline 0.003 -14"><span class='ocrx_word' id='word_1_24' title='bbox 162 557 457 612; x_wconf 73' lang='lat' dir='ltr'><strong>obedientiam,</strong></span> <span class='ocrx_word' id='word_1_25' title='bbox 477 571 528 606; x_wconf 86' lang='lat' dir='ltr'><strong>ex</strong></span> <span class='ocrx_word' id='word_1_26' title='bbox 555 571 816 612; x_wconf 88' lang='lat' dir='ltr'><strong>quocumque</strong></span> <span class='ocrx_word' id='word_1_27' title='bbox 846 560 1002 604; x_wconf 88' lang='lat' dir='ltr'><strong>motivo</strong></span> <span class='ocrx_word' id='word_1_28' title='bbox 1020 559 1105 602; x_wconf 88' lang='lat' dir='ltr'><strong>fiat.</strong></span> <span class='ocrx_word' id='word_1_29' title='bbox 1135 561 1190 601; x_wconf 79' lang='lat' dir='ltr'><strong>Et</strong></span> 
     </span>
     <span class='ocr_line' id='line_1_6' title="bbox 160 615 1191 671; baseline 0.004 -15"><span class='ocrx_word' id='word_1_30' title='bbox 160 615 212 656; x_wconf 90' lang='lat' dir='ltr'><strong>de</strong></span> <span class='ocrx_word' id='word_1_31' title='bbox 235 616 302 663; x_wconf 91' lang='grc'><strong>1113</strong></span> <span class='ocrx_word' id='word_1_32' title='bbox 329 621 468 669; x_wconf 87' lang='lat' dir='ltr'><strong>posset</strong></span> <span class='ocrx_word' id='word_1_33' title='bbox 495 618 716 668; x_wconf 82' lang='lat' dir='ltr'><strong>verificari,</strong></span> <span class='ocrx_word' id='word_1_34' title='bbox 736 619 847 671; x_wconf 91' lang='lat' dir='ltr'><strong>quod</strong></span> <span class='ocrx_word' id='word_1_35' title='bbox 876 620 921 664; x_wconf 87' lang='grc'><strong>10</strong></span> <span class='ocrx_word' id='word_1_36' title='bbox 940 619 1048 662; x_wconf 84' lang='grc'><strong>(11010</strong></span> <span class='ocrx_word' id='word_1_37' title='bbox 1079 619 1191 663; x_wconf 84' lang='grc'><strong>30111·</strong></span> 
     </span>
     <span class='ocr_line' id='line_1_7' title="bbox 159 678 1191 734; baseline 0.001 -13"><span class='ocrx_word' id='word_1_38' title='bbox 159 678 274 725; x_wconf 80' lang='lat' dir='ltr'><strong>tione</strong></span> <span class='ocrx_word' id='word_1_39' title='bbox 291 678 345 723; x_wconf 87' lang='lat' dir='ltr'><strong>ad</strong></span> <span class='ocrx_word' id='word_1_40' title='bbox 363 680 404 730; x_wconf 80' lang='grc'><strong>1,</strong></span> <span class='ocrx_word' id='word_1_41' title='bbox 425 681 474 723; x_wconf 83' lang='lat' dir='ltr'><strong>D.</strong></span> <span class='ocrx_word' id='word_1_42' title='bbox 495 680 676 727; x_wconf 80' lang='lat' dir='ltr'>Thomas</span> <span class='ocrx_word' id='word_1_43' title='bbox 702 682 774 730; x_wconf 86' lang='lat' dir='ltr'><strong>ait,</strong></span> <span class='ocrx_word' id='word_1_44' title='bbox 808 681 988 734; x_wconf 83' lang='lat' dir='ltr'><strong>quoedam</strong></span> <span class='ocrx_word' id='word_1_45' title='bbox 1005 681 1074 725; x_wconf 78' lang='lat' dir='ltr'><strong>sub</strong></span> <span class='ocrx_word' id='word_1_46' title='bbox 1105 680 1191 722; x_wconf 82' lang='lat' dir='ltr'><strong>obe·-</strong></span> 
     </span>
     <span class='ocr_line' id='line_1_8' title="bbox 159 738 1193 796; baseline 0.006 -17"><span class='ocrx_word' id='word_1_47' title='bbox 159 738 314 788; x_wconf 68' lang='lat' dir='ltr'><strong>dientz&#39;a</strong></span> <span class='ocrx_word' id='word_1_48' title='bbox 328 754 394 785; x_wconf 80' lang='lat' dir='ltr'><strong>seu</strong></span> <span class='ocrx_word' id='word_1_49' title='bbox 410 742 686 796; x_wconf 78' lang='lat' dir='ltr'><strong>subproecepto</strong></span> <span class='ocrx_word' id='word_1_50' title='bbox 703 743 854 789; x_wconf 82' lang='lat' dir='ltr'><strong>cadere,</strong></span> <span class='ocrx_word' id='word_1_51' title='bbox 869 755 958 796; x_wconf 81' lang='lat' dir='ltr'><strong>quoe</strong></span> <span class='ocrx_word' id='word_1_52' title='bbox 970 742 1023 784; x_wconf 83' lang='lat' dir='ltr'><strong>ad</strong></span> <span class='ocrx_word' id='word_1_53' title='bbox 1034 743 1193 785; x_wconf 75' lang='lat' dir='ltr'><strong>nullam</strong></span> 
     </span>
     <span class='ocr_line' id='line_1_9' title="bbox 159 801 1192 859; baseline 0 -14"><span class='ocrx_word' id='word_1_54' title='bbox 159 801 288 847; x_wconf 83' lang='lat' dir='ltr'><strong>aliam</strong></span> <span class='ocrx_word' id='word_1_55' title='bbox 305 804 488 849; x_wconf 69' lang='lat' dir='ltr'><strong>virtutem</strong></span> <span class='ocrx_word' id='word_1_56' title='bbox 502 805 704 859; x_wconf 50' lang='lat' dir='ltr'><strong>pertinent</strong></span> <span class='ocrx_word' id='word_1_57' title='bbox 715 819 732 850; x_wconf 90' lang='lat'><em>;</em></span> <span class='ocrx_word' id='word_1_58' title='bbox 750 805 857 845; x_wconf 87' lang='lat' dir='ltr'><strong>circa</strong></span> <span class='ocrx_word' id='word_1_59' title='bbox 874 817 968 856; x_wconf 83' lang='lat' dir='ltr'><strong>quae</strong></span> <span class='ocrx_word' id='word_1_60' title='bbox 984 806 1113 846; x_wconf 86' lang='lat' dir='ltr'><strong>verba</strong></span> <span class='ocrx_word' id='word_1_61' title='bbox 1129 805 1192 845; x_wconf 85' lang='lat' dir='ltr'><strong>la-</strong></span> 
     </span>
     <span class='ocr_line' id='line_1_10' title="bbox 158 864 1192 919; baseline 0.004 -16"><span class='ocrx_word' id='word_1_62' title='bbox 158 864 282 909; x_wconf 86' lang='lat' dir='ltr'><strong>borat</strong></span> <span class='ocrx_word' id='word_1_63' title='bbox 309 865 370 906; x_wconf 88' lang='lat' dir='ltr'><strong>ibi</strong></span> <span class='ocrx_word' id='word_1_64' title='bbox 399 867 639 918; x_wconf 84' lang='lat' dir='ltr'><strong>Cajctanus.</strong></span> <span class='ocrx_word' id='word_1_65' title='bbox 664 868 715 913; x_wconf 84' lang='lat' dir='ltr'><strong>Et</strong></span> <span class='ocrx_word' id='word_1_66' title='bbox 746 867 843 908; x_wconf 89' lang='lat' dir='ltr'><strong>hinc</strong></span> <span class='ocrx_word' id='word_1_67' title='bbox 869 867 1038 919; x_wconf 88' lang='lat' dir='ltr'><strong>probari</strong></span> <span class='ocrx_word' id='word_1_68' title='bbox 1055 871 1192 919; x_wconf 86' lang='lat' dir='ltr'><strong>potest</strong></span> 
     </span>
     <span class='ocr_line' id='line_1_11' title="bbox 157 926 1186 980; baseline 0.005 -14"><span class='ocrx_word' id='word_1_69' title='bbox 157 926 294 980; x_wconf 86' lang='lat' dir='ltr'><strong>prima</strong></span> <span class='ocrx_word' id='word_1_70' title='bbox 311 929 621 979; x_wconf 78' lang='lat' dir='ltr'><strong>consequentia,</strong></span> <span class='ocrx_word' id='word_1_71' title='bbox 634 931 744 980; x_wconf 88' lang='lat' dir='ltr'><strong>quia,</strong></span> <span class='ocrx_word' id='word_1_72' title='bbox 761 929 922 979; x_wconf 87' lang='lat' dir='ltr'><strong>quoties</strong></span> <span class='ocrx_word' id='word_1_73' title='bbox 934 932 1186 980; x_wconf 82' lang='lat' dir='ltr'><strong>praeceptum</strong></span> 
     </span>
     <span class='ocr_line' id='line_1_12' title="bbox 157 989 1190 1047; baseline 0.002 -18"><span class='ocrx_word' id='word_1_74' title='bbox 157 989 218 1035; x_wconf 86' lang='lat' dir='ltr'><strong>ita</strong></span> <span class='ocrx_word' id='word_1_75' title='bbox 235 990 354 1047; x_wconf 81' lang='lat' dir='ltr'><strong>ponit</strong></span> <span class='ocrx_word' id='word_1_76' title='bbox 371 995 509 1034; x_wconf 89' lang='lat' dir='ltr'><strong>actum</strong></span> <span class='ocrx_word' id='word_1_77' title='bbox 527 992 572 1036; x_wconf 87' lang='lat' dir='ltr'><strong>in</strong></span> <span class='ocrx_word' id='word_1_78' title='bbox 589 992 723 1043; x_wconf 86' lang='lat' dir='ltr'><strong>specie</strong></span> <span class='ocrx_word' id='word_1_79' title='bbox 746 992 918 1043; x_wconf 79' lang='lat' dir='ltr'><strong>alicujus</strong></span> <span class='ocrx_word' id='word_1_80' title='bbox 941 992 1121 1040; x_wconf 82' lang='lat' dir='ltr'><strong>virtutis,</strong></span> <span class='ocrx_word' id='word_1_81' title='bbox 1141 995 1190 1032; x_wconf 89' lang='grc'><strong>01</strong></span> 
     </span>
     <span class='ocr_line' id='line_1_13' title="bbox 158 1047 1195 1101; baseline 0.002 -17"><span class='ocrx_word' id='word_1_82' title='bbox 158 1053 302 1092; x_wconf 81' lang='lat' dir='ltr'><strong>contra</strong></span> <span class='ocrx_word' id='word_1_83' title='bbox 333 1048 447 1090; x_wconf 82' lang='lat' dir='ltr'><strong>illam</strong></span> <span class='ocrx_word' id='word_1_84' title='bbox 484 1050 674 1100; x_wconf 79' lang='lat' dir='ltr'><strong>peccetur</strong></span> <span class='ocrx_word' id='word_1_85' title='bbox 693 1076 707 1095; x_wconf 87' lang='lat'><strong>,</strong></span> <span class='ocrx_word' id='word_1_86' title='bbox 744 1057 1002 1101; x_wconf 84' lang='lat' dir='ltr'><strong>quacumque</strong></span> <span class='ocrx_word' id='word_1_87' title='bbox 1034 1047 1195 1088; x_wconf 84' lang='lat' dir='ltr'><strong>ratione</strong></span> 
     </span>
     <span class='ocr_line' id='line_1_14' title="bbox 158 1105 1194 1158; baseline -0.001 -12"><span class='ocrx_word' id='word_1_88' title='bbox 158 1107 387 1158; x_wconf 74' lang='lat' dir='ltr'><strong>omittatur,</strong></span> <span class='ocrx_word' id='word_1_89' title='bbox 405 1119 488 1148; x_wconf 87' lang='lat' dir='ltr'><strong>non</strong></span> <span class='ocrx_word' id='word_1_90' title='bbox 504 1106 701 1158; x_wconf 85' lang='lat' dir='ltr'><strong>impletur</strong></span> <span class='ocrx_word' id='word_1_91' title='bbox 714 1107 818 1147; x_wconf 88' lang='lat' dir='ltr'><strong>illud</strong></span> <span class='ocrx_word' id='word_1_92' title='bbox 834 1110 1097 1158; x_wconf 82' lang='lat' dir='ltr'><strong>praeceptum,</strong></span> <span class='ocrx_word' id='word_1_93' title='bbox 1112 1105 1194 1146; x_wconf 87' lang='lat' dir='ltr'><strong>nisi</strong></span> 
     </span>
     <span class='ocr_line' id='line_1_15' title="bbox 157 1167 1196 1224; baseline -0.005 -15"><span class='ocrx_word' id='word_1_94' title='bbox 157 1178 232 1219; x_wconf 80' lang='lat' dir='ltr'><strong>per</strong></span> <span class='ocrx_word' id='word_1_95' title='bbox 250 1169 462 1224; x_wconf 85' lang='lat' dir='ltr'><strong>proprium</strong></span> <span class='ocrx_word' id='word_1_96' title='bbox 481 1172 523 1214; x_wconf 81' lang='lat' dir='ltr'><strong>et</strong></span> <span class='ocrx_word' id='word_1_97' title='bbox 539 1167 756 1214; x_wconf 82' lang='lat' dir='ltr'><strong>formalem</strong></span> <span class='ocrx_word' id='word_1_98' title='bbox 778 1173 918 1211; x_wconf 82' lang='lat' dir='ltr'><strong>actum</strong></span> <span class='ocrx_word' id='word_1_99' title='bbox 936 1167 1048 1208; x_wconf 90' lang='lat' dir='ltr'><strong>illius</strong></span> <span class='ocrx_word' id='word_1_100' title='bbox 1066 1167 1196 1212; x_wconf 64' lang='lat' dir='ltr'><strong>virtu..</strong></span> 
     </span>
     <span class='ocr_line' id='line_1_16' title="bbox 157 1229 1197 1283; baseline -0.002 -15"><span class='ocrx_word' id='word_1_101' title='bbox 157 1230 211 1270; x_wconf 89' lang='lat' dir='ltr'><strong>tis</strong></span> <span class='ocrx_word' id='word_1_102' title='bbox 225 1259 238 1279; x_wconf 94' lang='lat'><strong>,</strong></span> <span class='ocrx_word' id='word_1_103' title='bbox 266 1233 316 1277; x_wconf 80' lang='lat' dir='ltr'><strong>ut</strong></span> <span class='ocrx_word' id='word_1_104' title='bbox 341 1234 592 1282; x_wconf 81' lang='lat' dir='ltr'><strong>praeceptum</strong></span> <span class='ocrx_word' id='word_1_105' title='bbox 609 1229 759 1283; x_wconf 78' lang='lat' dir='ltr'><strong>jeJunii</strong></span> <span class='ocrx_word' id='word_1_106' title='bbox 779 1241 853 1280; x_wconf 85' lang='lat' dir='ltr'><strong>per</strong></span> <span class='ocrx_word' id='word_1_107' title='bbox 877 1233 1017 1275; x_wconf 80' lang='lat' dir='ltr'><strong>actum</strong></span> <span class='ocrx_word' id='word_1_108' title='bbox 1037 1233 1197 1281; x_wconf 67' lang='lat' dir='ltr'><strong>tempe-</strong></span> 
     </span>
     <span class='ocr_line' id='line_1_17' title="bbox 157 1285 1198 1346; baseline 0.002 -15"><span class='ocrx_word' id='word_1_109' title='bbox 157 1292 330 1340; x_wconf 78' lang='lat' dir='ltr'><strong>rantiae,</strong></span> <span class='ocrx_word' id='word_1_110' title='bbox 359 1296 461 1340; x_wconf 81' lang='lat' dir='ltr'><strong>etc.,</strong></span> <span class='ocrx_word' id='word_1_111' title='bbox 488 1291 586 1344; x_wconf 89' lang='lat' dir='ltr'><strong>quia</strong></span> <span class='ocrx_word' id='word_1_112' title='bbox 605 1285 710 1331; x_wconf 89' lang='grc'><strong>31001</strong></span> <span class='ocrx_word' id='word_1_113' title='bbox 725 1291 877 1332; x_wconf 82' lang='lat' dir='ltr'><strong>malam</strong></span> <span class='ocrx_word' id='word_1_114' title='bbox 895 1302 942 1332; x_wconf 70' lang='lat' dir='ltr'><strong>ex</strong></span> <span class='ocrx_word' id='word_1_115' title='bbox 960 1301 1198 1346; x_wconf 74' lang='lat' dir='ltr'><strong>quocumque</strong></span> 
     </span>
     <span class='ocr_line' id='line_1_18' title="bbox 158 1350 1197 1406; baseline -0.002 -11"><span class='ocrx_word' id='word_1_116' title='bbox 158 1353 331 1403; x_wconf 77' lang='lat' dir='ltr'><strong>defectu,</strong></span> <span class='ocrx_word' id='word_1_117' title='bbox 354 1353 412 1394; x_wconf 90' lang='lat' dir='ltr'><strong>ita</strong></span> <span class='ocrx_word' id='word_1_118' title='bbox 432 1354 571 1399; x_wconf 75' lang='lat' dir='ltr'><strong>bonum</strong></span> <span class='ocrx_word' id='word_1_119' title='bbox 589 1364 636 1393; x_wconf 73' lang='lat' dir='ltr'><strong>ea:</strong></span> <span class='ocrx_word' id='word_1_120' title='bbox 653 1354 815 1406; x_wconf 73' lang='lat' dir='ltr'><strong>inteqra</strong></span> <span class='ocrx_word' id='word_1_121' title='bbox 834 1363 980 1400; x_wconf 78' lang='lat' dir='ltr'><strong>eausa;</strong></span> <span class='ocrx_word' id='word_1_122' title='bbox 1004 1363 1126 1402; x_wconf 87' lang='lat' dir='ltr'><strong>ergo,</strong></span> <span class='ocrx_word' id='word_1_123' title='bbox 1146 1350 1197 1393; x_wconf 91' lang='lat' dir='ltr'><strong>li-</strong></span> 
     </span>
     <span class='ocr_line' id='line_1_19' title="bbox 158 1414 1195 1470; baseline -0.002 -14"><span class='ocrx_word' id='word_1_124' title='bbox 158 1419 224 1461; x_wconf 75' lang='lat' dir='ltr'><strong>cet</strong></span> <span class='ocrx_word' id='word_1_125' title='bbox 241 1415 334 1461; x_wconf 72' lang='lat' dir='ltr'><strong>aliae</strong></span> <span class='ocrx_word' id='word_1_126' title='bbox 355 1416 466 1469; x_wconf 85' lang='lat' dir='ltr'><strong>leges</strong></span> <span class='ocrx_word' id='word_1_127' title='bbox 481 1415 733 1470; x_wconf 74' lang='lat' dir='ltr'><strong>impleantur</strong></span> <span class='ocrx_word' id='word_1_128' title='bbox 751 1427 823 1468; x_wconf 86' lang='lat' dir='ltr'><strong>per</strong></span> <span class='ocrx_word' id='word_1_129' title='bbox 844 1419 958 1455; x_wconf 90' lang='lat' dir='ltr'><strong>actus</strong></span> <span class='ocrx_word' id='word_1_130' title='bbox 975 1414 1195 1464; x_wconf 87' lang='lat' dir='ltr'><strong>virtutum,</strong></span> 
     </span>
     <span class='ocr_line' id='line_1_20' title="bbox 157 1475 1196 1534; baseline 0.001 -19"><span class='ocrx_word' id='word_1_131' title='bbox 157 1475 203 1525; x_wconf 87' lang='grc'><strong>111</strong></span> <span class='ocrx_word' id='word_1_132' title='bbox 225 1477 373 1534; x_wconf 84' lang='lat' dir='ltr'><strong>quibus</strong></span> <span class='ocrx_word' id='word_1_133' title='bbox 395 1481 508 1517; x_wconf 90' lang='lat' dir='ltr'><strong>actus</strong></span> <span class='ocrx_word' id='word_1_134' title='bbox 533 1481 756 1533; x_wconf 76' lang='lat' dir='ltr'><strong>praeceptos</strong></span> <span class='ocrx_word' id='word_1_135' title='bbox 783 1479 1015 1529; x_wconf 88' lang='lat' dir='ltr'><strong>reponunt,</strong></span> <span class='ocrx_word' id='word_1_136' title='bbox 1041 1487 1196 1528; x_wconf 77' lang='lat' dir='ltr'><strong>praece-</strong></span> 
     </span>
     <span class='ocr_line' id='line_1_21' title="bbox 156 1535 1196 1590; baseline -0.003 -12"><span class='ocrx_word' id='word_1_137' title='bbox 156 1542 275 1590; x_wconf 91' lang='lat' dir='ltr'><strong>ptum</strong></span> <span class='ocrx_word' id='word_1_138' title='bbox 298 1538 542 1580; x_wconf 73' lang='lat' dir='ltr'><strong>obedientiae</strong></span> <span class='ocrx_word' id='word_1_139' title='bbox 562 1538 762 1589; x_wconf 63' lang='lat' dir='ltr'><strong>religiosae</strong></span> <span class='ocrx_word' id='word_1_140' title='bbox 782 1550 866 1582; x_wconf 82' lang='lat' dir='ltr'><strong>non</strong></span> <span class='ocrx_word' id='word_1_141' title='bbox 885 1537 1095 1589; x_wconf 81' lang='lat' dir='ltr'><strong>impletur,</strong></span> <span class='ocrx_word' id='word_1_142' title='bbox 1115 1535 1196 1580; x_wconf 90' lang='lat' dir='ltr'><strong>nisi</strong></span> 
     </span>
     <span class='ocr_line' id='line_1_22' title="bbox 156 1599 1196 1651; baseline -0.003 -11"><span class='ocrx_word' id='word_1_143' title='bbox 156 1611 232 1651; x_wconf 89' lang='lat' dir='ltr'><strong>per</strong></span> <span class='ocrx_word' id='word_1_144' title='bbox 249 1600 466 1640; x_wconf 88' lang='lat' dir='ltr'><strong>formalem</strong></span> <span class='ocrx_word' id='word_1_145' title='bbox 486 1599 763 1642; x_wconf 80' lang='lat' dir='ltr'><strong>obedientiam</strong></span> <span class='ocrx_word' id='word_1_146' title='bbox 778 1630 791 1649; x_wconf 93' lang='lat'><strong>,</strong></span> <span class='ocrx_word' id='word_1_147' title='bbox 820 1600 918 1651; x_wconf 85' lang='lat' dir='ltr'><strong>quia</strong></span> <span class='ocrx_word' id='word_1_148' title='bbox 935 1599 1067 1642; x_wconf 86' lang='lat' dir='ltr'><strong>solum</strong></span> <span class='ocrx_word' id='word_1_149' title='bbox 1084 1599 1196 1639; x_wconf 88' lang='lat' dir='ltr'><strong>intra</strong></span> 
     </span>
     <span class='ocr_line' id='line_1_23' title="bbox 156 1660 1195 1712; baseline 0 -13"><span class='ocrx_word' id='word_1_150' title='bbox 156 1660 265 1702; x_wconf 90' lang='lat' dir='ltr'><strong>hanc</strong></span> <span class='ocrx_word' id='word_1_151' title='bbox 283 1663 478 1704; x_wconf 84' lang='lat' dir='ltr'><strong>virtutem</strong></span> <span class='ocrx_word' id='word_1_152' title='bbox 499 1662 711 1705; x_wconf 84' lang='lat' dir='ltr'><strong>constituit</strong></span> <span class='ocrx_word' id='word_1_153' title='bbox 727 1666 863 1703; x_wconf 88' lang='lat' dir='ltr'><strong>actum</strong></span> <span class='ocrx_word' id='word_1_154' title='bbox 880 1666 1141 1712; x_wconf 68' lang='lat' dir='ltr'><strong>praeceptum.</strong></span> <span class='ocrx_word' id='word_1_155' title='bbox 1162 1660 1195 1700; x_wconf 93' lang='lat' dir='ltr'>E</span> 
     </span>
     <span class='ocr_line' id='line_1_24' title="bbox 157 1721 1195 1777; baseline -0.002 -15"><span class='ocrx_word' id='word_1_156' title='bbox 157 1723 366 1765; x_wconf 89' lang='lat' dir='ltr'><strong>contrario</strong></span> <span class='ocrx_word' id='word_1_157' title='bbox 392 1734 488 1768; x_wconf 74' lang='lat' dir='ltr'><strong>vero</strong></span> <span class='ocrx_word' id='word_1_158' title='bbox 515 1722 636 1777; x_wconf 76' lang='lat' dir='ltr'><strong>objici</strong></span> <span class='ocrx_word' id='word_1_159' title='bbox 665 1726 796 1775; x_wconf 83' lang='lat' dir='ltr'><strong>potest</strong></span> <span class='ocrx_word' id='word_1_160' title='bbox 826 1726 968 1766; x_wconf 79' lang='lat' dir='ltr'><strong>contra</strong></span> <span class='ocrx_word' id='word_1_161' title='bbox 998 1721 1195 1774; x_wconf 86' lang='lat' dir='ltr'><strong>posterio-</strong></span> 
     </span>
     <span class='ocr_line' id='line_1_25' title="bbox 156 1783 1193 1838; baseline 0 -14"><span class='ocrx_word' id='word_1_162' title='bbox 156 1796 246 1826; x_wconf 86' lang='lat' dir='ltr'><strong>rem</strong></span> <span class='ocrx_word' id='word_1_163' title='bbox 265 1784 446 1838; x_wconf 82' lang='lat' dir='ltr'><strong>ejusdem</strong></span> <span class='ocrx_word' id='word_1_164' title='bbox 467 1785 728 1838; x_wconf 84' lang='lat' dir='ltr'><strong>pronunciati</strong></span> <span class='ocrx_word' id='word_1_165' title='bbox 748 1788 931 1836; x_wconf 81' lang='lat' dir='ltr'><strong>partem,</strong></span> <span class='ocrx_word' id='word_1_166' title='bbox 956 1795 1054 1828; x_wconf 81' lang='lat' dir='ltr'><strong>nam</strong></span> <span class='ocrx_word' id='word_1_167' title='bbox 1072 1783 1106 1822; x_wconf 90' lang='lat' dir='ltr'><strong>si</strong></span> <span class='ocrx_word' id='word_1_168' title='bbox 1122 1783 1193 1824; x_wconf 86' lang='lat' dir='ltr'><strong>illa</strong></span> 
     </span>
     <span class='ocr_line' id='line_1_26' title="bbox 157 1839 1193 1898; baseline -0.003 -11"><span class='ocrx_word' id='word_1_169' title='bbox 157 1858 254 1887; x_wconf 87' lang='lat' dir='ltr'><strong>vera</strong></span> <span class='ocrx_word' id='word_1_170' title='bbox 285 1839 407 1894; x_wconf 85' lang='lat' dir='ltr'><strong>esset,</strong></span> <span class='ocrx_word' id='word_1_171' title='bbox 439 1850 677 1898; x_wconf 84' lang='lat' dir='ltr'><strong>sequeretur</strong></span> <span class='ocrx_word' id='word_1_172' title='bbox 708 1845 946 1896; x_wconf 77' lang='lat' dir='ltr'><strong>religiosum</strong></span> <span class='ocrx_word' id='word_1_173' title='bbox 976 1855 1193 1896; x_wconf 86' lang='lat' dir='ltr'><strong>nunquam</strong></span> 
     </span>
     <span class='ocr_line' id='line_1_27' title="bbox 156 1906 1191 1961; baseline -0.004 -13"><span class='ocrx_word' id='word_1_174' title='bbox 156 1920 274 1961; x_wconf 87' lang='lat' dir='ltr'><strong>posse</strong></span> <span class='ocrx_word' id='word_1_175' title='bbox 315 1919 502 1950; x_wconf 81' lang='lat' dir='ltr'><strong>exercere</strong></span> <span class='ocrx_word' id='word_1_176' title='bbox 540 1907 751 1959; x_wconf 86' lang='lat' dir='ltr'><strong>proprium</strong></span> <span class='ocrx_word' id='word_1_177' title='bbox 792 1911 832 1946; x_wconf 88' lang='lat' dir='ltr'><strong>et</strong></span> <span class='ocrx_word' id='word_1_178' title='bbox 870 1906 1086 1949; x_wconf 82' lang='lat' dir='ltr'><strong>formalem</strong></span> <span class='ocrx_word' id='word_1_179' title='bbox 1119 1917 1191 1944; x_wconf 83' lang='lat' dir='ltr'><strong>ac-</strong></span> 
     </span>
     <span class='ocr_line' id='line_1_28' title="bbox 155 1967 1191 2018; baseline -0.002 -10"><span class='ocrx_word' id='word_1_180' title='bbox 155 1973 248 2012; x_wconf 89' lang='lat' dir='ltr'><strong>tum</strong></span> <span class='ocrx_word' id='word_1_181' title='bbox 267 1968 526 2017; x_wconf 82' lang='lat' dir='ltr'><strong>obedientiae,</strong></span> <span class='ocrx_word' id='word_1_182' title='bbox 548 1969 626 2011; x_wconf 84' lang='lat' dir='ltr'><strong>nisi</strong></span> <span class='ocrx_word' id='word_1_183' title='bbox 645 1968 715 2013; x_wconf 88' lang='lat' dir='ltr'><strong>ubi</strong></span> <span class='ocrx_word' id='word_1_184' title='bbox 738 1968 961 2013; x_wconf 85' lang='lat' dir='ltr'><strong>intervenit</strong></span> <span class='ocrx_word' id='word_1_185' title='bbox 980 1967 1191 2018; x_wconf 85' lang='lat' dir='ltr'><strong>proprium</strong></span> 
     </span>
     <span class='ocr_line' id='line_1_29' title="bbox 156 2029 1191 2084; baseline -0.006 -10"><span class='ocrx_word' id='word_1_186' title='bbox 156 2035 404 2084; x_wconf 83' lang='lat' dir='ltr'><strong>praeceptum</strong></span> <span class='ocrx_word' id='word_1_187' title='bbox 421 2031 673 2083; x_wconf 76' lang='lat' dir='ltr'><strong>Superioris3</strong></span> <span class='ocrx_word' id='word_1_188' title='bbox 693 2041 942 2081; x_wconf 86' lang='lat' dir='ltr'><strong>consequens</strong></span> <span class='ocrx_word' id='word_1_189' title='bbox 955 2033 1013 2068; x_wconf 88' lang='lat' dir='ltr'><strong>est</strong></span> <span class='ocrx_word' id='word_1_190' title='bbox 1025 2029 1191 2077; x_wconf 70' lang='lat' dir='ltr'><strong>salsum,</strong></span> 
     </span>
     <span class='ocr_line' id='line_1_30' title="bbox 158 2090 1192 2141; baseline -0.001 -9"><span class='ocrx_word' id='word_1_191' title='bbox 158 2097 200 2134; x_wconf 88' lang='lat' dir='ltr'><strong>et</strong></span> <span class='ocrx_word' id='word_1_192' title='bbox 229 2097 373 2133; x_wconf 88' lang='lat' dir='ltr'><strong>contra</strong></span> <span class='ocrx_word' id='word_1_193' title='bbox 401 2103 665 2133; x_wconf 87' lang='lat' dir='ltr'><strong>communem</strong></span> <span class='ocrx_word' id='word_1_194' title='bbox 699 2103 819 2132; x_wconf 90' lang='lat' dir='ltr'><strong>usum</strong></span> <span class='ocrx_word' id='word_1_195' title='bbox 852 2091 1118 2141; x_wconf 86' lang='lat' dir='ltr'><strong>religionum,</strong></span> <span class='ocrx_word' id='word_1_196' title='bbox 1147 2090 1192 2132; x_wconf 89' lang='lat' dir='ltr'><strong>in</strong></span> 
     </span>
     <span class='ocr_line' id='line_1_31' title="bbox 158 2152 1192 2207; baseline -0.003 -13"><span class='ocrx_word' id='word_1_197' title='bbox 158 2155 309 2207; x_wconf 90' lang='lat' dir='ltr'><strong>quibus</strong></span> <span class='ocrx_word' id='word_1_198' title='bbox 327 2155 534 2194; x_wconf 76' lang='lat' dir='ltr'><strong>ordinarie</strong></span> <span class='ocrx_word' id='word_1_199' title='bbox 553 2153 770 2193; x_wconf 86' lang='lat' dir='ltr'><strong>inferiores</strong></span> <span class='ocrx_word' id='word_1_200' title='bbox 788 2164 838 2192; x_wconf 82' lang='lat' dir='ltr'><strong>ex</strong></span> <span class='ocrx_word' id='word_1_201' title='bbox 858 2152 1091 2194; x_wconf 85' lang='lat' dir='ltr'><strong>obedientia</strong></span> <span class='ocrx_word' id='word_1_202' title='bbox 1106 2164 1192 2192; x_wconf 83' lang='lat' dir='ltr'><strong>mo·</strong></span> 
     </span>
     <span class='ocr_line' id='line_1_32' title="bbox 157 2214 1192 2270; baseline -0.001 -14"><span class='ocrx_word' id='word_1_203' title='bbox 157 2221 306 2260; x_wconf 87' lang='lat' dir='ltr'><strong>ventur</strong></span> <span class='ocrx_word' id='word_1_204' title='bbox 333 2216 385 2257; x_wconf 86' lang='lat' dir='ltr'><strong>ad</strong></span> <span class='ocrx_word' id='word_1_205' title='bbox 414 2215 702 2268; x_wconf 85' lang='lat' dir='ltr'><strong>operandum,</strong></span> <span class='ocrx_word' id='word_1_206' title='bbox 733 2214 919 2270; x_wconf 85' lang='lat' dir='ltr'><strong>quamvis</strong></span> <span class='ocrx_word' id='word_1_207' title='bbox 954 2214 1192 2265; x_wconf 77' lang='lat' dir='ltr'><strong>Superiores</strong></span> 
     </span>
     <span class='ocr_line' id='line_1_33' title="bbox 157 2275 1191 2330; baseline 0.002 -14"><span class='ocrx_word' id='word_1_208' title='bbox 157 2278 322 2330; x_wconf 88' lang='lat' dir='ltr'><strong>propria</strong></span> <span class='ocrx_word' id='word_1_209' title='bbox 349 2281 553 2329; x_wconf 82' lang='lat' dir='ltr'><strong>praecepta</strong></span> <span class='ocrx_word' id='word_1_210' title='bbox 578 2289 663 2316; x_wconf 90' lang='lat' dir='ltr'><strong>non</strong></span> <span class='ocrx_word' id='word_1_211' title='bbox 690 2275 922 2328; x_wconf 85' lang='lat' dir='ltr'><strong>imponant,</strong></span> <span class='ocrx_word' id='word_1_212' title='bbox 945 2275 1016 2315; x_wconf 87' lang='lat' dir='ltr'><strong>sed</strong></span> <span class='ocrx_word' id='word_1_213' title='bbox 1035 2275 1191 2329; x_wconf 73' lang='lat' dir='ltr'><strong>simpli-</strong></span> 
     </span>
     <span class='ocr_line' id='line_1_34' title="bbox 158 2338 735 2380; baseline -0.002 -1"><span class='ocrx_word' id='word_1_214' title='bbox 158 2350 249 2379; x_wconf 87' lang='lat' dir='ltr'><strong>cem</strong></span> <span class='ocrx_word' id='word_1_215' title='bbox 267 2338 520 2379; x_wconf 86' lang='lat' dir='ltr'><strong>voluntatem</strong></span> <span class='ocrx_word' id='word_1_216' title='bbox 539 2338 735 2380; x_wconf 84' lang='lat' dir='ltr'><strong>indicent.</strong></span> 
     </span>
    </p>

    <p class='ocr_par' dir='ltr' id='par_1_3' title="bbox 152 2397 1192 3690">
     <span class='ocr_line' id='line_1_35' title="bbox 211 2397 1189 2451; baseline -0.003 -10"><span class='ocrx_word' id='word_1_217' title='bbox 211 2402 252 2441; x_wconf 82' lang='lat'><strong>5.</strong></span> <span class='ocrx_word' id='word_1_218' title='bbox 285 2400 391 2449; x_wconf 74' lang='lat' dir='ltr'><strong>Quid</strong></span> <span class='ocrx_word' id='word_1_219' title='bbox 422 2401 624 2446; x_wconf 69' lang='lat' dir='ltr'><strong>dicendum</strong></span> <span class='ocrx_word' id='word_1_220' title='bbox 641 2401 694 2440; x_wconf 84' lang='lat' dir='ltr'><strong>ad</strong></span> <span class='ocrx_word' id='word_1_221' title='bbox 712 2399 938 2440; x_wconf 76' lang='lat' dir='ltr'><strong>antecedens</strong></span> <span class='ocrx_word' id='word_1_222' title='bbox 950 2397 1106 2451; x_wconf 74' lang='lat' dir='ltr'><strong>prioris</strong></span> <span class='ocrx_word' id='word_1_223' title='bbox 1125 2397 1189 2438; x_wconf 78' lang='lat' dir='ltr'><strong>ob-</strong></span> 
     </span>
     <span class='ocr_line' id='line_1_36' title="bbox 152 2459 1189 2516; baseline -0.005 -11"><span class='ocrx_word' id='word_1_224' title='bbox 152 2462 422 2516; x_wconf 49' lang='lat' dir='ltr'><strong>jectionem·-</strong></span> <span class='ocrx_word' id='word_1_225' title='bbox 448 2462 511 2502; x_wconf 82' lang='lat' dir='ltr'><strong>Ad</strong></span> <span class='ocrx_word' id='word_1_226' title='bbox 550 2464 730 2513; x_wconf 78' lang='lat' dir='ltr'><strong>priorem</strong></span> <span class='ocrx_word' id='word_1_227' title='bbox 764 2461 1060 2511; x_wconf 81' lang='lat' dir='ltr'><strong>objectionem,</strong></span> <span class='ocrx_word' id='word_1_228' title='bbox 1093 2459 1189 2501; x_wconf 84' lang='lat' dir='ltr'><strong>dato</strong></span> 
     </span>
     <span class='ocr_line' id='line_1_37' title="bbox 157 2523 1190 2574; baseline -0.003 -10"><span class='ocrx_word' id='word_1_229' title='bbox 157 2524 425 2567; x_wconf 83' lang='lat' dir='ltr'><strong>antecedente</strong></span> <span class='ocrx_word' id='word_1_230' title='bbox 457 2527 634 2574; x_wconf 86' lang='lat' dir='ltr'><strong>negatur</strong></span> <span class='ocrx_word' id='word_1_231' title='bbox 672 2523 986 2574; x_wconf 82' lang='lat' dir='ltr'><strong>consequentia3</strong></span> <span class='ocrx_word' id='word_1_232' title='bbox 1030 2525 1190 2572; x_wconf 78' lang='lat' dir='ltr'><strong>oportet</strong></span> 
     </span>
     <span class='ocr_line' id='line_1_38' title="bbox 158 2584 1187 2635; baseline -0.003 -10"><span class='ocrx_word' id='word_1_233' title='bbox 158 2590 298 2627; x_wconf 86' lang='lat' dir='ltr'><strong>tamen</strong></span> <span class='ocrx_word' id='word_1_234' title='bbox 340 2586 586 2626; x_wconf 86' lang='lat' dir='ltr'><strong>antecedens</strong></span> <span class='ocrx_word' id='word_1_235' title='bbox 633 2585 924 2625; x_wconf 87' lang='lat' dir='ltr'><strong>convenienter</strong></span> <span class='ocrx_word' id='word_1_236' title='bbox 967 2584 1187 2635; x_wconf 84' lang='lat' dir='ltr'><strong>explicari;</strong></span> 
     </span>
     <span class='ocr_line' id='line_1_39' title="bbox 159 2647 1190 2698; baseline 0.001 -11"><span class='ocrx_word' id='word_1_237' title='bbox 159 2659 272 2697; x_wconf 85' lang='lat' dir='ltr'><strong>nam,</strong></span> <span class='ocrx_word' id='word_1_238' title='bbox 284 2659 379 2689; x_wconf 89' lang='lat' dir='ltr'><strong>cum</strong></span> <span class='ocrx_word' id='word_1_239' title='bbox 392 2647 607 2698; x_wconf 81' lang='lat' dir='ltr'><strong>religiosus</strong></span> <span class='ocrx_word' id='word_1_240' title='bbox 626 2647 925 2698; x_wconf 85' lang='lat' dir='ltr'><strong>transgreditur</strong></span> <span class='ocrx_word' id='word_1_241' title='bbox 939 2650 1190 2698; x_wconf 78' lang='lat' dir='ltr'><strong>praeceptum</strong></span> 
     </span>
     <span class='ocr_line' id='line_1_40' title="bbox 159 2708 1191 2759; baseline -0.003 -11"><span class='ocrx_word' id='word_1_242' title='bbox 159 2709 401 2749; x_wconf 62' lang='lat' dir='ltr'><strong>obedientiae</strong></span> <span class='ocrx_word' id='word_1_243' title='bbox 430 2709 748 2759; x_wconf 88' lang='lat' dir='ltr'><strong>(considerando</strong></span> <span class='ocrx_word' id='word_1_244' title='bbox 767 2708 886 2755; x_wconf 88' lang='lat' dir='ltr'><strong>illud,</strong></span> <span class='ocrx_word' id='word_1_245' title='bbox 904 2713 950 2747; x_wconf 89' lang='lat' dir='ltr'><strong>ut</strong></span> <span class='ocrx_word' id='word_1_246' title='bbox 972 2708 1071 2755; x_wconf 82' lang='lat' dir='ltr'><strong>dixi,</strong></span> <span class='ocrx_word' id='word_1_247' title='bbox 1093 2720 1191 2759; x_wconf 89' lang='lat' dir='ltr'><strong>qua-</strong></span> 
     </span>
     <span class='ocr_line' id='line_1_41' title="bbox 160 2769 1191 2822; baseline -0.003 -12"><span class='ocrx_word' id='word_1_248' title='bbox 160 2775 279 2811; x_wconf 84' lang='lat' dir='ltr'><strong>tenus</strong></span> <span class='ocrx_word' id='word_1_249' title='bbox 305 2775 365 2811; x_wconf 88' lang='lat' dir='ltr'><strong>est</strong></span> <span class='ocrx_word' id='word_1_250' title='bbox 393 2771 558 2822; x_wconf 82' lang='lat' dir='ltr'><strong>praecise</strong></span> <span class='ocrx_word' id='word_1_251' title='bbox 576 2782 602 2811; x_wconf 85' lang='lat' dir='ltr'><strong>a</strong></span> <span class='ocrx_word' id='word_1_252' title='bbox 623 2773 821 2822; x_wconf 83' lang='lat' dir='ltr'><strong>potestate</strong></span> <span class='ocrx_word' id='word_1_253' title='bbox 840 2769 1107 2816; x_wconf 85' lang='lat' dir='ltr'><strong>dominativa,</strong></span> <span class='ocrx_word' id='word_1_254' title='bbox 1129 2780 1191 2807; x_wconf 91' lang='lat' dir='ltr'><strong>se-</strong></span> 
     </span>
     <span class='ocr_line' id='line_1_42' title="bbox 159 2830 1188 2883; baseline -0.002 -12"><span class='ocrx_word' id='word_1_255' title='bbox 159 2831 271 2874; x_wconf 82' lang='lat' dir='ltr'><strong>clusa</strong></span> <span class='ocrx_word' id='word_1_256' title='bbox 300 2831 605 2883; x_wconf 80' lang='lat' dir='ltr'><strong>jurisdictione),</strong></span> <span class='ocrx_word' id='word_1_257' title='bbox 623 2843 707 2872; x_wconf 86' lang='lat' dir='ltr'><strong>non</strong></span> <span class='ocrx_word' id='word_1_258' title='bbox 738 2839 880 2882; x_wconf 85' lang='lat' dir='ltr'><strong>peccat</strong></span> <span class='ocrx_word' id='word_1_259' title='bbox 913 2830 1091 2881; x_wconf 84' lang='lat' dir='ltr'><strong>quidem,</strong></span> <span class='ocrx_word' id='word_1_260' title='bbox 1115 2842 1188 2880; x_wconf 90' lang='lat' dir='ltr'><strong>per</strong></span> 
     </span>
     <span class='ocr_line' id='line_1_43' title="bbox 160 2892 1188 2945; baseline -0.003 -12"><span class='ocrx_word' id='word_1_261' title='bbox 160 2906 203 2933; x_wconf 89' lang='grc'><strong>30</strong></span> <span class='ocrx_word' id='word_1_262' title='bbox 219 2893 439 2945; x_wconf 89' lang='lat' dir='ltr'><strong>loquendo,</strong></span> <span class='ocrx_word' id='word_1_263' title='bbox 469 2897 611 2932; x_wconf 85' lang='lat' dir='ltr'><strong>contra</strong></span> <span class='ocrx_word' id='word_1_264' title='bbox 642 2892 859 2943; x_wconf 82' lang='lat' dir='ltr'><strong>specialem</strong></span> <span class='ocrx_word' id='word_1_265' title='bbox 895 2893 1105 2938; x_wconf 86' lang='lat' dir='ltr'><strong>virtutem,</strong></span> <span class='ocrx_word' id='word_1_266' title='bbox 1136 2892 1188 2930; x_wconf 91' lang='lat' dir='ltr'><strong>ad</strong></span> 
     </span>
     <span class='ocr_line' id='line_1_44' title="bbox 159 2953 1187 3009; baseline -0.004 -13"><span class='ocrx_word' id='word_1_267' title='bbox 159 2967 285 3009; x_wconf 88' lang='lat' dir='ltr'><strong>quam</strong></span> <span class='ocrx_word' id='word_1_268' title='bbox 318 2967 371 2996; x_wconf 85' lang='lat' dir='ltr'><strong>ex</strong></span> <span class='ocrx_word' id='word_1_269' title='bbox 396 2958 511 3006; x_wconf 86' lang='lat' dir='ltr'><strong>parte</strong></span> <span class='ocrx_word' id='word_1_270' title='bbox 542 2955 723 2995; x_wconf 80' lang='lat' dir='ltr'><strong>materiae</strong></span> <span class='ocrx_word' id='word_1_271' title='bbox 742 2954 918 3005; x_wconf 85' lang='lat' dir='ltr'><strong>pertinet</strong></span> <span class='ocrx_word' id='word_1_272' title='bbox 947 2953 1038 2994; x_wconf 86' lang='lat' dir='ltr'><strong>talis</strong></span> <span class='ocrx_word' id='word_1_273' title='bbox 1058 2958 1187 3002; x_wconf 89' lang='lat' dir='ltr'><strong>actus,</strong></span> 
     </span>
     <span class='ocr_line' id='line_1_45' title="bbox 159 3014 1188 3067; baseline -0.002 -11"><span class='ocrx_word' id='word_1_274' title='bbox 159 3022 222 3067; x_wconf 90' lang='lat' dir='ltr'><strong>ut,</strong></span> <span class='ocrx_word' id='word_1_275' title='bbox 233 3016 348 3059; x_wconf 88' lang='lat' dir='ltr'><strong>verbi</strong></span> <span class='ocrx_word' id='word_1_276' title='bbox 365 3016 512 3067; x_wconf 84' lang='lat' dir='ltr'><strong>gratia,</strong></span> <span class='ocrx_word' id='word_1_277' title='bbox 524 3019 667 3057; x_wconf 86' lang='lat' dir='ltr'><strong>contra</strong></span> <span class='ocrx_word' id='word_1_278' title='bbox 684 3014 1015 3066; x_wconf 83' lang='lat' dir='ltr'><strong>temperantiam,</strong></span> <span class='ocrx_word' id='word_1_279' title='bbox 1031 3015 1188 3054; x_wconf 72' lang='grc'><strong>311100-</strong></span> 
     </span>
     <span class='ocr_line' id='line_1_46' title="bbox 161 3076 1192 3130; baseline -0.002 -12"><span class='ocrx_word' id='word_1_280' title='bbox 161 3082 233 3130; x_wconf 86' lang='lat' dir='ltr'><strong>gat</strong></span> <span class='ocrx_word' id='word_1_281' title='bbox 260 3078 480 3130; x_wconf 84' lang='lat' dir='ltr'><strong>jejunium,</strong></span> <span class='ocrx_word' id='word_1_282' title='bbox 507 3081 550 3116; x_wconf 90' lang='lat' dir='ltr'><strong>et</strong></span> <span class='ocrx_word' id='word_1_283' title='bbox 581 3077 716 3128; x_wconf 85' lang='lat' dir='ltr'><strong>quoad</strong></span> <span class='ocrx_word' id='word_1_284' title='bbox 746 3076 823 3118; x_wconf 88' lang='lat' dir='ltr'><strong>boc</strong></span> <span class='ocrx_word' id='word_1_285' title='bbox 857 3081 916 3117; x_wconf 88' lang='lat' dir='ltr'><strong>est</strong></span> <span class='ocrx_word' id='word_1_286' title='bbox 951 3076 1192 3128; x_wconf 79' lang='lat' dir='ltr'><strong>simpliciter-</strong></span> 
     </span>
     <span class='ocr_line' id='line_1_47' title="bbox 161 3138 1190 3188; baseline -0.002 -7"><span class='ocrx_word' id='word_1_287' title='bbox 161 3152 306 3183; x_wconf 85' lang='lat' dir='ltr'><strong>verum</strong></span> <span class='ocrx_word' id='word_1_288' title='bbox 323 3139 426 3183; x_wconf 79' lang='lat' dir='ltr'><strong>illud</strong></span> <span class='ocrx_word' id='word_1_289' title='bbox 447 3138 689 3181; x_wconf 84' lang='lat' dir='ltr'><strong>antecedens</strong></span> <span class='ocrx_word' id='word_1_290' title='bbox 707 3142 747 3178; x_wconf 87' lang='lat' dir='ltr'><strong>et</strong></span> <span class='ocrx_word' id='word_1_291' title='bbox 761 3138 993 3181; x_wconf 83' lang='lat' dir='ltr'><strong>differentia</strong></span> <span class='ocrx_word' id='word_1_292' title='bbox 1008 3138 1190 3188; x_wconf 83' lang='lat' dir='ltr'><strong>assigna-</strong></span> 
     </span>
     <span class='ocr_line' id='line_1_48' title="bbox 162 3200 1189 3252; baseline -0.007 -5"><span class='ocrx_word' id='word_1_293' title='bbox 162 3208 218 3252; x_wconf 72' lang='lat' dir='ltr'><strong>ta,</strong></span> <span class='ocrx_word' id='word_1_294' title='bbox 235 3203 288 3245; x_wconf 88' lang='lat' dir='ltr'><strong>ob</strong></span> <span class='ocrx_word' id='word_1_295' title='bbox 307 3203 511 3244; x_wconf 81' lang='lat' dir='ltr'><strong>rationem</strong></span> <span class='ocrx_word' id='word_1_296' title='bbox 529 3200 685 3243; x_wconf 86' lang='lat' dir='ltr'><strong>ibidem</strong></span> <span class='ocrx_word' id='word_1_297' title='bbox 708 3201 955 3249; x_wconf 87' lang='lat' dir='ltr'><strong>indicatam;</strong></span> <span class='ocrx_word' id='word_1_298' title='bbox 974 3201 1072 3252; x_wconf 89' lang='lat' dir='ltr'><strong>quia</strong></span> <span class='ocrx_word' id='word_1_299' title='bbox 1089 3212 1189 3240; x_wconf 85' lang='lat' dir='ltr'><strong>con-</strong></span> 
     </span>
     <span class='ocr_line' id='line_1_49' title="bbox 163 3263 1191 3316; baseline -0.002 -11"><span class='ocrx_word' id='word_1_300' title='bbox 163 3265 330 3309; x_wconf 79' lang='lat' dir='ltr'><strong>stituere</strong></span> <span class='ocrx_word' id='word_1_301' title='bbox 346 3270 485 3306; x_wconf 86' lang='lat' dir='ltr'><strong>actum</strong></span> <span class='ocrx_word' id='word_1_302' title='bbox 511 3264 558 3304; x_wconf 87' lang='lat' dir='ltr'><strong>in</strong></span> <span class='ocrx_word' id='word_1_303' title='bbox 578 3263 743 3316; x_wconf 86' lang='lat' dir='ltr'><strong>speciali</strong></span> <span class='ocrx_word' id='word_1_304' title='bbox 762 3263 936 3302; x_wconf 88' lang='lat' dir='ltr'><strong>materia</strong></span> <span class='ocrx_word' id='word_1_305' title='bbox 953 3263 1114 3302; x_wconf 88' lang='lat' dir='ltr'><strong>virtutis</strong></span> <span class='ocrx_word' id='word_1_306' title='bbox 1128 3264 1191 3303; x_wconf 79' lang='lat' dir='ltr'><strong>est</strong></span> 
     </span>
     <span class='ocr_line' id='line_1_50' title="bbox 163 3323 1190 3380; baseline -0.005 -12"><span class='ocrx_word' id='word_1_307' title='bbox 163 3327 375 3380; x_wconf 83' lang='lat' dir='ltr'><strong>proprium</strong></span> <span class='ocrx_word' id='word_1_308' title='bbox 393 3325 604 3379; x_wconf 82' lang='lat' dir='ltr'><strong>potestatis</strong></span> <span class='ocrx_word' id='word_1_309' title='bbox 628 3325 938 3376; x_wconf 76' lang='lat' dir='ltr'><strong>jurisdictionis.</strong></span> <span class='ocrx_word' id='word_1_310' title='bbox 973 3323 1190 3364; x_wconf 77' lang='lat' dir='ltr'><strong>Nihilomi-</strong></span> 
     </span>
     <span class='ocr_line' id='line_1_51' title="bbox 162 3385 1191 3439; baseline -0.005 -9"><span class='ocrx_word' id='word_1_311' title='bbox 162 3401 240 3430; x_wconf 80' lang='lat' dir='ltr'><strong>nus</strong></span> <span class='ocrx_word' id='word_1_312' title='bbox 271 3393 412 3430; x_wconf 79' lang='lat' dir='ltr'><strong>tamen</strong></span> <span class='ocrx_word' id='word_1_313' title='bbox 443 3388 516 3428; x_wconf 84' lang='lat' dir='ltr'><strong>illa</strong></span> <span class='ocrx_word' id='word_1_314' title='bbox 534 3388 801 3439; x_wconf 81' lang='lat' dir='ltr'><strong>transgressio</strong></span> <span class='ocrx_word' id='word_1_315' title='bbox 830 3399 915 3426; x_wconf 88' lang='grc'><strong>0011</strong></span> <span class='ocrx_word' id='word_1_316' title='bbox 950 3390 1010 3426; x_wconf 81' lang='lat' dir='ltr'><strong>est</strong></span> <span class='ocrx_word' id='word_1_317' title='bbox 1026 3385 1191 3438; x_wconf 83' lang='lat' dir='ltr'><strong>proprie</strong></span> 
     </span>
     <span class='ocr_line' id='line_1_52' title="bbox 163 3448 1189 3504; baseline -0.005 -12"><span class='ocrx_word' id='word_1_318' title='bbox 163 3455 304 3492; x_wconf 79' lang='lat' dir='ltr'><strong>contra</strong></span> <span class='ocrx_word' id='word_1_319' title='bbox 322 3451 538 3504; x_wconf 73' lang='lat' dir='ltr'><strong>specialem</strong></span> <span class='ocrx_word' id='word_1_320' title='bbox 550 3450 747 3491; x_wconf 81' lang='lat' dir='ltr'><strong>virtutem</strong></span> <span class='ocrx_word' id='word_1_321' title='bbox 764 3448 1022 3498; x_wconf 80' lang='lat' dir='ltr'><strong>obedientias,</strong></span> <span class='ocrx_word' id='word_1_322' title='bbox 1041 3448 1111 3488; x_wconf 79' lang='lat' dir='ltr'><strong>sed</strong></span> <span class='ocrx_word' id='word_1_323' title='bbox 1127 3451 1189 3487; x_wconf 81' lang='lat' dir='ltr'><strong>est</strong></span> 
     </span>
     <span class='ocr_line' id='line_1_53' title="bbox 164 3512 1190 3563; baseline -0.003 -10"><span class='ocrx_word' id='word_1_324' title='bbox 164 3521 307 3553; x_wconf 82' lang='lat' dir='ltr'><strong>contra</strong></span> <span class='ocrx_word' id='word_1_325' title='bbox 316 3517 461 3554; x_wconf 80' lang='lat' dir='ltr'><strong>votum</strong></span> <span class='ocrx_word' id='word_1_326' title='bbox 478 3512 735 3562; x_wconf 65' lang='lat' dir='ltr'><strong>obedientias,</strong></span> <span class='ocrx_word' id='word_1_327' title='bbox 751 3512 797 3551; x_wconf 89' lang='lat' dir='ltr'><strong>in</strong></span> <span class='ocrx_word' id='word_1_328' title='bbox 812 3523 894 3563; x_wconf 86' lang='lat' dir='ltr'><strong>quo</strong></span> <span class='ocrx_word' id='word_1_329' title='bbox 907 3523 1028 3551; x_wconf 82' lang='lat' dir='ltr'><strong>sensu</strong></span> <span class='ocrx_word' id='word_1_330' title='bbox 1044 3522 1190 3550; x_wconf 88' lang='lat' dir='ltr'><strong>conce-</strong></span> 
     </span>
     <span class='ocr_line' id='line_1_54' title="bbox 163 3573 1188 3626; baseline -0.001 -12"><span class='ocrx_word' id='word_1_331' title='bbox 163 3573 300 3616; x_wconf 77' lang='lat' dir='ltr'><strong>dimus</strong></span> <span class='ocrx_word' id='word_1_332' title='bbox 313 3574 416 3616; x_wconf 81' lang='lat' dir='ltr'><strong>illud</strong></span> <span class='ocrx_word' id='word_1_333' title='bbox 433 3573 699 3623; x_wconf 74' lang='lat' dir='ltr'><strong>antecedens3</strong></span> <span class='ocrx_word' id='word_1_334' title='bbox 709 3573 873 3626; x_wconf 86' lang='lat' dir='ltr'><strong>proprie</strong></span> <span class='ocrx_word' id='word_1_335' title='bbox 888 3577 1028 3613; x_wconf 86' lang='lat' dir='ltr'><strong>autem</strong></span> <span class='ocrx_word' id='word_1_336' title='bbox 1050 3577 1090 3612; x_wconf 86' lang='lat' dir='ltr'><strong>et</strong></span> <span class='ocrx_word' id='word_1_337' title='bbox 1101 3583 1188 3623; x_wconf 83' lang='lat' dir='ltr'><strong>spe-</strong></span> 
     </span>
     <span class='ocr_line' id='line_1_55' title="bbox 165 3635 1189 3690; baseline 0 -14"><span class='ocrx_word' id='word_1_338' title='bbox 165 3635 280 3678; x_wconf 86' lang='lat' dir='ltr'><strong>cifice</strong></span> <span class='ocrx_word' id='word_1_339' title='bbox 296 3640 358 3678; x_wconf 86' lang='lat' dir='ltr'><strong>est</strong></span> <span class='ocrx_word' id='word_1_340' title='bbox 370 3640 512 3679; x_wconf 78' lang='lat' dir='ltr'><strong>contra</strong></span> <span class='ocrx_word' id='word_1_341' title='bbox 520 3636 717 3679; x_wconf 70' lang='lat' dir='ltr'><strong>virtutem</strong></span> <span class='ocrx_word' id='word_1_342' title='bbox 733 3636 961 3690; x_wconf 77' lang='lat' dir='ltr'><strong>religionis,</strong></span> <span class='ocrx_word' id='word_1_343' title='bbox 978 3636 1036 3676; x_wconf 84' lang='lat' dir='ltr'><strong>ita</strong></span> <span class='ocrx_word' id='word_1_344' title='bbox 1051 3638 1110 3685; x_wconf 84' lang='lat' dir='ltr'><strong>ut,</strong></span> <span class='ocrx_word' id='word_1_345' title='bbox 1124 3645 1189 3676; x_wconf 77' lang='lat' dir='ltr'><strong>se-</strong></span> 
     </span>
    </p>
   </div>
   <div class='ocr_carea' id='block_1_3' title="bbox 1037 3721 1123 3731">
    <p class='ocr_par' dir='ltr' id='par_1_4' title="bbox 1037 3721 1123 3731">
     <span class='ocr_line' id='line_1_56' title="bbox 1037 3721 1123 3731; baseline 0 -2"><span class='ocrx_word' id='word_1_346' title='bbox 1037 3722 1058 3727; x_wconf 62' lang='lat' dir='ltr'><strong>u-</strong></span> <span class='ocrx_word' id='word_1_347' title='bbox 1061 3721 1123 3731; x_wconf 43' lang='lat' dir='ltr'><strong>aaa..</strong></span> 
     </span>
    </p>
   </div>
   <div class='ocr_carea' id='block_1_4' title="bbox 163 239 2296 372">
    <p class='ocr_par' dir='ltr' id='par_1_5' title="bbox 163 239 2296 372">
     <span class='ocr_line' id='line_1_57' title="bbox 458 239 1984 290; baseline -0.001 -6"><span class='ocrx_word' id='word_1_348' title='bbox 458 246 543 285; x_wconf 82' lang='lat' dir='ltr'><strong>LIB.</strong></span> <span class='ocrx_word' id='word_1_349' title='bbox 569 245 628 290; x_wconf 69' lang='lat' dir='ltr'><strong>IV,</strong></span> <span class='ocrx_word' id='word_1_350' title='bbox 652 245 713 284; x_wconf 76' lang='lat' dir='ltr'><strong>DE.</strong></span> <span class='ocrx_word' id='word_1_351' title='bbox 735 244 864 283; x_wconf 84' lang='lat' dir='ltr'>VOTIS</span> <span class='ocrx_word' id='word_1_352' title='bbox 887 242 1160 284; x_wconf 75' lang='lat' dir='ltr'>SIMPLICIBUS</span> <span class='ocrx_word' id='word_1_353' title='bbox 1183 244 1441 287; x_wconf 70' lang='lat' dir='ltr'>CASTITATIS</span> <span class='ocrx_word' id='word_1_354' title='bbox 1462 243 1521 284; x_wconf 80' lang='grc' dir='ltr'><strong>ΕΤ</strong></span> <span class='ocrx_word' id='word_1_355' title='bbox 1541 239 1859 289; x_wconf 78' lang='lat' dir='ltr'><strong>PAUPERTATIS,</strong></span> <span class='ocrx_word' id='word_1_356' title='bbox 1885 242 1984 284; x_wconf 82' lang='lat' dir='ltr'>ETC.</span> 
     </span>
     <span class='ocr_line' id='line_1_58' title="bbox 163 297 2296 372; baseline -0.006 -13"><span class='ocrx_word' id='word_1_357' title='bbox 163 311 218 362; x_wconf 66' lang='lat' dir='ltr'><strong>de</strong></span> <span class='ocrx_word' id='word_1_358' title='bbox 232 318 452 372; x_wconf 62' lang='lat' dir='ltr'><strong>prffieeptss.</strong></span> <span class='ocrx_word' id='word_1_359' title='bbox 473 311 585 369; x_wconf 81' lang='lat' dir='ltr'><strong>quod</strong></span> <span class='ocrx_word' id='word_1_360' title='bbox 608 323 695 357; x_wconf 72' lang='lat' dir='ltr'><strong>nou</strong></span> <span class='ocrx_word' id='word_1_361' title='bbox 723 323 775 358; x_wconf 70' lang='lat' dir='ltr'><strong>ex</strong></span> <span class='ocrx_word' id='word_1_362' title='bbox 802 311 972 364; x_wconf 71' lang='lat' dir='ltr'><strong>propria</strong></span> <span class='ocrx_word' id='word_1_363' title='bbox 990 308 1189 364; x_wconf 62' lang='lat' dir='ltr'><strong>&#39;jurisdici-</strong></span> <span class='ocrx_word' id='word_1_364' title='bbox 1241 311 1356 355; x_wconf 83' lang='lat' dir='ltr'><strong>cluso</strong></span> <span class='ocrx_word' id='word_1_365' title='bbox 1383 312 1536 357; x_wconf 76' lang='lat' dir='ltr'><strong>actuali</strong></span> <span class='ocrx_word' id='word_1_366' title='bbox 1552 313 1795 363; x_wconf 81' lang='lat' dir='ltr'><strong>contemptu</strong></span> <span class='ocrx_word' id='word_1_367' title='bbox 1811 308 2022 363; x_wconf 61' lang='lat' dir='ltr'><strong>praecepti,</strong></span> <span class='ocrx_word' id='word_1_368' title='bbox 2036 313 2123 348; x_wconf 79' lang='lat' dir='ltr'><strong>non</strong></span> <span class='ocrx_word' id='word_1_369' title='bbox 2135 307 2188 348; x_wconf 83' lang='lat' dir='ltr'><strong>sit</strong></span> <span class='ocrx_word' id='word_1_370' title='bbox 2197 297 2296 362; x_wconf 31' lang='lat' dir='ltr'><strong>soni-</strong></span> 
     </span>
    </p>
   </div>
   <div class='ocr_carea' id='block_1_5' title="bbox 1242 369 2283 488">
    <p class='ocr_par' dir='ltr' id='par_1_6' title="bbox 1242 369 2283 488">
     <span class='ocr_line' id='line_1_59' title="bbox 1242 369 2281 423; baseline -0.004 -7"><span class='ocrx_word' id='word_1_371' title='bbox 1242 374 1363 417; x_wconf 80' lang='lat' dir='ltr'><strong>malis</strong></span> <span class='ocrx_word' id='word_1_372' title='bbox 1379 373 1676 423; x_wconf 84' lang='lat' dir='ltr'><strong>inobedientia,</strong></span> <span class='ocrx_word' id='word_1_373' title='bbox 1697 371 1769 412; x_wconf 84' lang='lat' dir='ltr'><strong>sed</strong></span> <span class='ocrx_word' id='word_1_374' title='bbox 1788 370 2052 423; x_wconf 78' lang='lat' dir='ltr'><strong>sacrilegium</strong></span> <span class='ocrx_word' id='word_1_375' title='bbox 2070 369 2281 422; x_wconf 75' lang='lat' dir='ltr'><strong>quoddam</strong></span> 
     </span>
     <span class='ocr_line' id='line_1_60' title="bbox 1246 434 2283 488; baseline -0.004 -11"><span class='ocrx_word' id='word_1_376' title='bbox 1246 436 1313 478; x_wconf 87' lang='lat' dir='ltr'><strong>Sic</strong></span> <span class='ocrx_word' id='word_1_377' title='bbox 1334 435 1447 477; x_wconf 88' lang='lat' dir='ltr'><strong>enim</strong></span> <span class='ocrx_word' id='word_1_378' title='bbox 1462 435 1618 476; x_wconf 87' lang='lat' dir='ltr'><strong>habere</strong></span> <span class='ocrx_word' id='word_1_379' title='bbox 1631 435 1850 488; x_wconf 89' lang='lat' dir='ltr'><strong>proprium</strong></span> <span class='ocrx_word' id='word_1_380' title='bbox 1863 434 2013 473; x_wconf 86' lang='lat' dir='ltr'><strong>dicitur</strong></span> <span class='ocrx_word' id='word_1_381' title='bbox 2031 445 2119 472; x_wconf 81' lang='lat' dir='ltr'><strong>esse</strong></span> <span class='ocrx_word' id='word_1_382' title='bbox 2137 435 2283 473; x_wconf 72' lang='lat' dir='ltr'><strong>contra</strong></span> 
     </span>
    </p>
   </div>
   <div class='ocr_carea' id='block_1_6' title="bbox 1242 494 2352 611">
    <p class='ocr_par' dir='ltr' id='par_1_7' title="bbox 1242 494 2352 611">
     <span class='ocr_line' id='line_1_61' title="bbox 1245 494 2352 549; baseline -0.004 -12"><span class='ocrx_word' id='word_1_383' title='bbox 1245 500 1547 549; x_wconf 84' lang='lat' dir='ltr'><strong>paupertatem,</strong></span> <span class='ocrx_word' id='word_1_384' title='bbox 1578 509 1665 537; x_wconf 90' lang='lat' dir='ltr'><strong>non</strong></span> <span class='ocrx_word' id='word_1_385' title='bbox 1701 497 1800 549; x_wconf 86' lang='lat' dir='ltr'><strong>quia</strong></span> <span class='ocrx_word' id='word_1_386' title='bbox 1836 495 1889 535; x_wconf 91' lang='lat' dir='ltr'><strong>sit</strong></span> <span class='ocrx_word' id='word_1_387' title='bbox 1926 498 2069 534; x_wconf 86' lang='lat' dir='ltr'><strong>contra</strong></span> <span class='ocrx_word' id='word_1_388' title='bbox 2097 494 2283 545; x_wconf 84' lang='lat' dir='ltr'><strong>aliquam</strong></span> <span class='ocrx_word' id='word_1_389' title='bbox 2347 539 2352 549; x_wconf 40' lang='grc'><strong>1</strong></span> 
     </span>
     <span class='ocr_line' id='line_1_62' title="bbox 1242 554 2352 611; baseline -0.005 -12"><span class='ocrx_word' id='word_1_390' title='bbox 1242 559 1463 610; x_wconf 84' lang='lat' dir='ltr'><strong>specialem</strong></span> <span class='ocrx_word' id='word_1_391' title='bbox 1497 559 1698 600; x_wconf 78' lang='lat' dir='ltr'><strong>virtutem</strong></span> <span class='ocrx_word' id='word_1_392' title='bbox 1731 557 2004 611; x_wconf 80' lang='lat' dir='ltr'><strong>paupertatis,</strong></span> <span class='ocrx_word' id='word_1_393' title='bbox 2037 557 2137 608; x_wconf 85' lang='lat' dir='ltr'><strong>quia</strong></span> <span class='ocrx_word' id='word_1_394' title='bbox 2166 555 2281 596; x_wconf 78' lang='lat' dir='ltr'><strong>nulla</strong></span> <span class='ocrx_word' id='word_1_395' title='bbox 2311 574 2314 579; x_wconf 95' lang='lat'>·</span> <span class='ocrx_word' id='word_1_396' title='bbox 2349 554 2352 607; x_wconf 77' lang='grc' dir='ltr'><strong><em>ζ</em></strong></span> 
     </span>
    </p>
   </div>
   <div class='ocr_carea' id='block_1_7' title="bbox 1245 617 2282 673">
    <p class='ocr_par' dir='ltr' id='par_1_8' title="bbox 1245 617 2282 673">
     <span class='ocr_line' id='line_1_63' title="bbox 1245 617 2282 673; baseline -0.006 -11"><span class='ocrx_word' id='word_1_397' title='bbox 1245 625 1322 670; x_wconf 85' lang='grc'><strong>031,</strong></span> <span class='ocrx_word' id='word_1_398' title='bbox 1342 621 1414 661; x_wconf 84' lang='grc' dir='ltr'><strong>3οἀ</strong></span> <span class='ocrx_word' id='word_1_399' title='bbox 1443 621 1542 673; x_wconf 84' lang='grc'><strong>(1010</strong></span> <span class='ocrx_word' id='word_1_400' title='bbox 1570 626 1632 662; x_wconf 86' lang='grc'><strong>031</strong></span> <span class='ocrx_word' id='word_1_401' title='bbox 1662 625 1807 662; x_wconf 86' lang='lat' dir='ltr'><strong>contra</strong></span> <span class='ocrx_word' id='word_1_402' title='bbox 1834 623 1980 660; x_wconf 75' lang='lat' dir='ltr'><strong>votum</strong></span> <span class='ocrx_word' id='word_1_403' title='bbox 2010 617 2282 671; x_wconf 83' lang='lat' dir='ltr'><strong>paupertatis,</strong></span> 
     </span>
    </p>
   </div>
   <div class='ocr_carea' id='block_1_8' title="bbox 1245 683 2349 920">
    <p class='ocr_par' dir='ltr' id='par_1_9' title="bbox 1245 683 2349 926">
     <span class='ocr_line' id='line_1_64' title="bbox 1247 683 2339 735; baseline -0.003 -12"><span class='ocrx_word' id='word_1_404' title='bbox 1247 689 1288 726; x_wconf 82' lang='grc'><strong>01</strong></span> <span class='ocrx_word' id='word_1_405' title='bbox 1306 684 1366 723; x_wconf 85' lang='lat' dir='ltr'><strong>ita</strong></span> <span class='ocrx_word' id='word_1_406' title='bbox 1383 687 1600 735; x_wconf 83' lang='lat' dir='ltr'><strong>peccatum</strong></span> <span class='ocrx_word' id='word_1_407' title='bbox 1617 683 1722 723; x_wconf 92' lang='lat' dir='ltr'><strong>illud</strong></span> <span class='ocrx_word' id='word_1_408' title='bbox 1739 683 1929 735; x_wconf 86' lang='lat' dir='ltr'><strong>proxime</strong></span> <span class='ocrx_word' id='word_1_409' title='bbox 1955 684 2016 721; x_wconf 88' lang='grc'><strong>031</strong></span> <span class='ocrx_word' id='word_1_410' title='bbox 2040 683 2185 720; x_wconf 82' lang='lat' dir='ltr'><strong>contra</strong></span> <span class='ocrx_word' id='word_1_411' title='bbox 2213 691 2282 720; x_wconf 87' lang='lat' dir='ltr'><strong>re·</strong></span> <span class='ocrx_word' id='word_1_412' title='bbox 2332 717 2339 726; x_wconf 84' lang='grc'><strong>,</strong></span> 
     </span>
     <span class='ocr_line' id='line_1_65' title="bbox 1246 740 2341 820; baseline -0.006 -34"><span class='ocrx_word' id='word_1_413' title='bbox 1246 746 1461 797; x_wconf 84' lang='lat' dir='ltr'><strong>ligionem.</strong></span> <span class='ocrx_word' id='word_1_414' title='bbox 1494 745 1651 785; x_wconf 82' lang='lat' dir='ltr'><strong>Similis</strong></span> <span class='ocrx_word' id='word_1_415' title='bbox 1670 757 1770 797; x_wconf 87' lang='lat' dir='ltr'><strong>ergo</strong></span> <span class='ocrx_word' id='word_1_416' title='bbox 1790 749 1852 785; x_wconf 88' lang='grc'><strong>031</strong></span> <span class='ocrx_word' id='word_1_417' title='bbox 1868 745 1915 784; x_wconf 87' lang='grc'><strong>111</strong></span> <span class='ocrx_word' id='word_1_418' title='bbox 1940 742 2135 796; x_wconf 78' lang='lat' dir='ltr'><strong>praesenti</strong></span> <span class='ocrx_word' id='word_1_419' title='bbox 2159 740 2283 790; x_wconf 88' lang='lat' dir='ltr'><strong>ratio,</strong></span> <span class='ocrx_word' id='word_1_420' title='bbox 2324 743 2341 820; x_wconf 48' lang='lat'><strong>¹}</strong></span> 
     </span>
     <span class='ocr_line' id='line_1_66' title="bbox 1248 801 2349 859; baseline -0.005 -13"><span class='ocrx_word' id='word_1_421' title='bbox 1248 808 1346 859; x_wconf 88' lang='lat' dir='ltr'><strong>quia</strong></span> <span class='ocrx_word' id='word_1_422' title='bbox 1366 806 1579 856; x_wconf 83' lang='lat' dir='ltr'><strong>Superior,</strong></span> <span class='ocrx_word' id='word_1_423' title='bbox 1602 818 1697 845; x_wconf 90' lang='lat' dir='ltr'><strong>oum</strong></span> <span class='ocrx_word' id='word_1_424' title='bbox 1714 806 1914 858; x_wconf 86' lang='lat' dir='ltr'><strong>praecipit,</strong></span> <span class='ocrx_word' id='word_1_425' title='bbox 1931 804 2036 844; x_wconf 90' lang='lat' dir='ltr'><strong>nihil</strong></span> <span class='ocrx_word' id='word_1_426' title='bbox 2055 803 2170 845; x_wconf 89' lang='lat' dir='ltr'><strong>aliud</strong></span> <span class='ocrx_word' id='word_1_427' title='bbox 2187 801 2290 841; x_wconf 81' lang='lat' dir='ltr'><strong>facit</strong></span> <span class='ocrx_word' id='word_1_428' title='bbox 2324 813 2349 834; x_wconf 47' lang='lat'><strong>&gt;⁴-</strong></span> 
     </span>
     <span class='ocr_line' id='line_1_67' title="bbox 1245 857 2309 920; baseline -0.006 -13"><span class='ocrx_word' id='word_1_429' title='bbox 1245 879 1372 920; x_wconf 91' lang='lat' dir='ltr'><strong>quam</strong></span> <span class='ocrx_word' id='word_1_430' title='bbox 1383 867 1549 918; x_wconf 80' lang='lat' dir='ltr'><strong>exigere</strong></span> <span class='ocrx_word' id='word_1_431' title='bbox 1567 879 1593 906; x_wconf 88' lang='lat' dir='ltr'><strong>a</strong></span> <span class='ocrx_word' id='word_1_432' title='bbox 1615 867 1779 907; x_wconf 85' lang='lat' dir='ltr'><strong>subdito</strong></span> <span class='ocrx_word' id='word_1_433' title='bbox 1810 867 2000 906; x_wconf 87' lang='lat' dir='ltr'><strong>debitum</strong></span> <span class='ocrx_word' id='word_1_434' title='bbox 2014 877 2099 904; x_wconf 83' lang='lat' dir='ltr'><strong>suae</strong></span> <span class='ocrx_word' id='word_1_435' title='bbox 2111 863 2286 915; x_wconf 75' lang='grc'><strong>111011113-</strong></span> <span class='ocrx_word' id='word_1_436' title='bbox 2306 857 2309 859; x_wconf 73' lang='grc'><strong>’</strong></span> 
     </span>
    </p>
   </div>
   <div class='ocr_carea' id='block_1_9' title="bbox 1241 927 2286 1040">
    <p class='ocr_par' dir='ltr' id='par_1_10' title="bbox 1241 927 2286 1040">
     <span class='ocr_line' id='line_1_68' title="bbox 1241 927 2286 980; baseline -0.007 -11"><span class='ocrx_word' id='word_1_437' title='bbox 1241 930 1381 978; x_wconf 89' lang='lat' dir='ltr'><strong>sionis,</strong></span> <span class='ocrx_word' id='word_1_438' title='bbox 1404 940 1532 980; x_wconf 89' lang='lat' dir='ltr'><strong>quam</strong></span> <span class='ocrx_word' id='word_1_439' title='bbox 1550 930 1636 967; x_wconf 89' lang='lat' dir='ltr'><strong>Deo</strong></span> <span class='ocrx_word' id='word_1_440' title='bbox 1647 928 1744 967; x_wconf 84' lang='lat' dir='ltr'><strong>fecit</strong></span> <span class='ocrx_word' id='word_1_441' title='bbox 1762 940 1839 979; x_wconf 86' lang='lat' dir='ltr'><strong>per</strong></span> <span class='ocrx_word' id='word_1_442' title='bbox 1856 927 2104 966; x_wconf 82' lang='lat' dir='ltr'><strong>obedientiae</strong></span> <span class='ocrx_word' id='word_1_443' title='bbox 2123 927 2286 974; x_wconf 75' lang='lat' dir='ltr'><strong>votum,</strong></span> 
     </span>
     <span class='ocr_line' id='line_1_69' title="bbox 1245 990 2285 1040; baseline -0.005 -9"><span class='ocrx_word' id='word_1_444' title='bbox 1245 996 1286 1032; x_wconf 89' lang='lat' dir='ltr'><strong>et</strong></span> <span class='ocrx_word' id='word_1_445' title='bbox 1302 992 1395 1031; x_wconf 85' lang='lat' dir='ltr'><strong>ideo</strong></span> <span class='ocrx_word' id='word_1_446' title='bbox 1412 995 1513 1030; x_wconf 91' lang='lat' dir='ltr'><strong>tunc</strong></span> <span class='ocrx_word' id='word_1_447' title='bbox 1530 1003 1616 1029; x_wconf 87' lang='lat' dir='ltr'><strong>non</strong></span> <span class='ocrx_word' id='word_1_448' title='bbox 1635 990 1818 1038; x_wconf 84' lang='lat' dir='ltr'><strong>obedire,</strong></span> <span class='ocrx_word' id='word_1_449' title='bbox 1840 990 2030 1040; x_wconf 85' lang='lat' dir='ltr'><strong>proxime</strong></span> <span class='ocrx_word' id='word_1_450' title='bbox 2064 992 2123 1028; x_wconf 89' lang='lat' dir='ltr'><strong>est</strong></span> <span class='ocrx_word' id='word_1_451' title='bbox 2141 999 2285 1039; x_wconf 85' lang='lat' dir='ltr'><strong>pecca-</strong></span> 
     </span>
    </p>
   </div>
   <div class='ocr_carea' id='block_1_10' title="bbox 1245 1037 2341 1098">
    <p class='ocr_par' dir='ltr' id='par_1_11' title="bbox 1245 1037 2341 1098">
     <span class='ocr_line' id='line_1_70' title="bbox 1245 1037 2341 1098; baseline -0.003 -11"><span class='ocrx_word' id='word_1_452' title='bbox 1245 1051 1337 1089; x_wconf 82' lang='lat' dir='ltr'><strong>tum</strong></span> <span class='ocrx_word' id='word_1_453' title='bbox 1369 1058 1454 1086; x_wconf 89' lang='lat' dir='ltr'><strong>non</strong></span> <span class='ocrx_word' id='word_1_454' title='bbox 1489 1046 1691 1097; x_wconf 88' lang='lat' dir='ltr'><strong>implendi</strong></span> <span class='ocrx_word' id='word_1_455' title='bbox 1709 1049 1879 1098; x_wconf 65' lang='lat' dir='ltr'><strong>votum,</strong></span> <span class='ocrx_word' id='word_1_456' title='bbox 1903 1050 1966 1086; x_wconf 89' lang='lat' dir='ltr'><strong>est</strong></span> <span class='ocrx_word' id='word_1_457' title='bbox 2000 1058 2098 1097; x_wconf 85' lang='lat' dir='ltr'><strong>ergo</strong></span> <span class='ocrx_word' id='word_1_458' title='bbox 2117 1045 2281 1086; x_wconf 74' lang='grc'><strong>3001110-</strong></span> <span class='ocrx_word' id='word_1_459' title='bbox 2331 1037 2341 1052; x_wconf 79' lang='grc'><em>”</em></span> 
     </span>
    </p>
   </div>
   <div class='ocr_carea' id='block_1_11' title="bbox 1246 1107 2284 1460">
    <p class='ocr_par' dir='ltr' id='par_1_12' title="bbox 1246 1107 2284 1460">
     <span class='ocr_line' id='line_1_71' title="bbox 1246 1107 2283 1160; baseline -0.002 -11"><span class='ocrx_word' id='word_1_460' title='bbox 1246 1109 1363 1160; x_wconf 88' lang='lat' dir='ltr'><strong>gium</strong></span> <span class='ocrx_word' id='word_1_461' title='bbox 1388 1108 1617 1149; x_wconf 88' lang='lat' dir='ltr'><strong>secundum</strong></span> <span class='ocrx_word' id='word_1_462' title='bbox 1648 1107 1855 1160; x_wconf 86' lang='lat' dir='ltr'><strong>propriam</strong></span> <span class='ocrx_word' id='word_1_463' title='bbox 1881 1107 2072 1160; x_wconf 87' lang='lat' dir='ltr'><strong>speciem,</strong></span> <span class='ocrx_word' id='word_1_464' title='bbox 2093 1107 2283 1147; x_wconf 87' lang='lat' dir='ltr'><strong>materia-</strong></span> 
     </span>
     <span class='ocr_line' id='line_1_72' title="bbox 1247 1168 2283 1218; baseline -0.003 -7"><span class='ocrx_word' id='word_1_465' title='bbox 1247 1169 1343 1211; x_wconf 86' lang='lat' dir='ltr'><strong>liter</strong></span> <span class='ocrx_word' id='word_1_466' title='bbox 1359 1174 1500 1211; x_wconf 87' lang='lat' dir='ltr'><strong>autem</strong></span> <span class='ocrx_word' id='word_1_467' title='bbox 1530 1173 1592 1209; x_wconf 90' lang='lat' dir='ltr'><strong>est</strong></span> <span class='ocrx_word' id='word_1_468' title='bbox 1611 1168 1905 1218; x_wconf 85' lang='lat' dir='ltr'><strong>inobedientia,</strong></span> <span class='ocrx_word' id='word_1_469' title='bbox 1924 1172 2017 1208; x_wconf 86' lang='lat' dir='ltr'><strong>tum</strong></span> <span class='ocrx_word' id='word_1_470' title='bbox 2035 1168 2193 1208; x_wconf 85' lang='lat' dir='ltr'><strong>ratione</strong></span> <span class='ocrx_word' id='word_1_471' title='bbox 2213 1179 2283 1218; x_wconf 87' lang='lat' dir='ltr'><strong>ge-</strong></span> 
     </span>
     <span class='ocr_line' id='line_1_73' title="bbox 1248 1231 2283 1285; baseline -0.003 -13"><span class='ocrx_word' id='word_1_472' title='bbox 1248 1231 1396 1282; x_wconf 88' lang='lat' dir='ltr'><strong>nerali,</strong></span> <span class='ocrx_word' id='word_1_473' title='bbox 1419 1232 1518 1285; x_wconf 83' lang='lat' dir='ltr'><strong>quia</strong></span> <span class='ocrx_word' id='word_1_474' title='bbox 1529 1244 1652 1272; x_wconf 87' lang='lat' dir='ltr'><strong>omne</strong></span> <span class='ocrx_word' id='word_1_475' title='bbox 1675 1236 1889 1283; x_wconf 86' lang='lat' dir='ltr'><strong>peccatum</strong></span> <span class='ocrx_word' id='word_1_476' title='bbox 1908 1235 1969 1271; x_wconf 87' lang='lat' dir='ltr'><strong>est</strong></span> <span class='ocrx_word' id='word_1_477' title='bbox 1987 1231 2175 1282; x_wconf 78' lang='lat' dir='ltr'><strong>quaedam</strong></span> <span class='ocrx_word' id='word_1_478' title='bbox 2192 1231 2283 1270; x_wconf 84' lang='lat' dir='ltr'><strong>ino-</strong></span> 
     </span>
     <span class='ocr_line' id='line_1_74' title="bbox 1248 1292 2282 1343; baseline -0.006 -5"><span class='ocrx_word' id='word_1_479' title='bbox 1248 1293 1471 1343; x_wconf 78' lang='lat' dir='ltr'><strong>bedientia,</strong></span> <span class='ocrx_word' id='word_1_480' title='bbox 1492 1297 1539 1334; x_wconf 90' lang='lat' dir='ltr'><strong>ut</strong></span> <span class='ocrx_word' id='word_1_481' title='bbox 1574 1293 1622 1333; x_wconf 87' lang='lat' dir='ltr'><strong>D.</strong></span> <span class='ocrx_word' id='word_1_482' title='bbox 1643 1293 1822 1334; x_wconf 88' lang='lat' dir='ltr'><strong>Thomas</strong></span> <span class='ocrx_word' id='word_1_483' title='bbox 1858 1292 1977 1341; x_wconf 83' lang='lat' dir='ltr'><strong>dixit,</strong></span> <span class='ocrx_word' id='word_1_484' title='bbox 1998 1295 2090 1332; x_wconf 74' lang='lat' dir='ltr'><strong>tum</strong></span> <span class='ocrx_word' id='word_1_485' title='bbox 2122 1292 2282 1332; x_wconf 76' lang='lat' dir='ltr'><strong>rationo</strong></span> 
     </span>
     <span class='ocr_line' id='line_1_75' title="bbox 1249 1353 2284 1408; baseline -0.002 -13"><span class='ocrx_word' id='word_1_486' title='bbox 1249 1356 1430 1407; x_wconf 89' lang='lat' dir='ltr'><strong>speciali,</strong></span> <span class='ocrx_word' id='word_1_487' title='bbox 1451 1355 1549 1408; x_wconf 88' lang='lat' dir='ltr'><strong>quia</strong></span> <span class='ocrx_word' id='word_1_488' title='bbox 1562 1355 1651 1407; x_wconf 81' lang='lat' dir='ltr'><strong>ejus</strong></span> <span class='ocrx_word' id='word_1_489' title='bbox 1666 1354 1839 1397; x_wconf 84' lang='lat' dir='ltr'><strong>materia</strong></span> <span class='ocrx_word' id='word_1_490' title='bbox 1855 1359 1916 1396; x_wconf 90' lang='lat' dir='ltr'><strong>est</strong></span> <span class='ocrx_word' id='word_1_491' title='bbox 1931 1354 2123 1408; x_wconf 85' lang='lat' dir='ltr'><strong>quaedam</strong></span> <span class='ocrx_word' id='word_1_492' title='bbox 2140 1353 2284 1394; x_wconf 83' lang='lat' dir='ltr'><strong>inobe-</strong></span> 
     </span>
     <span class='ocr_line' id='line_1_76' title="bbox 1250 1417 1418 1460; baseline -0.012 0"><span class='ocrx_word' id='word_1_493' title='bbox 1250 1417 1418 1460; x_wconf 86' lang='lat' dir='ltr'><strong>dientia.</strong></span> 
     </span>
    </p>
   </div>
   <div class='ocr_carea' id='block_1_12' title="bbox 1300 1478 2341 1531">
    <p class='ocr_par' dir='ltr' id='par_1_13' title="bbox 1300 1478 2341 1531">
     <span class='ocr_line' id='line_1_77' title="bbox 1300 1478 2341 1531; baseline 0.003 -12"><span class='ocrx_word' id='word_1_494' title='bbox 1300 1479 1342 1518; x_wconf 86' lang='grc'><strong>6.</strong></span> <span class='ocrx_word' id='word_1_495' title='bbox 1375 1479 1483 1527; x_wconf 75' lang='lat' dir='ltr'><strong>Quid</strong></span> <span class='ocrx_word' id='word_1_496' title='bbox 1493 1480 1547 1520; x_wconf 83' lang='lat' dir='ltr'><strong>ad</strong></span> <span class='ocrx_word' id='word_1_497' title='bbox 1560 1478 1870 1531; x_wconf 73' lang='lat' dir='ltr'><strong>consequentiam</strong></span> <span class='ocrx_word' id='word_1_498' title='bbox 1885 1478 2211 1530; x_wconf 73' lang='lat' dir='ltr'><strong>respondendum.</strong></span> <span class='ocrx_word' id='word_1_499' title='bbox 2228 1495 2284 1514; x_wconf 82' lang='lat'><strong>-·-</strong></span> <span class='ocrx_word' id='word_1_500' title='bbox 2340 1515 2341 1522; x_wconf 70' lang='grc'><strong>,</strong></span> 
     </span>
    </p>
   </div>
   <div class='ocr_carea' id='block_1_13' title="bbox 1247 1537 2285 1776">
    <p class='ocr_par' dir='ltr' id='par_1_14' title="bbox 1247 1537 2285 1776">
     <span class='ocr_line' id='line_1_78' title="bbox 1248 1537 2283 1592; baseline -0.004 -11"><span class='ocrx_word' id='word_1_501' title='bbox 1248 1540 1310 1580; x_wconf 81' lang='lat' dir='ltr'><strong>Ex</strong></span> <span class='ocrx_word' id='word_1_502' title='bbox 1332 1553 1414 1592; x_wconf 88' lang='lat' dir='ltr'><strong>quo</strong></span> <span class='ocrx_word' id='word_1_503' title='bbox 1432 1541 1551 1580; x_wconf 88' lang='lat' dir='ltr'><strong>facile</strong></span> <span class='ocrx_word' id='word_1_504' title='bbox 1570 1544 1743 1589; x_wconf 89' lang='lat' dir='ltr'><strong>constat,</strong></span> <span class='ocrx_word' id='word_1_505' title='bbox 1765 1539 1971 1592; x_wconf 84' lang='lat' dir='ltr'><strong>quomodo</strong></span> <span class='ocrx_word' id='word_1_506' title='bbox 1991 1537 2283 1590; x_wconf 86' lang='lat' dir='ltr'><strong>consequentia</strong></span> 
     </span>
     <span class='ocr_line' id='line_1_79' title="bbox 1248 1599 2285 1652; baseline -0.001 -10"><span class='ocrx_word' id='word_1_507' title='bbox 1248 1602 1383 1642; x_wconf 86' lang='lat' dir='ltr'><strong>valida</strong></span> <span class='ocrx_word' id='word_1_508' title='bbox 1412 1615 1498 1642; x_wconf 90' lang='lat' dir='ltr'><strong>non</strong></span> <span class='ocrx_word' id='word_1_509' title='bbox 1515 1603 1581 1650; x_wconf 87' lang='lat' dir='ltr'><strong>sit,</strong></span> <span class='ocrx_word' id='word_1_510' title='bbox 1602 1603 1635 1641; x_wconf 86' lang='lat' dir='ltr'><strong>si</strong></span> <span class='ocrx_word' id='word_1_511' title='bbox 1663 1612 1915 1652; x_wconf 88' lang='lat' dir='ltr'><strong>consequens</strong></span> <span class='ocrx_word' id='word_1_512' title='bbox 1948 1601 2204 1652; x_wconf 85' lang='lat' dir='ltr'><strong>intelligatur</strong></span> <span class='ocrx_word' id='word_1_513' title='bbox 2231 1599 2285 1641; x_wconf 80' lang='lat' dir='ltr'><strong>de</strong></span> 
     </span>
     <span class='ocr_line' id='line_1_80' title="bbox 1247 1661 2285 1716; baseline -0.001 -12"><span class='ocrx_word' id='word_1_514' title='bbox 1247 1664 1414 1716; x_wconf 88' lang='lat' dir='ltr'><strong>proprio</strong></span> <span class='ocrx_word' id='word_1_515' title='bbox 1433 1664 1588 1704; x_wconf 88' lang='lat' dir='ltr'><strong>motivo</strong></span> <span class='ocrx_word' id='word_1_516' title='bbox 1604 1663 1860 1711; x_wconf 81' lang='lat' dir='ltr'><strong>obedientiae,</strong></span> <span class='ocrx_word' id='word_1_517' title='bbox 1873 1674 1970 1702; x_wconf 91' lang='lat' dir='ltr'><strong>nam</strong></span> <span class='ocrx_word' id='word_1_518' title='bbox 1987 1663 2083 1704; x_wconf 82' lang='lat' dir='ltr'><strong>satis</strong></span> <span class='ocrx_word' id='word_1_519' title='bbox 2101 1666 2162 1704; x_wconf 82' lang='lat' dir='ltr'><strong>est</strong></span> <span class='ocrx_word' id='word_1_520' title='bbox 2178 1661 2285 1703; x_wconf 80' lang='lat' dir='ltr'><strong>velle</strong></span> 
     </span>
     <span class='ocr_line' id='line_1_81' title="bbox 1248 1722 2283 1776; baseline -0.002 -11"><span class='ocrx_word' id='word_1_521' title='bbox 1248 1726 1413 1766; x_wconf 88' lang='lat' dir='ltr'><strong>obedire</strong></span> <span class='ocrx_word' id='word_1_522' title='bbox 1430 1725 1482 1765; x_wconf 87' lang='lat' dir='ltr'><strong>ad</strong></span> <span class='ocrx_word' id='word_1_523' title='bbox 1502 1725 1758 1776; x_wconf 88' lang='lat' dir='ltr'><strong>implendum</strong></span> <span class='ocrx_word' id='word_1_524' title='bbox 1786 1725 2047 1775; x_wconf 84' lang='lat' dir='ltr'><strong>promissum.</strong></span> <span class='ocrx_word' id='word_1_525' title='bbox 2070 1724 2156 1763; x_wconf 84' lang='grc'><strong>1100</strong></span> <span class='ocrx_word' id='word_1_526' title='bbox 2174 1722 2283 1763; x_wconf 81' lang='lat' dir='ltr'><strong>addo</strong></span> 
     </span>
    </p>
   </div>
   <div class='ocr_carea' id='block_1_14' title="bbox 1247 1784 2341 1842">
    <p class='ocr_par' dir='ltr' id='par_1_15' title="bbox 1247 1784 2341 1842">
     <span class='ocr_line' id='line_1_82' title="bbox 1247 1784 2341 1842; baseline -0.004 -14"><span class='ocrx_word' id='word_1_527' title='bbox 1247 1791 1442 1839; x_wconf 75' lang='lat' dir='ltr'><strong>praeterea</strong></span> <span class='ocrx_word' id='word_1_528' title='bbox 1471 1787 1523 1827; x_wconf 86' lang='lat' dir='ltr'><strong>ad</strong></span> <span class='ocrx_word' id='word_1_529' title='bbox 1552 1786 1882 1828; x_wconf 87' lang='lat' dir='ltr'><strong>satisfaciendum</strong></span> <span class='ocrx_word' id='word_1_530' title='bbox 1920 1784 2161 1836; x_wconf 83' lang='lat' dir='ltr'><strong>obligationi</strong></span> <span class='ocrx_word' id='word_1_531' title='bbox 2196 1784 2283 1824; x_wconf 84' lang='lat' dir='ltr'><strong>voti</strong></span> <span class='ocrx_word' id='word_1_532' title='bbox 2340 1839 2341 1842; x_wconf 11' lang='grc' dir='ltr'><strong>Ἴ</strong></span> 
     </span>
    </p>
   </div>
   <div class='ocr_carea' id='block_1_15' title="bbox 1243 1845 2283 2454">
    <p class='ocr_par' dir='ltr' id='par_1_16' title="bbox 1243 1845 2283 2454">
     <span class='ocr_line' id='line_1_83' title="bbox 1247 1845 2283 1896; baseline -0.003 -8"><span class='ocrx_word' id='word_1_533' title='bbox 1247 1849 1508 1896; x_wconf 75' lang='lat' dir='ltr'><strong>obedientiae,</strong></span> <span class='ocrx_word' id='word_1_534' title='bbox 1527 1860 1612 1888; x_wconf 89' lang='lat' dir='ltr'><strong>non</strong></span> <span class='ocrx_word' id='word_1_535' title='bbox 1632 1860 1717 1887; x_wconf 86' lang='lat' dir='ltr'><strong>esse</strong></span> <span class='ocrx_word' id='word_1_536' title='bbox 1750 1847 2022 1886; x_wconf 86' lang='lat' dir='ltr'><strong>necessarium</strong></span> <span class='ocrx_word' id='word_1_537' title='bbox 2054 1845 2283 1886; x_wconf 83' lang='lat' dir='ltr'><strong>formaliter</strong></span> 
     </span>
     <span class='ocr_line' id='line_1_84' title="bbox 1246 1907 2282 1959; baseline -0.004 -9"><span class='ocrx_word' id='word_1_538' title='bbox 1246 1911 1411 1951; x_wconf 89' lang='lat' dir='ltr'><strong>obedire</strong></span> <span class='ocrx_word' id='word_1_539' title='bbox 1427 1922 1477 1950; x_wconf 84' lang='lat' dir='ltr'><strong>ex</strong></span> <span class='ocrx_word' id='word_1_540' title='bbox 1497 1911 1652 1951; x_wconf 88' lang='lat' dir='ltr'><strong>motivo</strong></span> <span class='ocrx_word' id='word_1_541' title='bbox 1672 1909 1896 1959; x_wconf 85' lang='lat' dir='ltr'><strong>religionis,</strong></span> <span class='ocrx_word' id='word_1_542' title='bbox 1919 1920 1990 1948; x_wconf 90' lang='lat' dir='ltr'><strong>seu</strong></span> <span class='ocrx_word' id='word_1_543' title='bbox 2006 1908 2092 1947; x_wconf 90' lang='lat' dir='ltr'><strong>voti</strong></span> <span class='ocrx_word' id='word_1_544' title='bbox 2108 1907 2282 1959; x_wconf 89' lang='lat' dir='ltr'><strong>implen-</strong></span> 
     </span>
     <span class='ocr_line' id='line_1_85' title="bbox 1245 1970 2282 2023; baseline -0.005 -10"><span class='ocrx_word' id='word_1_545' title='bbox 1245 1973 1303 2014; x_wconf 86' lang='lat' dir='ltr'><strong>di.</strong></span> <span class='ocrx_word' id='word_1_546' title='bbox 1332 1974 1449 2020; x_wconf 86' lang='lat' dir='ltr'><strong>Nam,</strong></span> <span class='ocrx_word' id='word_1_547' title='bbox 1472 1972 1567 2012; x_wconf 88' lang='lat' dir='ltr'><strong>licet</strong></span> <span class='ocrx_word' id='word_1_548' title='bbox 1601 1972 1692 2023; x_wconf 89' lang='lat' dir='ltr'><strong>quis</strong></span> <span class='ocrx_word' id='word_1_549' title='bbox 1723 1972 1842 2011; x_wconf 87' lang='lat' dir='ltr'><strong>faciat</strong></span> <span class='ocrx_word' id='word_1_550' title='bbox 1877 1971 1987 2022; x_wconf 86' lang='lat' dir='ltr'><strong>quod</strong></span> <span class='ocrx_word' id='word_1_551' title='bbox 2022 1970 2208 2022; x_wconf 86' lang='lat' dir='ltr'><strong>promisit</strong></span> <span class='ocrx_word' id='word_1_552' title='bbox 2230 1979 2282 2009; x_wconf 81' lang='lat' dir='ltr'><strong>ex</strong></span> 
     </span>
     <span class='ocr_line' id='line_1_86' title="bbox 1246 2033 2283 2082; baseline -0.005 -7"><span class='ocrx_word' id='word_1_553' title='bbox 1246 2034 1400 2077; x_wconf 84' lang='lat' dir='ltr'><strong>motivo</strong></span> <span class='ocrx_word' id='word_1_554' title='bbox 1420 2034 1650 2073; x_wconf 75' lang='lat' dir='ltr'><strong>extrinseco</strong></span> <span class='ocrx_word' id='word_1_555' title='bbox 1668 2034 1843 2082; x_wconf 85' lang='lat' dir='ltr'><strong>timoris,</strong></span> <span class='ocrx_word' id='word_1_556' title='bbox 1859 2033 1925 2072; x_wconf 91' lang='lat' dir='ltr'><strong>vel</strong></span> <span class='ocrx_word' id='word_1_557' title='bbox 1937 2033 2104 2078; x_wconf 87' lang='lat' dir='ltr'><strong>amoris,</strong></span> <span class='ocrx_word' id='word_1_558' title='bbox 2123 2035 2195 2070; x_wconf 89' lang='lat' dir='ltr'><strong>aut</strong></span> <span class='ocrx_word' id='word_1_559' title='bbox 2210 2042 2283 2082; x_wconf 79' lang='lat' dir='ltr'><strong>spe</strong></span> 
     </span>
     <span class='ocr_line' id='line_1_87' title="bbox 1246 2093 2279 2148; baseline -0.005 -13"><span class='ocrx_word' id='word_1_560' title='bbox 1246 2095 1424 2148; x_wconf 77' lang='lat' dir='ltr'><strong>praemii,</strong></span> <span class='ocrx_word' id='word_1_561' title='bbox 1445 2094 1511 2138; x_wconf 81' lang='lat' dir='ltr'><strong>vel</strong></span> <span class='ocrx_word' id='word_1_562' title='bbox 1530 2107 1579 2134; x_wconf 82' lang='lat' dir='ltr'><strong>ex</strong></span> <span class='ocrx_word' id='word_1_563' title='bbox 1595 2095 1745 2134; x_wconf 80' lang='lat' dir='ltr'><strong>affeetu</strong></span> <span class='ocrx_word' id='word_1_564' title='bbox 1766 2094 1818 2133; x_wconf 90' lang='lat' dir='ltr'><strong>ad</strong></span> <span class='ocrx_word' id='word_1_565' title='bbox 1841 2095 2048 2145; x_wconf 86' lang='lat' dir='ltr'><strong>propriam</strong></span> <span class='ocrx_word' id='word_1_566' title='bbox 2066 2093 2279 2143; x_wconf 83' lang='lat' dir='ltr'><strong>virtutem,</strong></span> 
     </span>
     <span class='ocr_line' id='line_1_88' title="bbox 1247 2156 2282 2208; baseline -0.004 -12"><span class='ocrx_word' id='word_1_567' title='bbox 1247 2157 1299 2196; x_wconf 87' lang='lat' dir='ltr'><strong>ad</strong></span> <span class='ocrx_word' id='word_1_568' title='bbox 1316 2169 1441 2208; x_wconf 90' lang='lat' dir='ltr'><strong>quam</strong></span> <span class='ocrx_word' id='word_1_569' title='bbox 1464 2157 1687 2196; x_wconf 86' lang='lat' dir='ltr'><strong>secundum</strong></span> <span class='ocrx_word' id='word_1_570' title='bbox 1721 2168 1763 2195; x_wconf 90' lang='grc'><strong>30</strong></span> <span class='ocrx_word' id='word_1_571' title='bbox 1795 2156 1973 2206; x_wconf 88' lang='lat' dir='ltr'><strong>pertinet</strong></span> <span class='ocrx_word' id='word_1_572' title='bbox 1991 2159 2103 2194; x_wconf 86' lang='lat' dir='ltr'><strong>actus</strong></span> <span class='ocrx_word' id='word_1_573' title='bbox 2131 2165 2282 2206; x_wconf 75' lang='lat' dir='ltr'><strong>praeoe-</strong></span> 
     </span>
     <span class='ocr_line' id='line_1_89' title="bbox 1245 2215 2282 2270; baseline -0.001 -13"><span class='ocrx_word' id='word_1_574' title='bbox 1245 2224 1353 2270; x_wconf 88' lang='lat' dir='ltr'><strong>ptus,</strong></span> <span class='ocrx_word' id='word_1_575' title='bbox 1376 2219 1527 2257; x_wconf 88' lang='lat' dir='ltr'><strong>scilicet</strong></span> <span class='ocrx_word' id='word_1_576' title='bbox 1546 2218 1841 2269; x_wconf 76' lang='lat' dir='ltr'><strong>temperantiae,</strong></span> <span class='ocrx_word' id='word_1_577' title='bbox 1863 2222 1958 2263; x_wconf 90' lang='lat' dir='ltr'><strong>etc.,</strong></span> <span class='ocrx_word' id='word_1_578' title='bbox 1978 2216 2019 2255; x_wconf 89' lang='lat' dir='ltr'><strong>id</strong></span> <span class='ocrx_word' id='word_1_579' title='bbox 2036 2215 2131 2255; x_wconf 87' lang='lat' dir='ltr'><strong>satis</strong></span> <span class='ocrx_word' id='word_1_580' title='bbox 2149 2220 2209 2255; x_wconf 88' lang='lat' dir='ltr'><strong>est</strong></span> <span class='ocrx_word' id='word_1_581' title='bbox 2227 2215 2282 2256; x_wconf 84' lang='lat' dir='ltr'><strong>ad</strong></span> 
     </span>
     <span class='ocr_line' id='line_1_90' title="bbox 1244 2275 2280 2332; baseline -0.004 -12"><span class='ocrx_word' id='word_1_582' title='bbox 1244 2280 1500 2332; x_wconf 84' lang='lat' dir='ltr'><strong>implendum</strong></span> <span class='ocrx_word' id='word_1_583' title='bbox 1520 2284 1662 2318; x_wconf 90' lang='lat' dir='ltr'><strong>votum</strong></span> <span class='ocrx_word' id='word_1_584' title='bbox 1683 2278 1948 2326; x_wconf 78' lang='lat' dir='ltr'><strong>obedientiae3</strong></span> <span class='ocrx_word' id='word_1_585' title='bbox 1971 2277 2068 2328; x_wconf 89' lang='lat' dir='ltr'><strong>quia</strong></span> <span class='ocrx_word' id='word_1_586' title='bbox 2088 2288 2159 2328; x_wconf 88' lang='lat' dir='ltr'><strong>per</strong></span> <span class='ocrx_word' id='word_1_587' title='bbox 2177 2275 2280 2316; x_wconf 86' lang='lat' dir='ltr'><strong>illud</strong></span> 
     </span>
     <span class='ocr_line' id='line_1_91' title="bbox 1243 2337 2282 2393; baseline -0.006 -12"><span class='ocrx_word' id='word_1_588' title='bbox 1243 2354 1330 2381; x_wconf 91' lang='lat' dir='ltr'><strong>non</strong></span> <span class='ocrx_word' id='word_1_589' title='bbox 1352 2341 1630 2393; x_wconf 87' lang='lat' dir='ltr'><strong>promittimus</strong></span> <span class='ocrx_word' id='word_1_590' title='bbox 1649 2340 1814 2380; x_wconf 87' lang='lat' dir='ltr'><strong>obedire</strong></span> <span class='ocrx_word' id='word_1_591' title='bbox 1834 2340 1909 2378; x_wconf 91' lang='lat' dir='ltr'><strong>sub</strong></span> <span class='ocrx_word' id='word_1_592' title='bbox 1927 2339 2004 2378; x_wconf 89' lang='grc'><strong>1100</strong></span> <span class='ocrx_word' id='word_1_593' title='bbox 2028 2338 2092 2378; x_wconf 86' lang='lat' dir='ltr'><strong>vel</strong></span> <span class='ocrx_word' id='word_1_594' title='bbox 2106 2337 2179 2377; x_wconf 92' lang='lat' dir='ltr'><strong>illo</strong></span> <span class='ocrx_word' id='word_1_595' title='bbox 2194 2348 2282 2376; x_wconf 84' lang='lat' dir='ltr'><strong>mo-</strong></span> 
     </span>
     <span class='ocr_line' id='line_1_92' title="bbox 1243 2399 2282 2454; baseline -0.003 -11"><span class='ocrx_word' id='word_1_596' title='bbox 1243 2402 1345 2450; x_wconf 87' lang='lat' dir='ltr'><strong>tivo,</strong></span> <span class='ocrx_word' id='word_1_597' title='bbox 1370 2403 1440 2443; x_wconf 90' lang='lat' dir='ltr'><strong>sed</strong></span> <span class='ocrx_word' id='word_1_598' title='bbox 1470 2402 1712 2454; x_wconf 86' lang='lat' dir='ltr'><strong>simpliciter</strong></span> <span class='ocrx_word' id='word_1_599' title='bbox 1747 2401 1936 2451; x_wconf 86' lang='lat' dir='ltr'><strong>obedire;</strong></span> <span class='ocrx_word' id='word_1_600' title='bbox 1971 2399 2096 2452; x_wconf 89' lang='lat' dir='ltr'><strong>quod,</strong></span> <span class='ocrx_word' id='word_1_601' title='bbox 2119 2403 2282 2440; x_wconf 77' lang='lat' dir='ltr'><strong>servata</strong></span> 
     </span>
    </p>
   </div>
   <div class='ocr_carea' id='block_1_16' title="bbox 1242 2461 2337 2516">
    <p class='ocr_par' dir='ltr' id='par_1_17' title="bbox 1242 2461 2337 2516">
     <span class='ocr_line' id='line_1_93' title="bbox 1242 2461 2337 2516; baseline -0.004 -12"><span class='ocrx_word' id='word_1_602' title='bbox 1242 2465 1520 2516; x_wconf 85' lang='lat' dir='ltr'><strong>proportione,</strong></span> <span class='ocrx_word' id='word_1_603' title='bbox 1529 2465 1638 2504; x_wconf 92' lang='lat' dir='ltr'><strong>idem</strong></span> <span class='ocrx_word' id='word_1_604' title='bbox 1649 2464 1758 2502; x_wconf 91' lang='lat' dir='ltr'><strong>estin</strong></span> <span class='ocrx_word' id='word_1_605' title='bbox 1770 2474 2031 2514; x_wconf 88' lang='lat' dir='ltr'><strong>quocumque</strong></span> <span class='ocrx_word' id='word_1_606' title='bbox 2045 2465 2151 2501; x_wconf 90' lang='lat' dir='ltr'><strong>voto.</strong></span> <span class='ocrx_word' id='word_1_607' title='bbox 2165 2461 2280 2501; x_wconf 88' lang='lat' dir='ltr'><strong>Addo</strong></span> <span class='ocrx_word' id='word_1_608' title='bbox 2333 2479 2337 2481; x_wconf 87' lang='grc'><strong>·</strong></span> 
     </span>
    </p>
   </div>
   <div class='ocr_carea' id='block_1_17' title="bbox 1243 2523 2279 2699">
    <p class='ocr_par' dir='ltr' id='par_1_18' title="bbox 1243 2523 2279 2699">
     <span class='ocr_line' id='line_1_94' title="bbox 1243 2523 2279 2578; baseline -0.002 -13"><span class='ocrx_word' id='word_1_609' title='bbox 1243 2526 1434 2577; x_wconf 84' lang='lat' dir='ltr'><strong>denique,</strong></span> <span class='ocrx_word' id='word_1_610' title='bbox 1449 2526 1766 2578; x_wconf 86' lang='lat' dir='ltr'><strong>propositionem</strong></span> <span class='ocrx_word' id='word_1_611' title='bbox 1777 2525 1834 2563; x_wconf 90' lang='lat' dir='ltr'><strong>ibi</strong></span> <span class='ocrx_word' id='word_1_612' title='bbox 1846 2530 2112 2575; x_wconf 83' lang='lat' dir='ltr'><strong>assumptam,</strong></span> <span class='ocrx_word' id='word_1_613' title='bbox 2123 2523 2279 2575; x_wconf 78' lang='lat' dir='ltr'><strong>quanda</strong></span> 
     </span>
     <span class='ocr_line' id='line_1_95' title="bbox 1245 2586 2279 2640; baseline -0.003 -12"><span class='ocrx_word' id='word_1_614' title='bbox 1245 2588 1515 2640; x_wconf 68' lang='lat' dir='ltr'><strong>transyressio</strong></span> <span class='ocrx_word' id='word_1_615' title='bbox 1529 2589 1717 2640; x_wconf 70' lang='lat' dir='ltr'><strong>praecepti</strong></span> <span class='ocrx_word' id='word_1_616' title='bbox 1732 2591 1788 2627; x_wconf 80' lang='lat' dir='ltr'><strong>est</strong></span> <span class='ocrx_word' id='word_1_617' title='bbox 1809 2590 1946 2627; x_wconf 71' lang='lat' dir='ltr'><strong>contra</strong></span> <span class='ocrx_word' id='word_1_618' title='bbox 1962 2586 2138 2637; x_wconf 80' lang='lat' dir='ltr'><strong>aliquam</strong></span> <span class='ocrx_word' id='word_1_619' title='bbox 2149 2586 2279 2625; x_wconf 75' lang='lat' dir='ltr'><strong>virta-</strong></span> 
     </span>
     <span class='ocr_line' id='line_1_96' title="bbox 1250 2643 2279 2699; baseline -0.005 -8"><span class='ocrx_word' id='word_1_620' title='bbox 1250 2653 1341 2698; x_wconf 80' lang='lat' dir='ltr'><strong>tem,</strong></span> <span class='ocrx_word' id='word_1_621' title='bbox 1363 2650 1670 2690; x_wconf 73' lang='lat' dir='ltr'><strong>observationem</strong></span> <span class='ocrx_word' id='word_1_622' title='bbox 1690 2649 1787 2688; x_wconf 80' lang='lat' dir='ltr'><strong>talis</strong></span> <span class='ocrx_word' id='word_1_623' title='bbox 1800 2647 1988 2699; x_wconf 74' lang='lat' dir='ltr'><strong>proecepti</strong></span> <span class='ocrx_word' id='word_1_624' title='bbox 2005 2646 2178 2695; x_wconf 78' lang='lat' dir='ltr'><strong>nonfieri</strong></span> <span class='ocrx_word' id='word_1_625' title='bbox 2194 2643 2279 2686; x_wconf 75' lang='lat' dir='ltr'><strong>nisi</strong></span> 
     </span>
    </p>
   </div>
   <div class='ocr_carea' id='block_1_18' title="bbox 1239 2705 2343 2764">
    <p class='ocr_par' dir='ltr' id='par_1_19' title="bbox 1239 2705 2343 2764">
     <span class='ocr_line' id='line_1_97' title="bbox 1239 2705 2343 2764; baseline -0.005 -11"><span class='ocrx_word' id='word_1_626' title='bbox 1239 2724 1313 2764; x_wconf 77' lang='lat' dir='ltr'><strong>per</strong></span> <span class='ocrx_word' id='word_1_627' title='bbox 1331 2716 1463 2752; x_wconf 71' lang='lat' dir='ltr'><strong>aetam</strong></span> <span class='ocrx_word' id='word_1_628' title='bbox 1495 2711 1612 2751; x_wconf 73' lang='lat' dir='ltr'><strong>illius</strong></span> <span class='ocrx_word' id='word_1_629' title='bbox 1637 2710 1819 2756; x_wconf 74' lang='lat' dir='ltr'><strong>virtutis,</strong></span> <span class='ocrx_word' id='word_1_630' title='bbox 1836 2719 1919 2746; x_wconf 91' lang='lat' dir='ltr'><strong>non</strong></span> <span class='ocrx_word' id='word_1_631' title='bbox 1941 2719 2025 2746; x_wconf 88' lang='grc'><strong>0330</strong></span> <span class='ocrx_word' id='word_1_632' title='bbox 2051 2719 2191 2746; x_wconf 89' lang='lat' dir='ltr'><strong>veram</strong></span> <span class='ocrx_word' id='word_1_633' title='bbox 2225 2705 2279 2747; x_wconf 82' lang='lat' dir='ltr'><strong>de</strong></span> <span class='ocrx_word' id='word_1_634' title='bbox 2342 2731 2343 2734; x_wconf 62' lang='lat'><em>=</em></span> 
     </span>
    </p>
   </div>
   <div class='ocr_carea' id='block_1_19' title="bbox 1242 2768 2278 2881">
    <p class='ocr_par' dir='ltr' id='par_1_20' title="bbox 1242 2768 2278 2881">
     <span class='ocr_line' id='line_1_98' title="bbox 1243 2768 2278 2822; baseline -0.006 -10"><span class='ocrx_word' id='word_1_635' title='bbox 1243 2777 1336 2812; x_wconf 89' lang='lat' dir='ltr'><strong>actu</strong></span> <span class='ocrx_word' id='word_1_636' title='bbox 1371 2772 1534 2811; x_wconf 89' lang='lat' dir='ltr'><strong>formali</strong></span> <span class='ocrx_word' id='word_1_637' title='bbox 1570 2775 1610 2810; x_wconf 88' lang='grc'><strong>01</strong></span> <span class='ocrx_word' id='word_1_638' title='bbox 1643 2772 1822 2822; x_wconf 87' lang='lat' dir='ltr'><strong>proprio,</strong></span> <span class='ocrx_word' id='word_1_639' title='bbox 1843 2769 1979 2808; x_wconf 90' lang='lat' dir='ltr'><strong>elicito</strong></span> <span class='ocrx_word' id='word_1_640' title='bbox 1997 2780 2022 2808; x_wconf 87' lang='lat' dir='ltr'><strong>a</strong></span> <span class='ocrx_word' id='word_1_641' title='bbox 2040 2768 2115 2810; x_wconf 83' lang='lat' dir='ltr'><strong>tali</strong></span> <span class='ocrx_word' id='word_1_642' title='bbox 2151 2769 2278 2808; x_wconf 88' lang='lat' dir='ltr'><strong>virtu-</strong></span> 
     </span>
     <span class='ocr_line' id='line_1_99' title="bbox 1242 2831 2275 2881; baseline -0.004 -8"><span class='ocrx_word' id='word_1_643' title='bbox 1242 2839 1297 2881; x_wconf 91' lang='lat' dir='ltr'><strong>te,</strong></span> <span class='ocrx_word' id='word_1_644' title='bbox 1320 2834 1389 2873; x_wconf 88' lang='lat' dir='ltr'><strong>sed</strong></span> <span class='ocrx_word' id='word_1_645' title='bbox 1417 2834 1549 2872; x_wconf 90' lang='lat' dir='ltr'><strong>solum</strong></span> <span class='ocrx_word' id='word_1_646' title='bbox 1585 2832 1635 2871; x_wconf 89' lang='lat' dir='ltr'><strong>de</strong></span> <span class='ocrx_word' id='word_1_647' title='bbox 1667 2837 1759 2871; x_wconf 87' lang='lat' dir='ltr'><strong>actu</strong></span> <span class='ocrx_word' id='word_1_648' title='bbox 1786 2831 1988 2871; x_wconf 89' lang='lat' dir='ltr'><strong>materiali</strong></span> <span class='ocrx_word' id='word_1_649' title='bbox 2017 2835 2058 2870; x_wconf 91' lang='lat' dir='ltr'><strong>et</strong></span> <span class='ocrx_word' id='word_1_650' title='bbox 2089 2835 2275 2880; x_wconf 83' lang='lat' dir='ltr'><strong>externo,</strong></span> 
     </span>
    </p>
   </div>
   <div class='ocr_carea' id='block_1_20' title="bbox 1242 2892 2350 2947">
    <p class='ocr_par' dir='ltr' id='par_1_21' title="bbox 1242 2892 2350 2947">
     <span class='ocr_line' id='line_1_100' title="bbox 1242 2892 2350 2947; baseline -0.004 -13"><span class='ocrx_word' id='word_1_651' title='bbox 1242 2895 1314 2947; x_wconf 92' lang='lat' dir='ltr'><strong>qui</strong></span> <span class='ocrx_word' id='word_1_652' title='bbox 1336 2906 1386 2934; x_wconf 82' lang='lat' dir='ltr'><strong>ex</strong></span> <span class='ocrx_word' id='word_1_653' title='bbox 1415 2905 1565 2945; x_wconf 85' lang='lat' dir='ltr'><strong>genere</strong></span> <span class='ocrx_word' id='word_1_654' title='bbox 1599 2905 1672 2932; x_wconf 91' lang='lat' dir='ltr'><strong>suo</strong></span> <span class='ocrx_word' id='word_1_655' title='bbox 1692 2894 1892 2945; x_wconf 88' lang='lat' dir='ltr'><strong>pertineat</strong></span> <span class='ocrx_word' id='word_1_656' title='bbox 1916 2893 1967 2931; x_wconf 86' lang='lat' dir='ltr'><strong>ad</strong></span> <span class='ocrx_word' id='word_1_657' title='bbox 1987 2892 2112 2932; x_wconf 90' lang='lat' dir='ltr'><strong>talem</strong></span> <span class='ocrx_word' id='word_1_658' title='bbox 2146 2892 2276 2931; x_wconf 58' lang='lat' dir='ltr'><strong>virtus</strong></span> <span class='ocrx_word' id='word_1_659' title='bbox 2346 2934 2350 2942; x_wconf 52' lang='grc'><em>,</em></span> 
     </span>
    </p>
   </div>
   <div class='ocr_carea' id='block_1_21' title="bbox 1241 2955 2277 3007">
    <p class='ocr_par' dir='ltr' id='par_1_22' title="bbox 1241 2955 2277 3007">
     <span class='ocr_line' id='line_1_101' title="bbox 1241 2955 2277 3007; baseline -0.003 -11"><span class='ocrx_word' id='word_1_660' title='bbox 1241 2961 1339 2996; x_wconf 90' lang='lat' dir='ltr'><strong>tem.</strong></span> <span class='ocrx_word' id='word_1_661' title='bbox 1360 2957 1421 2995; x_wconf 89' lang='lat' dir='ltr'><strong>Ita</strong></span> <span class='ocrx_word' id='word_1_662' title='bbox 1439 2956 1550 2995; x_wconf 90' lang='lat' dir='ltr'><strong>enim</strong></span> <span class='ocrx_word' id='word_1_663' title='bbox 1561 2960 1806 3007; x_wconf 83' lang='lat' dir='ltr'><strong>praeceptum</strong></span> <span class='ocrx_word' id='word_1_664' title='bbox 1828 2955 1976 3006; x_wconf 64' lang='grc' dir='ltr'><strong>ι10101111</strong></span> <span class='ocrx_word' id='word_1_665' title='bbox 1993 2955 2186 3006; x_wconf 90' lang='lat' dir='ltr'><strong>impletur</strong></span> <span class='ocrx_word' id='word_1_666' title='bbox 2202 2964 2277 3006; x_wconf 79' lang='lat' dir='ltr'><strong>per</strong></span> 
     </span>
    </p>
   </div>
   <div class='ocr_carea' id='block_1_22' title="bbox 1242 3014 2352 3437">
    <p class='ocr_par' dir='ltr' id='par_1_23' title="bbox 1242 3014 2352 3376">
     <span class='ocr_line' id='line_1_102' title="bbox 1242 3014 2352 3069; baseline -0.003 -12"><span class='ocrx_word' id='word_1_667' title='bbox 1242 3018 1547 3066; x_wconf 89' lang='lat' dir='ltr'><strong>abstinentiam,</strong></span> <span class='ocrx_word' id='word_1_668' title='bbox 1571 3018 1668 3069; x_wconf 86' lang='lat' dir='ltr'><strong>quia</strong></span> <span class='ocrx_word' id='word_1_669' title='bbox 1686 3029 1737 3056; x_wconf 82' lang='lat' dir='ltr'><strong>ex</strong></span> <span class='ocrx_word' id='word_1_670' title='bbox 1761 3029 1910 3068; x_wconf 86' lang='lat' dir='ltr'><strong>genere</strong></span> <span class='ocrx_word' id='word_1_671' title='bbox 1928 3028 2001 3055; x_wconf 88' lang='lat' dir='ltr'><strong>suo</strong></span> <span class='ocrx_word' id='word_1_672' title='bbox 2018 3016 2194 3067; x_wconf 86' lang='lat' dir='ltr'><strong>pertinet</strong></span> <span class='ocrx_word' id='word_1_673' title='bbox 2221 3014 2275 3055; x_wconf 87' lang='lat' dir='ltr'><strong>ad</strong></span> <span class='ocrx_word' id='word_1_674' title='bbox 2347 3046 2352 3053; x_wconf 91' lang='lat'><em>.</em></span> 
     </span>
     <span class='ocr_line' id='line_1_103' title="bbox 1242 3075 2352 3130; baseline -0.004 -11"><span class='ocrx_word' id='word_1_675' title='bbox 1242 3079 1571 3130; x_wconf 86' lang='lat' dir='ltr'><strong>temperantiam,</strong></span> <span class='ocrx_word' id='word_1_676' title='bbox 1596 3079 1757 3121; x_wconf 88' lang='lat' dir='ltr'><strong>etiams1</strong></span> <span class='ocrx_word' id='word_1_677' title='bbox 1777 3078 1829 3117; x_wconf 90' lang='lat' dir='ltr'><strong>ab</strong></span> <span class='ocrx_word' id='word_1_678' title='bbox 1850 3081 2043 3129; x_wconf 86' lang='lat' dir='ltr'><strong>operante</strong></span> <span class='ocrx_word' id='word_1_679' title='bbox 2078 3088 2164 3116; x_wconf 88' lang='lat' dir='ltr'><strong>non</strong></span> <span class='ocrx_word' id='word_1_680' title='bbox 2200 3075 2276 3116; x_wconf 86' lang='lat' dir='ltr'><strong>fiat</strong></span> <span class='ocrx_word' id='word_1_681' title='bbox 2336 3085 2352 3124; x_wconf 65' lang='lat'><strong>7„-</strong></span> 
     </span>
     <span class='ocr_line' id='line_1_104' title="bbox 1245 3139 2347 3192; baseline -0.004 -11"><span class='ocrx_word' id='word_1_682' title='bbox 1245 3153 1296 3181; x_wconf 85' lang='lat' dir='ltr'><strong>ex</strong></span> <span class='ocrx_word' id='word_1_683' title='bbox 1310 3141 1461 3181; x_wconf 83' lang='lat' dir='ltr'><strong>affectu</strong></span> <span class='ocrx_word' id='word_1_684' title='bbox 1478 3140 1530 3180; x_wconf 86' lang='lat' dir='ltr'><strong>ad</strong></span> <span class='ocrx_word' id='word_1_685' title='bbox 1551 3140 1867 3192; x_wconf 84' lang='lat' dir='ltr'><strong>temperantiam</strong></span> <span class='ocrx_word' id='word_1_686' title='bbox 1877 3149 1890 3190; x_wconf 87' lang='lat'>;</span> <span class='ocrx_word' id='word_1_687' title='bbox 1911 3139 1995 3178; x_wconf 90' lang='lat' dir='ltr'><strong>imo</strong></span> <span class='ocrx_word' id='word_1_688' title='bbox 2024 3150 2158 3191; x_wconf 87' lang='lat' dir='ltr'><strong>neque</strong></span> <span class='ocrx_word' id='word_1_689' title='bbox 2177 3149 2274 3178; x_wconf 89' lang='lat' dir='ltr'><strong>cum</strong></span> <span class='ocrx_word' id='word_1_690' title='bbox 2336 3142 2347 3183; x_wconf 82' lang='grc'><strong>·;’</strong></span> 
     </span>
     <span class='ocr_line' id='line_1_105' title="bbox 1242 3199 2275 3253; baseline -0.004 -11"><span class='ocrx_word' id='word_1_691' title='bbox 1242 3201 1456 3242; x_wconf 85' lang='lat' dir='ltr'><strong>honestate</strong></span> <span class='ocrx_word' id='word_1_692' title='bbox 1483 3202 1763 3253; x_wconf 78' lang='lat' dir='ltr'><strong>temperantiae</strong></span> <span class='ocrx_word' id='word_1_693' title='bbox 1780 3215 1792 3250; x_wconf 82' lang='lat'><em>3</em></span> <span class='ocrx_word' id='word_1_694' title='bbox 1811 3204 1943 3253; x_wconf 82' lang='lat' dir='ltr'><strong>potest</strong></span> <span class='ocrx_word' id='word_1_695' title='bbox 1969 3200 2081 3240; x_wconf 89' lang='lat' dir='ltr'><strong>enim</strong></span> <span class='ocrx_word' id='word_1_696' title='bbox 2099 3200 2167 3239; x_wconf 84' lang='lat' dir='ltr'><strong>lex</strong></span> <span class='ocrx_word' id='word_1_697' title='bbox 2197 3199 2275 3239; x_wconf 82' lang='lat' dir='ltr'><strong>hu·-</strong></span> 
     </span>
     <span class='ocr_line' id='line_1_106' title="bbox 1242 3262 2335 3316; baseline -0.003 -12"><span class='ocrx_word' id='word_1_698' title='bbox 1242 3277 1367 3305; x_wconf 88' lang='lat' dir='ltr'><strong>mana</strong></span> <span class='ocrx_word' id='word_1_699' title='bbox 1386 3264 1550 3316; x_wconf 87' lang='lat' dir='ltr'><strong>impleri</strong></span> <span class='ocrx_word' id='word_1_700' title='bbox 1573 3275 1647 3315; x_wconf 85' lang='lat' dir='ltr'><strong>per</strong></span> <span class='ocrx_word' id='word_1_701' title='bbox 1679 3267 1815 3304; x_wconf 83' lang='lat' dir='ltr'><strong>actum</strong></span> <span class='ocrx_word' id='word_1_702' title='bbox 1836 3274 1887 3303; x_wconf 84' lang='lat' dir='ltr'><strong>ex</strong></span> <span class='ocrx_word' id='word_1_703' title='bbox 1919 3274 1963 3303; x_wconf 88' lang='lat' dir='ltr'><strong>se</strong></span> <span class='ocrx_word' id='word_1_704' title='bbox 1993 3262 2164 3311; x_wconf 89' lang='lat' dir='ltr'><strong>bonum,</strong></span> <span class='ocrx_word' id='word_1_705' title='bbox 2185 3273 2274 3302; x_wconf 84' lang='lat' dir='ltr'><strong>non</strong></span> <span class='ocrx_word' id='word_1_706' title='bbox 2308 3278 2312 3286; x_wconf 50' lang='lat' dir='ltr'><em>f</em></span> <span class='ocrx_word' id='word_1_707' title='bbox 2334 3267 2335 3271; x_wconf 78' lang='grc'>’</span> 
     </span>
     <span class='ocr_line' id='line_1_107' title="bbox 1242 3323 2271 3376; baseline -0.002 -9"><span class='ocrx_word' id='word_1_708' title='bbox 1242 3325 1348 3367; x_wconf 85' lang='grc'><strong>11000</strong></span> <span class='ocrx_word' id='word_1_709' title='bbox 1365 3326 1543 3374; x_wconf 62' lang='grc'><strong>10010101</strong></span> <span class='ocrx_word' id='word_1_710' title='bbox 1561 3329 1603 3365; x_wconf 90' lang='lat' dir='ltr'><strong>et</strong></span> <span class='ocrx_word' id='word_1_711' title='bbox 1630 3324 1740 3365; x_wconf 90' lang='lat' dir='ltr'><strong>idem</strong></span> <span class='ocrx_word' id='word_1_712' title='bbox 1760 3326 1806 3365; x_wconf 87' lang='lat' dir='ltr'><strong>in</strong></span> <span class='ocrx_word' id='word_1_713' title='bbox 1830 3324 2025 3376; x_wconf 83' lang='lat' dir='ltr'><strong>praesenti</strong></span> <span class='ocrx_word' id='word_1_714' title='bbox 2051 3323 2271 3368; x_wconf 82' lang='lat' dir='ltr'><strong>dicendum</strong></span> 
     </span>
    </p>

    <p class='ocr_par' dir='ltr' id='par_1_24' title="bbox 1242 3377 2329 3437">
     <span class='ocr_line' id='line_1_108' title="bbox 1242 3377 2329 3437; baseline -0.004 -9"><span class='ocrx_word' id='word_1_715' title='bbox 1242 3400 1390 3433; x_wconf 88' lang='lat' dir='ltr'><strong>censeo</strong></span> <span class='ocrx_word' id='word_1_716' title='bbox 1403 3388 1455 3428; x_wconf 86' lang='lat' dir='ltr'><strong>de</strong></span> <span class='ocrx_word' id='word_1_717' title='bbox 1474 3387 1756 3427; x_wconf 80' lang='lat' dir='ltr'><strong>observatione</strong></span> <span class='ocrx_word' id='word_1_718' title='bbox 1765 3387 1849 3427; x_wconf 82' lang='lat' dir='ltr'><strong>voti</strong></span> <span class='ocrx_word' id='word_1_719' title='bbox 1868 3385 2124 3435; x_wconf 70' lang='lat' dir='ltr'><strong>obedientiae,</strong></span> <span class='ocrx_word' id='word_1_720' title='bbox 2139 3397 2290 3437; x_wconf 61' lang='lat' dir='ltr'><strong>quana·</strong></span> <span class='ocrx_word' id='word_1_721' title='bbox 2328 3377 2329 3380; x_wconf 31' lang='lat'>¹</span> 
     </span>
    </p>
   </div>
   <div class='ocr_carea' id='block_1_23' title="bbox 1241 3448 2270 3503">
    <p class='ocr_par' dir='ltr' id='par_1_25' title="bbox 1241 3448 2270 3503">
     <span class='ocr_line' id='line_1_109' title="bbox 1241 3448 2270 3503; baseline -0.002 -15"><span class='ocrx_word' id='word_1_722' title='bbox 1241 3452 1331 3490; x_wconf 88' lang='lat' dir='ltr'><strong>tum</strong></span> <span class='ocrx_word' id='word_1_723' title='bbox 1361 3453 1515 3503; x_wconf 83' lang='lat' dir='ltr'><strong>spectat</strong></span> <span class='ocrx_word' id='word_1_724' title='bbox 1538 3449 1590 3488; x_wconf 87' lang='lat' dir='ltr'><strong>ad</strong></span> <span class='ocrx_word' id='word_1_725' title='bbox 1607 3449 1788 3501; x_wconf 81' lang='lat' dir='ltr'><strong>rigorem</strong></span> <span class='ocrx_word' id='word_1_726' title='bbox 1807 3448 2013 3501; x_wconf 72' lang='lat' dir='ltr'><strong>praecepti,</strong></span> <span class='ocrx_word' id='word_1_727' title='bbox 2034 3451 2076 3487; x_wconf 87' lang='lat' dir='ltr'><strong>et</strong></span> <span class='ocrx_word' id='word_1_728' title='bbox 2108 3449 2155 3486; x_wconf 87' lang='lat' dir='ltr'><strong>ut</strong></span> <span class='ocrx_word' id='word_1_729' title='bbox 2183 3457 2270 3486; x_wconf 86' lang='lat' dir='ltr'><strong>non</strong></span> 
     </span>
    </p>
   </div>
   <div class='ocr_carea' id='block_1_24' title="bbox 1241 3507 2315 3624">
    <p class='ocr_par' dir='ltr' id='par_1_26' title="bbox 1241 3507 2315 3624">
     <span class='ocr_line' id='line_1_110' title="bbox 1241 3507 2315 3562; baseline -0.006 -11"><span class='ocrx_word' id='word_1_730' title='bbox 1241 3511 1518 3551; x_wconf 83' lang='lat' dir='ltr'><strong>committatur</strong></span> <span class='ocrx_word' id='word_1_731' title='bbox 1532 3511 1652 3562; x_wconf 86' lang='lat' dir='ltr'><strong>culpa</strong></span> <span class='ocrx_word' id='word_1_732' title='bbox 1673 3514 1815 3551; x_wconf 87' lang='lat' dir='ltr'><strong>contra</strong></span> <span class='ocrx_word' id='word_1_733' title='bbox 1832 3509 1912 3549; x_wconf 79' lang='lat' dir='ltr'><strong>hoe</strong></span> <span class='ocrx_word' id='word_1_734' title='bbox 1935 3512 2104 3558; x_wconf 82' lang='lat' dir='ltr'><strong>votum3</strong></span> <span class='ocrx_word' id='word_1_735' title='bbox 2122 3507 2271 3546; x_wconf 85' lang='lat' dir='ltr'><strong>sufficit</strong></span> <span class='ocrx_word' id='word_1_736' title='bbox 2312 3507 2315 3511; x_wconf 84' lang='grc'><strong>’</strong></span> 
     </span>
     <span class='ocr_line' id='line_1_111' title="bbox 1241 3566 2302 3624; baseline -0.003 -12"><span class='ocrx_word' id='word_1_737' title='bbox 1241 3573 1354 3612; x_wconf 87' lang='lat' dir='ltr'><strong>enim</strong></span> <span class='ocrx_word' id='word_1_738' title='bbox 1372 3572 1562 3612; x_wconf 84' lang='lat' dir='ltr'><strong>voluntas</strong></span> <span class='ocrx_word' id='word_1_739' title='bbox 1576 3571 1776 3624; x_wconf 88' lang='lat' dir='ltr'><strong>implendi</strong></span> <span class='ocrx_word' id='word_1_740' title='bbox 1791 3569 1899 3623; x_wconf 83' lang='lat' dir='ltr'><strong>quod</strong></span> <span class='ocrx_word' id='word_1_741' title='bbox 1912 3569 2093 3621; x_wconf 75' lang='lat' dir='ltr'><strong>jubetur,</strong></span> <span class='ocrx_word' id='word_1_742' title='bbox 2110 3566 2272 3609; x_wconf 75' lang='lat' dir='ltr'><strong>etiamsi</strong></span> <span class='ocrx_word' id='word_1_743' title='bbox 2298 3589 2302 3594; x_wconf 96' lang='lat'>·</span> 
     </span>
    </p>
   </div>
   <div class='ocr_carea' id='block_1_25' title="bbox 1240 3631 2352 3695">
    <p class='ocr_par' dir='ltr' id='par_1_27' title="bbox 1240 3631 2352 3697">
     <span class='ocr_line' id='line_1_112' title="bbox 1240 3631 2352 3695; baseline -0.004 -19"><span class='ocrx_word' id='word_1_744' title='bbox 1240 3634 1422 3689; x_wconf 78' lang='lat' dir='ltr'><strong>alioquin</strong></span> <span class='ocrx_word' id='word_1_745' title='bbox 1432 3635 1499 3676; x_wconf 82' lang='lat' dir='ltr'><strong>vol</strong></span> <span class='ocrx_word' id='word_1_746' title='bbox 1504 3638 1623 3677; x_wconf 78' lang='grc'><strong>110103</strong></span> <span class='ocrx_word' id='word_1_747' title='bbox 1633 3634 1706 3680; x_wconf 79' lang='lat' dir='ltr'><strong>illa</strong></span> <span class='ocrx_word' id='word_1_748' title='bbox 1719 3635 1773 3677; x_wconf 82' lang='lat' dir='ltr'><strong>sit</strong></span> <span class='ocrx_word' id='word_1_749' title='bbox 1781 3644 1833 3676; x_wconf 76' lang='lat' dir='ltr'><strong>ox</strong></span> <span class='ocrx_word' id='word_1_750' title='bbox 1849 3642 2108 3687; x_wconf 68' lang='lat' dir='ltr'><strong>quocumque</strong></span> <span class='ocrx_word' id='word_1_751' title='bbox 2118 3631 2282 3695; x_wconf 52' lang='lat' dir='ltr'><strong>imper}</strong></span> <span class='ocrx_word' id='word_1_752' title='bbox 2347 3666 2352 3671; x_wconf 93' lang='lat'>.</span> 
     </span>
    </p>
   </div>
   <div class='ocr_carea' id='block_1_26' title="bbox 2146 0 2352 700">
    <p class='ocr_par' dir='ltr' id='par_1_28' title="bbox 2146 0 2352 700">
     <span class='ocr_line' id='line_1_113' title="bbox 2146 0 2352 700; baseline 0 0"><span class='ocrx_word' id='word_1_753' title='bbox 2146 0 2352 700; x_wconf 95' lang='lat' dir='ltr'><strong>   </strong></span> 
     </span>
    </p>
   </div>
   <div class='ocr_carea' id='block_1_27' title="bbox 2319 675 2338 695">
    <p class='ocr_par' dir='ltr' id='par_1_29' title="bbox 2319 675 2338 695">
     <span class='ocr_line' id='line_1_114' title="bbox 2319 675 2338 695; baseline 0 0"><span class='ocrx_word' id='word_1_754' title='bbox 2319 675 2338 695; x_wconf 61' lang='lat' dir='ltr'>V</span> 
     </span>
    </p>
   </div>
   <div class='ocr_carea' id='block_1_28' title="bbox 2305 3247 2352 3880">
    <p class='ocr_par' dir='ltr' id='par_1_30' title="bbox 2305 3247 2352 3880">
     <span class='ocr_line' id='line_1_115' title="bbox 2305 3247 2352 3880; baseline 0 0"><span class='ocrx_word' id='word_1_755' title='bbox 2305 3247 2352 3880; x_wconf 95' lang='lat' dir='ltr'><strong> </strong></span> 
     </span>
    </p>
   </div>
  </div>
 </body>
</html>
