2352 3880
172 304 232 344 vel
249 303 294 342 in
315 296 636 354 spiritualibus,'
626 308 671 335 m
694 306 955 347 quocumque
983 295 1113 346 gradu
1130 295 1202 335 So-

170 365 324 404 cietatis
346 363 403 400 illi
423 361 519 406 sint,
538 357 606 397 vel
625 358 749 397 etiam
767 357 931 403 novitii,
953 358 1038 395 imo
1056 357 1202 396 etiam-

168 426 200 467 si
219 426 300 464 sint
318 421 464 462 famuli
482 434 492 468 ;
511 432 608 458 nam
625 431 767 459 omnes
782 419 827 458 hi
845 418 1201 470 com-prehendun-

168 491 233 526 tur
254 486 296 523 in
318 482 612 521 sustentatione
637 480 798 519 domus.
815 481 953 531 Neque
972 482 1096 519 etiam
1126 491 1201 531 pro

169 545 406 596 hospitibus,
426 555 503 582 nec
521 555 594 594 pro
613 542 828 581 itineribus
847 542 1030 593 agendis,
1053 542 1201 580 multo—

166 617 243 658 que
267 606 402 643 minus
430 609 476 642 ut
506 604 584 656 ipsi
606 603 775 656 professi
796 604 837 642 in
859 604 1122 642 missionibus
1149 614 1200 642 ex

163 667 221 706 eis
241 666 460 704 sustentari
488 665 657 716 possint,
679 665 775 716 quia
795 665 918 703 verba
949 669 1046 703 sunt
1075 676 1201 714 gene·

164 727 280 773 ralia,
301 731 342 766 et
360 739 527 766 omnem
545 727 715 766 titulum
742 726 809 765 vel
839 727 1097 766 occasionem
1129 736 1199 765 ex-

166 787 348 828 cludunt.

214 851 253 887 4.
284 851 404 888 Dicta
417 851 636 898 paupertas
650 849 863 896 exceditur,
882 850 920 889 et
935 849 1085 889 excedit
1098 860 1200 900 pau-

164 913 355 962 pertatem
391 911 611 949 Minorum.
630 931 683 940 —
699 910 855 949 Deinde
881 914 1038 949 constat
1057 911 1099 949 in
1122 911 1200 950 hoc

164 982 313 1023 genere
338 971 614 1022 paupertatis,
646 972 779 1022 quoad
818 971 950 1011 multa
980 974 1199 1012 convenire

164 1036 445 1084 paupertatem
466 1033 678 1072 Societatis
697 1044 791 1071 cum
817 1038 1052 1084 paupertate
1069 1034 1201 1072 Mino-

165 1104 272 1141 rnm,
295 1098 494 1144 quatenus
529 1093 635 1132 nihil
667 1095 876 1144 proprium
909 1094 953 1133 in
988 1094 1199 1133 communi

165 1152 314 1193 habere.
336 1158 528 1204 possunt;
551 1155 595 1194 in
619 1155 823 1206 aliquibus
841 1167 939 1194 vero
958 1155 1122 1194 differre
1151 1168 1204 1195 ex

166 1220 279 1267 parte
306 1216 546 1264 minuendo,
577 1220 618 1255 et
648 1228 697 1257 ex
729 1222 844 1268 parte
875 1218 1064 1264 airy-:endo
1088 1217 1203 1256 illam

164 1282 464 1327 paupertatem.
502 1278 605 1317 Nam
655 1279 789 1329 quoad
831 1279 1060 1318 dominium
1110 1291 1228 1340 profi

165 1338 299 1387 prium
320 1351 458 1377 rerum
480 1340 713 1387 mobllium,
744 1353 837 1391 quoe
865 1346 957 1380 actu
986 1341 1200 1391 possiden-

164 1403 257 1446 tur,
288 1405 328 1438 et
358 1404 553 1440 tenentur
576 1402 626 1440 ad
662 1414 779 1441 usum
799 1431 812 1450 ,
836 1406 877 1441 et
909 1402 1044 1453 quoad
1070 1402 1202 1441 Eccle-

165 1460 281 1508 siam,
301 1465 340 1499 et
361 1462 528 1500 domum
554 1462 835 1511 habitationis,
854 1476 935 1502 non
959 1464 1112 1511 refugit
1131 1464 1201 1502 So-

163 1521 289 1560 cietas
310 1523 407 1561 illud
430 1524 662 1572 admittere,
679 1526 778 1575 quia
798 1538 882 1564 non
903 1526 1108 1564 existimat
1123 1525 1202 1563 irn-

163 1583 301 1633 pedire
339 1585 476 1634 aliquo
518 1586 640 1624 modo
677 1587 802 1626 finem
846 1599 981 1625 suurn.
1024 1587 1200 1625 Minores

164 1655 256 1682 vero
279 1645 521 1694 profitentur
538 1647 616 1686 hoc
631 1648 754 1685 etiam
771 1648 1000 1686 dominium
1022 1660 1104 1686 non
1128 1648 1199 1686 ad-

164 1707 321 1743 mittere
337 1737 349 1754 ,
385 1707 454 1745 sed
487 1720 638 1758 purum
674 1721 791 1746 usum
822 1720 833 1755 ;
868 1710 975 1759 quod
1013 1714 1199 1749 sanctum

163 1767 284 1805 etiam
306 1773 379 1810 est,
404 1773 446 1807 et
465 1781 514 1807 ex
536 1781 583 1808 eo
603 1770 736 1820 capite
757 1775 1038 1821 paupertatem
1060 1774 1198 1820 auget,

163 1831 201 1866 et
219 1831 479 1868 commendat
500 1831 588 1880 ejus
603 1831 810 1870 affectum.
833 1833 1008 1870 Aliunde
1023 1845 1118 1870 vero
1132 1845 1200 1872 ex-

163 1889 270 1926 cedit
297 1889 386 1928 haee
418 1898 636 1942 paupertas
660 1894 885 1939 societatis,
910 1898 1111 1943 quatenus
1131 1908 1201 1933 ex-

162 1949 286 1988 cludit
305 1963 446 1990 omnes
465 1954 647 1991 redditus
675 1966 746 2004 pro
767 1956 949 1992 sacristia
970 1962 1010 1992 et
1027 1956 1199 2006 sumpti-

162 2010 236 2049 bus
265 2012 367 2062 ejus,
387 2017 427 2051 et
447 2026 588 2053 omnes
622 2020 843 2066 proventus
872 2029 921 2054 ex
950 2017 1196 2067 capellaniis,

162 2074 464 2122 anniversariis,
486 2080 582 2124 etc.,
600 2090 690 2127 quae
705 2090 795 2116 cum
813 2083 1048 2128 paupertate
1068 2080 1199 2117 Mino-

162 2146 253 2173 rnm
290 2148 373 2174 non
407 2146 657 2188 repugnant,
687 2143 734 2177 ut
761 2140 804 2177 in
838 2143 950 2178 tomo
981 2141 1196 2191 superiori,

162 2198 374 2236 tractando
400 2199 449 2236 de
475 2199 745 2247 religionibus
769 2202 1111 2250 mendicantibus,
1133 2202 1195 2239 vi-

161 2269 250 2296 sum
280 2263 354 2297 est.
376 2260 508 2310 Atque
528 2260 625 2299 hinc
645 2263 808 2300 tandem
833 2262 894 2307 fit,
917 2268 961 2301 ut
981 2263 1032 2302 ad
1062 2263 1197 2302 decla-

161 2320 330 2358 randam
348 2320 453 2358 hanc
472 2327 753 2373 paupertatem
772 2324 981 2362 Societatis
1003 2325 1193 2375 professae

159 2381 263 2418 nihil
283 2381 348 2419 hic
367 2383 568 2422 adducere
586 2386 858 2423 necessarium
881 2386 959 2431 sit;
983 2399 1077 2424 nam
1105 2399 1194 2437 quae

158 2441 219 2479 illi
240 2445 475 2482 communia
497 2449 592 2484 sunt
615 2458 705 2484 cum
737 2446 1004 2496 religionibus
1039 2448 1194 2486 mendi-

159 2504 360 2550 cantibus,
380 2504 447 2542 illo
468 2506 510 2543 in
533 2506 618 2545 loco
635 2507 839 2546 declarata
856 2513 965 2547 sunt.
982 2509 1077 2555 Quae
1098 2521 1193 2547 vero

157 2569 252 2602 sunt
288 2568 447 2616 propria
480 2567 705 2614 Societatis‚
734 2573 873 2619 aperte
902 2569 987 2607 sere
1018 2570 1060 2608 in
1096 2570 1193 2620 ipsis

157 2624 523 2667 Constitutionibus
556 2631 838 2670 continentur,
864 2631 916 2670 Ut
944 2635 1082 2669 tamen
1115 2632 1193 2670 dis—

158 2686 322 2726 tinctius
342 2701 404 2736 ea,
426 2701 517 2740 quae
547 2696 644 2730 sunt
673 2692 835 2742 propria
851 2722 865 2741 ‚
894 2693 1191 2742 intelligantur,

160 2759 289 2798 operae
309 2752 486 2801 pretium
507 2754 584 2792 erit
612 2755 808 2793 nonnulla
828 2767 875 2793 ex
895 2755 1027 2793 verbis
1053 2755 1194 2794 Ponti—

159 2808 278 2848 ficum
311 2813 433 2862 paulo
463 2818 559 2852 ante
587 2814 719 2853 allatis
746 2816 876 2866 magis
902 2827 1119 2867 exponere,
1150 2819 1192 2855 et

158 2869 282 2911 dubia
306 2873 531 2913 incidentia
553 2876 759 2925 expedire.

534 3001 657 3026 numum
678 3002 806 3026 enixu:

229 3073 343 3125 Quid
366 3075 482 3116 verba
509 3075 584 3115 illa
611 3077 749 3117 Buzlae
778 3077 904 3118 Pauli
930 3079 1017 3120 III
1031 3080 1124 3131 (jus

385 3135 551 3188 aliquod
566 3137 683 3177 civile
700 3136 710 3189 )
727 3139 954 3190 importent.

210 3236 251 3275 5.
275 3234 398 3277 Ratio
420 3235 544 3275 dubii.
561 3257 615 3266 —
632 3235 908 3286 Confirmatur
927 3240 1115 3291 exemplo.
1137 3260 1190 3270 —

157 3295 340 3336 Primum
358 3308 456 3346 ergo
470 3297 621 3348 inquiri
643 3303 786 3350 potest,
805 3302 901 3352 quid
924 3301 1127 3351 significet
1146 3302 1190 3342 in

157 3356 407 3398 Bulla-Pauli
425 3360 474 3399 ΠΙ
496 3360 664 3399 verbum
686 3361 788 3400 illud
807 3392 817 3408 ,
835 3363 914 3414 jus
940 3364 1104 3415 aliquod
1130 3366 1190 3404 ci-

155 3421 249 3460 vile.
268 3421 442 3460 Videtur
462 3423 574 3460 enim
593 3423 638 3460 in
658 3423 792 3473 rigore
808 3423 1041 3474 significare
1061 3426 1187 3464 actio-

158 3493 254 3522 nem
279 3483 330 3522 ad
349 3483 571 3534 petendum
591 3495 729 3524 coram
748 3485 887 3536 judice
916 3487 1102 3526 redditus
1123 3487 1188 3526 vel

158 3549 380 3595 proventus
408 3544 566 3596 aliquos
579 3573 593 3593 ‚
615 3549 740 3597 atque
761 3547 818 3586 ita
840 3559 925 3586 non
955 3560 1186 3599 repugnare

156 3604 262 3654 quin
277 3604 423 3646 domus
439 3606 619 3659 professa
636 3605 786 3648 habeat
797 3608 886 3660 jus,
902 3610 1013 3662 quod
1035 3612 1185 3651 vocant

1221 0 1291 37 *τ’
1300 0 1364 45 -κιῑ
1385 0 1452 43 θ’..-
1467 5 1477 19 ..
1490 0 1520 41 ἐ
1530 0 1674 44 <tm
1679 0 1879 62 ,W

527 233 602 266 Lm.
625 231 682 265 Ν.
702 229 758 264 ΒΕ
778 227 902 263 VOTIS
920 226 1186 263 smmcmus
1193 226 1510 285 cummis&
1518 229 1825 272 'mnemia
1838 230 1939 268 mc.

1800 126 1825 145 ,,

1255 295 1445 335 naturale
1455 296 1508 336 ad
1526 297 1761 353 hujusmodi
1781 297 1977 346 redditus,
1990 298 2058 346 vel
2067 298 2184 340 thuna
2198 302 2287 343 nh*
2307 311 2319 329 ’-

1254 356 1377 405 bilia3
1398 362 1508 397 recte
1524 359 1635 397 enim
1653 369 1782 397 unmn
1795 358 1863 409 J'us
1878 357 1932 398 ab
1949 359 2032 399 alie
2043 371 2287 414 separatur,
2316 352 2318 355 ’

1253 423 1300 457 ut
1331 418 1376 457 111
1408 420 1612 458 sententia
1641 419 1865 459 multorum
1893 431 1970 471 per
1986 425 2284 464 'testamentum
2323 451 2325 454 <

1255 481 1392 517 minus
1415 479 1596 520 solemne
1610 511 1620 522 .
1641 481 1807 532 quando
1833 486 1943 520 certo
1964 488 2131 522 »constat
2155 485 2286 525 conti-

1253 553 1350 580 nere
1378 541 1632 581 voluntatem
1661 543 1892 590 testatoris,
1909 544 1977 594 J'us
2005 545 2192 586 naturale
2219 558 2286 586 ac·
2340 567 2341 570 ¹

1254 601 1443 651 quiritur,
1462 603 1503 641 id
1516 608 1590 651 est,
1607 605 1651 643 in
1672 605 1919 644 couscientia
1941 608 1982 643 et
2000 617 2095 644 vera
2110 607 2285 657 Justitia,
2347 625 2352 631 ·

1253 665 1440 713 quamvis
1456 677 1539 703 non
1559 669 1792 716 acquiratur
1807 666 1877 717 jus
1894 666 2027 714 civile,
2048 667 2090 704 id
2110 672 2192 717 est,
2216 680 2288 710 ao·-

1254 724 1313 762 tio
1349 725 1398 763 ad
1432 727 1651 777 petendam
1685 728 1862 778 juridice
1895 727 2195 769 haereditatem.
2220 729 2288 770 vSi-

1253 785 1407 824 militer
1428 788 1498 837 qui
1517 788 1708 838 deceptus
1741 793 1803 828 est
1835 789 1879 828 in
1915 790 2153 828 venditione
2183 791 2286 831 citra

1253 847 1485 897 dimidium,
1503 850 1570 899 Jus
1584 850 1768 889 naturale
1787 850 1913 889 habet
1927 852 1978 889 ad
2001 852 2040 890 id
2061 853 2104 890 in
2121 864 2203 903 quo
2217 853 2286 892 de-

1254 913 1393 959 ceptus
1411 914 1485 956 est,
1508 923 1589 949 non
1621 916 1756 949 tamen
1782 911 1852 962 J'us
1869 913 2002 952 civile.
2025 915 2121 964 quia
2140 914 2178 952 ei
2199 925 2285 953 non

1252 969 1373 1007 datur
1406 971 1525 1009 actio.
1560 971 1660 1010 Cum
1682 983 1780 1022 ergo
1801 973 1846 1011 in
1873 973 1981 1012 dicta.
2004 975 2123 1012 Bulla
2150 975 2285 1014 solum

1254 1031 1496 1078 declaretur,
1520 1033 1761 1072 Societatem
1790 1034 2013 1084 professam
2049 1048 2133 1074 non
2172 1047 2285 1087 posse

1255 1094 1466 1143 acquirere
1493 1095 1657 1145 aliquod
1687 1097 1753 1147 jus
1780 1095 1912 1143 civile,
1933 1108 2014 1134 non
2034 1098 2198 1136 videtur
2217 1110 2286 1138 ex-

1255 1154 1361 1193 cludi
1382 1157 1482 1205 quin
1499 1157 1649 1196 habere
1664 1159 1787 1208 possit
1808 1169 1948 1196 verum
1967 1159 2033 1207 jus
2049 1158 2219 1208 justitiae
2234 1159 2286 1198 ad
2311 1161 2314 1163 ’

1255 1215 1413 1266 aliquos
1427 1217 1620 1267 redditus,
1641 1219 1827 1269 quamvis
1849 1219 1938 1257 illos
1952 1220 2127 1270 juridice
2150 1227 2287 1271 petens

1256 1289 1338 1315 non
1363 1279 1508 1328 possit;
1526 1285 1587 1327 ut,
1608 1279 1722 1318 verbi
1741 1281 1900 1330 gratia,
1932 1281 1964 1317 si
1991 1280 2137 1331 aliquis
2164 1285 2287 1320 testa-

1255 1345 1396 1377 mento
1422 1340 1672 1390 relinqueret
1700 1353 1815 1380 suam
1848 1341 2125 1380 haereditatem
2161 1342 2286 1382 alicui

1256 1410 1349 1436 cum
1382 1411 1505 1439 onere
1534 1402 1658 1439 dandi
1688 1401 1862 1453 singulis
1895 1402 2013 1440 annis
2047 1403 2286 1452 pensionem

1251 1464 1418 1498 centum
1440 1473 1658 1500 aureorum
1679 1462 1819 1501 domui
1843 1463 2031 1514 professae
2056 1464 2284 1511 Societatis,

1254 1522 1501 1562 conterendo
1532 1525 1654 1562 etiam
1686 1526 1763 1575 ipsi
1797 1525 1990 1564 Societati
2008 1526 2074 1577 J'us
2098 1527 2287 1566 naturale

1249 1584 1437 1635 justitiae,
1456 1585 1608 1635 absque
1627 1586 1787 1624 actione
1806 1586 1932 1626 civili.

1307 1646 1346 1685 6.
1378 1647 1584 1697 Bipartito
1603 1649 1818 1687 resolvitur
1846 1650 2019 1689 dubium.
2035 1671 2087 1677 -
2102 1649 2285 1690 Ostendi-

1254 1710 1323 1746 ίαν
1339 1710 1457 1759 prior
1471 1721 1583 1759 pars.
1600 1731 1651 1738 ——
1672 1709 1903 1749 ostenditur
1922 1713 2130 1760 posterior.
2147 1734 2196 1740 —
2211 1712 2287 1751 Re-

1253 1770 1436 1820 spondeo
1456 1776 1612 1809 eei-tum
1631 1783 1717 1809 esse
1739 1771 1978 1810 Societatem
2006 1785 2091 1811 esse
2119 1773 2286 1824 incapa-

1255 1843 1341 1869 cem
1361 1832 1496 1870 omnis
1512 1832 1683 1870 dominii
1703 1831 1849 1870 harum
1870 1845 2021 1879 rerum,
2044 1839 2126 1872 tam
2147 1846 2286 1886 corpo-

1255 1892 1402 1931 ralium
1426 1905 1547 1942 quam
1578 1893 1896 1943 incorporalium
1914 1923 1925 1940 ,
1947 1901 2069 1943 atque
2091 1895 2192 1933 adeo
2211 1907 2286 1934 nec

1252 1965 1396 1992 census
1413 1954 1514 1992 ullos
1534 1954 1683 1993 habere
1704 1967 1833 2005 posse,
1853 1967 1928 1993 nec
1946 1967 2086 1993 verum
2108 1960 2178 1994 aut
2194 1968 2285 2007 pro-

1253 2016 1387 2066 prium
1414 2016 1485 2066 jus
1503 2016 1554 2054 ad
1575 2016 1678 2054 ullos
1696 2016 1895 2054 redditus.
1919 2016 2053 2055 Prima
2071 2030 2164 2068 pars
2185 2029 2285 2056 con-

1254 2080 1331 2114 stat
1350 2088 1399 2114 ex
1423 2076 1563 2114 multis
1591 2076 1681 2114 aliis
1708 2077 1842 2115 verbis
1873 2089 1994 2128 supra
2017 2080 2163 2120 citatis.
2186 2091 2285 2129 prae-

1253 2138 1389 2175 sertim
1411 2138 1506 2187 quia
1539 2139 1721 2188 proxime
1749 2141 1837 2189 post
1866 2138 1934 2176 illa
1960 2139 2083 2176 verba
2104 2139 2146 2177 in
2167 2140 2281 2179 Bulla

1254 2199 1363 2236 Pauli
1389 2199 1437 2237 111
1459 2199 1650 2238 additur:
1675 2199 1757 2239 Sed
1772 2200 1855 2239 sint
1869 2202 2037 2239 contenti
2055 2213 2170 2240 usum
2192 2205 2282 2242 tan·
2340 2233 2345 2239 .

1251 2264 1334 2300 tum
1360 2272 1492 2299 rerum
1524 2260 1599 2299 sibi
1625 2262 1875 2307 donatarum,
1897 2262 1951 2300 ad
1966 2263 2188 2301 necessaria
2206 2262 2282 2303 sibi
2337 2302 2343 2308 ,

1251 2322 1530 2372 comparanda,
1551 2323 1737 2373 recipere.
1755 2321 1831 2360 Ubi
1851 2324 1972 2360 etiam
1991 2335 2128 2361 rerum
2152 2324 2281 2363 mobi-

1251 2383 1351 2421 lium
1375 2383 1484 2422 solus
1511 2396 1608 2421 usus
1633 2383 1849 2422 videbatur
1876 2385 2072 2435 permitti.
2103 2386 2280 2435 Apertis-

1249 2445 1349 2482 sime
1371 2457 1468 2483 vero
1488 2444 1529 2482 id
1550 2445 1799 2483 declaratum
1821 2450 1880 2484 est
1904 2446 1946 2484 in
1977 2447 2279 2486 Constitutioni-

1247 2506 1336 2553 bus,
1354 2506 1441 2551 ubi,
1455 2505 1566 2543 nulla
1587 2506 1691 2544 facta
1711 2508 1917 2545 mentione
1936 2507 2037 2558 juris
2051 2507 2196 2556 civilis,
2211 2507 2281 2547 ab·

1247 2568 1376 2606 solute
1391 2569 1538 2606 dicitur
1559 2569 1801 2608 Societatem
1819 2570 2056 2620 professam,
2082 2582 2214 2620 neque
2233 2570 2279 2610 in

1248 2631 1474 2669 communi.
1507 2642 1638 2680 neque
1662 2630 1704 2668 in
1736 2631 1972 2680 particulari
1994 2642 2109 2680 posse
2128 2630 2279 2672 habere

1248 2690 1333 2729 haec
1354 2691 1487 2737 bona;
1510 2695 1551 2729 et
1570 2691 1622 2728 ad
1639 2691 1839 2739 majorem
1870 2691 2182 2740 explicationem
2208 2692 2276 2731 ad·

1248 2752 1371 2799 ditur,
1392 2752 1462 2790 sed
1486 2763 1607 2802 neque
1633 2751 1719 2790 ulla
1747 2752 1831 2791 alia
1852 2752 2021 2799 ratione,
2042 2752 2101 2791 ita
2128 2755 2174 2807 ut
2206 2765 2274 2806 pe-

1247 2823 1316 2851 nes
1358 2812 1594 2852 Societatem
1635 2812 1691 2850 sit
1721 2812 1809 2851 ulla
1846 2824 1977 2852 eorum
2014 2813 2272 2864 dispensatio.

1247 2871 1361 2918 Quod
1398 2884 1495 2910 vero
1532 2871 1608 2910 sub
1655 2871 1734 2910 hac
1780 2873 1961 2923 generali
2000 2874 2273 2925 prohibitione

1245 2932 1646 2984 comprehendantur
1675 2945 1760 2972 non
1789 2938 1952 2973 tantum
1986 2948 2050 2974 res
2085 2948 2276 2988 corpora·
2339 2935 2342 2941 ’

1244 2994 1301 3035 les
1324 3025 1334 3039 ,
1368 2995 1438 3033 sed
1473 2995 1595 3033 etiam
1634 2994 1714 3033 illae
1750 3007 1842 3045 quae
1884 2996 2158 3047 incorporales
2204 2986 2278 3042 tro-i

1244 3059 1404 3103 cantur,
1427 3068 1477 3095 ex
1510 3056 1608 3107 ipsis
1638 3055 1769 3094 verbis
1795 3056 2056 3095 manifestum
2077 3061 2152 3105 est,
2175 3056 2276 3109 quia*
2338 3104 2343 3108 .

1243 3130 1385 3158 census
1415 3119 1543 3156 annui
1575 3121 1672 3156 sunt
1697 3129 1748 3156 ex
1777 3117 1842 3156 his
1871 3117 1990 3156 bonis
2008 3119 2274 3170 incorporali·
2336 3114 2342 3159 .'

1242 3178 1346 3226 bus3
1367 3184 1409 3217 at
1424 3179 1483 3217 illi
1503 3179 1628 3218 ctiam
1648 3178 1802 3218 exclusi
1820 3189 1915 3218 sunt
1932 3192 2003 3230 per
2031 3180 2100 3219 illa
2131 3173 2274 3231 verba,¹
2343 3215 2346 3219 ,

1244 3241 1347 3280 nulli
1378 3241 1573 3287 redditus,
1594 3251 1691 3278 nam
1711 3252 1762 3278 ex
1786 3251 1911 3279 censu
1935 3241 2063 3291 aliqui
2091 3242 2270 3282 redditus
2331 3241 2344 3274 Σ

1243 3302 1457 3341 debentur.
1480 3302 1583 3349 Imo,
1596 3301 1716 3352 juxta
1737 3312 1877 3340 veram
1897 3303 2140 3342 senteutiam
2153 3333 2166 3352 ,
2193 3302 2273 3343 hoc

1244 3375 1465 3403 commune
1492 3367 1552 3403 est
1571 3364 1685 3402 omni
1703 3362 1895 3412 religioni
1912 3393 1925 3412 ‚
1946 3375 2038 3414 quae
2061 3368 2272 3433 pauperia·-⁸

1241 3429 1325 3465 tem
1346 3427 1390 3465 in
1418 3426 1632 3464 communi
1658 3424 1885 3476 profitetur,
1905 3437 2000 3464 nam
2022 3437 2070 3465 eo
2094 3426 2181 3493 ipso
2198 3425 2272 3466 'red

1241 3492 1398 3539 pugnat
1417 3486 1478 3526 illi
1505 3486 1655 3526 habere
1674 3485 1746 3537 jus
1778 3486 1945 3538 aliquod
1975 3486 2186 3537 proprium
2217 3487 2270 3527 ad
2320 3488 2322 3490 ’

1241 3554 1370 3588 certos
1397 3548 1606 3596 redditus;
1628 3552 1670 3588 et
1699 3549 1791 3588 ideo
1821 3547 2054 3588 Bonifacius
2083 3547 2267 3597 vl11‚=in

1240 3621 1277 3650 c.
1297 3613 1336 3659 4,
1356 3610 1382 3663 ἓ
1401 3612 1422 3650 1
1436 3639 1450 3660 ,
1470 3610 1522 3651 de
1551 3609 1766 3662 Religiosis
1786 3608 1996 3660 domibus,
2014 3609 2062 3650 in
2079 3609 2125 3659 6,
2147 3609 2267 3663 dixit,
