2352 3880
178 290 289 331 tione
323 288 542 341 corporali3
573 288 669 338 quia
702 287 847 332 maiori
869 300 963 327 cum
1000 288 1201 339 libertate,

179 355 300 403 atque
319 351 419 390 adeo
443 360 534 388 cum
556 348 700 399 majori
727 348 862 388 fructu
890 349 947 388 eis
969 350 1205 401 praedicabi-

178 415 259 451 tur.
282 411 384 450 Nam
409 414 574 462 propter
601 409 706 448 hanc
732 410 933 449 rationem
954 411 1062 450 inter
1087 411 1202 460 alias,

178 484 314 522 supra,
334 471 376 510 in
396 482 433 510 c.
464 471 505 518 ¹¹1,
524 465 579 510 n.
597 471 663 516 Μ,
689 471 939 519 dicebamus,
962 472 1204 512 Societatem

178 545 259 573 non
290 532 470 583 accipere
498 532 699 582 stipendia
725 545 795 572 seu
827 532 1104 585 eleemosynas
1132 545 1204 585 pro

177 593 414 634 ministeriis
450 593 741 643 spiritualibus.
780 594 914 645 Atque
947 594 1045 633 hinc
1075 595 1206 634 oritur

177 653 360 705 specialis
380 653 596 693 difficultas
613 656 656 694 in
674 654 886 701 Societate,
908 667 1003 694 nam
1025 655 1114 695 aliae
1144 668 1205 695 re-

176 715 363 767 ligiones,
390 716 510 754 etiam
549 727 638 766 quae
670 721 832 755 servant
854 722 1132 767 paupertatem
1160 716 1204 755 in

176 777 399 822 communi,
418 782 586 829 possunt
600 778 800 828 stipendia
820 778 1050 825 missarum,
1072 781 1112 815 et
1132 789 1202 816 an-

176 838 401 878 niversaria
430 843 635 889 perpetua.
657 842 696 878 et
733 838 883 876 similes
917 838 1202 878 subventiones

176 901 368 950 recipere,
390 911 478 950 quae
496 911 576 938 non
598 911 741 950 parum
757 899 892 939 levare
912 903 1079 950 possunt
1097 900 1205 938 solli-

177 961 400 999 citudinem
430 961 715 1011 temporalium
749 972 908 1008 rerum;
933 961 1109 999 Societas
1134 973 1205 1000 au-

176 1025 276 1069 tem,
311 1033 404 1061 cum
438 1022 507 1060 illo
544 1021 722 1060 subsidio
757 1021 958 1073 spirituali
993 1025 1140 1070 careat,
1172 1020 1205 1059 si

173 1084 299 1123 etiam
329 1083 518 1122 omnibus
538 1083 763 1122 redditibus
792 1085 987 1134 privetur,
1011 1095 1102 1122 cum
1124 1094 1205 1122 ma—

174 1156 258 1196 gna
279 1146 529 1192 difficultate,
549 1148 589 1183 et
606 1150 899 1196 consequenter
914 1157 998 1183 non
1013 1144 1101 1183 sine
1118 1156 1205 1183 ma-

173 1217 257 1260 gna
276 1206 545 1245 sollicitudine
562 1207 778 1244 sustentari
799 1206 962 1256 poterit.

226 1268 266 1308 4.
300 1268 569 1317 Confirmatur
601 1269 682 1308 liceo
711 1267 892 1318 probatio
917 1280 942 1308 a
967 1263 1116 1318 duplici
1144 1268 1204 1307 in-

173 1330 382 1370 commodo.
399 1349 452 1358 --
470 1330 518 1367 Et
541 1328 807 1367 confirmatur
829 1328 880 1366 ab
899 1328 1203 1368 inconvenienti

174 1389 328 1440 duplici
344 1390 450 1440 quod
464 1390 714 1441 experientia
727 1390 815 1440 ipsa
830 1390 1010 1428 docuisse
1026 1390 1202 1429 videtur.

174 1450 310 1490 Unum
331 1457 404 1498 est,
424 1463 568 1500 paucas
585 1462 669 1490 esse
685 1452 728 1490 in
747 1455 831 1489 tota
846 1451 1043 1490 Societate
1062 1451 1204 1490 domos

175 1512 392 1563 professas,
414 1512 522 1563 quod
541 1524 591 1550 ex
611 1512 687 1551 hoc
715 1514 843 1563 capite
865 1517 998 1550 ortum
1018 1512 1200 1561 videtur3

173 1584 268 1611 nam
289 1573 357 1611 vix
376 1574 417 1611 in
446 1585 690 1624 unaquaque
715 1574 937 1624 provincia,
958 1586 1039 1611 una
1059 1574 1204 1612 domus

174 1635 389 1673 sustentari
408 1639 535 1685 potest
543 1646 554 1683 3
571 1636 703 1684 maJus
720 1640 856 1673 autem
875 1634 943 1672 Dei
960 1634 1203 1684 obsequium

173 1700 214 1735 et
248 1695 432 1734 Ecclesiae
462 1697 671 1734 servitium
698 1707 781 1733 esse
811 1694 988 1740 videtur,
1011 1695 1045 1732 si
1071 1698 1206 1733 essent

172 1759 324 1810 plures,
351 1759 509 1797 etiamsi
540 1758 735 1797 haberent
765 1758 992 1796 moderatos
1021 1758 1202 1797 redditus

173 1822 282 1859 unde
316 1821 534 1859 alerentur.
565 1819 686 1858 Aliud
714 1819 1019 1858 incommodum
1049 1823 1123 1867 est,
1155 1821 1202 1856 ut

173 1881 346 1931 collegia
364 1882 697 1932 multiplicentur,
713 1892 804 1932 quae
822 1881 968 1931 reipsa,
984 1892 1053 1918 seu
1068 1880 1202 1931 quoad

173 1943 397 1982 ministeria
412 1974 423 1990 ,
445 1949 483 1982 et
502 1943 635 1993 quoad
664 1942 885 1993 praecipuas
906 1954 1112 1992 personas,
1131 1942 1203 1980 do-

174 2016 267 2043 mus
299 2004 428 2055 potius
449 2004 634 2054 professae
663 2003 764 2052 sint,
786 2007 824 2041 et
858 2004 987 2041 solum
1015 2003 1203 2053 collegio-

173 2078 266 2105 rum
299 2069 501 2105 retincunt
531 2077 704 2113 nomen,
726 2068 772 2103 ut
806 2065 989 2115 proprios
1022 2065 1203 2103 redditus

173 2127 324 2167 habere
344 2132 507 2179 possint.
530 2128 659 2177 Atque
681 2127 738 2165 ita
755 2125 801 2164 fit
819 2131 864 2164 ut
884 2126 1029 2164 domus
1053 2126 1205 2177 profes-

172 2201 240 2238 sae,
259 2201 347 2240 quae
366 2190 480 2239 juxta
498 2200 612 2226 suam
632 2192 910 2239 paupertatem
940 2191 979 2227 et
1001 2188 1202 2225 Constitu-

171 2251 304 2290 tiones
333 2263 413 2289 non
443 2253 610 2300 possunt
639 2249 683 2287 in
715 2262 807 2288 suos
839 2261 932 2287 usus
966 2253 1201 2287 convertere

172 2312 280 2352 bona
297 2313 574 2363 collegiorum,
595 2323 736 2350 revera
763 2311 803 2349 id
824 2311 989 2357 faciant,
1008 2323 1099 2349 cum
1123 2311 1199 2362 ipsi

173 2374 342 2425 professi
373 2386 422 2412 ex
449 2373 528 2412 illis
555 2372 672 2412 bonis
699 2372 881 2412 maxima
907 2384 958 2411 ex
976 2376 1091 2423 parte
1118 2384 1201 2411 sus-

171 2438 396 2475 tententur.

227 2499 264 2536 5.
291 2496 559 2534 Nihilominus
576 2496 673 2535 huic
692 2494 940 2547 paupertatis
959 2491 1199 2546 professioni

170 2556 216 2598 in
244 2558 438 2597 Societate
467 2557 634 2596 omnino
665 2558 843 2596 cohaeret
871 2569 919 2596 ea
946 2557 1126 2596 doctrina
1151 2558 1198 2596 D.

171 2617 336 2658 Thomae
364 2623 403 2658 Ξῖ.
423 2622 462 2668 2,
482 2633 523 2671 p.
545 2621 641 2668 188,
668 2624 744 2658 art.
767 2622 808 2666 7,
827 2619 898 2657 ubi
926 2621 1070 2669 quaerit
1101 2618 1199 2669 quid

173 2682 224 2721 sit
240 2682 454 2732 perfectius
474 2681 713 2732 religionem
731 2681 880 2720 habere
899 2680 1006 2718 bona
1029 2681 1070 2718 in
1091 2691 1200 2718 com-

172 2743 302 2789 muni,
330 2743 493 2788 scilicet,
525 2742 685 2780 stabilia
703 2745 743 2780 et
774 2741 1001 2780 immobilia
1035 2741 1103 2790 (de
1134 2740 1199 2779 his

171 2805 280 2843 enim
305 2804 505 2854 praecipue
529 2808 588 2842 est
621 2803 821 2853 quaestio),
852 2802 917 2840 vel
950 2802 1030 2839 illis
1061 2813 1197 2840 carere

171 2875 221 2904 ex
240 2864 491 2915 paupertatis
520 2863 780 2915 professione.
803 2863 852 2900 Et
884 2863 927 2900 in
956 2873 1115 2900 summo
1134 2874 1196 2900 re-

171 2926 356 2977 spondet,
387 2925 589 2976 triplicem
619 2936 703 2963 esse
729 2924 997 2974 religionem:
1024 2934 1108 2961 una
1135 2926 1196 2962 est

169 2985 357 3025 instituta
383 2987 434 3024 ad
465 2987 642 3025 actiones
676 2985 859 3033 militiae,
883 2985 948 3023 vel
978 2983 1196 3034 corporalis

169 3047 477 3096 misericordiae,
505 3052 544 3086 et
570 3046 666 3085 huic
691 3047 747 3085 ait
767 3046 912 3084 melius
941 3056 1024 3084 esse
1044 3045 1195 3084 habere

169 3107 277 3148 bona
312 3109 356 3147 in
387 3108 609 3156 communi,
639 3107 762 3146 etiam
797 3107 1068 3152 abundanter,
1101 3106 1194 3157 quia

169 3167 328 3219 indiget
355 3169 432 3208 illis
463 3170 512 3208 ad
545 3181 664 3207 suum
692 3168 834 3207 finem.
856 3167 946 3207 Alia
965 3167 1108 3217 religio
1134 3170 1194 3206 est

168 3230 352 3270 instituta
376 3231 427 3270 ad
455 3229 813 3281 contemplandum
842 3233 1018 3275 tantum,
1040 3233 1080 3267 et
1099 3227 1195 3266 huic

169 3291 292 3332 etiam
311 3293 408 3331 dicit
425 3292 578 3331 bonum
598 3303 681 3330 esse
709 3290 859 3329 habere
886 3290 994 3329 bona
1018 3289 1062 3328 in
1086 3301 1193 3328 com-

170 3354 286 3395 muni
305 3366 396 3393 cum
426 3353 718 3402 moderatione,
739 3364 829 3404 quae
847 3351 1021 3390 sufficiat
1040 3350 1091 3389 ad
1117 3350 1196 3389 tol-

171 3413 328 3456 lendam
346 3414 660 3454 sollicitudinem
681 3411 1015 3464 contemplationi
1034 3415 1193 3450 contra-

169 3475 446 3516 riam.·‘1'ertia
471 3475 616 3526 religio
644 3479 719 3520 est,
739 3486 829 3525 quae
861 3477 901 3512 et
933 3473 983 3512 ad
1015 3478 1194 3511 contem-

168 3535 367 3588 plandum
385 3568 393 3584 ,
415 3540 456 3576 et
484 3536 535 3576 ad
553 3535 823 3587 contemplata
841 3534 930 3574 aliis
948 3533 1195 3575 tradendum

168 3597 356 3640 instituta
373 3602 459 3648 est;
476 3601 519 3640 et
534 3597 587 3639 de
601 3597 678 3639 hac
695 3596 830 3650 inquit
848 3597 893 3635 D.
911 3596 1086 3637 Thomas
1104 3607 1193 3647 per·

533 229 608 263 LlB.
631 228 685 262 IV.
709 228 762 262 DE
781 226 900 263 VOTls
922 227 1170 263 simpucums
1191 226 1429 274 cASTl'rA'rts
1450 230 1503 264 ET
1523 215 1817 270 PAUPERTA'HS',
1838 230 1930 266 ETc.

1198 13 1221 31 '·
1265 20 1410 57 ω’
1455 17 1463 26 ’
1509 12 1589 48 νὴ·
1626 15 1637 45 ῑ.
1672 19 1738 63 2³51·
1780 7 2011 62 ,1·,3“„.³2†·2=·„
2041 53 2050 63 Δ
2077 15 2126 63 43.
2159 58 2163 66 ῃ

521 56 541 75 ,,
987 24 1323 102 fg.

1372 64 1390 97 'a

1380 100 1401 109 o-

1357 150 1387 185 ὁ

1256 290 1348 329 fecti
1354 302 1400 328 us
1415 301 1515 338 esse,
1529 294 1574 329 ut
1588 294 1869 343 paupertatem
1883 291 2005 330 etiam
2019 289 2064 330 iri
2074 287 2307 342 communi?

1257 350 1513 403 profiteatur,
1533 351 1629 402 quia
1649 349 1865 408 profitetur
1890 353 2113 392 maximam
2142 353 2288 394 sollici-

1258 411 1442 451 tudinem
1465 411 1510 451 in
1532 411 1825 463 spiritualibus,
1846 415 1887 452 et
1918 417 2209 464 consequenter
2226 426 2287 454 as-

1257 484 1418 513 sumere
1444 472 1562 512 debet
1595 484 1692 512 eum
1719 473 1814 512 vitae
1848 473 2030 521 modum,
2051 474 2094 513 in
2125 486 2206 525 quo
2235 474 2289 516 sit

1258 534 1430 573 minima
1447 532 1674 574 sollicitudo
1693 534 1736 574 in
1755 535 2072 586 temporalibus:
2091 535 2288 585 Manifes-

1259 599 1342 636 tum
1359 598 1419 636 est
1441 599 1569 636 aulem
1585 597 1740 648 (inquit
1767 597 1811 635 D.
1830 596 2028 646 Thomas)
2046 597 2149 648 quod
2171 597 2288 638 mini·

1257 668 1363 698 mam
1396 657 1700 698 sollicitudinem
1733 657 1880 710 inqerit
1911 670 2070 698 servare
2097 669 2161 699 res
2192 659 2288 699 usui
2339 695 2352 715 11

1259 717 1459 758 hominum
1481 720 1739 768 necessarias,
1762 722 1930 772 tempore
1952 731 2122 772 congruo
2147 729 2289 770 procu-
2337 717 2345 727 “

1258 783 1387 819 ratas.
1411 779 1455 818 ln
1481 780 1627 830 quibus
1655 781 1788 820 verbis
1807 780 1888 820 duo
1917 781 2036 820 tacite
2056 780 2283 820 concludit:
2331 774 2352 804 ’ἕ

1260 852 1390 879 unum
1407 844 1479 888 est,
1497 841 1540 879 in
1564 841 1914 881 administratione
1939 853 2076 880 rerum
2097 841 2284 881 immobi·
2340 831 2352 867 ἶ

1259 902 1375 949 lium,
1400 914 1488 952 quae
1511 903 1737 941 necessaria
1760 907 1821 942 est
1839 903 1890 942 ad
1918 914 2058 942 earum
2078 914 2285 942 conserva·
2342 931 2350 957 ¹.

1258 963 1411 1001 tionem
1433 967 1472 1002 et
1489 962 1784 1010 defensionem,
1804 967 1844 1002 et
1862 963 1911 1002 ad
1930 963 2283 1003 fructificationem
2339 959 2349 974 ²

1258 1035 1415 1071 eorum,
1433 1036 1479 1062 ae
1498 1023 1704 1062 fructuum
1724 1025 2039 1075 perceptionem,
2061 1029 2286 1065 commuta-

1259 1086 1412 1124 tionem
1434 1089 1504 1123 aut
1524 1085 1815 1130 venditionem,
1838 1085 1870 1123 si
1894 1087 2118 1124 necessaria
2146 1086 2284 1134 tuerit,

1258 1151 1299 1186 et
1320 1146 1483 1193 similia,
1506 1147 1703 1196 majorem
1723 1158 1808 1185 esse
1833 1146 2146 1186 sollicitudinem
2163 1158 2286 1197 quam
2350 1180 2352 1182 .

1257 1207 1311 1246 sit
1337 1208 1379 1246 in
1396 1209 1695 1259 procuratione,
1715 1219 1785 1247 seu
1804 1207 2042 1246 collectione
2069 1206 2287 1260 eleemosy-

1258 1280 1406 1307 narum
1428 1268 1731 1316 sufficientium,
1750 1272 1790 1307 et
1805 1268 1895 1307 ideo
1917 1268 2023 1306 hunc
2044 1269 2210 1307 modum
2228 1268 2288 1308 vi-

1257 1330 1378 1369 vendi
1390 1341 1472 1369 esse
1486 1330 1855 1370 convenientiorem
1869 1329 1940 1369 tali
1951 1330 2156 1380 religioni.
2166 1329 2288 1369 Aliud
2338 1343 2340 1345 ’

1258 1395 1316 1431 est
1336 1403 1418 1430 non
1441 1392 1642 1442 pertinere
1661 1392 1712 1430 ad
1735 1391 2018 1440 perfectionem
2048 1391 2138 1430 talis
2163 1395 2290 1431 status

1256 1452 1302 1492 in
1317 1453 1425 1491 diem
1442 1454 1593 1499 vivere,
1607 1457 1654 1492 ut.
1670 1453 1727 1492 sic
1743 1453 1892 1501 dicam,
1909 1458 1948 1491 et
1966 1453 2066 1491 nihil
2082 1463 2290 1492 reservare

1258 1518 1329 1552 aut
1357 1525 1594 1553 conservare
1622 1526 1696 1565 pro
1726 1514 1879 1558 futuro,
1898 1514 2015 1564 juxta
2045 1514 2288 1565 prudentem

1259 1575 1573 1626 providentiam,
1596 1575 1692 1625 quia
1712 1575 1788 1614 hoc
1806 1587 1890 1613 non
1910 1575 2112 1613 minueret
2138 1574 2289 1614 sollici-

1257 1636 1458 1684 tudinem,
1491 1636 1559 1674 sed
1586 1640 1768 1686 augeret,
1797 1636 2039 1686 regulariter
2066 1634 2286 1686 loquendo.

1257 1697 1306 1736 Et
1330 1696 1420 1736 ideo
1441 1697 1575 1748 inquit
1595 1709 1645 1736 ex
1674 1709 1822 1748 genere
1851 1709 1923 1735 suo
1955 1696 2170 1748 perfectius
2201 1708 2289 1738 esse

1255 1769 1439 1808 congruo
1456 1762 1638 1809 tempore
1656 1758 1939 1797 communitati
1955 1759 2179 1797 necessaria
2199 1770 2289 1810 pro·

1256 1831 1412 1865 curare,
1436 1820 1568 1871 quoad
1595 1832 1658 1858 res
1691 1832 1764 1858 usu
1795 1819 1881 1870 ipso
1915 1820 2227 1869 consumendas,
2248 1823 2289 1860 et

1256 1893 1329 1933 pro
1359 1882 1440 1920 suis
1460 1881 1711 1932 temporibus
1741 1884 1784 1919 in
1805 1881 2015 1920 moderata
2043 1883 2286 1932 quantitate,

1258 1947 1298 1983 et
1331 1943 1576 1994 pauperibus
1615 1944 1919 1982 accommodata
1953 1955 2214 1992 conservare3
2248 1947 2288 1983 et

1256 2004 1333 2043 hoc
1369 2005 1580 2043 confirmat
1611 2004 1797 2055 exemplo
1833 2003 2003 2052 Christi,
2036 2003 2106 2055 qui
2138 2003 2288 2043 loculos

1256 2066 1445 2105 habebat.
1477 2066 1564 2113 Quo
1596 2066 1781 2116 exemplo
1814 2066 1937 2104 etiam
1970 2066 2100 2104 utitur
2133 2066 2183 2104 ad
2211 2066 2286 2106 hoc

1256 2127 1363 2166 idem
1384 2127 1708 2166 confirmandum
1736 2127 2001 2177 Augustinus,
2022 2127 2092 2165 lib.
2117 2127 2166 2166 de
2187 2128 2284 2179 Ope·
2344 2134 2349 2137 “

1254 2189 1367 2228 ribus
1401 2189 1613 2235 monach„
1650 2201 1738 2240 cap.
1776 2189 1974 2239 vigesimo
2006 2188 2125 2227 tertio
2157 2193 2196 2227 et
2227 2199 2282 2229 se-

1256 2250 1474 2300 quentibus
1486 2264 1496 2298 ;
1516 2254 1554 2288 et
1571 2250 1628 2288 ita
1651 2250 1775 2288 etiam
1792 2249 1959 2300 exponit
1976 2249 2101 2288 verba
2121 2249 2282 2298 Christi,

1253 2311 1350 2350 Mat.
1374 2314 1413 2359 6,
1440 2311 1482 2349 in
1503 2310 1574 2349 lib.
1595 2312 1619 2350 2
1642 2311 1692 2350 de
1713 2311 1906 2351 Sermone
1927 2311 2090 2349 Domini
2109 2311 2153 2349 in
2172 2323 2282 2349 mon·
2336 2303 2339 2306 ’

1254 2376 1309 2417 te,
1329 2384 1415 2422 cap.
1439 2372 1596 2410 decimo
1617 2377 1746 2412 sexto.
1766 2374 1899 2422 Atque
1926 2372 2015 2410 ha=c
2033 2372 2217 2411 doctrina
2232 2371 2282 2411 D.

1251 2433 1420 2473 Thomae
1435 2434 1707 2473 communiter
1722 2438 1886 2485 recepta
1901 2438 1960 2473 est
1972 2433 2023 2472 ab
2037 2433 2280 2483 auctoribus,

1254 2495 1478 2545 praesertim
1510 2494 1707 2544 religiosis
1739 2495 2014 2534 Dominicanis
2045 2500 2084 2534 et
2102 2495 2279 2534 Francis-

1255 2558 1382 2606 canis,
1403 2562 1448 2596 ut
1468 2558 1605 2597 videre
1632 2558 1787 2612 licetin
1812 2559 1955 2597 eodem
1977 2559 2017 2597 S.
2037 2558 2192 2597 Thoma
2227 2557 2280 2598 la-

1252 2619 1349 2665 tius,
1374 2620 1553 2670 opuscul.
1588 2619 1747 2658 decimo
1778 2620 1975 2670 septimo,
2006 2630 2093 2668 cap.
2127 2618 2281 2658 decimo

1251 2680 1397 2730 quinto
1429 2684 1468 2718 et
1497 2680 1760 2729 sequentibus
1771 2690 1785 2729 3
1812 2683 1852 2718 et
1875 2680 1920 2717 D.
1955 2679 2177 2718 Bonavent.
2191 2708 2206 2728 ,
2238 2680 2282 2720 in
2343 2732 2345 2735 .

1251 2740 1435 2789 regulam
1458 2741 1504 2778 D.
1535 2740 1748 2788 Francisci,
1779 2751 1815 2778 c.
1844 2740 1894 2789 63
1922 2739 2145 2788 Antonino,
2168 2742 2193 2780 3
2219 2753 2280 2792 p.,
2345 2740 2352 2752 ¹

1250 2802 1313 2839 tit.
1338 2802 1403 2847 16,
1424 2813 1458 2839 c.
1486 2803 1523 2846 1,
1544 2800 1567 2852 ἓ
1588 2802 1636 2849 3;
1659 2800 1879 2848 Paludem,
1902 2800 1945 2839 in
1963 2801 2002 2849 3,
2025 2800 2064 2840 d.
2086 2802 2151 2848 36,
2171 2813 2211 2853 q.
2229 2804 2278 2853 33
2336 2806 2338 2810 ’

1251 2862 1443 2912 Sylvest.,
1465 2861 1640 2913 Religio,
1664 2863 1702 2914 1,
1724 2875 1765 2915 q.
1787 2863 1837 2911 5,
1861 2867 1900 2903 et
1919 2863 2000 2902 late
2020 2862 2224 2916 Corduba,
2241 2876 2278 2904 c.

1250 2923 1575 3023 7,ἓ.11ξὲεοῑπιίό
1612 2983 1770 3035 ejusque
1805 2982 2002 3036 probatio.
2021 3007 2075 3015 -
2107 2986 2167 3025 Ex
2197 2987 2278 3037 qua'
2345 3030 2348 3043 ἶ

1250 3044 1434 3083 doctrina
1454 3047 1610 3082 constat
1628 3045 1678 3083 ad
1701 3045 1935 3085 institutum
1958 3046 2166 3087 Societatis
2184 3059 2277 3099 pro·

1248 3105 1362 3145 fessae
1384 3105 1561 3144 maxime
1580 3106 1785 3156 pertinere
1805 3107 1959 3146 dictum
1980 3109 2148 3147 modum
2178 3120 2276 3160 pau·
2328 3104 2350 3145 ’ν

1248 3167 1429 3218 penatis,
1453 3178 1548 3205 nam
1569 3171 1628 3206 est
1642 3167 1750 3206 idem
1765 3181 1858 3207 cum
1881 3169 1950 3208 illo
1970 3182 2092 3221 quem
2108 3170 2154 3208 D.
2172 3169 2276 3208 Tho-

1248 3239 1335 3267 mas
1355 3227 1541 3278 explicat,
1565 3232 1605 3267 et
1626 3229 1801 3268 Societas
1823 3231 1889 3279 (ut
1917 3243 2054 3282 supra,
2086 3230 2115 3269 l.
2153 3232 2192 3278 l,
2213 3222 2276 3270 osss

1247 3292 1406 3328 tensum
1429 3289 1513 3341 est)
1539 3290 1717 3329 maxime
1747 3290 1940 3339 intendit,
1973 3295 2063 3331 tum
2096 3294 2274 3331 contem-

1247 3349 1411 3401 plando,
1426 3355 1515 3389 tum
1534 3351 1656 3390 etiam
1673 3353 1946 3404 contemplata
1956 3353 2045 3392 aliis
2061 3352 2272 3393 tradendo.

1247 3411 1363 3451 Unde
1382 3423 1463 3463 quo
1484 3423 1557 3463 per
1574 3424 1631 3462 se,
1653 3416 1693 3452 et
1713 3425 1764 3452 ex
1783 3415 1825 3453 vi
1842 3415 1906 3454 sui
1924 3414 2116 3462 instituti,
2142 3413 2275 3465 magis

1245 3471 1309 3513 his
1327 3473 1605 3524 spiritualibus
1632 3475 1872 3515 muneribus
1890 3475 2108 3524 incumbit,
2140 3485 2190 3515 eo
2222 3474 2272 3515 ad

1246 3536 1446 3586 majorem
1482 3537 1569 3586 ejus
1605 3537 1896 3590 perfectionem
1933 3537 2131 3590 pertinuit
2166 3535 2270 3577 hanc

1247 3601 1529 3651 paupertatem
1560 3599 1723 3652 eligere.
1753 3600 1953 3643 Praeterea
1985 3597 2170 3641 Christus
2197 3597 2271 3642 Do-
2294 3605 2312 3630 “2
