2352 3880
123 227 232 265 Mffl

122 293 256 342 iverit,
282 286 335 331 ad
358 286 577 330 lucrandos
595 285 695 327 alios
712 298 796 326 non
814 279 1005 338 applicet,
1018 284 1155 327 donee

129 351 218 400 ipse
232 355 398 392 curatus
428 353 471 390 et
498 348 682 390 lucratus
701 347 756 388 sit
767 357 782 398 3
803 351 967 399 propter
985 346 1073 387 haec
1091 358 1153 387 er·

121 424 193 463 go,
208 417 250 453 et
263 413 346 452 alia
370 411 542 450 fortasse
563 420 655 461 quoe
671 412 784 448 sexta
801 408 1068 460 Congregatio
1083 418 1154 458 ge-

125 472 273 513 neralis
286 471 571 518 consideravit,
589 481 784 510 canonem
806 469 923 509 illum
939 472 988 509 10
1008 468 1151 516 edidit,

126 542 204 583 qun
219 537 392 583 utraque
410 531 579 571 assertio
597 531 845 578 continetur,
867 529 924 569 ita
941 533 988 569 ut
997 529 1088 581 jam
1101 528 1152 568 de

123 592 205 633 illis
223 593 343 632 nobis
363 604 446 631 non
465 593 517 631 sit
534 592 745 642 integrum
764 590 964 630 dubitare.

176 655 242 696 16.
268 654 486 706 objectioni
508 652 853 702 masfla—Dices
875 666 884 690 :
905 652 943 692 si
966 651 1076 691 intra
1093 650 1151 691 la·

126 714 342 755 titudinem
370 714 577 754 charitatis
613 717 780 766 possunt
799 724 884 751 esse
915 711 1020 750 varii
1040 711 1153 750 modi

124 781 196 817 aut
215 778 379 816 ordines
405 775 650 827 corripiendi
664 775 732 814 vel
754 772 1039 819 denuntiandi,
1051 777 1155 812 utex

122 837 318 878 hactenus
351 838 472 876 dictis
504 836 744 882 deducitur,
775 837 884 873 certe
914 833 1000 880 ille,
1027 833 1100 884 qui
1129 844 1155 872 a

122 898 281 941 Christo
302 899 473 938 Domino
490 905 550 937 est
567 897 757 943 traditus,
779 893 1076 933 existimandus
1093 897 1154 932 est

122 972 175 1001 ex
199 972 272 1000 suo
301 971 454 1011 genere
489 957 719 1010 perfectior,
753 967 933 1006 namque
964 955 1036 994 illa
1068 956 1155 1006 ejus

121 1022 244 1062 verba
268 1026 339 1061 aut
370 1030 514 1058 verum
538 1021 790 1070 pracceptum
823 1016 1048 1063 continent,
1083 1018 1155 1054 aut

119 1082 263 1123 saltem
294 1081 524 1127 consilium,
550 1083 597 1117 ut
625 1091 714 1130 cap.
750 1078 949 1129 septimos,
981 1087 1153 1116 numero

118 1156 228 1184 nono
246 1147 456 1182 ostensum
475 1140 552 1179 fuit
563 1150 576 1190 3
599 1151 697 1190 ergo
713 1143 880 1191 propter
898 1142 1092 1178 neutrum
1104 1138 1154 1177 ti·

116 1204 249 1245 tulum
278 1202 488 1255 praecepti,
522 1201 687 1249 scilicet,
721 1200 787 1239 vel
824 1199 998 1247 consilii,
1022 1203 1153 1251 potest

116 1266 187 1306 ille
206 1265 305 1305 ordo
322 1263 474 1303 dimitti
489 1267 561 1302 aut
579 1262 826 1309 renuntiari,
846 1261 944 1313 quia
961 1259 1027 1300 vel
1046 1272 1155 1300 sem-

115 1340 188 1381 per
208 1326 312 1380 (licet
338 1338 422 1364 non
447 1337 521 1376 pro
549 1336 726 1375 semper,
747 1334 841 1362 cum
862 1323 914 1361 sit
939 1321 1152 1362 affirmati-

117 1390 205 1439 vus)
223 1388 396 1438 obligat,
416 1386 481 1425 vel
501 1385 693 1437 perfectio
707 1383 917 1423 charitatis
935 1382 1053 1422 illum
1067 1393 1155 1435 pos-

118 1449 235 1490 tulat,
275 1450 328 1488 De
349 1449 425 1486 hac
456 1447 681 1498 obiectione
715 1445 867 1484 iterum
897 1445 941 1483 in
970 1456 1059 1496 cap.
1088 1455 1155 1483 se-

118 1511 277 1565 quenti,
293 1509 576 1562 respondendo
590 1509 640 1547 ad
662 1512 851 1559 quartam
862 1507 1080 1553 rationem,
1094 1517 1155 1546 re-

116 1576 253 1612 curret
271 1583 404 1610 sermo
417 1586 428 1619 ;
455 1582 566 1609 nunc
585 1569 756 1608 dicimus
780 1569 865 1607 sive
898 1567 1156 1619 obligationis

117 1634 169 1673 ,cit
183 1634 254 1673 ille
273 1634 372 1672 ordo
385 1662 397 1681 ,
419 1632 503 1671 sive
522 1631 697 1679 consilii,
718 1643 804 1670 non
818 1630 940 1668 fuisse
960 1642 983 1668 a
1000 1629 1155 1668 Christo

117 1696 259 1734 datum
277 1695 355 1733 nisi
373 1697 505 1732 stante
518 1693 611 1744 jure
625 1693 817 1743 cujusque
838 1691 1004 1742 proprio
1022 1692 1067 1730 in
1083 1701 1156 1729 sua

118 1758 244 1806 fama,
270 1769 354 1795 non
379 1760 519 1795 autem
540 1767 589 1793 eo
608 1755 843 1793 renuntiato
855 1762 868 1803 3
895 1751 1040 1803 regula
1058 1763 1155 1792 vero

119 1819 326 1858 Societatis
335 1817 527 1869 supponit
536 1815 757 1868 perfectam
770 1814 879 1853 illius
889 1814 990 1866 juris
1005 1825 1156 1853 renun-

118 1880 347 1919 tiationem.
374 1879 514 1929 Neque
548 1877 733 1916 absolute
757 1887 900 1915 verum
919 1878 994 1922 est,
1021 1874 1157 1915 Chris-

118 1944 208 1980 tum
243 1951 404 1991 semper
427 1938 721 1990 perfcctissima
741 1936 938 1984 docuisse,
965 1935 1036 1976 sed
1064 1947 1156 1987 per-

118 2001 337 2042 fectissima
350 2000 448 2039 huic
461 1999 526 2038 vel
540 1999 599 2037 illi
618 2009 883 2050 personarum
899 1997 1035 2036 statui.
1053 1997 1156 2037 Nam

119 2063 331 2116 Apostolos
349 2062 481 2100 multa
500 2060 638 2100 docuit
656 2060 700 2099 in
728 2071 916 2099 sermone
940 2057 1082 2098 habito
1111 2057 1158 2098 in

120 2128 276 2172 monte,
295 2123 438 2163 Matth.
459 2123 484 2162 5
495 2133 509 2172 3
535 2121 668 2160 turbis
687 2132 784 2161 vero
807 2121 984 2168 minora,
1004 2123 1051 2159 ut
1075 2119 1161 2161 Au-

120 2186 323 2237 gustinus,
337 2185 368 2224 1.
386 2186 409 2223 ’1
428 2183 480 2223 de
498 2184 692 2223 Sermone
706 2181 869 2222 Domini
888 2182 933 2222 in
949 2184 1103 2227 monte,
1120 2183 1161 2221 et

119 2248 373 2294 Ambrosius,
385 2245 413 2285 l.
435 2247 459 2284 5
477 2247 521 2284 in
539 2245 704 2291 Lucam,
719 2256 754 2283 c.
775 2245 817 2291 6,
835 2246 1032 2283 notarunt
1042 2253 1056 2292 3
1075 2242 1160 2282 imo

120 2313 162 2349 et
182 2309 292 2348 idem
314 2308 469 2347 servari
488 2307 532 2346 in
552 2307 706 2346 eisdem
728 2305 912 2357 personis
931 2316 1005 2357 pro
1026 2304 1160 2342 diver-

119 2370 174 2410 sis
189 2370 445 2422 temporibus
460 2368 630 2419 vulgare
641 2367 935 2406 documentum
954 2370 1026 2413 est,
1041 2366 1161 2416 juxta

121 2431 239 2473 Pauli
264 2431 547 2482 metaphoram
578 2430 629 2468 de
663 2429 767 2469 lacte
802 2432 845 2469 et
874 2427 966 2467 cibo
998 2425 1161 2475 solido,

122 2493 246 2535 Hebr.
276 2495 316 2534 5.
347 2494 470 2543 Ergo,
491 2503 539 2531 eo
565 2492 655 2542 ipso
673 2488 785 2543 quod
809 2490 856 2531 in
879 2501 954 2529 sua
984 2487 1160 2529 Ecclesia

122 2555 308 2597 Christus
327 2555 523 2593 Dominus
539 2553 778 2604 religiosum
807 2554 960 2592 statum
986 2562 1074 2590 esse
1090 2561 1158 2590 vo-

122 2617 216 2667 luit,
236 2618 388 2655 virtute
415 2615 567 2663 docuit,
603 2612 805 2668 quidquid
826 2611 1088 2665 perfectionis
1112 2611 1158 2652 in

122 2690 172 2720 eo
189 2681 323 2731 optari
343 2676 645 2716 rationabiliter
660 2679 807 2728 potest.

178 2742 245 2780 17.
279 2739 420 2781 Tertia
455 2739 623 2778 assertio
637 2767 648 2786 ‚
681 2748 751 2778 seu
774 2733 916 2790 potius
941 2733 1159 2777 moderail.)

125 2801 296 2842 duarum
324 2799 705 2852 p2·oecedentium.-
719 2798 892 2846 Deferro
918 2797 1075 2846 fratris
1094 2797 1162 2837 ‹le--

124 2866 265 2913 sectum
284 2863 338 2902 ad
351 2862 573 2902 Proelatum
590 2860 732 2911 abitque
748 2859 829 2908 line
847 2857 946 2900 utici
959 2857 1164 2899 detrahere

127 2927 199 2966 est.
212 2924 426 2962 -rljltimo
444 2933 542 2962 vero
569 2925 717 2974 praeter
741 2919 833 2959 illas
848 2918 1002 2970 regulae
1023 2918 1165 2959 mode·

129 2983 321 3030 rationes,
339 2983 384 3022 in
402 2995 437 3021 c.
465 2982 507 3031 7,
527 2993 554 3022 a
577 2993 620 3021 n.
648 2982 717 3027 21,
735 2978 993 3031 ponderatas,
1013 2978 1164 3019 adden·

129 3046 227 3086 dum
244 3049 303 3084 est
319 3055 391 3096 per
407 3043 495 3082 haec
522 3043 662 3082 omnia
685 3053 770 3080 nou
791 3040 967 3089 excludi,
989 3042 1092 3092 quin
1117 3040 1164 3081 in

131 3105 406 3159 singularibus
441 3103 596 3143 actibus
631 3101 972 3142 considerandum
1005 3101 1079 3150 sit,
1108 3112 1164 3142 an

134 3173 260 3211 cesset
276 3166 447 3207 omniuo
466 3164 570 3205 ratio
597 3163 846 3204 immediatae
874 3162 1094 3202 delationis
1109 3160 1163 3204 ad

133 3230 374 3276 Proelatum3
399 3238 553 3267 cessare
571 3229 709 3264 autem
724 3224 888 3276 poterit,
910 3224 947 3263 si
965 3223 1010 3264 in
1027 3223 1167 3275 aliquo

134 3290 369 3346 pau-ticulari
386 3300 481 3329 casu
504 3287 718 3337 contingat
742 3289 801 3334 ut,
825 3284 1006 3337 pensatis
1033 3285 1168 3325 omni-

133 3355 211 3395 bus
226 3350 559 3399 circumstantiis,
591 3348 815 3402 prudenter
832 3346 1036 3398 judicetur
1058 3346 1168 3386 noti-

133 3417 236 3457 tiam
255 3412 497 3466 Superioris,
521 3422 598 3451 nec
621 3408 904 3455 necessariam,
927 3418 1005 3446 nec
1030 3407 1168 3448 utilio-

134 3490 224 3518 rem
250 3489 336 3518 esse
365 3475 563 3518 futuram,
585 3472 637 3510 ad
666 3469 994 3512 emendationem
1011 3468 1166 3518 fratris,

134 3541 393 3581 securitatem
410 3534 636 3588 religionis,
660 3537 701 3575 et
716 3532 818 3574 alios
831 3531 936 3572 finos
960 3529 1165 3582 honestos,

135 3602 206 3654 qui
223 3611 298 3655 per
313 3600 438 3642 talem
454 3596 810 3640 denuntiationem
823 3591 984 3650 intendi
998 3603 1149 3649 possun

52 3772 195 3850 ,ἐξ
647 3802 691 3856 ο

392 223 476 255 ιω.
504 221 550 258 x.
567 221 625 258 ns
643 219 842 256 nmmum
856 217 1111 260 sociamus,
1129 218 1185 264 ετ
1203 214 1524 257 massonam-:u
1542 213 1598 249 ns
1615 198 1955 254 nmmos.

1208 282 1330 336 (quod
1358 281 1456 333 quia
1482 279 1739 320 rarissimum
1755 279 2017 330 emfssmn
2031 281 2124 335 lege
2164 303 2193 319 .>.

1206 344 1350 395 regula
1367 354 1452 381 non
1475 341 1676 391 curatur);
1709 352 1807 381 nam
1822 335 1925 382 tune
1944 343 2177 385 abstinent]
2200 353 2206 379 2·

1207 410 1268 446 est
1284 416 1308 443 a
1321 403 1394 442 tali
1409 402 1735 450 denuntiatione,
1761 401 1796 441 si
1813 401 1951 454 lapsus
1962 404 2021 444 sit
2033 391 2238 456 occultus-g*
2255 427 2259 437 .

1207 471 1246 506 et
1258 465 1419 505 nullum
1432 463 1725 504 offendiculum
1745 463 1835 502 aliis
1853 462 2084 515 praebuerit,
2098 478 2175 507 nec
2186 467 2255 509 in*
2303 461 2321 512 ⁸3.

1206 528 1390 568 futurum
1409 526 1619 565 timeatur.
1643 525 1758 564 'runc
1776 524 1886 564 enim
1905 529 2026 576 urget
2042 527 2146 568 aaut)
2162 527 2236 569 illa
2259 528 2261 530 ’
2303 534 2312 542 ·

1207 587 1428 634 charitatis,
1451 591 1499 626 ut
1518 585 1784 626 subveniatur
1801 586 1988 638 proximo
2007 586 2052 625 in
2072 588 2239 640 majori-
2268 583 2269 586 ’

1207 650 1283 689 bus
1300 648 1434 696 bonis,
1453 659 1546 687 cum
1568 647 1740 686 minimo
1763 646 1830 686 vcl
1843 646 1958 686 nullo
1976 646 2239 690 incommodo
2271 686 2273 692 ,
2304 643 2321 699 5⁴.

1208 711 1251 750 in
1268 710 1387 749 bonis
1416 709 1619 748 inferioris
1637 708 1808 757 ordinis,
1836 708 1872 748 si
1896 709 1988 747 neri
2013 708 2139 759 possit
2148 717 2163 758 ;
2193 710 2257 750 σε·
2307 710 2318 742 ὀ

1208 772 1285 812 hoc
1301 771 1435 811 solum
1451 771 1598 823 probat
1614 771 1842 810 communis
1858 770 1995 810 senola
2011 769 2246 821 Theologoae
2299 782 2310 792 ··

1208 845 1315 881 rum,
1337 833 1500 885 quando
1519 833 1696 872 affirmat
1710 835 1959 884 praeceptum
1978 830 2245 872 correctionis.

1208 896 1397 935 fraternae
1415 894 1599 945 obligare
1629 894 1753 934 etiam
1769 894 1821 933 ad
1853 893 2098 932 servandum
2125 891 2237 932 ordi-

1209 968 1307 997 nem
1327 957 1438 1008 cjus3
1461 967 1621 1007 semper
1651 955 1763 994 enim
1801 954 2053 1004 intelligunt,
2075 952 2243 1004 quando
2296 982 2298 987 -

1209 1018 1366 1058 caeteris
1385 1017 1550 1069 paribus
1575 1018 1621 1055 in
1644 1015 1924 1068 spiritualibus
1951 1015 2067 1053 bonis
2086 1012 2239 1054 servari
2274 1012 2278 1020 '

1209 1083 1339 1132 potest
1369 1078 1645 1118 conservando
1663 1077 1839 1129 proximi
1862 1077 2031 1116 famam.
2048 1075 2245 1123 Quamvis

1209 1141 1318 1180 enim
1330 1140 1418 1180 haec
1427 1140 1548 1179 famae
1564 1139 1783 1178 diminutio
1797 1138 1905 1190 apud
1921 1137 2135 1177 Proelatum
2144 1147 2238 1188 pru·
2272 1135 2273 1139 ’

1209 1201 1387 1250 dentem,
1410 1206 1451 1241 et
1471 1202 1543 1253 qui
1571 1200 1780 1240 subditum
1808 1199 1941 1251 diligit
1966 1202 2013 1237 ut
2032 1198 2178 1244 filium,
2198 1199 2241 1237 et
2311 1227 2319 1255 ·.

1208 1268 1440 1304 servaturus
1460 1267 1520 1302 est
1534 1267 1747 1311 secretum,
1767 1273 1852 1301 non
1882 1260 2069 1299 videatur
2089 1269 2240 1309 magna
2276 1266 2278 1270 ·
2310 1260 2319 1309 ,⁸-

1207 1325 1379 1376 jactura,
1429 1323 1698 1364 nihilominus
1737 1322 1774 1363 si
1814 1322 1967 1373 absque
2008 1318 2241 1360 rationabili

1210 1396 1331 1425 causa
1354 1385 1439 1434 fiat,
1461 1397 1544 1425 non
1562 1388 1693 1436 potest
1723 1382 1908 1424 excusari
1926 1394 1952 1422 a
1969 1381 2101 1432 culpa.
2133 1380 2247 1429 Quo·
2306 1419 2308 1422 .

1210 1446 1461 1497 tiescumque
1489 1447 1600 1485 euim
1620 1445 1825 1484 occultum
1859 1447 2075 1496 peccatum
2106 1441 2246 1481 fratris

1211 1505 1327 1546 alteri
1346 1507 1610 1558 (quicumque
1626 1506 1694 1545 ille
1711 1507 1777 1556 sit)
1796 1505 1884 1544 sine
1896 1505 2008 1555 justa
2026 1514 2148 1542 causa
2178 1513 2243 1542 re-
2285 1502 2318 1552 ³1„

1210 1568 1381 1610 velatur.
1402 1569 1548 1606 vitium
1576 1571 1637 1606 est
1662 1567 1938 1614 detractionis,
1961 1567 2078 1617 juxta
2095 1564 2241 1604 doctri·
2311 1566 2318 1578 '

1211 1642 1307 1669 nam
1328 1641 1604 1676 communem,
1627 1640 1720 1668 cum
1739 1629 1785 1667 D.
1803 1627 1948 1667 Thom.
1968 1628 2009 1666 2.
2036 1628 2077 1673 2,
2095 1629 2240 1677 quaest.
2296 1631 2297 1674 j

1211 1692 1278 1739 73,
1300 1695 1379 1730 art.
1406 1693 1425 1730 1
1450 1695 1490 1730 et
1509 1693 1551 1739 2,
1572 1691 1622 1729 de
1638 1702 1719 1743 qua
1744 1689 1876 1728 videri
1903 1689 2038 1728 Potest
2056 1687 2243 1731 Navarr„
2294 1717 2309 1743 ,Γ

1210 1754 1255 1794 in
1274 1766 1362 1805 cap.
1391 1754 1508 1794 Inter
1529 1754 1660 1801 verba,
1680 1753 1856 1792 conclus.
1890 1753 1932 1800 6,
1955 1749 2117 1790 corroll.
2151 1751 2172 1789 2
2202 1758 2245 1788 et
2292 1747 2307 1765 ‘
2342 1781 2344 1787 Α

1212 1817 1287 1866 33;
1316 1824 1357 1856 et
1386 1816 1496 1864 Soto,
1524 1815 1565 1854 d.
1590 1815 1747 1862 relect„
1777 1814 1829 1853 de
1852 1813 2046 1865 Tegendo
2069 1813 2243 1859 secreto,
2288 1806 2309 1858 ’ζ-
2329 1828 2344 1856 4

1211 1876 1395 1929 membro
1418 1877 1461 1923 2,
1490 1876 1588 1916 dub.
1613 1877 1652 1916 3.
1674 1873 1789 1916 Unde
1813 1879 1969 1914 constat
1991 1872 2073 1913 tale
2106 1881 2243 1924 pecca-
2293 1862 2310 1916 ,”,’

1213 1942 1302 1977 tum
1326 1949 1377 1978 ex
1394 1950 1544 1990 genere
1563 1949 1637 1976 suo
1655 1935 1827 1975 mortale
1847 1948 1944 1982 esse;
1964 1934 2010 1975 in
2031 1932 2244 1973 individuo
2292 1925 2315 1988 ἦ
2335 1935 2337 1938 ’

1213 2004 1350 2039 autern
1365 1997 1484 2039 {acue
1511 2009 1596 2038 esse
1615 1997 1765 2049 poterit
1791 1996 1951 2037 veniale
1977 1996 2023 2035 in
2055 1993 2243 2047 praesenti
2296 1987 2311 2015 ‘s'

1213 2060 1385 2101 materia
1401 2070 1415 2109 3
1451 2059 1548 2111 quia
1587 2059 1856 2111 supponimus
1890 2056 2244 2097 denuntiationem
2332 2052 2339 2061 ἶ

1214 2121 1323 2162 bona
1333 2122 1561 2162 intentione
1577 2120 1684 2169 fieri,
1697 2120 1858 2160 etiamsi
1874 2118 2041 2160 fortasse
2049 2129 2134 2157 non
2148 2128 2247 2169 pru·
2294 2107 2303 2134 ¹·
2337 2114 2340 2115 ⁷

1216 2183 1359 2222 denter
1385 2182 1474 2231 fiat,
1494 2182 1594 2233 quia
1615 2182 1688 2222 illa
1705 2180 1879 2221 intentio
1901 2180 2001 2220 facit
2019 2183 2067 2218 ut
2086 2178 2158 2218 illa
2177 2178 2249 2216 de·
2298 2180 2313 2229 ,j
2334 2210 2338 2211 γ

1215 2244 1357 2284 tractio
1370 2256 1454 2283 non
1467 2243 1520 2282 sit
1529 2242 1729 2291 formalis,
1739 2242 1810 2282 sed
1825 2248 1987 2282 tantum
2006 2238 2248 2288 materialis,
2288 2234 2309 2263 ‘2'
2327 2230 2344 2248 ‘¹

1215 2316 1337 2357 quam
1357 2304 1594 2356 frequenter
1614 2315 1701 2344 esse
1718 2307 1928 2356 peccatum
1945 2302 2120 2350 veniale,
2140 2300 2248 2339 dixit
2330 2315 2336 2318 ·

1215 2367 1263 2406 D.
1286 2366 1463 2407 Thomas
1497 2378 1648 2417 supra;
1668 2368 1712 2406 ct
1734 2363 1902 2404 aliunde
1932 2366 2243 2409 nocumentum,
2288 2352 2312 2417 ’ᾖ
2334 2356 2337 2362 ’

1213 2430 1246 2468 si
1265 2427 1376 2480 quod
1399 2430 1474 2476 est,
1489 2428 1667 2467 multum
1685 2427 1903 2476 minuitur,
1915 2428 2008 2465 tum
2025 2423 2248 2477 quiareve-
2284 2431 2309 2463 ».’,
2331 2428 2343 2453 ³

1213 2492 1311 2532 vnitio
1330 2491 1378 2531 fit
1393 2490 1467 2530 uui
1487 2494 1650 2530 tantum
1669 2500 1866 2542 personae,
1886 2488 2003 2528 etita
2021 2485 2248 2537 corrumpit
2287 2533 2291 2542 Ι

1212 2553 1384 2601 famam,
1403 2552 1548 2592 nonin
1581 2556 1730 2600 totum,
1757 2549 1828 2590 sed
1852 2550 1898 2589 in
1917 2552 2047 2601 parte,
2077 2551 2127 2587 ut
2140 2547 2246 2586 dixit
2332 2590 2335 2591 ⁷

1213 2614 1321 2656 idem
1335 2615 1380 2654 D.
1394 2614 1585 2661 Thomas,
1605 2613 1704 2652 dict.
1723 2615 1801 2652 art.
1819 2610 1924 2660 1,ad
1941 2611 1983 2651 2.
1999 2610 2108 2650 Tum
2122 2608 2246 2648 etiam
2287 2615 2290 2619 ’

1218 2676 1327 2728 quia,
1348 2675 1444 2715 licet
1458 2686 1633 2729 persona
1653 2673 1812 2715 Praelati
1842 2672 1975 2723 gravis
1995 2670 2064 2718 sit,
2089 2673 2246 2715 tamen,

1218 2738 1251 2776 „i
1270 2738 1322 2776 sit
1348 2737 1442 2776 talis
1471 2736 1604 2788 qualis
1620 2747 1706 2776 esse
1739 2734 1873 2783 debet,
1900 2732 2005 2772 nihil
2031 2734 2246 2783 propterea
2283 2748 2287 2756 ·

1216 2797 1380 2839 nocebit
1396 2796 1574 2844 subdito,
1599 2797 1671 2849 qui
1688 2796 1777 2847 Jam
1803 2794 2046 2858 supponitur
2070 2792 2246 2844 perfecte
2278 2817 2279 2820 ,
2332 2835 2335 2838 ,

1217 2859 1472 2908 emendatus,
1500 2857 1567 2897 vel
1602 2854 1885 2897 emendandus
1908 2865 1980 2906 per
2007 2852 2246 2893 admonitio·
2278 2875 2279 2878 =
2304 2854 2307 2890 ἶ
2331 2855 2338 2891 ἓ

1215 2930 1314 2962 nem
1327 2920 1413 2970 ejus
1420 2929 1435 2969 3
1456 2919 1557 2970 quin
1577 2919 1709 2971 potius
1727 2929 1886 2970 semper
1902 2915 2045 2956 afferet
2060 2915 2246 2966 ¹aliquam
2276 2915 2280 2926 '

1218 2980 1440 3021 utilitatem
1473 2980 1754 3032 spiritualem,
1784 2977 1995 3020 moraliter
2024 2975 2251 3028 loquendo,
2331 3018 2338 3021 7

1217 3053 1315 3083 nam
1331 3041 1474 3081 saltem
1493 3043 1719 3093 impensius
1736 3040 1869 3080 orabit
1882 3051 1961 3092 pro
1975 3037 2063 3084 fflo,
2082 3035 2254 3090 quando-
2307 3076 2310 3081 ,

1217 3105 1351 3143 omnis
1366 3103 1449 3143 alia.
1466 3103 1631 3155 [occasio
1661 3100 1905 3155 procurandi
1932 3099 2130 3151 majorem
2159 3097 2254 3148 ejus*

1216 3165 1443 3218 protectum
1459 3164 1578 3212 desit,
1602 3163 1710 3216 quod
1740 3163 1813 3204 vix
1831 3165 1963 3215 potest
1992 3159 2245 3209 contingere.
2267 3182 2270 3186 ι
2331 3180 2341 3212 3

1221 3224 1416 3272 Quocirca
1432 3237 1525 3265 raro
1543 3225 1693 3278 poterit
1720 3223 1800 3264 hoc
1817 3223 1870 3263 ad
1887 3223 2052 3274 culpam
2074 3226 2261 3272 praesen·—¹

1221 3286 1296 3326 tim
1314 3287 1528 3327 mortalem
1556 3286 1764 3336 damnari,
1784 3284 1867 3325 nisi
1884 3282 2048 3336 quando
2064 3275 2266 3332 exparte-
2302 3278 2305 3284 '
2328 3278 2340 3327 ἴ

1222 3348 1450 3400 Superioris
1464 3348 1647 3397 timetur,
1668 3347 1778 3400 quod
1798 3357 1883 3386 non
1897 3349 2006 3385 recte
2025 3346 2164 3383 utetur
2176 3336 2248 3379 ifle
2302 3359 2305 3362 ⁴
2333 3344 2341 3397 3³

1222 3410 1369 3450 notitia
1386 3410 1432 3450 in
1453 3409 1608 3449 bonum
1637 3409 1766 3461 ipsius
1793 3405 1964 3454 subditi,
1997 3403 2110 3457 quia,
2131 3396 2246 3440 vorbi
2336 3418 2340 3419 ν

1221 3472 1369 3522 gratia,
1387 3471 1455 3512 vel
1472 3470 1676 3523 concipiet
1701 3469 1843 3510 odium
1867 3468 1912 3508 in
1941 3466 2074 3513 illum,
2090 3459 2158 3501 vel
2180 3458 2254 3520 inq·
2301 3499 2305 3504 .
2335 3502 2338 3503 ⁷

1216 3532 1384 3584 justam,
1402 3537 1475 3572 aut
1488 3532 1638 3573 saltem
1665 3529 1968 3584 imprudentem
1998 3517 2202 3580 inffignafi
2298 3519 2306 3536 ''
2332 3518 2338 3525 ’

1221 3605 1334 3650 nem,
1349 3606 1441 3648 quoe
1458 3593 1562 3635 solet
1574 3593 1752 3636 nimium
1768 3590 1947 3643 affligere
1961 3581 2128 3636 etiams
