2352 3880
254 345 292 382 8.
318 342 463 383 Contra
481 341 650 381 alterum
669 339 872 390 quemdam
891 338 1060 388 eliqendi
1076 339 1232 379 modum

198 416 287 457 quse
303 403 477 443 rationes
493 402 678 440 militent.
688 421 741 429 -
754 399 848 446 Quoe
863 398 956 440 item
973 401 1228 440 incommoda.

197 485 251 515 ,—
275 464 389 504 Circa
416 462 643 503 secundum
662 461 838 510 eligendi
860 460 1025 500 modum
1045 472 1117 512 per
1135 460 1232 500 defi·

195 524 378 564 nitorum
399 523 630 570 consilium,
652 526 871 561 occurrunt
887 522 1088 573 imprimis
1107 522 1231 561 ratio-

195 596 269 626 nes
291 598 447 632 omnes,
478 585 530 624 ob
556 597 656 635 quas
681 585 722 623 in
740 596 775 623 c.
802 586 840 631 1,
871 596 895 623 a
918 597 958 622 n.
981 585 1021 630 8,
1051 583 1229 622 diximus

196 647 449 686 ordinarium
478 647 661 697 regimen
685 645 892 684 Societatis
918 644 1051 695 quoad
1071 645 1226 693 omnia,

194 721 286 760 quae
309 714 423 748 extra
449 708 814 758 Congregationem
841 706 1072 757 generalem
1095 706 1200 744 fiunt
1212 735 1225 754 ,

194 781 281 810 esse
311 782 335 809 a
366 770 461 809 solis
491 769 675 808 Praelatis
702 780 794 806 cum
823 766 1025 816 suffragiis
1052 766 1228 805 aliorum

193 831 442 879 consultivis,
463 844 546 870 non
565 829 786 869 definitivis
807 841 816 874 ;
838 840 945 866 unus
964 828 1074 866 enim
1095 840 1145 867 ex
1162 840 1228 867 ac-

184 879 301 931 {ibus
331 893 621 943 jurisdictionis
661 894 719 928 est
762 889 972 939 providere
1015 900 1085 927 seu
1113 888 1227 927 insti-

190 956 307 992 tuere
327 954 587 1003 Superiores3
607 963 687 1001 qua
707 950 834 1000 igitur
851 950 1004 988 ratione
1022 949 1093 988 alii
1113 955 1226 989 actus

188 1013 485 1065 jurischtionis
503 1044 516 1062 ,
547 1013 612 1051 vel
634 1012 998 1050 administrationis
1018 1011 1226 1050 Societatis

187 1072 508 1113 ‘committuntur
533 1074 689 1125 judicio
714 1078 754 1112 et
784 1073 975 1124 potestati
1001 1073 1222 1120 Generalis,

188 1124 280 1174 'haec
323 1136 446 1174 ctiam
482 1136 659 1186 provisio
697 1135 913 1174 commissa
953 1138 1013 1172 est
1031 1146 1041 1180 ς
1078 1134 1226 1172 deinde

192 1206 449 1246 quacumque
467 1197 624 1234 ratione
652 1195 867 1234 electiones
887 1194 987 1232 fiant
1003 1225 1014 1242 ,
1042 1206 1125 1232 non
1142 1195 1227 1232 evi-

190 1259 346 1305 tantur,
365 1257 458 1297 licet
475 1259 578 1296 forte
594 1258 832 1296 minuantur
851 1257 1109 1294 incommoda
1125 1256 1226 1295 elec·

189 1319 366 1367 tionum,
399 1332 488 1370 quae
508 1321 595 1358 sine
622 1319 760 1366 dubio,
780 1323 932 1356 attente
955 1318 1223 1366 considerata,

189 1383 348 1431 majora
368 1387 461 1420 sunt
482 1395 604 1434 quam
624 1383 666 1420 in
692 1382 883 1433 praedicto
909 1381 1117 1420 Soeietatis
1136 1393 1224 1431 pro-

189 1444 357 1483 videndi
382 1445 525 1493 modo3
554 1445 663 1496 quod
686 1445 727 1482 in
749 1444 938 1494 praesenti
959 1444 1135 1494 amplius
1159 1445 1222 1482 de-

190 1504 299 1543 claro
325 1519 332 1544 :
359 1519 451 1545 nam
480 1508 512 1545 si
537 1506 821 1552 Provinciales,
848 1505 959 1543 verbi
980 1506 1126 1555 gratia,
1160 1504 1225 1542 fu-

188 1567 272 1604 turi
292 1572 422 1606 esseut
440 1569 482 1605 in
504 1569 702 1607 Societate
720 1580 790 1618 per
804 1567 1060 1612 electionem,
1083 1566 1146 1604 vel
1167 1575 1225 1604 ta-

188 1625 239 1666 lis
270 1628 411 1666 electio
434 1629 618 1668 facienda
646 1633 749 1667 esset
777 1640 800 1666 a
832 1633 915 1666 tota
943 1627 1151 1678 provincia
1181 1628 1223 1665 in

189 1688 511 1739 congregatione
542 1690 797 1741 provinciali,
829 1695 868 1728 et
899 1690 956 1727 sic
986 1689 1054 1727 illa
1079 1688 1223 1727 electio

186 1749 270 1801 jam
298 1755 400 1790 esset
427 1753 548 1790 totius
571 1752 846 1790 multitudinis
864 1781 872 1797 ‚
896 1751 997 1790 etin
1022 1763 1069 1789 ea
1087 1750 1222 1788 locum

186 1811 387 1850 habereut
413 1814 551 1851 omnia
570 1813 677 1851 dicta
696 1814 738 1850 in
760 1825 801 1851 n.
821 1813 845 1851 6
867 1817 905 1850 et
925 1814 971 1858 7;
995 1816 1033 1850 et
1054 1812 1219 1862 quidem

187 1872 219 1910 si
249 1885 329 1922 qua
351 1874 611 1912 incommoda
635 1874 721 1911 visa
740 1878 835 1911 sunt
854 1873 1133 1923 experimento
1152 1884 1219 1910 co-

186 1934 300 1983 gnita
325 1934 368 1971 in
389 1934 653 1972 electionibus
674 1934 919 1983 religionum
933 1964 946 1982 ,
978 1934 1154 1971 maxime
1174 1933 1218 1971 in

184 1992 249 2032 his
281 1994 546 2033 electionibus
579 1995 895 2033 Provincialium
929 1994 1046 2032 factis
1078 2006 1101 2032 a
1132 1998 1217 2032 toto

183 2056 421 2105 provinciali
456 2056 638 2106 Capitulo
672 2057 839 2093 inventa
863 2059 971 2093 sunt.
1005 2055 1107 2093 Nam
1136 2066 1218 2104 quo

182 2115 254 2155 illa
270 2117 447 2166 dignitas
464 2118 593 2168 maj0r
607 2123 682 2166 est,
700 2130 747 2156 eo
765 2118 896 2167 magis
911 2117 1046 2168 appeti
1064 2121 1215 2166 potest,

183 2180 223 2216 et
254 2180 351 2228 quia
381 2191 584 2229 personae,
622 2191 710 2229 quae
745 2179 793 2217 ad
832 2179 943 2217 illam
975 2178 1218 2216 electionem

182 2241 445 2288 conveniunt,
466 2241 646 2291 ejusdem
667 2245 777 2285 sunt,
800 2244 838 2278 et
858 2241 1048 2283 nationis,
1071 2244 1110 2276 et
1129 2252 1219 2287 pro·

181 2301 325 2340 vinciae
343 2331 355 2348 ,
384 2302 515 2351 majus
536 2301 688 2340 habent
710 2302 814 2339 inter
835 2312 876 2338 se
897 2300 1212 2348 commercium,

180 2366 221 2400 et
240 2362 331 2400 ideo
357 2362 517 2400 facilius
545 2367 714 2413 possunt
738 2361 1034 2411 negotiationes
1054 2365 1092 2398 et
1114 2373 1214 2410 prae-

178 2424 385 2462 tensiones
409 2424 674 2461 intercedere.
702 2423 794 2460 Haec
815 2434 912 2471 ergo
936 2421 1079 2459 electio
1099 2421 1213 2460 nullo

178 2485 301 2522 modo
318 2484 556 2534 expediebat
571 2484 773 2527 Soc-letati,
793 2487 832 2520 et
847 2483 887 2519 iu
904 2481 1106 2532 aliquibus
1122 2494 1211 2532 pro-

177 2546 322 2585 vinciis
343 2547 429 2596 ejus
456 2550 560 2584 esset
586 2545 701 2583 valde
719 2544 892 2582 difficilis
920 2547 959 2582 et
987 2544 1210 2581 incommo-

178 2606 253 2645 dus
269 2608 360 2646 talis
375 2607 582 2646 electionis
598 2607 753 2644 modus.
775 2605 881 2643 Utin
902 2603 1040 2652 (ruiis,
1063 2604 1105 2642 in
1121 2605 1210 2655 qui-

177 2667 268 2718 hus,
285 2675 427 2720 praeter
444 2667 721 2707 difficultatem
743 2666 1019 2712 om=÷g1·0,c.r-indi
1042 2678 1206 2715 omnes,

177 2731 245 2779 qui
267 2731 447 2769 existunt
465 2730 508 2768 in
526 2730 623 2768 locis
643 2729 758 2767 valde
779 2734 969 2776 remotffi,
991 2732 1032 2766 et
1050 2727 1093 2766 in
1111 2740 1207 2767 con·

169 2792 360 2837 ,versione
390 2792 622 2830 animarum
651 2795 745 2829 sunt
771 2789 980 2840 occupati,
1003 2801 1107 2840 saepe
1133 2791 1207 2828 ha-

175 2849 262 2889 beri
282 2865 362 2891 nou
382 2857 521 2903 potest
541 2857 654 2891 tanta
679 2851 825 2889 notitia
851 2863 991 2889 eorum
1013 2863 1114 2901 quos
1135 2850 1210 2890 eli-

177 2923 272 2959 gere
296 2919 478 2963 oportet3
505 2913 733 2964 praesertim
761 2924 854 2949 cum
882 2923 987 2961 saepe
1016 2912 1206 2962 expediat

175 2983 225 3012 ex
247 2974 405 3023 Europa
429 2986 554 3012 novos
581 2970 848 3011 Provinciales
867 2972 1096 3011 admittere.
1134 3003 1136 3006 v

229 3035 267 3073 9.
304 3032 410 3072 Sive·
431 3032 695 3073 interveniant
726 3032 850 3082 pauci
881 3032 1120 3072 consiliarii.
1151 3053 1205 3064 -—

175 3093 264 3132 Alia
281 3106 364 3132 esse
382 3098 553 3144 poterat,
572 3099 617 3131 ut
634 3106 658 3132 a
675 3094 816 3144 paucis
839 3097 878 3131 et
898 3092 1053 3131 selectis
1073 3093 1206 3132 homi·

174 3154 296 3192 nibus
325 3153 506 3204 ejusdem
534 3155 749 3205 provinciae
773 3154 863 3192 talis
892 3153 1033 3192 electio
1055 3154 1202 3204 fieret3

173 3220 215 3254 et
231 3228 278 3254 ex
297 3215 373 3254 hoc
392 3215 507 3266 plura
525 3216 780 3264 insurgerent
801 3214 1057 3252 incommoda
1077 3228 1202 3265 quam

173 3277 413 3315 vitarentur.
444 3276 544 3314 Nam
562 3275 673 3326 prius
692 3280 895 3325 oporteret
914 3275 1099 3313 invenire
1119 3288 1203 3315 mo-

174 3338 273 3378 dum
301 3336 542 3387 designandi
573 3335 639 3374 vel
672 3335 850 3386 eligendi
883 3335 956 3373 hos
989 3334 1199 3386 electores,

174 3401 280 3452 quod
300 3403 401 3438 esset
427 3397 683 3436 difficultates
707 3408 880 3447 augere,
902 3396 998 3446 quia
1018 3409 1101 3435 non
1122 3399 1200 3437 mi-

175 3471 251 3500 nor
267 3459 483 3511 prudentia
498 3463 537 3497 et
553 3457 751 3497 rectitudo
769 3457 992 3496 necessaria
1009 3461 1124 3502 esset,
1147 3459 1198 3497 ad

173 3520 399 3573 quemlibet
434 3531 576 3559 eorum
606 3518 840 3569 eligendum
854 3547 867 3566 ,
900 3529 1023 3568 quam
1062 3518 1197 3569 ipsum

174 3581 482 3620 Provincialem.
510 3579 584 3619 Vel
602 3579 868 3618 necessarium
890 3577 1030 3617 fuisset
1050 3591 1198 3618 munus

165 3633 276 3682 'illud
287 3642 413 3682 veluti
424 3643 517 3694 jure
531 3642 618 3693 ipso
634 3641 888 3680 committere
907 3644 1096 3691 quatuor,
1107 3651 1198 3679 ver-

485 275 563 309 Lm.
585 274 628 307 X.
651 273 705 307 DE
726 273 922 306 REGIMINE
942 272 1190 315 SOCIETATIS,
1212 273 1266 307 ΕΤ
1286 273 1605 314 CONSEQUENTER
1625 274 1679 307 DE
1697 274 1910 312 PRAELiffls
1928 279 2039 314 mus.

1286 339 1327 378 bi
1346 339 1491 389 gratia,
1512 339 1812 391 antiquioribus
1829 341 2031 393 professi8‚
2044 344 2110 385 vel
2123 335 2257 394 habe&
2267 355 2292 396 {-

1285 398 1360 437 bus
1377 399 1456 438 alia
1475 400 1608 439 officia
1622 430 1632 446 ‚
1665 401 1774 452 quod
1797 402 1884 441 sine
1904 402 2027 442 dubio
2046 411 2146 446 esset
2163 407 2227 446 ab
2239 414 2309 457 ι’,ῥ

1285 460 1496 499 dissimum
1517 471 1530 510 ;
1572 473 1669 500 nam
1706 462 1927 513 antiquitas
1962 464 2215 514 professionis

1284 520 1393 560 idem
1425 525 1486 561 est
1510 522 1561 561 de
1589 522 1769 574 qualibet
1799 523 1880 562 alia
1910 523 2033 563 simili
2065 527 2232 567 conditi
2251 531 2312 570 2:⁴2:
2349 528 2352 568 ξ

1282 594 1365 621 non
1390 581 1509 621 affert
1531 595 1668 623 secum
1699 589 1783 624 tam
1809 584 2013 624 ordinarie
2039 588 2177 626 omnia
2202 589 2244 628 d
2264 585 2304 638 ..j
2350 582 2352 610 ³

1282 645 1524 693 necessaria,
1534 658 1658 697 quam
1675 646 1886 697 oportebat
1902 647 1953 685 ad
1971 659 2118 686 munus
2135 648 2317 700 eligenffa
2348 627 2352 710 ἰ

1282 706 1383 744 adeo
1402 717 1556 756 grave;
1583 720 1628 746 ae
1654 707 1802 747 deinde
1829 708 2055 747 constitutis
2075 709 2352 763 hujusmofflgffj

1282 766 1523 806 electoribus
1539 798 1552 816 ,
1586 773 1803 819 supersunt
1830 770 1910 808 alia
1934 770 2139 820 generalia
2157 771 2312 829 incoxss¹
2348 772 2352 791 ¹

1282 829 1403 867 moda
1424 842 1466 868 n.
1484 831 1509 869 6
1521 839 1560 869 et
1574 832 1596 868 7
1612 830 1748 878 allata,
1770 831 1876 870 circa
1894 831 2129 870 electionem
2149 831 2200 870 ab
2214 830 2325 891 ἱρῇ,

1279 888 1522 938 faciendam,
1541 896 1703 942 propter
1717 892 1990 931 diversitatem
2004 892 2250 942 judiciorum
2264 888 2315 939 oti

1281 950 1518 990 affectuum.
1542 953 1591 990 Et
1607 958 1805 1003 praeterea
1821 957 1951 1004 potest
1964 964 2092 991 unum
2108 953 2315 1004 peculiam.

1281 1012 1553 1051 animadverti
1575 1025 1585 1052 :
1607 1026 1702 1052 nam
1729 1014 1793 1052 vel
1824 1014 1884 1052 illi
1913 1014 2105 1053 electores
2129 1002 2318 1078 habitu&

1280 1078 1396 1111 eraut
1413 1078 1651 1124 potestatem
1665 1075 1843 1122 eligendi
1858 1074 2033 1126 aliquem
2049 1088 2098 1114 ex
2113 1075 2311 1129 ipsismet&

1279 1134 1344 1172 vel
1365 1147 1461 1174 non.
1490 1136 1575 1174 Hoc
1595 1137 1792 1187 posterius
1810 1142 1911 1175 esset
1933 1137 2138 1175 moraliter
2160 1126 2323 1202 imposszi

1279 1195 1410 1240 sibile,
1436 1197 1502 1235 vel
1520 1197 1636 1236 valde
1657 1198 1976 1246 incommodum,
2006 1198 2115 1248 quia,
2150 1199 2183 1236 si
2203 1197 2317 1251 diffig«

1280 1257 1356 1295 cile
1382 1263 1441 1296 est
1467 1258 1509 1296 in
1540 1271 1622 1297 una
1640 1259 1776 1310 aliqua
1805 1264 1888 1298 tota
1907 1259 2114 1310 provincia
2135 1259 2261 1308 dignu
2295 1261 2313 1303 ,¹

1279 1318 1574 1358 moderatorem
1605 1321 1789 1359 invenire
1815 1321 1935 1359 unius
1960 1321 2083 1365 etiam
2105 1323 2304 1360 monaste-“-
2339 1331 2352 1355 ⁵

1277 1378 1343 1425 rii,
1366 1384 1411 1417 ut
1428 1380 1526 1418 alias
1544 1381 1645 1420 dixit
1664 1381 1848 1429 Basilius,
1875 1393 1995 1432 quem
2015 1381 2058 1418 in
2089 1379 2309 1431 superiori-i
2339 1381 2352 1439 j

1278 1438 1354 1477 bus
1371 1442 1595 1485 attulimus,
1616 1443 1833 1494 quomodo,
1851 1454 2003 1493 quaeso,
2023 1441 2180 1480 excludi
2198 1444 2310 1492 potem
2341 1443 2352 1485 ὲ

1277 1507 1377 1540 runt
1395 1503 1445 1541 ab
1465 1504 1700 1553 hujusmodi
1719 1517 1903 1553 munere,
1925 1516 1996 1543 seu
2015 1516 2110 1542 voce
2131 1504 2311 1554 passiva,.·
2338 1503 2352 1552 ξ

1279 1574 1421 1601 omnes
1439 1564 1495 1602 illi
1517 1565 1721 1614 electores,
1744 1578 1838 1604 cum
1855 1566 2078 1604 necessario
2098 1565 2222 1602 futuri
2244 1574 2317 1620 es<
2336 1562 2352 1625 Ξ

1277 1628 1367 1661 sent
1384 1637 1433 1662 ex
1453 1627 1668 1678 praecipuis
1688 1628 1811 1666 totius
1831 1627 2046 1678 provincias
2065 1627 2185 1664 viris?
2202 1622 2315 1669 Illud}
2335 1640 2347 1665 ὲ·

1277 1689 1413 1724 autem
1436 1689 1561 1737 prius,
1584 1689 1706 1739 quod,
1729 1689 1895 1737 scilicet,
1919 1688 1996 1739 ipsi
2024 1687 2146 1725 simul
2172 1689 2303 1727 essent

1278 1750 1317 1783 et
1338 1747 1544 1796 electores,
1574 1754 1613 1788 et
1631 1750 1822 1800 eligendi,
1854 1761 1937 1788 non
1963 1761 2107 1799 parum
2138 1748 2302 1788 haberet

1275 1807 1523 1848 incommodi
1544 1811 1587 1849 in
1614 1815 1697 1849 tam
1726 1823 1850 1862 parvo
1870 1811 2090 1849 electorum
2113 1811 2306 1850 numer0.'

1328 1872 1391 1908 10.
1438 1870 1695 1911 Concludam
1726 1884 1803 1911 non
1833 1873 2012 1924 expedire
2044 1872 2153 1922 ipsos
2183 1871 2300 1910 etiam

1272 1931 1547 1971 provinciales
1573 1933 1665 1982 fieri
1695 1943 1766 1981 per
1794 1936 1884 1972 vota
1919 1932 2198 1972 Consultorum
2229 1930 2301 1972 Ge-

1271 1993 1436 2032 neralis.
1469 2015 1521 2022 —
1548 1993 1752 2032 Moraliter
1771 2005 1867 2044 ergo
1886 2005 1972 2032 rem
1991 1992 2298 2041 considerando,

1271 2055 1543 2092 necessarium
1570 2054 1650 2092 fuit
1681 2055 1870 2093 Societati
1903 2058 1947 2092 ut
1982 2054 2308 2092 Provincialium:

1271 2116 1447 2166 provisio
1465 2116 1651 2155 Generali
1667 2116 2003 2163 committeretur,
2026 2127 2072 2153 eo
2090 2116 2176 2164 ipso
2191 2111 2300 2164 quod
2334 2146 2344 2150 -

1271 2188 1343 2227 per
1373 2176 1662 2227 provincialem
1699 2176 2062 2226 Congregationem
2096 2174 2185 2213 fieri
2214 2185 2303 2216 non..

1270 2237 1523 2287 expediebat.
1557 2238 1612 2276 De
1638 2238 1725 2288 ipso
1748 2242 1883 2277 autem
1903 2232 2089 2275 Generali
2109 2237 2191 2286 jam
2209 2235 2302 2275 red-⁴*

1269 2296 1354 2334 dita
1372 2302 1432 2335 est
1448 2298 1565 2344 ratio,
1587 2310 1622 2336 c.
1646 2301 1685 2345 1,
1704 2311 1746 2337 n.
1769 2300 1809 2345 6,
1830 2310 1902 2336 cur
1918 2298 2200 2336 Assisteutinm
2217 2296 2296 2336 suf*

1266 2358 1399 2408 fragia
1431 2370 1513 2397 non
1541 2359 1622 2397 siut
1653 2359 1877 2405 definitiva,
1907 2363 1950 2398 et
1973 2358 2141 2398 ulterius
2169 2357 2296 2397 consi-

1267 2418 1378 2464 dero,
1401 2419 1433 2457 si
1449 2420 1547 2471 quid
1564 2421 1811 2459 incommodi
1828 2425 1887 2459 est
1907 2420 1951 2459 in
1967 2420 2059 2467 hoc,
2087 2419 2196 2471 quod
2214 2420 2301 2459 hu·-v

1263 2478 1442 2530 jusmodi
1473 2482 1722 2532 provisiones
1751 2494 1822 2533 per
1843 2482 2083 2521 Generalem
2108 2482 2224 2529 fiant,
2249 2480 2294 2520 il-

1264 2540 1332 2579 lud
1354 2553 1438 2580 non
1457 2542 1589 2580 minui
1609 2555 1659 2581 ex
1678 2555 1725 2581 eo
1745 2543 1853 2593 quod
1872 2543 2065 2592 suffragia
2090 2542 2292 2581 consulto·
2323 2580 2326 2581 γ

1265 2613 1372 2650 rum,
1404 2615 1475 2642 seu
1500 2603 1806 2648 Assisteutium‚
1832 2604 2041 2642 definitiva
2066 2605 2146 2641 sint
2160 2614 2173 2652 ;
2197 2602 2302 2654 quia:

1263 2664 1448 2702 eamdem
1469 2665 1658 2703 notitiam
1680 2665 1920 2715 requirunt,
1949 2675 2073 2714 quam
2094 2675 2177 2702 non
2198 2675 2290 2714 pos·
2323 2716 2330 2718 ἡ

1261 2728 1358 2762 sunt
1382 2725 1461 2764 nisi
1494 2738 1566 2776 per
1593 2725 1924 2764 informationem
1950 2724 2147 2772 obtinere,
2185 2728 2225 2763 et
2245 2724 2297 2779 in'·¹
2334 2765 2338 2769 Α

1259 2786 1395 2836 rigore
1426 2787 1557 2836 major
1582 2786 1743 2824 videtur
1770 2785 1996 2824 necessaria
2014 2785 2066 2823 ad
2091 2784 2288 2824 definien-
2319 2795 2323 2834 j

1259 2846 1372 2892 dum,
1396 2859 1517 2897 quam
1537 2846 1586 2884 ad
1608 2846 1900 2884 consulendum
1918 2856 1931 2895 3
1959 2858 2054 2883 nam
2074 2831 2298 2886 consilium}
2317 2886 2330 2891 K

1260 2917 1363 2958 saepe
1383 2908 1528 2954 datur,
1554 2907 1818 2958 supponendo
1838 2906 1988 2945 factum
2011 2906 2072 2945 vel
2090 2898 2290 2946 informa-·⁸
2318 2926 2330 2953 ς

1257 2967 1411 3006 tionem
1427 2998 1439 3016 ,
1469 2968 1605 3020 potius
1629 2979 1751 3019 quam
1774 2967 2047 3007 examinando
2073 2965 2291 3008 veritatem>
2316 2975 2331 2999 ἵ

1258 3029 1371 3078 eius;
1389 3030 1587 3080 judicium
1608 3037 1744 3069 autem
1763 3029 2015 3068 definitivum
2035 3030 2209 3080 postulat
2224 3028 2297 3069 did„
2319 3052 2333 3053 s

1255 3088 1387 3140 ligens
1409 3103 1581 3130 examen
1600 3096 1639 3130 et
1661 3093 1935 3142 cognitionem
1955 3091 2074 3139 facti,
2102 3102 2172 3129 seu
2188 3086 2286 3155 eon-⁴·
2310 3091 2326 3095 “”

1254 3151 1458 3193 ditionum
1486 3165 1690 3204 personas,
1724 3165 1814 3204 quae
1842 3153 1988 3203 majori
2006 3152 2218 3202 diligentia
2240 3153 2283 3193 et

1252 3212 1524 3253 sollicitudine
1549 3214 1596 3252 fit
1622 3213 1674 3252 ab
1698 3226 1795 3262 uno,
1821 3213 1982 3264 quando
2001 3218 2130 3252 totum
2150 3224 2251 3253 onus
2260 3236 2277 3263 9

1257 3278 1297 3312 et
1314 3274 1507 3326 obligatio
1534 3275 1658 3326 digne
1676 3275 1912 3326 providendi
1943 3274 2136 3321 officium,
2157 3275 2207 3313 ad
2228 3272 2280 3313 il-

1255 3334 1342 3374 lum
1379 3337 1566 3386 pertinet.
1602 3336 1710 3386 Ergo
1741 3348 1813 3387 per
1844 3334 2038 3386 suffragia
2067 3334 2322 3374 definitiva--

1254 3408 1338 3435 non
1370 3397 1594 3435 occurritur
1620 3396 1716 3435 huic
1743 3397 2022 3444 incommodo,
2053 3400 2094 3435 et
2110 3393 2276 3434 aliunde
2316 3438 2329 3442 ,-

1253 3468 1337 3496 non
1357 3458 1539 3496 vitantur
1559 3469 1606 3496 ea
1620 3469 1710 3507 quae
1727 3457 1770 3496 iu
1783 3457 2014 3496 diversitate
2028 3453 2274 3506 judiciorum

1251 3522 1293 3557 et
1317 3517 1535 3557 affectuum
1554 3518 1837 3557 inveniuntur.

1307 3581 1372 3618 11.
1384 3579 1473 3618 lmo
1491 3590 1559 3618 neo
1570 3579 1770 3618 Proelatos
1781 3577 1926 3618 locales
1941 3572 2188 3627 numnquam
2197 3582 2273 3628 pu·
2305 3628 2320 3631 ᾳ

1253 3639 1479 3684 Gener-azam
1513 3639 1605 3690 fieri
1617 3667 1629 3687 ‚
1663 3637 1936 3691 multipliciter
1966 3637 2197 3677 ostenditur.
2217 3644 2278 3669 -r
2303 3648 2308 3652 ·
