<?xml version="1.0" encoding="UTF-8"?>
<!DOCTYPE html PUBLIC "-//W3C//DTD XHTML 1.0 Transitional//EN"
    "http://www.w3.org/TR/xhtml1/DTD/xhtml1-transitional.dtd">
<html xmlns="http://www.w3.org/1999/xhtml" xml:lang="en" lang="en">
 <head>
  <title>
</title>
<meta http-equiv="Content-Type" content="text/html;charset=utf-8" />
  <meta name='ocr-system' content='tesseract 3.04.00' />
  <meta name='ocr-capabilities' content='ocr_page ocr_carea ocr_par ocr_line ocrx_word'/>
</head>
<body>
  <div class='ocr_page' id='page_1' title='image "./operaomnia16suaauoft_0092.png"; bbox 0 0 2352 3880; ppageno 0'>
   <div class='ocr_carea' id='block_1_1' title="bbox 137 274 1176 694">
    <p class='ocr_par' dir='ltr' id='par_1_1' title="bbox 141 274 1174 385">
     <span class='ocr_line' id='line_1_1' title="bbox 141 274 1174 336; baseline -0.007 -13"><span class='ocrx_word' id='word_1_1' title='bbox 141 286 280 336; x_wconf 88' lang='lat' dir='ltr'><strong>postea</strong></span> <span class='ocrx_word' id='word_1_2' title='bbox 296 292 394 322; x_wconf 89' lang='lat' dir='ltr'><strong>vero</strong></span> <span class='ocrx_word' id='word_1_3' title='bbox 412 278 517 319; x_wconf 90' lang='lat' dir='ltr'><strong>nihil</strong></span> <span class='ocrx_word' id='word_1_4' title='bbox 532 276 707 328; x_wconf 85' lang='lat' dir='ltr'><strong>amplius</strong></span> <span class='ocrx_word' id='word_1_5' title='bbox 737 276 895 316; x_wconf 88' lang='lat' dir='ltr'><strong>efficere</strong></span> <span class='ocrx_word' id='word_1_6' title='bbox 914 276 1078 330; x_wconf 86' lang='lat' dir='ltr'><strong>poterit,</strong></span> <span class='ocrx_word' id='word_1_7' title='bbox 1101 274 1174 316; x_wconf 83' lang='lat' dir='ltr'><strong>sed</strong></span> 
     </span>
     <span class='ocr_line' id='line_1_2' title="bbox 141 337 920 385; baseline -0.01 0"><span class='ocrx_word' id='word_1_8' title='bbox 141 343 367 385; x_wconf 84' lang='lat' dir='ltr'><strong>necessario</strong></span> <span class='ocrx_word' id='word_1_9' title='bbox 385 339 623 381; x_wconf 78' lang='lat' dir='ltr'><strong>succedetur</strong></span> <span class='ocrx_word' id='word_1_10' title='bbox 642 338 695 378; x_wconf 86' lang='lat' dir='ltr'><strong>ab</strong></span> <span class='ocrx_word' id='word_1_11' title='bbox 713 337 920 378; x_wconf 87' lang='lat' dir='ltr'><strong>intestato.</strong></span> 
     </span>
    </p>

    <p class='ocr_par' dir='ltr' id='par_1_2' title="bbox 137 389 1176 694">
     <span class='ocr_line' id='line_1_3' title="bbox 137 389 1175 451; baseline -0.008 -3"><span class='ocrx_word' id='word_1_12' title='bbox 137 389 142 449; x_wconf 62' lang='lat' dir='ltr'><strong>i</strong></span> <span class='ocrx_word' id='word_1_13' title='bbox 197 407 261 446; x_wconf 82' lang='lat'><strong>15.</strong></span> <span class='ocrx_word' id='word_1_14' title='bbox 295 402 487 451; x_wconf 81' lang='lat' dir='ltr'><em>Quomodo</em></span> <span class='ocrx_word' id='word_1_15' title='bbox 524 401 619 441; x_wconf 83' lang='lat' dir='ltr'><strong>item</strong></span> <span class='ocrx_word' id='word_1_16' title='bbox 655 411 735 441; x_wconf 72' lang='lat' dir='ltr'><strong>osse</strong></span> <span class='ocrx_word' id='word_1_17' title='bbox 759 401 889 451; x_wconf 78' lang='lat' dir='ltr'><em>possit</em></span> <span class='ocrx_word' id='word_1_18' title='bbox 919 403 1056 441; x_wconf 78' lang='lat' dir='ltr'><strong>contra</strong></span> <span class='ocrx_word' id='word_1_19' title='bbox 1093 398 1175 440; x_wconf 77' lang='lat' dir='ltr'><strong>obe·</strong></span> 
     </span>
     <span class='ocr_line' id='line_1_4' title="bbox 141 460 1176 512; baseline -0.009 -4"><span class='ocrx_word' id='word_1_20' title='bbox 141 467 312 509; x_wconf 63' lang='lat' dir='ltr'><strong>dionisam</strong></span> <span class='ocrx_word' id='word_1_21' title='bbox 332 465 377 503; x_wconf 81' lang='lat' dir='ltr'><strong>id</strong></span> <span class='ocrx_word' id='word_1_22' title='bbox 394 466 680 502; x_wconf 77' lang='lat' dir='ltr'><strong>testamentum.</strong></span> <span class='ocrx_word' id='word_1_23' title='bbox 703 461 862 500; x_wconf 87' lang='lat' dir='ltr'><strong>—Jam</strong></span> <span class='ocrx_word' id='word_1_24' title='bbox 891 461 1000 512; x_wconf 88' lang='lat' dir='ltr'><strong>quod</strong></span> <span class='ocrx_word' id='word_1_25' title='bbox 1029 460 1176 500; x_wconf 86' lang='lat' dir='ltr'><strong>attinet</strong></span> 
     </span>
     <span class='ocr_line' id='line_1_5' title="bbox 137 523 1175 575; baseline -0.004 -9"><span class='ocrx_word' id='word_1_26' title='bbox 137 526 192 570; x_wconf 82' lang='lat' dir='ltr'><strong>&#39;ad</strong></span> <span class='ocrx_word' id='word_1_27' title='bbox 209 525 544 573; x_wconf 79' lang='lat' dir='ltr'><strong>inobedientiam,</strong></span> <span class='ocrx_word' id='word_1_28' title='bbox 569 535 659 575; x_wconf 86' lang='lat' dir='ltr'><strong>quae</strong></span> <span class='ocrx_word' id='word_1_29' title='bbox 689 523 734 562; x_wconf 92' lang='lat' dir='ltr'><strong>in</strong></span> <span class='ocrx_word' id='word_1_30' title='bbox 758 523 836 562; x_wconf 90' lang='lat' dir='ltr'><strong>hoc</strong></span> <span class='ocrx_word' id='word_1_31' title='bbox 873 523 1175 563; x_wconf 67' lang='grc' dir='ltr'><strong>1301013101·νο-</strong></span> 
     </span>
     <span class='ocr_line' id='line_1_6' title="bbox 140 583 1175 636; baseline -0.004 -9"><span class='ocrx_word' id='word_1_32' title='bbox 140 590 217 634; x_wconf 85' lang='lat' dir='ltr'><strong>nit,</strong></span> <span class='ocrx_word' id='word_1_33' title='bbox 236 599 320 625; x_wconf 90' lang='lat' dir='ltr'><strong>non</strong></span> <span class='ocrx_word' id='word_1_34' title='bbox 340 593 400 625; x_wconf 85' lang='lat' dir='ltr'><strong>est</strong></span> <span class='ocrx_word' id='word_1_35' title='bbox 428 584 599 624; x_wconf 91' lang='lat' dir='ltr'><strong>dubium</strong></span> <span class='ocrx_word' id='word_1_36' title='bbox 621 584 723 636; x_wconf 90' lang='lat' dir='ltr'><strong>quin</strong></span> <span class='ocrx_word' id='word_1_37' title='bbox 746 585 920 624; x_wconf 89' lang='lat' dir='ltr'><strong>materia</strong></span> <span class='ocrx_word' id='word_1_38' title='bbox 955 585 1006 623; x_wconf 86' lang='lat' dir='ltr'><strong>sit</strong></span> <span class='ocrx_word' id='word_1_39' title='bbox 1037 583 1175 635; x_wconf 83' lang='lat' dir='ltr'><strong>gravis</strong></span> 
     </span>
     <span class='ocr_line' id='line_1_7' title="bbox 140 646 1175 694; baseline -0.004 -6"><span class='ocrx_word' id='word_1_40' title='bbox 140 649 338 689; x_wconf 80' lang='lat' dir='ltr'><strong>confectio</strong></span> <span class='ocrx_word' id='word_1_41' title='bbox 358 646 592 686; x_wconf 85' lang='lat' dir='ltr'><strong>testamenti</strong></span> <span class='ocrx_word' id='word_1_42' title='bbox 626 646 712 685; x_wconf 91' lang='lat' dir='ltr'><strong>sine</strong></span> <span class='ocrx_word' id='word_1_43' title='bbox 745 646 926 694; x_wconf 87' lang='lat' dir='ltr'><strong>licentia,</strong></span> <span class='ocrx_word' id='word_1_44' title='bbox 954 650 994 685; x_wconf 89' lang='lat' dir='ltr'><strong>et</strong></span> <span class='ocrx_word' id='word_1_45' title='bbox 1011 658 1063 686; x_wconf 82' lang='lat' dir='ltr'><strong>ex</strong></span> <span class='ocrx_word' id='word_1_46' title='bbox 1098 646 1175 685; x_wconf 87' lang='lat' dir='ltr'><strong>bac</strong></span> 
     </span>
    </p>
   </div>
   <div class='ocr_carea' id='block_1_2' title="bbox 134 707 1173 762">
    <p class='ocr_par' dir='ltr' id='par_1_3' title="bbox 134 707 1173 762">
     <span class='ocr_line' id='line_1_8' title="bbox 134 707 1173 762; baseline -0.003 -13"><span class='ocrx_word' id='word_1_47' title='bbox 134 714 256 762; x_wconf 66' lang='lat' dir='ltr'><strong>÷parte</strong></span> <span class='ocrx_word' id='word_1_48' title='bbox 281 708 484 747; x_wconf 86' lang='lat' dir='ltr'><strong>sufficiens</strong></span> <span class='ocrx_word' id='word_1_49' title='bbox 516 708 567 746; x_wconf 86' lang='lat' dir='ltr'><strong>ad</strong></span> <span class='ocrx_word' id='word_1_50' title='bbox 605 711 816 759; x_wconf 87' lang='lat' dir='ltr'><strong>peccatum</strong></span> <span class='ocrx_word' id='word_1_51' title='bbox 851 707 1052 756; x_wconf 83' lang='lat' dir='ltr'><strong>mortale3</strong></span> <span class='ocrx_word' id='word_1_52' title='bbox 1089 718 1173 746; x_wconf 89' lang='lat' dir='ltr'><strong>non</strong></span> 
     </span>
    </p>
   </div>
   <div class='ocr_carea' id='block_1_3' title="bbox 139 768 1172 820">
    <p class='ocr_par' dir='ltr' id='par_1_4' title="bbox 139 768 1172 820">
     <span class='ocr_line' id='line_1_9' title="bbox 139 768 1172 820; baseline -0.003 -11"><span class='ocrx_word' id='word_1_53' title='bbox 139 770 306 810; x_wconf 87' lang='lat' dir='ltr'><strong>invenio</strong></span> <span class='ocrx_word' id='word_1_54' title='bbox 319 774 457 808; x_wconf 88' lang='lat' dir='ltr'><strong>tamen</strong></span> <span class='ocrx_word' id='word_1_55' title='bbox 470 780 703 820; x_wconf 83' lang='lat' dir='ltr'><strong>expressam</strong></span> <span class='ocrx_word' id='word_1_56' title='bbox 723 768 1054 820; x_wconf 88' lang='lat' dir='ltr'><strong>prohibitionem,</strong></span> <span class='ocrx_word' id='word_1_57' title='bbox 1079 778 1172 818; x_wconf 80' lang='lat' dir='ltr'><strong>quae</strong></span> 
     </span>
    </p>
   </div>
   <div class='ocr_carea' id='block_1_4' title="bbox 133 829 1173 942">
    <p class='ocr_par' dir='ltr' id='par_1_5' title="bbox 133 829 1173 942">
     <span class='ocr_line' id='line_1_10' title="bbox 134 829 1173 882; baseline -0.001 -14"><span class='ocrx_word' id='word_1_58' title='bbox 134 831 185 871; x_wconf 69' lang='lat' dir='ltr'><strong>:in</strong></span> <span class='ocrx_word' id='word_1_59' title='bbox 205 832 246 869; x_wconf 90' lang='lat' dir='ltr'><strong>vi</strong></span> <span class='ocrx_word' id='word_1_60' title='bbox 272 831 462 882; x_wconf 82' lang='lat' dir='ltr'><strong>praecepti</strong></span> <span class='ocrx_word' id='word_1_61' title='bbox 481 831 587 869; x_wconf 87' lang='lat' dir='ltr'><strong>eirca</strong></span> <span class='ocrx_word' id='word_1_62' title='bbox 606 830 683 869; x_wconf 90' lang='grc'><strong>1100</strong></span> <span class='ocrx_word' id='word_1_63' title='bbox 703 830 895 881; x_wconf 88' lang='lat' dir='ltr'><strong>imposita</strong></span> <span class='ocrx_word' id='word_1_64' title='bbox 915 830 966 868; x_wconf 86' lang='lat' dir='ltr'><strong>sit</strong></span> <span class='ocrx_word' id='word_1_65' title='bbox 984 844 994 877; x_wconf 92' lang='lat'>;</span> <span class='ocrx_word' id='word_1_66' title='bbox 1014 833 1054 868; x_wconf 87' lang='lat' dir='ltr'><strong>et</strong></span> <span class='ocrx_word' id='word_1_67' title='bbox 1081 829 1173 868; x_wconf 90' lang='lat' dir='ltr'><strong>ideo</strong></span> 
     </span>
     <span class='ocr_line' id='line_1_11' title="bbox 133 892 1172 942; baseline -0.003 -11"><span class='ocrx_word' id='word_1_68' title='bbox 133 903 224 932; x_wconf 78' lang='lat' dir='ltr'><strong>non</strong></span> <span class='ocrx_word' id='word_1_69' title='bbox 243 893 406 931; x_wconf 87' lang='lat' dir='ltr'><strong>videtur</strong></span> <span class='ocrx_word' id='word_1_70' title='bbox 419 904 503 931; x_wconf 87' lang='lat' dir='ltr'><strong>esse</strong></span> <span class='ocrx_word' id='word_1_71' title='bbox 523 904 573 931; x_wconf 84' lang='lat' dir='ltr'><strong>ex</strong></span> <span class='ocrx_word' id='word_1_72' title='bbox 586 892 662 930; x_wconf 87' lang='lat' dir='ltr'><strong>hoc</strong></span> <span class='ocrx_word' id='word_1_73' title='bbox 681 892 812 942; x_wconf 88' lang='lat' dir='ltr'><strong>capite</strong></span> <span class='ocrx_word' id='word_1_74' title='bbox 827 903 900 942; x_wconf 90' lang='lat' dir='ltr'><strong>per</strong></span> <span class='ocrx_word' id='word_1_75' title='bbox 910 902 950 929; x_wconf 89' lang='lat' dir='ltr'><strong>se</strong></span> <span class='ocrx_word' id='word_1_76' title='bbox 962 893 1172 940; x_wconf 90' lang='lat' dir='ltr'><strong>peccatum</strong></span> 
     </span>
    </p>
   </div>
   <div class='ocr_carea' id='block_1_5' title="bbox 132 951 1173 3633">
    <p class='ocr_par' dir='ltr' id='par_1_6' title="bbox 134 951 1173 1850">
     <span class='ocr_line' id='line_1_12' title="bbox 139 951 1173 1004; baseline -0.003 -11"><span class='ocrx_word' id='word_1_77' title='bbox 139 954 328 1003; x_wconf 80' lang='lat' dir='ltr'><strong>mortale,</strong></span> <span class='ocrx_word' id='word_1_78' title='bbox 347 954 445 1004; x_wconf 90' lang='lat' dir='ltr'><strong>quia</strong></span> <span class='ocrx_word' id='word_1_79' title='bbox 469 958 609 992; x_wconf 85' lang='lat' dir='ltr'><strong>votum</strong></span> <span class='ocrx_word' id='word_1_80' title='bbox 638 953 879 992; x_wconf 72' lang='lat' dir='ltr'><strong>obedientiae</strong></span> <span class='ocrx_word' id='word_1_81' title='bbox 893 964 977 990; x_wconf 90' lang='lat' dir='ltr'><strong>non</strong></span> <span class='ocrx_word' id='word_1_82' title='bbox 995 952 1052 990; x_wconf 86' lang='lat' dir='ltr'><strong>ita</strong></span> <span class='ocrx_word' id='word_1_83' title='bbox 1071 951 1173 991; x_wconf 88' lang='lat' dir='ltr'><strong>obli-</strong></span> 
     </span>
     <span class='ocr_line' id='line_1_13' title="bbox 139 1013 1170 1067; baseline -0.001 -13"><span class='ocrx_word' id='word_1_84' title='bbox 139 1020 225 1067; x_wconf 81' lang='lat' dir='ltr'><strong>gat,</strong></span> <span class='ocrx_word' id='word_1_85' title='bbox 250 1016 372 1054; x_wconf 83' lang='lat' dir='ltr'><strong>etiarn</strong></span> <span class='ocrx_word' id='word_1_86' title='bbox 408 1016 451 1053; x_wconf 90' lang='lat' dir='ltr'><strong>in</strong></span> <span class='ocrx_word' id='word_1_87' title='bbox 490 1014 661 1053; x_wconf 82' lang='lat' dir='ltr'><strong>materia</strong></span> <span class='ocrx_word' id='word_1_88' title='bbox 697 1014 833 1065; x_wconf 90' lang='lat' dir='ltr'><strong>gravi,</strong></span> <span class='ocrx_word' id='word_1_89' title='bbox 852 1013 931 1052; x_wconf 91' lang='lat' dir='ltr'><strong>nisi</strong></span> <span class='ocrx_word' id='word_1_90' title='bbox 962 1013 1170 1065; x_wconf 86' lang='lat' dir='ltr'><strong>proprium</strong></span> 
     </span>
     <span class='ocr_line' id='line_1_14' title="bbox 138 1075 1172 1129; baseline -0.002 -13"><span class='ocrx_word' id='word_1_91' title='bbox 138 1082 384 1129; x_wconf 66' lang='lat' dir='ltr'><strong>praeceptum</strong></span> <span class='ocrx_word' id='word_1_92' title='bbox 424 1076 684 1115; x_wconf 84' lang='lat' dir='ltr'><strong>interveniat.</strong></span> <span class='ocrx_word' id='word_1_93' title='bbox 742 1075 999 1125; x_wconf 84' lang='lat' dir='ltr'><strong>Regulariter</strong></span> <span class='ocrx_word' id='word_1_94' title='bbox 1032 1082 1172 1114; x_wconf 76' lang='lat' dir='ltr'><strong>tamen</strong></span> 
     </span>
     <span class='ocr_line' id='line_1_15' title="bbox 138 1136 1168 1189; baseline -0.003 -12"><span class='ocrx_word' id='word_1_95' title='bbox 138 1138 357 1189; x_wconf 87' lang='lat' dir='ltr'><strong>loquendo,</strong></span> <span class='ocrx_word' id='word_1_96' title='bbox 377 1151 449 1189; x_wconf 90' lang='lat' dir='ltr'><strong>per</strong></span> <span class='ocrx_word' id='word_1_97' title='bbox 488 1137 688 1186; x_wconf 88' lang='lat' dir='ltr'><strong>accidens,</strong></span> <span class='ocrx_word' id='word_1_98' title='bbox 707 1140 747 1175; x_wconf 87' lang='lat' dir='ltr'><strong>et</strong></span> <span class='ocrx_word' id='word_1_99' title='bbox 781 1138 940 1176; x_wconf 87' lang='lat' dir='ltr'><strong>ratione</strong></span> <span class='ocrx_word' id='word_1_100' title='bbox 974 1136 1168 1184; x_wconf 80' lang='lat' dir='ltr'><strong>scandali,</strong></span> 
     </span>
     <span class='ocr_line' id='line_1_16' title="bbox 134 1194 1172 1251; baseline -0.004 -12"><span class='ocrx_word' id='word_1_101' title='bbox 134 1194 209 1239; x_wconf 77' lang='lat' dir='ltr'><strong>&#39;vix</strong></span> <span class='ocrx_word' id='word_1_102' title='bbox 228 1200 376 1251; x_wconf 88' lang='lat' dir='ltr'><strong>poterit</strong></span> <span class='ocrx_word' id='word_1_103' title='bbox 395 1199 486 1238; x_wconf 89' lang='lat' dir='ltr'><strong>talis</strong></span> <span class='ocrx_word' id='word_1_104' title='bbox 519 1203 633 1237; x_wconf 87' lang='lat' dir='ltr'><strong>actus</strong></span> <span class='ocrx_word' id='word_1_105' title='bbox 664 1198 849 1238; x_wconf 81' lang='lat' dir='ltr'><strong>excusari</strong></span> <span class='ocrx_word' id='word_1_106' title='bbox 880 1210 904 1236; x_wconf 86' lang='lat' dir='ltr'><strong>a</strong></span> <span class='ocrx_word' id='word_1_107' title='bbox 923 1197 1042 1248; x_wconf 87' lang='lat' dir='ltr'><strong>culpa</strong></span> <span class='ocrx_word' id='word_1_108' title='bbox 1064 1208 1172 1236; x_wconf 88' lang='lat' dir='ltr'><strong>mor-</strong></span> 
     </span>
     <span class='ocr_line' id='line_1_17' title="bbox 138 1260 1172 1311; baseline -0.004 -11"><span class='ocrx_word' id='word_1_109' title='bbox 138 1261 225 1307; x_wconf 80' lang='lat' dir='ltr'><strong>tali,</strong></span> <span class='ocrx_word' id='word_1_110' title='bbox 247 1265 334 1299; x_wconf 91' lang='lat' dir='ltr'><strong>tum</strong></span> <span class='ocrx_word' id='word_1_111' title='bbox 356 1265 521 1311; x_wconf 89' lang='lat' dir='ltr'><strong>propter</strong></span> <span class='ocrx_word' id='word_1_112' title='bbox 539 1260 788 1311; x_wconf 85' lang='lat' dir='ltr'><strong>exemplum,</strong></span> <span class='ocrx_word' id='word_1_113' title='bbox 811 1263 849 1297; x_wconf 84' lang='lat' dir='ltr'><strong>et</strong></span> <span class='ocrx_word' id='word_1_114' title='bbox 868 1270 1084 1298; x_wconf 89' lang='lat' dir='ltr'><strong>commune</strong></span> <span class='ocrx_word' id='word_1_115' title='bbox 1101 1269 1172 1297; x_wconf 89' lang='lat' dir='ltr'><strong>no-</strong></span> 
     </span>
     <span class='ocr_line' id='line_1_18' title="bbox 134 1314 1171 1372; baseline -0.002 -12"><span class='ocrx_word' id='word_1_116' title='bbox 134 1314 375 1362; x_wconf 61' lang='lat' dir='ltr'><strong>³cumentum</strong></span> <span class='ocrx_word' id='word_1_117' title='bbox 396 1322 624 1372; x_wconf 87' lang='lat' dir='ltr'><strong>religionis;</strong></span> <span class='ocrx_word' id='word_1_118' title='bbox 647 1325 736 1359; x_wconf 90' lang='lat' dir='ltr'><strong>tum</strong></span> <span class='ocrx_word' id='word_1_119' title='bbox 773 1321 898 1360; x_wconf 89' lang='lat' dir='ltr'><strong>etiam</strong></span> <span class='ocrx_word' id='word_1_120' title='bbox 929 1320 1026 1371; x_wconf 83' lang='lat' dir='ltr'><strong>quia</strong></span> <span class='ocrx_word' id='word_1_121' title='bbox 1048 1319 1171 1358; x_wconf 87' lang='lat' dir='ltr'><strong>habet</strong></span> 
     </span>
     <span class='ocr_line' id='line_1_19' title="bbox 138 1382 1172 1435; baseline -0.003 -13"><span class='ocrx_word' id='word_1_122' title='bbox 138 1383 358 1435; x_wconf 85' lang='lat' dir='ltr'><strong>quamdam</strong></span> <span class='ocrx_word' id='word_1_123' title='bbox 382 1384 558 1434; x_wconf 83' lang='lat' dir='ltr'><strong>speciem</strong></span> <span class='ocrx_word' id='word_1_124' title='bbox 578 1395 650 1421; x_wconf 89' lang='lat' dir='ltr'><strong>seu</strong></span> <span class='ocrx_word' id='word_1_125' title='bbox 683 1383 964 1434; x_wconf 81' lang='lat' dir='ltr'><strong>apparentiam</strong></span> <span class='ocrx_word' id='word_1_126' title='bbox 992 1382 1172 1433; x_wconf 83' lang='lat' dir='ltr'><strong>proprie-</strong></span> 
     </span>
     <span class='ocr_line' id='line_1_20' title="bbox 135 1442 1168 1503; baseline -0.002 -21"><span class='ocrx_word' id='word_1_127' title='bbox 135 1445 249 1503; x_wconf 61' lang='lat' dir='ltr'><strong>tatis,</strong></span> <span class='ocrx_word' id='word_1_128' title='bbox 270 1455 340 1483; x_wconf 90' lang='lat' dir='ltr'><strong>seu</strong></span> <span class='ocrx_word' id='word_1_129' title='bbox 360 1456 456 1482; x_wconf 91' lang='lat' dir='ltr'><strong>usus</strong></span> <span class='ocrx_word' id='word_1_130' title='bbox 487 1444 736 1495; x_wconf 90' lang='lat' dir='ltr'><strong>appropriati</strong></span> <span class='ocrx_word' id='word_1_131' title='bbox 762 1444 806 1482; x_wconf 90' lang='lat' dir='ltr'><strong>in</strong></span> <span class='ocrx_word' id='word_1_132' title='bbox 829 1442 1002 1482; x_wconf 85' lang='lat' dir='ltr'><strong>materia</strong></span> <span class='ocrx_word' id='word_1_133' title='bbox 1040 1443 1168 1493; x_wconf 86' lang='lat' dir='ltr'><strong>gravi.</strong></span> 
     </span>
     <span class='ocr_line' id='line_1_21' title="bbox 138 1504 1170 1556; baseline -0.002 -12"><span class='ocrx_word' id='word_1_134' title='bbox 138 1505 223 1544; x_wconf 88' lang='lat' dir='ltr'><strong>Hoc</strong></span> <span class='ocrx_word' id='word_1_135' title='bbox 242 1510 378 1544; x_wconf 89' lang='lat' dir='ltr'><strong>autem</strong></span> <span class='ocrx_word' id='word_1_136' title='bbox 400 1507 576 1545; x_wconf 81' lang='lat' dir='ltr'><strong>maxime</strong></span> <span class='ocrx_word' id='word_1_137' title='bbox 595 1507 796 1556; x_wconf 81' lang='lat' dir='ltr'><strong>intelligo,</strong></span> <span class='ocrx_word' id='word_1_138' title='bbox 819 1505 983 1556; x_wconf 85' lang='lat' dir='ltr'><strong>qnando</strong></span> <span class='ocrx_word' id='word_1_139' title='bbox 1004 1504 1170 1555; x_wconf 88' lang='lat' dir='ltr'><strong>disposi-</strong></span> 
     </span>
     <span class='ocr_line' id='line_1_22' title="bbox 138 1565 1171 1615; baseline -0.002 -11"><span class='ocrx_word' id='word_1_140' title='bbox 138 1567 195 1604; x_wconf 87' lang='lat' dir='ltr'><strong>tio</strong></span> <span class='ocrx_word' id='word_1_141' title='bbox 216 1568 445 1605; x_wconf 82' lang='lat' dir='ltr'><strong>testamenti</strong></span> <span class='ocrx_word' id='word_1_142' title='bbox 477 1575 580 1606; x_wconf 87' lang='lat' dir='ltr'><strong>esset</strong></span> <span class='ocrx_word' id='word_1_143' title='bbox 602 1568 646 1606; x_wconf 91' lang='lat' dir='ltr'><strong>in</strong></span> <span class='ocrx_word' id='word_1_144' title='bbox 677 1567 898 1605; x_wconf 84' lang='lat' dir='ltr'><strong>utilitatem</strong></span> <span class='ocrx_word' id='word_1_145' title='bbox 929 1565 1171 1615; x_wconf 85' lang='lat' dir='ltr'><strong>consangui-</strong></span> 
     </span>
     <span class='ocr_line' id='line_1_23' title="bbox 137 1628 1173 1679; baseline -0.002 -14"><span class='ocrx_word' id='word_1_146' title='bbox 137 1638 328 1676; x_wconf 84' lang='lat' dir='ltr'><strong>neorum,</strong></span> <span class='ocrx_word' id='word_1_147' title='bbox 346 1628 408 1666; x_wconf 92' lang='lat' dir='ltr'><strong>vel</strong></span> <span class='ocrx_word' id='word_1_148' title='bbox 430 1629 473 1666; x_wconf 92' lang='lat' dir='ltr'><strong>in</strong></span> <span class='ocrx_word' id='word_1_149' title='bbox 493 1628 573 1667; x_wconf 88' lang='lat' dir='ltr'><strong>alia</strong></span> <span class='ocrx_word' id='word_1_150' title='bbox 608 1640 731 1679; x_wconf 89' lang='lat' dir='ltr'><strong>opera</strong></span> <span class='ocrx_word' id='word_1_151' title='bbox 767 1628 952 1679; x_wconf 87' lang='lat' dir='ltr'><strong>profana,</strong></span> <span class='ocrx_word' id='word_1_152' title='bbox 985 1639 1054 1665; x_wconf 89' lang='lat' dir='ltr'><strong>seu</strong></span> <span class='ocrx_word' id='word_1_153' title='bbox 1089 1637 1173 1664; x_wconf 89' lang='lat' dir='ltr'><strong>non</strong></span> 
     </span>
     <span class='ocr_line' id='line_1_24' title="bbox 138 1686 1173 1740; baseline -0.001 -14"><span class='ocrx_word' id='word_1_154' title='bbox 138 1688 205 1739; x_wconf 86' lang='lat' dir='ltr'><strong>pia</strong></span> <span class='ocrx_word' id='word_1_155' title='bbox 217 1699 229 1737; x_wconf 80' lang='lat'>3</span> <span class='ocrx_word' id='word_1_156' title='bbox 252 1701 349 1728; x_wconf 84' lang='lat' dir='ltr'><strong>nam</strong></span> <span class='ocrx_word' id='word_1_157' title='bbox 369 1689 401 1727; x_wconf 91' lang='lat' dir='ltr'><strong>si</strong></span> <span class='ocrx_word' id='word_1_158' title='bbox 416 1694 519 1728; x_wconf 88' lang='lat' dir='ltr'><strong>esset</strong></span> <span class='ocrx_word' id='word_1_159' title='bbox 535 1690 579 1727; x_wconf 90' lang='lat' dir='ltr'><strong>in</strong></span> <span class='ocrx_word' id='word_1_160' title='bbox 601 1690 668 1740; x_wconf 93' lang='lat' dir='ltr'><strong>pia</strong></span> <span class='ocrx_word' id='word_1_161' title='bbox 688 1701 825 1740; x_wconf 88' lang='lat' dir='ltr'><strong>opera,</strong></span> <span class='ocrx_word' id='word_1_162' title='bbox 848 1688 968 1727; x_wconf 88' lang='lat' dir='ltr'><strong>facile</strong></span> <span class='ocrx_word' id='word_1_163' title='bbox 984 1686 1173 1738; x_wconf 79' lang='lat' dir='ltr'><strong>praesumi</strong></span> 
     </span>
     <span class='ocr_line' id='line_1_25' title="bbox 137 1749 1172 1802; baseline -0.003 -12"><span class='ocrx_word' id='word_1_164' title='bbox 137 1755 275 1802; x_wconf 81' lang='lat' dir='ltr'><strong>posset</strong></span> <span class='ocrx_word' id='word_1_165' title='bbox 293 1750 527 1790; x_wconf 79' lang='lat' dir='ltr'><strong>ratihabitio</strong></span> <span class='ocrx_word' id='word_1_166' title='bbox 545 1751 790 1801; x_wconf 85' lang='lat' dir='ltr'><strong>Superioris,</strong></span> <span class='ocrx_word' id='word_1_167' title='bbox 807 1749 996 1801; x_wconf 87' lang='lat' dir='ltr'><strong>quamvis</strong></span> <span class='ocrx_word' id='word_1_168' title='bbox 1012 1760 1172 1801; x_wconf 86' lang='lat' dir='ltr'><strong>semper</strong></span> 
     </span>
     <span class='ocr_line' id='line_1_26' title="bbox 138 1812 450 1850; baseline -0.003 0"><span class='ocrx_word' id='word_1_169' title='bbox 138 1812 370 1850; x_wconf 88' lang='lat' dir='ltr'><strong>timendum</strong></span> <span class='ocrx_word' id='word_1_170' title='bbox 387 1813 450 1850; x_wconf 87' lang='lat' dir='ltr'><strong>sit.</strong></span> 
     </span>
    </p>

    <p class='ocr_par' dir='ltr' id='par_1_7' title="bbox 132 1870 1173 3633">
     <span class='ocr_line' id='line_1_27' title="bbox 195 1870 1172 1922; baseline 0 -11"><span class='ocrx_word' id='word_1_171' title='bbox 195 1873 257 1911; x_wconf 84' lang='grc'><strong>16.</strong></span> <span class='ocrx_word' id='word_1_172' title='bbox 294 1871 522 1912; x_wconf 76' lang='lat' dir='ltr'><strong>Secundum</strong></span> <span class='ocrx_word' id='word_1_173' title='bbox 539 1871 811 1919; x_wconf 78' lang='lat' dir='ltr'><strong>corollarium,</strong></span> <span class='ocrx_word' id='word_1_174' title='bbox 834 1882 908 1922; x_wconf 78' lang='lat' dir='ltr'><strong>qao</strong></span> <span class='ocrx_word' id='word_1_175' title='bbox 935 1870 1088 1920; x_wconf 75' lang='lat' dir='ltr'><strong>satisfit</strong></span> <span class='ocrx_word' id='word_1_176' title='bbox 1118 1871 1172 1911; x_wconf 73' lang='grc' dir='ltr'><strong>εἰ·</strong></span> 
     </span>
     <span class='ocr_line' id='line_1_28' title="bbox 140 1932 1172 1983; baseline -0.001 -10"><span class='ocrx_word' id='word_1_177' title='bbox 140 1933 225 1974; x_wconf 82' lang='lat' dir='ltr'><strong>dem</strong></span> <span class='ocrx_word' id='word_1_178' title='bbox 245 1933 541 1982; x_wconf 76' lang='lat' dir='ltr'><strong>confirmationi</strong></span> <span class='ocrx_word' id='word_1_179' title='bbox 559 1934 603 1972; x_wconf 79' lang='lat' dir='ltr'><strong>in</strong></span> <span class='ocrx_word' id='word_1_180' title='bbox 629 1943 788 1972; x_wconf 76' lang='lat' dir='ltr'><strong>numero</strong></span> <span class='ocrx_word' id='word_1_181' title='bbox 813 1932 883 1970; x_wconf 77' lang='lat' dir='ltr'><strong>illo</strong></span> <span class='ocrx_word' id='word_1_182' title='bbox 902 1943 1019 1980; x_wconf 72' lang='lat' dir='ltr'><strong>nono,</strong></span> <span class='ocrx_word' id='word_1_183' title='bbox 1039 1943 1172 1983; x_wconf 82' lang='lat' dir='ltr'><strong>qaam—</strong></span> 
     </span>
     <span class='ocr_line' id='line_1_29' title="bbox 135 1992 1169 2043; baseline -0.005 -8"><span class='ocrx_word' id='word_1_184' title='bbox 135 1999 226 2035; x_wconf 79' lang='lat' dir='ltr'><strong>·tum</strong></span> <span class='ocrx_word' id='word_1_185' title='bbox 255 1995 307 2034; x_wconf 83' lang='lat' dir='ltr'><strong>ad</strong></span> <span class='ocrx_word' id='word_1_186' title='bbox 341 1995 526 2034; x_wconf 72' lang='lat' dir='ltr'><strong>novitios.</strong></span> <span class='ocrx_word' id='word_1_187' title='bbox 547 1993 765 2033; x_wconf 91' lang='lat' dir='ltr'><strong>—Ultimo</strong></span> <span class='ocrx_word' id='word_1_188' title='bbox 785 2004 834 2031; x_wconf 83' lang='lat' dir='ltr'><strong>ex</strong></span> <span class='ocrx_word' id='word_1_189' title='bbox 861 1992 978 2031; x_wconf 83' lang='lat' dir='ltr'><strong>dictis</strong></span> <span class='ocrx_word' id='word_1_190' title='bbox 1008 1993 1169 2043; x_wconf 86' lang='lat' dir='ltr'><strong>colligo,</strong></span> 
     </span>
     <span class='ocr_line' id='line_1_30' title="bbox 134 2039 1173 2108; baseline -0.002 -14"><span class='ocrx_word' id='word_1_191' title='bbox 134 2039 238 2108; x_wconf 70' lang='lat' dir='ltr'><strong>&#39;quid</strong></span> <span class='ocrx_word' id='word_1_192' title='bbox 261 2056 476 2095; x_wconf 84' lang='lat' dir='ltr'><strong>dicendum</strong></span> <span class='ocrx_word' id='word_1_193' title='bbox 493 2056 545 2094; x_wconf 90' lang='lat' dir='ltr'><strong>sit</strong></span> <span class='ocrx_word' id='word_1_194' title='bbox 567 2055 617 2094; x_wconf 92' lang='lat' dir='ltr'><strong>de</strong></span> <span class='ocrx_word' id='word_1_195' title='bbox 638 2054 817 2101; x_wconf 89' lang='lat' dir='ltr'><strong>novitiis,</strong></span> <span class='ocrx_word' id='word_1_196' title='bbox 854 2054 887 2092; x_wconf 89' lang='lat' dir='ltr'><strong>si</strong></span> <span class='ocrx_word' id='word_1_197' title='bbox 913 2058 1006 2092; x_wconf 90' lang='lat' dir='ltr'><strong>ante</strong></span> <span class='ocrx_word' id='word_1_198' title='bbox 1027 2054 1173 2092; x_wconf 86' lang='lat' dir='ltr'><strong>emissa</strong></span> 
     </span>
     <span class='ocr_line' id='line_1_31' title="bbox 134 2115 1172 2166; baseline -0.002 -10"><span class='ocrx_word' id='word_1_199' title='bbox 134 2122 250 2166; x_wconf 80' lang='lat' dir='ltr'><strong>vota,</strong></span> <span class='ocrx_word' id='word_1_200' title='bbox 281 2118 324 2156; x_wconf 91' lang='lat' dir='ltr'><strong>in</strong></span> <span class='ocrx_word' id='word_1_201' title='bbox 343 2118 520 2156; x_wconf 83' lang='lat' dir='ltr'><strong>secundo</strong></span> <span class='ocrx_word' id='word_1_202' title='bbox 550 2117 771 2155; x_wconf 85' lang='lat' dir='ltr'><strong>novitiatus</strong></span> <span class='ocrx_word' id='word_1_203' title='bbox 796 2127 919 2164; x_wconf 90' lang='lat' dir='ltr'><strong>anno,</strong></span> <span class='ocrx_word' id='word_1_204' title='bbox 946 2115 1072 2154; x_wconf 90' lang='lat' dir='ltr'><strong>inscio</strong></span> <span class='ocrx_word' id='word_1_205' title='bbox 1099 2116 1172 2154; x_wconf 89' lang='lat' dir='ltr'><strong>Su-</strong></span> 
     </span>
     <span class='ocr_line' id='line_1_32' title="bbox 134 2177 1171 2229; baseline -0.002 -12"><span class='ocrx_word' id='word_1_206' title='bbox 134 2180 314 2229; x_wconf 69' lang='lat' dir='ltr'><strong>3periore,</strong></span> <span class='ocrx_word' id='word_1_207' title='bbox 338 2182 626 2218; x_wconf 88' lang='lat' dir='ltr'><strong>testamentum</strong></span> <span class='ocrx_word' id='word_1_208' title='bbox 650 2177 841 2216; x_wconf 86' lang='lat' dir='ltr'><strong>condant.</strong></span> <span class='ocrx_word' id='word_1_209' title='bbox 876 2178 1025 2227; x_wconf 84' lang='lat' dir='ltr'><strong>Negari</strong></span> <span class='ocrx_word' id='word_1_210' title='bbox 1060 2178 1171 2216; x_wconf 91' lang='lat' dir='ltr'><strong>enim</strong></span> 
     </span>
     <span class='ocr_line' id='line_1_33' title="bbox 138 2238 1171 2290; baseline -0.002 -12"><span class='ocrx_word' id='word_1_211' title='bbox 138 2251 222 2279; x_wconf 90' lang='lat' dir='ltr'><strong>non</strong></span> <span class='ocrx_word' id='word_1_212' title='bbox 245 2244 372 2290; x_wconf 86' lang='lat' dir='ltr'><strong>potest</strong></span> <span class='ocrx_word' id='word_1_213' title='bbox 392 2241 492 2290; x_wconf 88' lang='lat' dir='ltr'><strong>quin</strong></span> <span class='ocrx_word' id='word_1_214' title='bbox 523 2238 752 2278; x_wconf 86' lang='lat' dir='ltr'><strong>inordinate</strong></span> <span class='ocrx_word' id='word_1_215' title='bbox 783 2239 935 2277; x_wconf 83' lang='lat' dir='ltr'><strong>factum</strong></span> <span class='ocrx_word' id='word_1_216' title='bbox 967 2238 1033 2286; x_wconf 86' lang='lat' dir='ltr'><strong>sit,</strong></span> <span class='ocrx_word' id='word_1_217' title='bbox 1074 2239 1171 2288; x_wconf 89' lang='lat' dir='ltr'><strong>quia</strong></span> 
     </span>
     <span class='ocr_line' id='line_1_34' title="bbox 140 2300 1167 2351; baseline -0.003 -11"><span class='ocrx_word' id='word_1_218' title='bbox 140 2302 264 2341; x_wconf 89' lang='lat' dir='ltr'><strong>etiam</strong></span> <span class='ocrx_word' id='word_1_219' title='bbox 285 2301 462 2339; x_wconf 89' lang='lat' dir='ltr'><strong>novitius</strong></span> <span class='ocrx_word' id='word_1_220' title='bbox 480 2300 814 2351; x_wconf 83' lang='lat' dir='ltr'><strong>debet‚quamdiu</strong></span> <span class='ocrx_word' id='word_1_221' title='bbox 833 2300 874 2338; x_wconf 91' lang='lat' dir='ltr'><strong>in</strong></span> <span class='ocrx_word' id='word_1_222' title='bbox 890 2311 937 2338; x_wconf 92' lang='lat' dir='ltr'><strong>eo</strong></span> <span class='ocrx_word' id='word_1_223' title='bbox 958 2303 1062 2337; x_wconf 88' lang='lat' dir='ltr'><strong>statu</strong></span> <span class='ocrx_word' id='word_1_224' title='bbox 1075 2311 1167 2350; x_wconf 86' lang='lat' dir='ltr'><strong>per-</strong></span> 
     </span>
     <span class='ocr_line' id='line_1_35' title="bbox 134 2359 1169 2408; baseline -0.002 -9"><span class='ocrx_word' id='word_1_225' title='bbox 134 2367 294 2408; x_wconf 85' lang='lat' dir='ltr'><strong>manet,</strong></span> <span class='ocrx_word' id='word_1_226' title='bbox 316 2374 476 2401; x_wconf 88' lang='lat' dir='ltr'><strong>servare</strong></span> <span class='ocrx_word' id='word_1_227' title='bbox 498 2362 677 2401; x_wconf 82' lang='lat' dir='ltr'><strong>debitam</strong></span> <span class='ocrx_word' id='word_1_228' title='bbox 704 2360 1082 2399; x_wconf 83' lang='lat' dir='ltr'><strong>subordinationem</strong></span> <span class='ocrx_word' id='word_1_229' title='bbox 1118 2359 1169 2398; x_wconf 89' lang='lat' dir='ltr'><strong>ad</strong></span> 
     </span>
     <span class='ocr_line' id='line_1_36' title="bbox 139 2421 1169 2474; baseline -0.004 -11"><span class='ocrx_word' id='word_1_230' title='bbox 139 2424 416 2474; x_wconf 81' lang='lat' dir='ltr'><strong>Superiorem,</strong></span> <span class='ocrx_word' id='word_1_231' title='bbox 438 2423 662 2474; x_wconf 82' lang='lat' dir='ltr'><strong>praesertim</strong></span> <span class='ocrx_word' id='word_1_232' title='bbox 686 2422 731 2461; x_wconf 92' lang='lat' dir='ltr'><strong>in</strong></span> <span class='ocrx_word' id='word_1_233' title='bbox 751 2434 794 2459; x_wconf 91' lang='lat' dir='ltr'><strong>re</strong></span> <span class='ocrx_word' id='word_1_234' title='bbox 813 2425 896 2460; x_wconf 88' lang='lat' dir='ltr'><strong>tam</strong></span> <span class='ocrx_word' id='word_1_235' title='bbox 913 2421 1040 2471; x_wconf 83' lang='lat' dir='ltr'><strong>gravi.</strong></span> <span class='ocrx_word' id='word_1_236' title='bbox 1073 2421 1169 2460; x_wconf 81' lang='lat' dir='ltr'><strong>Haec</strong></span> 
     </span>
     <span class='ocr_line' id='line_1_37' title="bbox 139 2483 1171 2535; baseline -0.004 -11"><span class='ocrx_word' id='word_1_237' title='bbox 139 2489 276 2524; x_wconf 85' lang='lat' dir='ltr'><strong>autem</strong></span> <span class='ocrx_word' id='word_1_238' title='bbox 297 2485 491 2535; x_wconf 82' lang='lat' dir='ltr'><strong>obligatio</strong></span> <span class='ocrx_word' id='word_1_239' title='bbox 508 2484 650 2534; x_wconf 84' lang='lat' dir='ltr'><strong>incipit</strong></span> <span class='ocrx_word' id='word_1_240' title='bbox 678 2483 721 2521; x_wconf 93' lang='lat' dir='ltr'><strong>in</strong></span> <span class='ocrx_word' id='word_1_241' title='bbox 741 2483 827 2533; x_wconf 89' lang='lat' dir='ltr'><strong>ipso</strong></span> <span class='ocrx_word' id='word_1_242' title='bbox 866 2483 1083 2528; x_wconf 88' lang='lat' dir='ltr'><strong>novitiatu,</strong></span> <span class='ocrx_word' id='word_1_243' title='bbox 1122 2485 1171 2520; x_wconf 84' lang='lat' dir='ltr'><strong>ut</strong></span> 
     </span>
     <span class='ocr_line' id='line_1_38' title="bbox 138 2544 1167 2596; baseline -0.003 -12"><span class='ocrx_word' id='word_1_244' title='bbox 138 2557 227 2596; x_wconf 84' lang='lat' dir='ltr'><strong>cap.</strong></span> <span class='ocrx_word' id='word_1_245' title='bbox 249 2550 410 2596; x_wconf 82' lang='lat' dir='ltr'><strong>quarto,</strong></span> <span class='ocrx_word' id='word_1_246' title='bbox 448 2557 619 2583; x_wconf 89' lang='lat' dir='ltr'><strong>numero</strong></span> <span class='ocrx_word' id='word_1_247' title='bbox 639 2544 795 2582; x_wconf 89' lang='lat' dir='ltr'><strong>decimo</strong></span> <span class='ocrx_word' id='word_1_248' title='bbox 822 2545 1009 2595; x_wconf 89' lang='lat' dir='ltr'><strong>septimo,</strong></span> <span class='ocrx_word' id='word_1_249' title='bbox 1032 2544 1167 2582; x_wconf 88' lang='lat' dir='ltr'><strong>visum</strong></span> 
     </span>
     <span class='ocr_line' id='line_1_39' title="bbox 132 2604 1167 2661; baseline -0.003 -15"><span class='ocrx_word' id='word_1_250' title='bbox 132 2604 211 2661; x_wconf 52' lang='lat' dir='ltr'><strong>fest.</strong></span> <span class='ocrx_word' id='word_1_251' title='bbox 239 2608 288 2645; x_wconf 85' lang='lat' dir='ltr'><strong>Et</strong></span> <span class='ocrx_word' id='word_1_252' title='bbox 307 2607 396 2645; x_wconf 88' lang='lat' dir='ltr'><strong>ideo</strong></span> <span class='ocrx_word' id='word_1_253' title='bbox 417 2619 466 2645; x_wconf 81' lang='lat' dir='ltr'><strong>ex</strong></span> <span class='ocrx_word' id='word_1_254' title='bbox 486 2607 561 2645; x_wconf 89' lang='lat' dir='ltr'><strong>hoc</strong></span> <span class='ocrx_word' id='word_1_255' title='bbox 578 2606 709 2657; x_wconf 87' lang='lat' dir='ltr'><strong>capite</strong></span> <span class='ocrx_word' id='word_1_256' title='bbox 733 2617 815 2643; x_wconf 89' lang='lat' dir='ltr'><strong>non</strong></span> <span class='ocrx_word' id='word_1_257' title='bbox 852 2606 986 2643; x_wconf 88' lang='lat' dir='ltr'><strong>minus</strong></span> <span class='ocrx_word' id='word_1_258' title='bbox 1024 2616 1167 2644; x_wconf 90' lang='lat' dir='ltr'><strong>verum</strong></span> 
     </span>
     <span class='ocr_line' id='line_1_40' title="bbox 138 2666 1168 2717; baseline -0.003 -10"><span class='ocrx_word' id='word_1_259' title='bbox 138 2672 198 2707; x_wconf 87' lang='lat' dir='ltr'><strong>est</strong></span> <span class='ocrx_word' id='word_1_260' title='bbox 243 2668 292 2707; x_wconf 91' lang='lat' dir='ltr'><strong>de</strong></span> <span class='ocrx_word' id='word_1_261' title='bbox 320 2668 475 2706; x_wconf 90' lang='lat' dir='ltr'><strong>novitio</strong></span> <span class='ocrx_word' id='word_1_262' title='bbox 514 2667 723 2707; x_wconf 86' lang='lat' dir='ltr'><strong>Societatis</strong></span> <span class='ocrx_word' id='word_1_263' title='bbox 761 2675 909 2717; x_wconf 85' lang='lat' dir='ltr'><strong>agente</strong></span> <span class='ocrx_word' id='word_1_264' title='bbox 957 2666 1168 2717; x_wconf 89' lang='lat' dir='ltr'><strong>primum,</strong></span> 
     </span>
     <span class='ocr_line' id='line_1_41' title="bbox 137 2727 1166 2779; baseline 0 -13"><span class='ocrx_word' id='word_1_265' title='bbox 137 2740 262 2779; x_wconf 89' lang='lat' dir='ltr'><strong>quam</strong></span> <span class='ocrx_word' id='word_1_266' title='bbox 294 2729 343 2767; x_wconf 90' lang='lat' dir='ltr'><strong>de</strong></span> <span class='ocrx_word' id='word_1_267' title='bbox 383 2732 529 2779; x_wconf 82' lang='lat' dir='ltr'><strong>agente</strong></span> <span class='ocrx_word' id='word_1_268' title='bbox 559 2729 783 2767; x_wconf 86' lang='lat' dir='ltr'><strong>secundum</strong></span> <span class='ocrx_word' id='word_1_269' title='bbox 810 2727 1060 2778; x_wconf 86' lang='lat' dir='ltr'><strong>probationis</strong></span> <span class='ocrx_word' id='word_1_270' title='bbox 1094 2740 1166 2766; x_wconf 90' lang='grc'><strong>311-</strong></span> 
     </span>
     <span class='ocr_line' id='line_1_42' title="bbox 136 2788 1166 2840; baseline -0.002 -12"><span class='ocrx_word' id='word_1_271' title='bbox 136 2801 253 2828; x_wconf 89' lang='lat' dir='ltr'><strong>num.</strong></span> <span class='ocrx_word' id='word_1_272' title='bbox 276 2791 364 2828; x_wconf 89' lang='lat' dir='ltr'><strong>Non</strong></span> <span class='ocrx_word' id='word_1_273' title='bbox 385 2794 444 2828; x_wconf 92' lang='lat' dir='ltr'><strong>est</strong></span> <span class='ocrx_word' id='word_1_274' title='bbox 461 2793 600 2828; x_wconf 89' lang='lat' dir='ltr'><strong>autem</strong></span> <span class='ocrx_word' id='word_1_275' title='bbox 619 2789 690 2827; x_wconf 89' lang='lat' dir='ltr'><strong>illa</strong></span> <span class='ocrx_word' id='word_1_276' title='bbox 717 2788 913 2840; x_wconf 79' lang='lat' dir='ltr'><strong>obligatio</strong></span> <span class='ocrx_word' id='word_1_277' title='bbox 946 2788 1043 2833; x_wconf 87' lang='lat' dir='ltr'><strong>voti,</strong></span> <span class='ocrx_word' id='word_1_278' title='bbox 1078 2792 1166 2826; x_wconf 89' lang='lat' dir='ltr'><strong>tum</strong></span> 
     </span>
     <span class='ocr_line' id='line_1_43' title="bbox 137 2841 1163 2901; baseline -0.001 -13"><span class='ocrx_word' id='word_1_279' title='bbox 137 2850 234 2900; x_wconf 90' lang='lat' dir='ltr'><strong>quia</strong></span> <span class='ocrx_word' id='word_1_280' title='bbox 252 2862 383 2901; x_wconf 88' lang='lat' dir='ltr'><strong>neque</strong></span> <span class='ocrx_word' id='word_1_281' title='bbox 400 2862 449 2888; x_wconf 85' lang='lat' dir='ltr'><strong>ex</strong></span> <span class='ocrx_word' id='word_1_282' title='bbox 464 2853 578 2900; x_wconf 88' lang='lat' dir='ltr'><strong>parte</strong></span> <span class='ocrx_word' id='word_1_283' title='bbox 597 2849 741 2887; x_wconf 90' lang='lat' dir='ltr'><strong>novitii</strong></span> <span class='ocrx_word' id='word_1_284' title='bbox 753 2841 995 2899; x_wconf 70' lang='lat' dir='ltr'><strong>supponitur</strong></span> <span class='ocrx_word' id='word_1_285' title='bbox 1008 2853 1163 2896; x_wconf 90' lang='lat' dir='ltr'><strong>votum,</strong></span> 
     </span>
     <span class='ocr_line' id='line_1_44' title="bbox 135 2909 1166 2962; baseline -0.001 -13"><span class='ocrx_word' id='word_1_286' title='bbox 135 2922 209 2962; x_wconf 89' lang='lat' dir='ltr'><strong>per</strong></span> <span class='ocrx_word' id='word_1_287' title='bbox 226 2925 266 2949; x_wconf 85' lang='lat' dir='ltr'><strong>se</strong></span> <span class='ocrx_word' id='word_1_288' title='bbox 288 2911 505 2960; x_wconf 78' lang='lat' dir='ltr'><strong>loquendo,</strong></span> <span class='ocrx_word' id='word_1_289' title='bbox 529 2914 569 2948; x_wconf 89' lang='lat' dir='ltr'><strong>et</strong></span> <span class='ocrx_word' id='word_1_290' title='bbox 581 2909 674 2948; x_wconf 91' lang='lat' dir='ltr'><strong>licet</strong></span> <span class='ocrx_word' id='word_1_291' title='bbox 687 2909 787 2947; x_wconf 90' lang='lat' dir='ltr'><strong>illud</strong></span> <span class='ocrx_word' id='word_1_292' title='bbox 801 2914 1066 2959; x_wconf 81' lang='lat' dir='ltr'><strong>supponatur,</strong></span> <span class='ocrx_word' id='word_1_293' title='bbox 1083 2922 1166 2948; x_wconf 91' lang='lat' dir='ltr'><strong>non</strong></span> 
     </span>
     <span class='ocr_line' id='line_1_45' title="bbox 135 2969 1165 3022; baseline -0.001 -12"><span class='ocrx_word' id='word_1_294' title='bbox 135 2971 357 3010; x_wconf 81' lang='lat' dir='ltr'><strong>intervenit</strong></span> <span class='ocrx_word' id='word_1_295' title='bbox 373 2983 423 3009; x_wconf 81' lang='lat' dir='ltr'><strong>ex</strong></span> <span class='ocrx_word' id='word_1_296' title='bbox 443 2974 558 3022; x_wconf 88' lang='lat' dir='ltr'><strong>parte</strong></span> <span class='ocrx_word' id='word_1_297' title='bbox 578 2969 803 3020; x_wconf 85' lang='lat' dir='ltr'><strong>Superioris</strong></span> <span class='ocrx_word' id='word_1_298' title='bbox 832 2970 1042 3020; x_wconf 89' lang='lat' dir='ltr'><strong>proprium</strong></span> <span class='ocrx_word' id='word_1_299' title='bbox 1064 2982 1165 3020; x_wconf 83' lang='lat' dir='ltr'><strong>prae-</strong></span> 
     </span>
     <span class='ocr_line' id='line_1_46' title="bbox 137 3030 1165 3083; baseline 0.001 -13"><span class='ocrx_word' id='word_1_300' title='bbox 137 3037 301 3083; x_wconf 86' lang='lat' dir='ltr'><strong>ceptum</strong></span> <span class='ocrx_word' id='word_1_301' title='bbox 320 3033 364 3069; x_wconf 91' lang='lat' dir='ltr'><strong>in</strong></span> <span class='ocrx_word' id='word_1_302' title='bbox 381 3031 457 3070; x_wconf 89' lang='grc'><strong>1130</strong></span> <span class='ocrx_word' id='word_1_303' title='bbox 481 3035 594 3082; x_wconf 91' lang='lat' dir='ltr'><strong>parte</strong></span> <span class='ocrx_word' id='word_1_304' title='bbox 622 3031 872 3081; x_wconf 87' lang='lat' dir='ltr'><strong>impositum.</strong></span> <span class='ocrx_word' id='word_1_305' title='bbox 905 3030 1043 3069; x_wconf 89' lang='lat' dir='ltr'><strong>Solum</strong></span> <span class='ocrx_word' id='word_1_306' title='bbox 1067 3044 1165 3083; x_wconf 84' lang='lat' dir='ltr'><strong>ergo</strong></span> 
     </span>
     <span class='ocr_line' id='line_1_47' title="bbox 135 3091 1165 3143; baseline 0 -11"><span class='ocrx_word' id='word_1_307' title='bbox 135 3098 197 3132; x_wconf 84' lang='lat' dir='ltr'><strong>est</strong></span> <span class='ocrx_word' id='word_1_308' title='bbox 215 3093 286 3131; x_wconf 86' lang='lat' dir='ltr'><strong>illa</strong></span> <span class='ocrx_word' id='word_1_309' title='bbox 313 3092 507 3143; x_wconf 84' lang='lat' dir='ltr'><strong>obligatio</strong></span> <span class='ocrx_word' id='word_1_310' title='bbox 521 3092 646 3131; x_wconf 90' lang='lat' dir='ltr'><strong>veluti</strong></span> <span class='ocrx_word' id='word_1_311' title='bbox 657 3104 706 3130; x_wconf 81' lang='lat' dir='ltr'><strong>ex</strong></span> <span class='ocrx_word' id='word_1_312' title='bbox 728 3092 904 3142; x_wconf 86' lang='lat' dir='ltr'><strong>quadam</strong></span> <span class='ocrx_word' id='word_1_313' title='bbox 935 3091 1165 3132; x_wconf 88' lang='lat' dir='ltr'><strong>obedientia</strong></span> 
     </span>
     <span class='ocr_line' id='line_1_48' title="bbox 135 3153 1164 3204; baseline 0.001 -13"><span class='ocrx_word' id='word_1_314' title='bbox 135 3156 320 3204; x_wconf 64' lang='lat' dir='ltr'><strong>paterna,</strong></span> <span class='ocrx_word' id='word_1_315' title='bbox 342 3157 382 3191; x_wconf 92' lang='lat' dir='ltr'><strong>et</strong></span> <span class='ocrx_word' id='word_1_316' title='bbox 397 3153 518 3192; x_wconf 86' lang='lat' dir='ltr'><strong>tacita</strong></span> <span class='ocrx_word' id='word_1_317' title='bbox 542 3153 811 3191; x_wconf 90' lang='lat' dir='ltr'><strong>conventione</strong></span> <span class='ocrx_word' id='word_1_318' title='bbox 831 3153 937 3190; x_wconf 88' lang='lat' dir='ltr'><strong>inter</strong></span> <span class='ocrx_word' id='word_1_319' title='bbox 962 3153 1164 3192; x_wconf 88' lang='lat' dir='ltr'><strong>novitium</strong></span> 
     </span>
     <span class='ocr_line' id='line_1_49' title="bbox 137 3213 1162 3264; baseline 0.004 -14"><span class='ocrx_word' id='word_1_320' title='bbox 137 3217 176 3250; x_wconf 85' lang='lat' dir='ltr'><strong>et</strong></span> <span class='ocrx_word' id='word_1_321' title='bbox 194 3213 452 3263; x_wconf 84' lang='lat' dir='ltr'><strong>religionem,</strong></span> <span class='ocrx_word' id='word_1_322' title='bbox 472 3225 562 3264; x_wconf 84' lang='lat' dir='ltr'><strong>quae</strong></span> <span class='ocrx_word' id='word_1_323' title='bbox 582 3213 672 3252; x_wconf 90' lang='lat' dir='ltr'><strong>fieri</strong></span> <span class='ocrx_word' id='word_1_324' title='bbox 708 3213 965 3263; x_wconf 85' lang='lat' dir='ltr'><strong>intelligitur,</strong></span> <span class='ocrx_word' id='word_1_325' title='bbox 998 3215 1162 3264; x_wconf 77' lang='lat' dir='ltr'><strong>quando</strong></span> 
     </span>
     <span class='ocr_line' id='line_1_50' title="bbox 136 3274 1162 3325; baseline 0.001 -13"><span class='ocrx_word' id='word_1_326' title='bbox 136 3274 314 3312; x_wconf 80' lang='lat' dir='ltr'><strong>novitius</strong></span> <span class='ocrx_word' id='word_1_327' title='bbox 328 3274 378 3312; x_wconf 91' lang='lat' dir='ltr'><strong>ad</strong></span> <span class='ocrx_word' id='word_1_328' title='bbox 415 3286 675 3313; x_wconf 90' lang='lat' dir='ltr'><strong>communem</strong></span> <span class='ocrx_word' id='word_1_329' title='bbox 716 3274 843 3313; x_wconf 90' lang='lat' dir='ltr'><strong>vitam</strong></span> <span class='ocrx_word' id='word_1_330' title='bbox 878 3275 1162 3325; x_wconf 86' lang='lat' dir='ltr'><strong>religiosorum</strong></span> 
     </span>
     <span class='ocr_line' id='line_1_51' title="bbox 137 3335 1162 3384; baseline 0.003 -11"><span class='ocrx_word' id='word_1_331' title='bbox 137 3335 382 3384; x_wconf 78' lang='lat' dir='ltr'><strong>admittitur,</strong></span> <span class='ocrx_word' id='word_1_332' title='bbox 403 3341 444 3375; x_wconf 91' lang='lat' dir='ltr'><strong>et</strong></span> <span class='ocrx_word' id='word_1_333' title='bbox 461 3336 551 3375; x_wconf 90' lang='lat' dir='ltr'><strong>ideo</strong></span> <span class='ocrx_word' id='word_1_334' title='bbox 567 3335 656 3375; x_wconf 85' lang='lat' dir='ltr'><strong>haec</strong></span> <span class='ocrx_word' id='word_1_335' title='bbox 669 3336 915 3375; x_wconf 89' lang='lat' dir='ltr'><strong>inordinatio</strong></span> <span class='ocrx_word' id='word_1_336' title='bbox 940 3348 987 3374; x_wconf 86' lang='lat' dir='ltr'><strong>ex</strong></span> <span class='ocrx_word' id='word_1_337' title='bbox 1004 3337 1079 3375; x_wconf 87' lang='grc'><strong>1100</strong></span> <span class='ocrx_word' id='word_1_338' title='bbox 1098 3349 1162 3376; x_wconf 86' lang='grc'><strong>03-</strong></span> 
     </span>
     <span class='ocr_line' id='line_1_52' title="bbox 135 3396 1161 3448; baseline 0.003 -14"><span class='ocrx_word' id='word_1_339' title='bbox 135 3398 219 3446; x_wconf 77' lang='lat' dir='ltr'><strong>pite</strong></span> <span class='ocrx_word' id='word_1_340' title='bbox 246 3409 329 3436; x_wconf 91' lang='lat' dir='ltr'><strong>non</strong></span> <span class='ocrx_word' id='word_1_341' title='bbox 347 3401 409 3436; x_wconf 89' lang='lat' dir='ltr'><strong>est</strong></span> <span class='ocrx_word' id='word_1_342' title='bbox 427 3401 635 3448; x_wconf 89' lang='lat' dir='ltr'><strong>peccatum</strong></span> <span class='ocrx_word' id='word_1_343' title='bbox 657 3396 845 3445; x_wconf 85' lang='lat' dir='ltr'><strong>mortale,</strong></span> <span class='ocrx_word' id='word_1_344' title='bbox 874 3408 898 3436; x_wconf 86' lang='lat' dir='ltr'><strong>a</strong></span> <span class='ocrx_word' id='word_1_345' title='bbox 916 3397 1065 3436; x_wconf 88' lang='lat' dir='ltr'><strong>veniali</strong></span> <span class='ocrx_word' id='word_1_346' title='bbox 1086 3410 1161 3437; x_wconf 92' lang='lat' dir='ltr'><strong>au-</strong></span> 
     </span>
     <span class='ocr_line' id='line_1_53' title="bbox 136 3458 1162 3509; baseline 0.006 -16"><span class='ocrx_word' id='word_1_347' title='bbox 136 3461 220 3495; x_wconf 78' lang='lat' dir='ltr'><strong>tem</strong></span> <span class='ocrx_word' id='word_1_348' title='bbox 239 3458 307 3496; x_wconf 85' lang='lat' dir='ltr'><strong>vix</strong></span> <span class='ocrx_word' id='word_1_349' title='bbox 329 3459 475 3509; x_wconf 89' lang='lat' dir='ltr'><strong>poterit</strong></span> <span class='ocrx_word' id='word_1_350' title='bbox 489 3459 684 3498; x_wconf 87' lang='lat' dir='ltr'><strong>excusari.</strong></span> <span class='ocrx_word' id='word_1_351' title='bbox 710 3458 801 3498; x_wconf 90' lang='lat' dir='ltr'><strong>Non</strong></span> <span class='ocrx_word' id='word_1_352' title='bbox 835 3458 995 3498; x_wconf 88' lang='lat' dir='ltr'><strong>videtur</strong></span> <span class='ocrx_word' id='word_1_353' title='bbox 1023 3463 1162 3499; x_wconf 89' lang='lat' dir='ltr'><strong>autem</strong></span> 
     </span>
     <span class='ocr_line' id='line_1_54' title="bbox 138 3518 1161 3572; baseline 0.005 -17"><span class='ocrx_word' id='word_1_354' title='bbox 138 3527 187 3555; x_wconf 67' lang='lat' dir='ltr'><strong>ex</strong></span> <span class='ocrx_word' id='word_1_355' title='bbox 201 3519 240 3555; x_wconf 81' lang='lat' dir='ltr'><strong>vi</strong></span> <span class='ocrx_word' id='word_1_356' title='bbox 257 3518 381 3569; x_wconf 86' lang='lat' dir='ltr'><strong>hujus</strong></span> <span class='ocrx_word' id='word_1_357' title='bbox 414 3522 527 3558; x_wconf 84' lang='lat' dir='ltr'><strong>actus</strong></span> <span class='ocrx_word' id='word_1_358' title='bbox 557 3530 680 3570; x_wconf 83' lang='lat' dir='ltr'><strong>agere</strong></span> <span class='ocrx_word' id='word_1_359' title='bbox 701 3519 880 3559; x_wconf 87' lang='lat' dir='ltr'><strong>novitius</strong></span> <span class='ocrx_word' id='word_1_360' title='bbox 905 3525 1046 3559; x_wconf 84' lang='lat' dir='ltr'><strong>contra</strong></span> <span class='ocrx_word' id='word_1_361' title='bbox 1070 3533 1161 3572; x_wconf 88' lang='lat' dir='ltr'><strong>pro·</strong></span> 
     </span>
     <span class='ocr_line' id='line_1_55' title="bbox 137 3578 1162 3633; baseline 0.006 -18"><span class='ocrx_word' id='word_1_362' title='bbox 137 3578 388 3628; x_wconf 81' lang='lat' dir='ltr'><strong>missionem,</strong></span> <span class='ocrx_word' id='word_1_363' title='bbox 416 3590 543 3632; x_wconf 86' lang='lat' dir='ltr'><strong>quam</strong></span> <span class='ocrx_word' id='word_1_364' title='bbox 585 3580 683 3620; x_wconf 87' lang='lat' dir='ltr'><strong>facit</strong></span> <span class='ocrx_word' id='word_1_365' title='bbox 713 3580 964 3633; x_wconf 84' lang='lat' dir='ltr'><strong>disponendo</strong></span> <span class='ocrx_word' id='word_1_366' title='bbox 998 3581 1050 3621; x_wconf 89' lang='lat' dir='ltr'><strong>de</strong></span> <span class='ocrx_word' id='word_1_367' title='bbox 1080 3582 1162 3622; x_wconf 89' lang='lat' dir='ltr'><strong>suis</strong></span> 
     </span>
    </p>
   </div>
   <div class='ocr_carea' id='block_1_6' title="bbox 494 210 2308 449">
    <p class='ocr_par' dir='ltr' id='par_1_8' title="bbox 494 210 2308 449">
     <span class='ocr_line' id='line_1_56' title="bbox 494 210 1904 253; baseline -0.001 -4"><span class='ocrx_word' id='word_1_368' title='bbox 494 216 570 250; x_wconf 77' lang='grc' dir='ltr'><strong>ΠΒ.</strong></span> <span class='ocrx_word' id='word_1_369' title='bbox 594 214 649 248; x_wconf 75' lang='grc' dir='ltr'><strong>Ν-</strong></span> <span class='ocrx_word' id='word_1_370' title='bbox 672 213 725 246; x_wconf 87' lang='lat' dir='ltr'><strong>DE</strong></span> <span class='ocrx_word' id='word_1_371' title='bbox 746 211 868 246; x_wconf 82' lang='lat' dir='ltr'><strong>VOTlS</strong></span> <span class='ocrx_word' id='word_1_372' title='bbox 888 211 1139 247; x_wconf 80' lang='lat' dir='ltr'><strong>SIMPLICIBUS</strong></span> <span class='ocrx_word' id='word_1_373' title='bbox 1159 211 1399 248; x_wconf 76' lang='lat' dir='ltr'><strong>cAs‘rl&#39;rA&#39;rls</strong></span> <span class='ocrx_word' id='word_1_374' title='bbox 1419 213 1473 247; x_wconf 83' lang='lat' dir='ltr'><strong>ET</strong></span> <span class='ocrx_word' id='word_1_375' title='bbox 1493 211 1790 253; x_wconf 75' lang='lat' dir='ltr'><strong>PAUPERTA&#39;HS,</strong></span> <span class='ocrx_word' id='word_1_376' title='bbox 1810 210 1904 248; x_wconf 72' lang='lat' dir='ltr'><strong>mc.</strong></span> 
     </span>
     <span class='ocr_line' id='line_1_57' title="bbox 1226 275 2304 331; baseline 0.003 -15"><span class='ocrx_word' id='word_1_377' title='bbox 1226 275 1357 326; x_wconf 88' lang='lat' dir='ltr'><strong>bonis,</strong></span> <span class='ocrx_word' id='word_1_378' title='bbox 1375 289 1469 316; x_wconf 89' lang='lat' dir='ltr'><strong>cum</strong></span> <span class='ocrx_word' id='word_1_379' title='bbox 1487 277 1669 328; x_wconf 86' lang='lat' dir='ltr'><strong>primum</strong></span> <span class='ocrx_word' id='word_1_380' title='bbox 1689 276 1883 327; x_wconf 85' lang='lat' dir='ltr'><strong>Superior</strong></span> <span class='ocrx_word' id='word_1_381' title='bbox 1897 277 2125 328; x_wconf 71' lang='lat' dir='ltr'><strong>injunxerit</strong></span> <span class='ocrx_word' id='word_1_382' title='bbox 2136 288 2150 328; x_wconf 90' lang='lat'>;</span> <span class='ocrx_word' id='word_1_383' title='bbox 2161 277 2259 331; x_wconf 77' lang='lat' dir='ltr'><strong>quia</strong></span> <span class='ocrx_word' id='word_1_384' title='bbox 2294 307 2304 312; x_wconf 38' lang='grc' dir='ltr'><strong>ι</strong></span> 
     </span>
     <span class='ocr_line' id='line_1_58' title="bbox 1226 337 2307 390; baseline 0.002 -12"><span class='ocrx_word' id='word_1_385' title='bbox 1226 341 1518 378; x_wconf 86' lang='lat' dir='ltr'><strong>testamentum</strong></span> <span class='ocrx_word' id='word_1_386' title='bbox 1531 349 1615 377; x_wconf 92' lang='lat' dir='ltr'><strong>non</strong></span> <span class='ocrx_word' id='word_1_387' title='bbox 1635 337 1809 388; x_wconf 86' lang='lat' dir='ltr'><strong>impedit</strong></span> <span class='ocrx_word' id='word_1_388' title='bbox 1826 337 1997 388; x_wconf 85' lang='lat' dir='ltr'><strong>implere</strong></span> <span class='ocrx_word' id='word_1_389' title='bbox 2027 339 2261 390; x_wconf 88' lang='lat' dir='ltr'><strong>promissio·</strong></span> <span class='ocrx_word' id='word_1_390' title='bbox 2303 338 2307 370; x_wconf 84' lang='grc' dir='ltr'>ἶ</span> 
     </span>
     <span class='ocr_line' id='line_1_59' title="bbox 1228 398 2308 449; baseline 0.003 -11"><span class='ocrx_word' id='word_1_391' title='bbox 1228 410 1323 439; x_wconf 85' lang='grc'><strong>110111</strong></span> <span class='ocrx_word' id='word_1_392' title='bbox 1356 399 1520 447; x_wconf 86' lang='lat' dir='ltr'><strong>factam,</strong></span> <span class='ocrx_word' id='word_1_393' title='bbox 1562 410 1656 438; x_wconf 91' lang='lat' dir='ltr'><strong>cum</strong></span> <span class='ocrx_word' id='word_1_394' title='bbox 1685 409 1846 449; x_wconf 86' lang='lat' dir='ltr'><strong>semper</strong></span> <span class='ocrx_word' id='word_1_395' title='bbox 1869 398 2081 440; x_wconf 84' lang='lat' dir='ltr'><strong>infirmum</strong></span> <span class='ocrx_word' id='word_1_396' title='bbox 2112 401 2164 440; x_wconf 89' lang='lat' dir='ltr'><strong>sit</strong></span> <span class='ocrx_word' id='word_1_397' title='bbox 2198 401 2261 441; x_wconf 88' lang='lat' dir='ltr'><strong>vi-</strong></span> <span class='ocrx_word' id='word_1_398' title='bbox 2303 403 2308 406; x_wconf 85' lang='lat'>&#39;</span> 
     </span>
    </p>
   </div>
   <div class='ocr_carea' id='block_1_7' title="bbox 1229 462 2260 572">
    <p class='ocr_par' dir='ltr' id='par_1_9' title="bbox 1229 462 2260 572">
     <span class='ocr_line' id='line_1_60' title="bbox 1229 462 2260 510; baseline 0.002 -10"><span class='ocrx_word' id='word_1_399' title='bbox 1229 466 1349 501; x_wconf 88' lang='lat' dir='ltr'><strong>vente</strong></span> <span class='ocrx_word' id='word_1_400' title='bbox 1373 464 1580 510; x_wconf 90' lang='lat' dir='ltr'><strong>testatore,</strong></span> <span class='ocrx_word' id='word_1_401' title='bbox 1601 471 1676 499; x_wconf 87' lang='lat' dir='ltr'><strong>nec</strong></span> <span class='ocrx_word' id='word_1_402' title='bbox 1702 471 1862 498; x_wconf 88' lang='lat' dir='ltr'><strong>necesse</strong></span> <span class='ocrx_word' id='word_1_403' title='bbox 1892 463 1967 508; x_wconf 85' lang='lat' dir='ltr'><strong>est,</strong></span> <span class='ocrx_word' id='word_1_404' title='bbox 2005 463 2053 499; x_wconf 91' lang='lat' dir='ltr'><strong>ut</strong></span> <span class='ocrx_word' id='word_1_405' title='bbox 2080 462 2260 502; x_wconf 83' lang='lat' dir='ltr'><strong>novitius</strong></span> 
     </span>
     <span class='ocr_line' id='line_1_61' title="bbox 1229 520 2259 572; baseline 0 -10"><span class='ocrx_word' id='word_1_406' title='bbox 1229 523 1457 562; x_wconf 88' lang='lat' dir='ltr'><strong>intentione</strong></span> <span class='ocrx_word' id='word_1_407' title='bbox 1484 534 1568 561; x_wconf 88' lang='lat' dir='ltr'><strong>non</strong></span> <span class='ocrx_word' id='word_1_408' title='bbox 1605 520 1806 572; x_wconf 90' lang='lat' dir='ltr'><strong>implendi</strong></span> <span class='ocrx_word' id='word_1_409' title='bbox 1838 532 1928 560; x_wconf 91' lang='lat' dir='ltr'><strong>eam</strong></span> <span class='ocrx_word' id='word_1_410' title='bbox 1948 522 2259 572; x_wconf 80' lang='lat' dir='ltr'><strong>promissionem</strong></span> 
     </span>
    </p>
   </div>
   <div class='ocr_carea' id='block_1_8' title="bbox 1228 573 2340 631">
    <p class='ocr_par' dir='ltr' id='par_1_10' title="bbox 1228 573 2340 631">
     <span class='ocr_line' id='line_1_62' title="bbox 1228 573 2340 631; baseline 0 -7"><span class='ocrx_word' id='word_1_411' title='bbox 1228 585 1329 624; x_wconf 90' lang='lat' dir='ltr'><strong>illud</strong></span> <span class='ocrx_word' id='word_1_412' title='bbox 1346 584 1482 631; x_wconf 85' lang='lat' dir='ltr'><strong>faciat,</strong></span> <span class='ocrx_word' id='word_1_413' title='bbox 1504 584 1574 624; x_wconf 89' lang='lat' dir='ltr'><strong>sed</strong></span> <span class='ocrx_word' id='word_1_414' title='bbox 1594 584 1725 623; x_wconf 90' lang='lat' dir='ltr'><strong>solum</strong></span> <span class='ocrx_word' id='word_1_415' title='bbox 1740 587 1787 622; x_wconf 89' lang='lat' dir='ltr'><strong>ut</strong></span> <span class='ocrx_word' id='word_1_416' title='bbox 1805 583 1839 622; x_wconf 92' lang='lat' dir='ltr'><strong>si</strong></span> <span class='ocrx_word' id='word_1_417' title='bbox 1857 583 2038 629; x_wconf 87' lang='lat' dir='ltr'><strong>interim,</strong></span> <span class='ocrx_word' id='word_1_418' title='bbox 2061 583 2158 622; x_wconf 89' lang='lat' dir='ltr'><strong>dum</strong></span> <span class='ocrx_word' id='word_1_419' title='bbox 2183 584 2261 624; x_wconf 45' lang='lat' dir='ltr'><strong>Su&amp;</strong></span> <span class='ocrx_word' id='word_1_420' title='bbox 2326 573 2340 612; x_wconf 50' lang='grc'><strong>’-</strong></span> 
     </span>
    </p>
   </div>
   <div class='ocr_carea' id='block_1_9' title="bbox 1229 644 2257 698">
    <p class='ocr_par' dir='ltr' id='par_1_11' title="bbox 1229 644 2257 698">
     <span class='ocr_line' id='line_1_63' title="bbox 1229 644 2257 698; baseline 0 -13"><span class='ocrx_word' id='word_1_421' title='bbox 1229 647 1363 698; x_wconf 88' lang='lat' dir='ltr'><strong>perior</strong></span> <span class='ocrx_word' id='word_1_422' title='bbox 1391 658 1475 684; x_wconf 91' lang='lat' dir='ltr'><strong>non</strong></span> <span class='ocrx_word' id='word_1_423' title='bbox 1508 646 1690 697; x_wconf 80' lang='lat' dir='ltr'><strong>praecipit</strong></span> <span class='ocrx_word' id='word_1_424' title='bbox 1721 645 2010 685; x_wconf 86' lang='lat' dir='ltr'><strong>alienationem</strong></span> <span class='ocrx_word' id='word_1_425' title='bbox 2038 644 2257 695; x_wconf 88' lang='lat' dir='ltr'><strong>bonorum,</strong></span> 
     </span>
    </p>
   </div>
   <div class='ocr_carea' id='block_1_10' title="bbox 1226 707 2286 759">
    <p class='ocr_par' dir='ltr' id='par_1_12' title="bbox 1226 707 2286 759">
     <span class='ocr_line' id='line_1_64' title="bbox 1226 707 2286 759; baseline -0.001 -12"><span class='ocrx_word' id='word_1_426' title='bbox 1226 707 1378 759; x_wconf 87' lang='lat' dir='ltr'><strong>aliquid</strong></span> <span class='ocrx_word' id='word_1_427' title='bbox 1399 708 1630 746; x_wconf 88' lang='lat' dir='ltr'><strong>humanum</strong></span> <span class='ocrx_word' id='word_1_428' title='bbox 1667 707 1706 746; x_wconf 90' lang='lat' dir='ltr'><strong>ei</strong></span> <span class='ocrx_word' id='word_1_429' title='bbox 1742 707 1913 753; x_wconf 86' lang='lat' dir='ltr'><strong>accidat,</strong></span> <span class='ocrx_word' id='word_1_430' title='bbox 1948 707 1999 746; x_wconf 90' lang='lat' dir='ltr'><strong>de</strong></span> <span class='ocrx_word' id='word_1_431' title='bbox 2031 719 2104 746; x_wconf 87' lang='lat' dir='ltr'><strong>sua</strong></span> <span class='ocrx_word' id='word_1_432' title='bbox 2135 707 2286 758; x_wconf 40' lang='lat' dir='ltr'><strong>possit,</strong></span> 
     </span>
    </p>
   </div>
   <div class='ocr_carea' id='block_1_11' title="bbox 1226 768 2260 878">
    <p class='ocr_par' dir='ltr' id='par_1_13' title="bbox 1226 768 2260 878">
     <span class='ocr_line' id='line_1_65' title="bbox 1228 768 2260 821; baseline 0.002 -14"><span class='ocrx_word' id='word_1_433' title='bbox 1228 773 1411 808; x_wconf 84' lang='lat' dir='ltr'><strong>constare</strong></span> <span class='ocrx_word' id='word_1_434' title='bbox 1443 769 1668 816; x_wconf 88' lang='lat' dir='ltr'><strong>voluntate,</strong></span> <span class='ocrx_word' id='word_1_435' title='bbox 1701 768 1811 820; x_wconf 89' lang='lat' dir='ltr'><strong>quod</strong></span> <span class='ocrx_word' id='word_1_436' title='bbox 1839 780 1911 819; x_wconf 91' lang='lat' dir='ltr'><strong>per</strong></span> <span class='ocrx_word' id='word_1_437' title='bbox 1937 780 1978 807; x_wconf 89' lang='lat' dir='ltr'><strong>se</strong></span> <span class='ocrx_word' id='word_1_438' title='bbox 2011 779 2087 808; x_wconf 88' lang='grc'><strong>1100</strong></span> <span class='ocrx_word' id='word_1_439' title='bbox 2124 779 2260 821; x_wconf 86' lang='lat' dir='ltr'><strong>repre·</strong></span> 
     </span>
     <span class='ocr_line' id='line_1_66' title="bbox 1226 829 2044 878; baseline -0.002 -8"><span class='ocrx_word' id='word_1_440' title='bbox 1226 830 1428 871; x_wconf 88' lang='lat' dir='ltr'><strong>hensibile</strong></span> <span class='ocrx_word' id='word_1_441' title='bbox 1445 835 1563 878; x_wconf 87' lang='lat' dir='ltr'><strong>esset,</strong></span> <span class='ocrx_word' id='word_1_442' title='bbox 1582 831 1617 870; x_wconf 90' lang='lat' dir='ltr'><strong>si</strong></span> <span class='ocrx_word' id='word_1_443' title='bbox 1631 829 1768 870; x_wconf 91' lang='lat' dir='ltr'><strong>debito</strong></span> <span class='ocrx_word' id='word_1_444' title='bbox 1793 829 1916 869; x_wconf 91' lang='lat' dir='ltr'><strong>modo</strong></span> <span class='ocrx_word' id='word_1_445' title='bbox 1928 829 2044 869; x_wconf 86' lang='lat' dir='ltr'><strong>fieret</strong></span> 
     </span>
    </p>
   </div>
   <div class='ocr_carea' id='block_1_12' title="bbox 1601 962 1878 1003">
    <p class='ocr_par' dir='ltr' id='par_1_14' title="bbox 1601 962 1878 1003">
     <span class='ocr_line' id='line_1_67' title="bbox 1601 962 1878 1003; baseline 0 -1"><span class='ocrx_word' id='word_1_446' title='bbox 1601 962 1767 1003; x_wconf 89' lang='lat' dir='ltr'><strong>CAPUT</strong></span> <span class='ocrx_word' id='word_1_447' title='bbox 1793 962 1878 1003; x_wconf 90' lang='lat' dir='ltr'>VII.</span> 
     </span>
    </p>
   </div>
   <div class='ocr_carea' id='block_1_13' title="bbox 1228 1085 2263 1242">
    <p class='ocr_par' dir='ltr' id='par_1_15' title="bbox 1228 1085 2263 1242">
     <span class='ocr_line' id='line_1_68' title="bbox 1228 1085 2263 1123; baseline 0 -4"><span class='ocrx_word' id='word_1_448' title='bbox 1228 1089 1281 1121; x_wconf 71' lang='lat' dir='ltr'><strong>AD</strong></span> <span class='ocrx_word' id='word_1_449' title='bbox 1295 1085 1401 1123; x_wconf 75' lang='lat' dir='ltr'><strong>QUEM</strong></span> <span class='ocrx_word' id='word_1_450' title='bbox 1417 1086 1521 1118; x_wconf 75' lang='lat' dir='ltr'>USUM</span> <span class='ocrx_word' id='word_1_451' title='bbox 1539 1087 1630 1118; x_wconf 76' lang='lat' dir='ltr'><strong>SWE</strong></span> <span class='ocrx_word' id='word_1_452' title='bbox 1646 1087 1888 1117; x_wconf 76' lang='lat' dir='ltr'>EXERCITIUM</span> <span class='ocrx_word' id='word_1_453' title='bbox 1905 1087 2170 1118; x_wconf 73' lang='lat' dir='ltr'>PAUPERTATIS</span> <span class='ocrx_word' id='word_1_454' title='bbox 2182 1088 2263 1119; x_wconf 75' lang='lat' dir='ltr'><strong>sm-</strong></span> 
     </span>
     <span class='ocr_line' id='line_1_69' title="bbox 1279 1150 2262 1182; baseline 0 0"><span class='ocrx_word' id='word_1_455' title='bbox 1279 1152 1367 1182; x_wconf 73' lang='lat' dir='ltr'><strong>GULI</strong></span> <span class='ocrx_word' id='word_1_456' title='bbox 1387 1150 1578 1180; x_wconf 69' lang='lat' dir='ltr'><strong>antimosi</strong></span> <span class='ocrx_word' id='word_1_457' title='bbox 1603 1150 1825 1181; x_wconf 81' lang='lat' dir='ltr'>SOGIETATIS</span> <span class='ocrx_word' id='word_1_458' title='bbox 1850 1150 1940 1180; x_wconf 78' lang='lat' dir='ltr'><strong>JEsu</strong></span> <span class='ocrx_word' id='word_1_459' title='bbox 1954 1150 2008 1179; x_wconf 82' lang='lat' dir='ltr'><strong>Ex</strong></span> <span class='ocrx_word' id='word_1_460' title='bbox 2030 1151 2076 1180; x_wconf 90' lang='lat' dir='ltr'><strong>v1</strong></span> <span class='ocrx_word' id='word_1_461' title='bbox 2099 1150 2262 1182; x_wconf 73' lang='lat' dir='ltr'><strong>REGULAE</strong></span> 
     </span>
     <span class='ocr_line' id='line_1_70' title="bbox 1279 1212 1527 1242; baseline -0.004 0"><span class='ocrx_word' id='word_1_462' title='bbox 1279 1212 1527 1242; x_wconf 78' lang='lat' dir='ltr'><strong>TENEANTUR.</strong></span> 
     </span>
    </p>
   </div>
   <div class='ocr_carea' id='block_1_14' title="bbox 1220 1320 2265 3095">
    <p class='ocr_par' dir='ltr' id='par_1_16' title="bbox 1220 1320 2265 3024">
     <span class='ocr_line' id='line_1_71' title="bbox 1278 1320 2265 1374; baseline 0.001 -12"><span class='ocrx_word' id='word_1_463' title='bbox 1278 1324 1319 1363; x_wconf 72' lang='lat'><strong>1.</strong></span> <span class='ocrx_word' id='word_1_464' title='bbox 1352 1323 1457 1364; x_wconf 75' lang='lat' dir='ltr'><strong>Usus</strong></span> <span class='ocrx_word' id='word_1_465' title='bbox 1483 1322 1739 1374; x_wconf 67' lang='lat' dir='ltr'><strong>paupertatis</strong></span> <span class='ocrx_word' id='word_1_466' title='bbox 1763 1320 2151 1374; x_wconf 55' lang='lat' dir='ltr'><strong>duptam—Duplex</strong></span> <span class='ocrx_word' id='word_1_467' title='bbox 2182 1322 2265 1363; x_wconf 89' lang='lat' dir='ltr'><strong>dis-</strong></span> 
     </span>
     <span class='ocr_line' id='line_1_72' title="bbox 1226 1382 2263 1436; baseline 0.001 -12"><span class='ocrx_word' id='word_1_468' title='bbox 1226 1382 1359 1436; x_wconf 85' lang='lat' dir='ltr'><strong>tingui</strong></span> <span class='ocrx_word' id='word_1_469' title='bbox 1382 1388 1514 1436; x_wconf 83' lang='lat' dir='ltr'><strong>potest</strong></span> <span class='ocrx_word' id='word_1_470' title='bbox 1534 1383 1784 1435; x_wconf 88' lang='lat' dir='ltr'><strong>paupertatis</strong></span> <span class='ocrx_word' id='word_1_471' title='bbox 1802 1397 1898 1423; x_wconf 88' lang='lat' dir='ltr'><strong>usus</strong></span> <span class='ocrx_word' id='word_1_472' title='bbox 1920 1386 1962 1423; x_wconf 92' lang='lat' dir='ltr'><strong>in</strong></span> <span class='ocrx_word' id='word_1_473' title='bbox 1983 1385 2154 1434; x_wconf 84' lang='lat' dir='ltr'><strong>singulis</strong></span> <span class='ocrx_word' id='word_1_474' title='bbox 2170 1385 2263 1425; x_wconf 90' lang='lat' dir='ltr'><strong>reli-</strong></span> 
     </span>
     <span class='ocr_line' id='line_1_73' title="bbox 1228 1446 2263 1498; baseline 0.002 -13"><span class='ocrx_word' id='word_1_475' title='bbox 1228 1447 1350 1497; x_wconf 83' lang='lat' dir='ltr'><strong>giosis</strong></span> <span class='ocrx_word' id='word_1_476' title='bbox 1368 1447 1432 1495; x_wconf 91' lang='lat' dir='ltr'><strong>(de</strong></span> <span class='ocrx_word' id='word_1_477' title='bbox 1453 1450 1690 1497; x_wconf 85' lang='lat' dir='ltr'><strong>paupertate</strong></span> <span class='ocrx_word' id='word_1_478' title='bbox 1708 1446 1818 1484; x_wconf 89' lang='lat' dir='ltr'><strong>enim</strong></span> <span class='ocrx_word' id='word_1_479' title='bbox 1835 1446 1878 1484; x_wconf 94' lang='lat' dir='ltr'><strong>in</strong></span> <span class='ocrx_word' id='word_1_480' title='bbox 1897 1447 2104 1485; x_wconf 81' lang='lat' dir='ltr'><strong>communi</strong></span> <span class='ocrx_word' id='word_1_481' title='bbox 2127 1451 2263 1498; x_wconf 87' lang='lat' dir='ltr'><strong>postea</strong></span> 
     </span>
     <span class='ocr_line' id='line_1_74' title="bbox 1227 1507 2263 1558; baseline 0 -11"><span class='ocrx_word' id='word_1_482' title='bbox 1227 1509 1427 1557; x_wconf 83' lang='lat' dir='ltr'><strong>dicetur):</strong></span> <span class='ocrx_word' id='word_1_483' title='bbox 1450 1519 1557 1545; x_wconf 86' lang='lat' dir='ltr'><strong>unus</strong></span> <span class='ocrx_word' id='word_1_484' title='bbox 1585 1507 1665 1545; x_wconf 88' lang='lat' dir='ltr'><strong>dici</strong></span> <span class='ocrx_word' id='word_1_485' title='bbox 1687 1511 1815 1558; x_wconf 87' lang='lat' dir='ltr'><strong>potest</strong></span> <span class='ocrx_word' id='word_1_486' title='bbox 1835 1508 2043 1558; x_wconf 85' lang='lat' dir='ltr'><strong>positivus,</strong></span> <span class='ocrx_word' id='word_1_487' title='bbox 2070 1508 2174 1546; x_wconf 87' lang='lat' dir='ltr'><strong>alius</strong></span> <span class='ocrx_word' id='word_1_488' title='bbox 2195 1521 2263 1547; x_wconf 89' lang='lat' dir='ltr'><strong>ne-</strong></span> 
     </span>
     <span class='ocr_line' id='line_1_75' title="bbox 1227 1568 2264 1621; baseline 0 -13"><span class='ocrx_word' id='word_1_489' title='bbox 1227 1571 1402 1621; x_wconf 89' lang='lat' dir='ltr'><strong>gativus,</strong></span> <span class='ocrx_word' id='word_1_490' title='bbox 1432 1570 1503 1620; x_wconf 86' lang='lat' dir='ltr'><strong>qui</strong></span> <span class='ocrx_word' id='word_1_491' title='bbox 1524 1568 1658 1619; x_wconf 88' lang='lat' dir='ltr'><strong>potius</strong></span> <span class='ocrx_word' id='word_1_492' title='bbox 1688 1572 1747 1606; x_wconf 86' lang='lat' dir='ltr'><strong>est</strong></span> <span class='ocrx_word' id='word_1_493' title='bbox 1765 1580 1849 1606; x_wconf 90' lang='lat' dir='ltr'><strong>non</strong></span> <span class='ocrx_word' id='word_1_494' title='bbox 1884 1581 1979 1607; x_wconf 87' lang='lat' dir='ltr'><strong>usus</strong></span> <span class='ocrx_word' id='word_1_495' title='bbox 1989 1583 1999 1617; x_wconf 82' lang='lat'><em>3</em></span> <span class='ocrx_word' id='word_1_496' title='bbox 2026 1573 2066 1607; x_wconf 91' lang='lat' dir='ltr'><strong>et</strong></span> <span class='ocrx_word' id='word_1_497' title='bbox 2093 1570 2264 1620; x_wconf 87' lang='lat' dir='ltr'><strong>uterque</strong></span> 
     </span>
     <span class='ocr_line' id='line_1_76' title="bbox 1226 1628 2262 1680; baseline 0.001 -12"><span class='ocrx_word' id='word_1_498' title='bbox 1226 1642 1312 1669; x_wconf 86' lang='lat' dir='ltr'><strong>esse</strong></span> <span class='ocrx_word' id='word_1_499' title='bbox 1328 1633 1460 1680; x_wconf 84' lang='lat' dir='ltr'><strong>potest</strong></span> <span class='ocrx_word' id='word_1_500' title='bbox 1476 1641 1549 1668; x_wconf 88' lang='lat' dir='ltr'><strong>suo</strong></span> <span class='ocrx_word' id='word_1_501' title='bbox 1567 1628 1688 1667; x_wconf 87' lang='lat' dir='ltr'><strong>modo</strong></span> <span class='ocrx_word' id='word_1_502' title='bbox 1705 1631 1876 1668; x_wconf 90' lang='lat' dir='ltr'><strong>materia</strong></span> <span class='ocrx_word' id='word_1_503' title='bbox 1891 1631 1988 1668; x_wconf 90' lang='lat' dir='ltr'><strong>voti.</strong></span> <span class='ocrx_word' id='word_1_504' title='bbox 2007 1631 2108 1668; x_wconf 89' lang='lat' dir='ltr'><strong>Nam</strong></span> <span class='ocrx_word' id='word_1_505' title='bbox 2127 1642 2262 1670; x_wconf 88' lang='lat' dir='ltr'><strong>caren-</strong></span> 
     </span>
     <span class='ocr_line' id='line_1_77' title="bbox 1227 1690 2261 1742; baseline 0.002 -13"><span class='ocrx_word' id='word_1_506' title='bbox 1227 1692 1285 1730; x_wconf 85' lang='lat' dir='ltr'><strong>tia</strong></span> <span class='ocrx_word' id='word_1_507' title='bbox 1304 1691 1476 1742; x_wconf 84' lang='lat' dir='ltr'><strong>alicujus</strong></span> <span class='ocrx_word' id='word_1_508' title='bbox 1499 1702 1596 1728; x_wconf 90' lang='lat' dir='ltr'><strong>usus</strong></span> <span class='ocrx_word' id='word_1_509' title='bbox 1620 1690 1770 1728; x_wconf 88' lang='lat' dir='ltr'><strong>directe</strong></span> <span class='ocrx_word' id='word_1_510' title='bbox 1794 1694 1834 1728; x_wconf 91' lang='lat' dir='ltr'><strong>et</strong></span> <span class='ocrx_word' id='word_1_511' title='bbox 1853 1691 2176 1730; x_wconf 87' lang='lat' dir='ltr'><strong>substantialiter</strong></span> <span class='ocrx_word' id='word_1_512' title='bbox 2205 1692 2261 1742; x_wconf 87' lang='lat' dir='ltr'><strong>(ut</strong></span> 
     </span>
     <span class='ocr_line' id='line_1_78' title="bbox 1226 1751 2261 1802; baseline 0.003 -12"><span class='ocrx_word' id='word_1_513' title='bbox 1226 1752 1285 1790; x_wconf 87' lang='lat' dir='ltr'><strong>ita</strong></span> <span class='ocrx_word' id='word_1_514' title='bbox 1306 1752 1453 1801; x_wconf 77' lang='lat' dir='ltr'><strong>dicam)</strong></span> <span class='ocrx_word' id='word_1_515' title='bbox 1467 1755 1598 1802; x_wconf 88' lang='lat' dir='ltr'><strong>potest</strong></span> <span class='ocrx_word' id='word_1_516' title='bbox 1619 1751 1762 1790; x_wconf 88' lang='lat' dir='ltr'><strong>cadere</strong></span> <span class='ocrx_word' id='word_1_517' title='bbox 1781 1751 1855 1789; x_wconf 91' lang='lat' dir='ltr'><strong>sub</strong></span> <span class='ocrx_word' id='word_1_518' title='bbox 1874 1752 2163 1802; x_wconf 88' lang='lat' dir='ltr'><strong>obligationem</strong></span> <span class='ocrx_word' id='word_1_519' title='bbox 2179 1752 2261 1793; x_wconf 89' lang='lat' dir='ltr'><strong>voti</strong></span> 
     </span>
     <span class='ocr_line' id='line_1_79' title="bbox 1227 1813 2260 1864; baseline 0.003 -13"><span class='ocrx_word' id='word_1_520' title='bbox 1227 1814 1492 1864; x_wconf 84' lang='lat' dir='ltr'><strong>paupertatis,</strong></span> <span class='ocrx_word' id='word_1_521' title='bbox 1515 1813 1611 1863; x_wconf 87' lang='lat' dir='ltr'><strong>quia</strong></span> <span class='ocrx_word' id='word_1_522' title='bbox 1631 1825 1725 1851; x_wconf 89' lang='lat' dir='ltr'><strong>cum</strong></span> <span class='ocrx_word' id='word_1_523' title='bbox 1752 1819 1968 1864; x_wconf 87' lang='lat' dir='ltr'><strong>paupertas</strong></span> <span class='ocrx_word' id='word_1_524' title='bbox 1996 1815 2189 1853; x_wconf 85' lang='lat' dir='ltr'><strong>consistat</strong></span> <span class='ocrx_word' id='word_1_525' title='bbox 2219 1815 2260 1854; x_wconf 91' lang='lat' dir='ltr'><strong>in</strong></span> 
     </span>
     <span class='ocr_line' id='line_1_80' title="bbox 1227 1873 2262 1923; baseline 0.001 -10"><span class='ocrx_word' id='word_1_526' title='bbox 1227 1875 1422 1921; x_wconf 88' lang='lat' dir='ltr'><strong>carentia,</strong></span> <span class='ocrx_word' id='word_1_527' title='bbox 1444 1875 1576 1923; x_wconf 84' lang='lat' dir='ltr'><strong>major</strong></span> <span class='ocrx_word' id='word_1_528' title='bbox 1595 1874 1686 1918; x_wconf 85' lang='lat' dir='ltr'><strong>erit,</strong></span> <span class='ocrx_word' id='word_1_529' title='bbox 1708 1873 1742 1912; x_wconf 91' lang='lat' dir='ltr'><strong>si</strong></span> <span class='ocrx_word' id='word_1_530' title='bbox 1761 1886 1802 1913; x_wconf 92' lang='lat' dir='ltr'><strong>se</strong></span> <span class='ocrx_word' id='word_1_531' title='bbox 1822 1875 2016 1912; x_wconf 85' lang='lat' dir='ltr'><strong>extendat</strong></span> <span class='ocrx_word' id='word_1_532' title='bbox 2047 1875 2096 1912; x_wconf 90' lang='lat' dir='ltr'><strong>ad</strong></span> <span class='ocrx_word' id='word_1_533' title='bbox 2124 1888 2262 1914; x_wconf 89' lang='lat' dir='ltr'><strong>caren-</strong></span> 
     </span>
     <span class='ocr_line' id='line_1_81' title="bbox 1227 1935 2261 1987; baseline 0.003 -14"><span class='ocrx_word' id='word_1_534' title='bbox 1227 1936 1326 1974; x_wconf 86' lang='lat' dir='ltr'><strong>tiam</strong></span> <span class='ocrx_word' id='word_1_535' title='bbox 1342 1936 1572 1986; x_wconf 84' lang='lat' dir='ltr'><strong>aliquorum</strong></span> <span class='ocrx_word' id='word_1_536' title='bbox 1591 1946 1757 1984; x_wconf 90' lang='lat' dir='ltr'><strong>usuum,</strong></span> <span class='ocrx_word' id='word_1_537' title='bbox 1778 1935 1951 1986; x_wconf 86' lang='lat' dir='ltr'><strong>ideoque</strong></span> <span class='ocrx_word' id='word_1_538' title='bbox 1965 1936 2117 1974; x_wconf 86' lang='lat' dir='ltr'><strong>directe</strong></span> <span class='ocrx_word' id='word_1_539' title='bbox 2134 1941 2261 1987; x_wconf 85' lang='lat' dir='ltr'><strong>potest</strong></span> 
     </span>
     <span class='ocr_line' id='line_1_82' title="bbox 1227 1997 2262 2049; baseline 0.004 -15"><span class='ocrx_word' id='word_1_540' title='bbox 1227 1997 1371 2036; x_wconf 72' lang='lat' dir='ltr'><strong>cadere</strong></span> <span class='ocrx_word' id='word_1_541' title='bbox 1396 1997 1472 2035; x_wconf 84' lang='lat' dir='ltr'><strong>sub</strong></span> <span class='ocrx_word' id='word_1_542' title='bbox 1494 2000 1649 2036; x_wconf 87' lang='lat' dir='ltr'><strong>votum.</strong></span> <span class='ocrx_word' id='word_1_543' title='bbox 1679 1997 1784 2035; x_wconf 87' lang='lat' dir='ltr'><strong>Usus</strong></span> <span class='ocrx_word' id='word_1_544' title='bbox 1813 2002 1951 2035; x_wconf 89' lang='lat' dir='ltr'><strong>autem</strong></span> <span class='ocrx_word' id='word_1_545' title='bbox 1986 1999 2183 2049; x_wconf 89' lang='lat' dir='ltr'><strong>positivus</strong></span> <span class='ocrx_word' id='word_1_546' title='bbox 2218 2004 2262 2038; x_wconf 89' lang='lat' dir='ltr'><strong>ut</strong></span> 
     </span>
     <span class='ocr_line' id='line_1_83' title="bbox 1229 2057 2261 2108; baseline 0.005 -13"><span class='ocrx_word' id='word_1_547' title='bbox 1229 2059 1299 2103; x_wconf 79' lang='lat' dir='ltr'><strong>sic,</strong></span> <span class='ocrx_word' id='word_1_548' title='bbox 1326 2070 1395 2097; x_wconf 90' lang='grc'><strong>5011</strong></span> <span class='ocrx_word' id='word_1_549' title='bbox 1418 2058 1552 2108; x_wconf 87' lang='lat' dir='ltr'><strong>quoad</strong></span> <span class='ocrx_word' id='word_1_550' title='bbox 1577 2057 1848 2096; x_wconf 88' lang='lat' dir='ltr'><strong>substantiam</strong></span> <span class='ocrx_word' id='word_1_551' title='bbox 1883 2071 2012 2106; x_wconf 87' lang='lat' dir='ltr'><strong>suam,</strong></span> <span class='ocrx_word' id='word_1_552' title='bbox 2040 2071 2122 2097; x_wconf 89' lang='lat' dir='ltr'><strong>non</strong></span> <span class='ocrx_word' id='word_1_553' title='bbox 2151 2061 2261 2100; x_wconf 90' lang='lat' dir='ltr'><strong>vide-</strong></span> 
     </span>
     <span class='ocr_line' id='line_1_84' title="bbox 1227 2119 2260 2170; baseline 0.003 -13"><span class='ocrx_word' id='word_1_554' title='bbox 1227 2123 1294 2157; x_wconf 83' lang='lat' dir='ltr'><strong>tur</strong></span> <span class='ocrx_word' id='word_1_555' title='bbox 1311 2119 1514 2169; x_wconf 86' lang='lat' dir='ltr'><strong>pertinere</strong></span> <span class='ocrx_word' id='word_1_556' title='bbox 1529 2119 1578 2157; x_wconf 89' lang='lat' dir='ltr'><strong>ad</strong></span> <span class='ocrx_word' id='word_1_557' title='bbox 1599 2123 1896 2170; x_wconf 85' lang='lat' dir='ltr'><strong>paupertatem,</strong></span> <span class='ocrx_word' id='word_1_558' title='bbox 1917 2120 1984 2158; x_wconf 86' lang='lat' dir='ltr'><strong>sed</strong></span> <span class='ocrx_word' id='word_1_559' title='bbox 2002 2120 2050 2158; x_wconf 89' lang='lat' dir='ltr'><strong>ad</strong></span> <span class='ocrx_word' id='word_1_560' title='bbox 2070 2121 2168 2159; x_wconf 88' lang='lat' dir='ltr'><strong>alias</strong></span> <span class='ocrx_word' id='word_1_561' title='bbox 2182 2122 2260 2161; x_wconf 88' lang='lat' dir='ltr'><strong>vir-</strong></span> 
     </span>
     <span class='ocr_line' id='line_1_85' title="bbox 1226 2180 2260 2234; baseline 0.005 -17"><span class='ocrx_word' id='word_1_562' title='bbox 1226 2184 1345 2227; x_wconf 80' lang='lat' dir='ltr'><strong>tutes,</strong></span> <span class='ocrx_word' id='word_1_563' title='bbox 1371 2180 1520 2231; x_wconf 88' lang='lat' dir='ltr'><strong>quibus</strong></span> <span class='ocrx_word' id='word_1_564' title='bbox 1539 2181 1661 2219; x_wconf 89' lang='lat' dir='ltr'><strong>homo</strong></span> <span class='ocrx_word' id='word_1_565' title='bbox 1676 2180 1881 2230; x_wconf 88' lang='lat' dir='ltr'><strong>obligatur</strong></span> <span class='ocrx_word' id='word_1_566' title='bbox 1896 2182 1953 2219; x_wconf 87' lang='lat' dir='ltr'><strong>uti</strong></span> <span class='ocrx_word' id='word_1_567' title='bbox 1970 2181 2090 2220; x_wconf 85' lang='lat' dir='ltr'><strong>rebus</strong></span> <span class='ocrx_word' id='word_1_568' title='bbox 2105 2187 2260 2234; x_wconf 92' lang='lat' dir='ltr'><strong>tempo-</strong></span> 
     </span>
     <span class='ocr_line' id='line_1_86' title="bbox 1225 2241 2260 2290; baseline 0.005 -11"><span class='ocrx_word' id='word_1_569' title='bbox 1225 2241 1378 2279; x_wconf 88' lang='lat' dir='ltr'><strong>ralibus</strong></span> <span class='ocrx_word' id='word_1_570' title='bbox 1406 2241 1456 2280; x_wconf 83' lang='lat' dir='ltr'><strong>ad</strong></span> <span class='ocrx_word' id='word_1_571' title='bbox 1478 2242 1604 2280; x_wconf 89' lang='lat' dir='ltr'><strong>vitam</strong></span> <span class='ocrx_word' id='word_1_572' title='bbox 1630 2243 1948 2281; x_wconf 83' lang='lat' dir='ltr'><strong>conservandam</strong></span> <span class='ocrx_word' id='word_1_573' title='bbox 1964 2273 1974 2290; x_wconf 95' lang='lat'><strong>,</strong></span> <span class='ocrx_word' id='word_1_574' title='bbox 2004 2244 2068 2282; x_wconf 91' lang='lat' dir='ltr'><strong>vel</strong></span> <span class='ocrx_word' id='word_1_575' title='bbox 2092 2244 2142 2282; x_wconf 89' lang='lat' dir='ltr'><strong>ad</strong></span> <span class='ocrx_word' id='word_1_576' title='bbox 2161 2245 2260 2285; x_wconf 87' lang='lat' dir='ltr'><strong>alios</strong></span> 
     </span>
     <span class='ocr_line' id='line_1_87' title="bbox 1225 2300 2259 2354; baseline 0.007 -15"><span class='ocrx_word' id='word_1_577' title='bbox 1225 2300 1327 2340; x_wconf 87' lang='lat' dir='ltr'><strong>fines</strong></span> <span class='ocrx_word' id='word_1_578' title='bbox 1341 2316 1352 2350; x_wconf 91' lang='lat'>;</span> <span class='ocrx_word' id='word_1_579' title='bbox 1368 2303 1618 2352; x_wconf 87' lang='lat' dir='ltr'><strong>paupertatis</strong></span> <span class='ocrx_word' id='word_1_580' title='bbox 1637 2307 1775 2342; x_wconf 88' lang='lat' dir='ltr'><strong>autem</strong></span> <span class='ocrx_word' id='word_1_581' title='bbox 1789 2308 1848 2342; x_wconf 89' lang='lat' dir='ltr'><strong>est</strong></span> <span class='ocrx_word' id='word_1_582' title='bbox 1864 2316 2013 2354; x_wconf 85' lang='lat' dir='ltr'><strong>ponere</strong></span> <span class='ocrx_word' id='word_1_583' title='bbox 2034 2306 2202 2345; x_wconf 86' lang='lat' dir='ltr'><strong>modum</strong></span> <span class='ocrx_word' id='word_1_584' title='bbox 2216 2307 2259 2346; x_wconf 90' lang='lat' dir='ltr'><strong>in</strong></span> 
     </span>
     <span class='ocr_line' id='line_1_88' title="bbox 1223 2361 2259 2415; baseline 0.007 -15"><span class='ocrx_word' id='word_1_585' title='bbox 1223 2361 1300 2400; x_wconf 90' lang='grc'><strong>1100</strong></span> <span class='ocrx_word' id='word_1_586' title='bbox 1330 2374 1421 2411; x_wconf 85' lang='grc'><strong>11511,</strong></span> <span class='ocrx_word' id='word_1_587' title='bbox 1458 2367 1499 2401; x_wconf 89' lang='lat' dir='ltr'><strong>et</strong></span> <span class='ocrx_word' id='word_1_588' title='bbox 1518 2363 1651 2412; x_wconf 82' lang='lat' dir='ltr'><strong>quoad</strong></span> <span class='ocrx_word' id='word_1_589' title='bbox 1685 2363 1761 2402; x_wconf 87' lang='lat' dir='ltr'><strong>hoc</strong></span> <span class='ocrx_word' id='word_1_590' title='bbox 1787 2370 1919 2415; x_wconf 89' lang='lat' dir='ltr'><strong>potest</strong></span> <span class='ocrx_word' id='word_1_591' title='bbox 1937 2367 2086 2405; x_wconf 90' lang='lat' dir='ltr'><strong>directe</strong></span> <span class='ocrx_word' id='word_1_592' title='bbox 2116 2368 2259 2408; x_wconf 86' lang='lat' dir='ltr'><strong>eadere</strong></span> 
     </span>
     <span class='ocr_line' id='line_1_89' title="bbox 1223 2423 2256 2480; baseline 0.007 -19"><span class='ocrx_word' id='word_1_593' title='bbox 1223 2423 1300 2462; x_wconf 85' lang='lat' dir='ltr'><strong>sub</strong></span> <span class='ocrx_word' id='word_1_594' title='bbox 1322 2423 1402 2462; x_wconf 87' lang='lat' dir='ltr'><strong>tale</strong></span> <span class='ocrx_word' id='word_1_595' title='bbox 1432 2428 1587 2463; x_wconf 88' lang='lat' dir='ltr'><strong>votum.</strong></span> <span class='ocrx_word' id='word_1_596' title='bbox 1614 2425 1750 2475; x_wconf 87' lang='lat' dir='ltr'><strong>Aliqui</strong></span> <span class='ocrx_word' id='word_1_597' title='bbox 1771 2426 1895 2464; x_wconf 88' lang='lat' dir='ltr'><strong>etiam</strong></span> <span class='ocrx_word' id='word_1_598' title='bbox 1919 2433 2013 2466; x_wconf 85' lang='lat' dir='ltr'><strong>sunt</strong></span> <span class='ocrx_word' id='word_1_599' title='bbox 2037 2433 2166 2474; x_wconf 89' lang='lat' dir='ltr'><strong>actus,</strong></span> <span class='ocrx_word' id='word_1_600' title='bbox 2188 2429 2256 2480; x_wconf 88' lang='lat' dir='ltr'><strong>qui</strong></span> 
     </span>
     <span class='ocr_line' id='line_1_90' title="bbox 1224 2484 2258 2542; baseline 0.008 -20"><span class='ocrx_word' id='word_1_601' title='bbox 1224 2484 1434 2523; x_wconf 87' lang='lat' dir='ltr'><strong>moraliter</strong></span> <span class='ocrx_word' id='word_1_602' title='bbox 1452 2490 1548 2524; x_wconf 89' lang='lat' dir='ltr'><strong>sunt</strong></span> <span class='ocrx_word' id='word_1_603' title='bbox 1558 2486 1782 2525; x_wconf 88' lang='lat' dir='ltr'><strong>necessario</strong></span> <span class='ocrx_word' id='word_1_604' title='bbox 1794 2488 1999 2538; x_wconf 85' lang='lat' dir='ltr'><strong>conjuncti</strong></span> <span class='ocrx_word' id='word_1_605' title='bbox 2017 2502 2108 2528; x_wconf 80' lang='lat' dir='ltr'><strong>cum</strong></span> <span class='ocrx_word' id='word_1_606' title='bbox 2123 2491 2258 2542; x_wconf 86' lang='lat' dir='ltr'><strong>aliqua</strong></span> 
     </span>
     <span class='ocr_line' id='line_1_91' title="bbox 1223 2548 2256 2597; baseline 0.007 -14"><span class='ocrx_word' id='word_1_607' title='bbox 1223 2550 1475 2597; x_wconf 84' lang='lat' dir='ltr'><strong>paupertate,</strong></span> <span class='ocrx_word' id='word_1_608' title='bbox 1495 2551 1540 2585; x_wconf 90' lang='lat' dir='ltr'><strong>ut</strong></span> <span class='ocrx_word' id='word_1_609' title='bbox 1561 2548 1805 2597; x_wconf 86' lang='lat' dir='ltr'><strong>mendicare,</strong></span> <span class='ocrx_word' id='word_1_610' title='bbox 1828 2549 1861 2586; x_wconf 87' lang='lat' dir='ltr'><strong>si</strong></span> <span class='ocrx_word' id='word_1_611' title='bbox 1878 2550 1983 2588; x_wconf 88' lang='lat' dir='ltr'><strong>nibil</strong></span> <span class='ocrx_word' id='word_1_612' title='bbox 1998 2551 2197 2590; x_wconf 86' lang='lat' dir='ltr'><strong>habeatur</strong></span> <span class='ocrx_word' id='word_1_613' title='bbox 2213 2553 2256 2591; x_wconf 91' lang='lat' dir='ltr'><strong>in</strong></span> 
     </span>
     <span class='ocr_line' id='line_1_92' title="bbox 1222 2608 2257 2663; baseline 0.006 -18"><span class='ocrx_word' id='word_1_614' title='bbox 1222 2608 1472 2658; x_wconf 86' lang='lat' dir='ltr'><strong>particulari,</strong></span> <span class='ocrx_word' id='word_1_615' title='bbox 1510 2621 1642 2660; x_wconf 89' lang='lat' dir='ltr'><strong>neque</strong></span> <span class='ocrx_word' id='word_1_616' title='bbox 1670 2609 1714 2648; x_wconf 92' lang='lat' dir='ltr'><strong>in</strong></span> <span class='ocrx_word' id='word_1_617' title='bbox 1740 2611 1962 2648; x_wconf 91' lang='lat' dir='ltr'><strong>communi.</strong></span> <span class='ocrx_word' id='word_1_618' title='bbox 1989 2611 2041 2648; x_wconf 89' lang='lat' dir='ltr'><strong>De</strong></span> <span class='ocrx_word' id='word_1_619' title='bbox 2074 2611 2137 2649; x_wconf 91' lang='lat' dir='ltr'><strong>his</strong></span> <span class='ocrx_word' id='word_1_620' title='bbox 2158 2623 2257 2663; x_wconf 86' lang='lat' dir='ltr'><strong>ergo</strong></span> 
     </span>
     <span class='ocr_line' id='line_1_93' title="bbox 1222 2669 2254 2722; baseline 0.006 -16"><span class='ocrx_word' id='word_1_621' title='bbox 1222 2669 1412 2707; x_wconf 87' lang='lat' dir='ltr'><strong>omnibus</strong></span> <span class='ocrx_word' id='word_1_622' title='bbox 1430 2669 1585 2716; x_wconf 88' lang='lat' dir='ltr'><strong>usibus,</strong></span> <span class='ocrx_word' id='word_1_623' title='bbox 1606 2670 1691 2707; x_wconf 88' lang='lat' dir='ltr'><strong>sive</strong></span> <span class='ocrx_word' id='word_1_624' title='bbox 1723 2670 1878 2708; x_wconf 90' lang='lat' dir='ltr'><strong>actibus</strong></span> <span class='ocrx_word' id='word_1_625' title='bbox 1897 2671 2015 2719; x_wconf 83' lang='lat' dir='ltr'><strong>(sicut</strong></span> <span class='ocrx_word' id='word_1_626' title='bbox 2035 2672 2078 2709; x_wconf 92' lang='lat' dir='ltr'><strong>in</strong></span> <span class='ocrx_word' id='word_1_627' title='bbox 2106 2684 2254 2722; x_wconf 81' lang='lat' dir='ltr'><strong>praece-</strong></span> 
     </span>
     <span class='ocr_line' id='line_1_94' title="bbox 1222 2729 2251 2786; baseline 0.006 -18"><span class='ocrx_word' id='word_1_628' title='bbox 1222 2729 1412 2768; x_wconf 88' lang='lat' dir='ltr'><strong>dentibus</strong></span> <span class='ocrx_word' id='word_1_629' title='bbox 1431 2730 1479 2767; x_wconf 92' lang='lat' dir='ltr'><strong>de</strong></span> <span class='ocrx_word' id='word_1_630' title='bbox 1497 2730 1679 2767; x_wconf 88' lang='lat' dir='ltr'><strong>dominio</strong></span> <span class='ocrx_word' id='word_1_631' title='bbox 1698 2742 1768 2768; x_wconf 91' lang='lat' dir='ltr'><strong>seu</strong></span> <span class='ocrx_word' id='word_1_632' title='bbox 1787 2731 2031 2781; x_wconf 88' lang='lat' dir='ltr'><strong>proprietate</strong></span> <span class='ocrx_word' id='word_1_633' title='bbox 2050 2732 2251 2786; x_wconf 78' lang='lat' dir='ltr'><strong>fecimus),</strong></span> 
     </span>
     <span class='ocr_line' id='line_1_95' title="bbox 1221 2791 2254 2844; baseline 0.008 -16"><span class='ocrx_word' id='word_1_634' title='bbox 1221 2791 1481 2830; x_wconf 83' lang='lat' dir='ltr'><strong>tractandum</strong></span> <span class='ocrx_word' id='word_1_635' title='bbox 1511 2791 1602 2838; x_wconf 86' lang='lat' dir='ltr'><strong>erit,</strong></span> <span class='ocrx_word' id='word_1_636' title='bbox 1627 2791 1865 2842; x_wconf 87' lang='lat' dir='ltr'><strong>explicando</strong></span> <span class='ocrx_word' id='word_1_637' title='bbox 1895 2793 1937 2831; x_wconf 92' lang='lat' dir='ltr'><strong>in</strong></span> <span class='ocrx_word' id='word_1_638' title='bbox 1974 2797 2160 2844; x_wconf 83' lang='lat' dir='ltr'><strong>praesenti</strong></span> <span class='ocrx_word' id='word_1_639' title='bbox 2189 2809 2254 2837; x_wconf 93' lang='lat' dir='ltr'><strong>ca-</strong></span> 
     </span>
     <span class='ocr_line' id='line_1_96' title="bbox 1222 2851 2254 2907; baseline 0.009 -19"><span class='ocrx_word' id='word_1_640' title='bbox 1222 2852 1303 2901; x_wconf 85' lang='lat' dir='ltr'><strong>pite</strong></span> <span class='ocrx_word' id='word_1_641' title='bbox 1324 2851 1374 2888; x_wconf 88' lang='lat' dir='ltr'><strong>de</strong></span> <span class='ocrx_word' id='word_1_642' title='bbox 1394 2851 1581 2900; x_wconf 86' lang='lat' dir='ltr'><strong>singulis,</strong></span> <span class='ocrx_word' id='word_1_643' title='bbox 1607 2852 1702 2902; x_wconf 87' lang='lat' dir='ltr'><strong>quid</strong></span> <span class='ocrx_word' id='word_1_644' title='bbox 1723 2853 1770 2891; x_wconf 86' lang='lat' dir='ltr'><strong>ad</strong></span> <span class='ocrx_word' id='word_1_645' title='bbox 1794 2854 2082 2903; x_wconf 85' lang='lat' dir='ltr'><strong>perfectionem</strong></span> <span class='ocrx_word' id='word_1_646' title='bbox 2103 2857 2254 2907; x_wconf 82' lang='lat' dir='ltr'><strong>regulae</strong></span> 
     </span>
     <span class='ocr_line' id='line_1_97' title="bbox 1221 2914 2252 2969; baseline 0.011 -19"><span class='ocrx_word' id='word_1_647' title='bbox 1221 2916 1382 2963; x_wconf 87' lang='lat' dir='ltr'><strong>spectet,</strong></span> <span class='ocrx_word' id='word_1_648' title='bbox 1406 2917 1446 2950; x_wconf 86' lang='lat' dir='ltr'><strong>et</strong></span> <span class='ocrx_word' id='word_1_649' title='bbox 1465 2914 1507 2951; x_wconf 93' lang='lat' dir='ltr'><strong>in</strong></span> <span class='ocrx_word' id='word_1_650' title='bbox 1537 2914 1735 2963; x_wconf 88' lang='lat' dir='ltr'><strong>sequenti,</strong></span> <span class='ocrx_word' id='word_1_651' title='bbox 1757 2915 1856 2966; x_wconf 91' lang='lat' dir='ltr'><strong>quid</strong></span> <span class='ocrx_word' id='word_1_652' title='bbox 1887 2917 1937 2955; x_wconf 89' lang='lat' dir='ltr'><strong>ad</strong></span> <span class='ocrx_word' id='word_1_653' title='bbox 1959 2917 2252 2969; x_wconf 87' lang='lat' dir='ltr'><strong>obligationem</strong></span> 
     </span>
     <span class='ocr_line' id='line_1_98' title="bbox 1220 2973 1663 3024; baseline 0.005 -13"><span class='ocrx_word' id='word_1_654' title='bbox 1220 2973 1295 3012; x_wconf 91' lang='lat' dir='ltr'><strong>sub</strong></span> <span class='ocrx_word' id='word_1_655' title='bbox 1311 2973 1430 3024; x_wconf 89' lang='lat' dir='ltr'><strong>culpa</strong></span> <span class='ocrx_word' id='word_1_656' title='bbox 1449 2975 1663 3024; x_wconf 89' lang='lat' dir='ltr'><strong>pertineat.</strong></span> 
     </span>
    </p>

    <p class='ocr_par' dir='ltr' id='par_1_17' title="bbox 1272 3035 2251 3095">
     <span class='ocr_line' id='line_1_99' title="bbox 1272 3035 2251 3095; baseline 0.013 -22"><span class='ocrx_word' id='word_1_657' title='bbox 1272 3036 1310 3074; x_wconf 78' lang='lat'><strong>2.</strong></span> <span class='ocrx_word' id='word_1_658' title='bbox 1335 3035 1480 3075; x_wconf 78' lang='lat' dir='ltr'><strong>Prima</strong></span> <span class='ocrx_word' id='word_1_659' title='bbox 1499 3037 1747 3077; x_wconf 79' lang='lat' dir='ltr'><strong>observantia</strong></span> <span class='ocrx_word' id='word_1_660' title='bbox 1763 3049 1862 3079; x_wconf 75' lang='lat' dir='ltr'><strong>usus</strong></span> <span class='ocrx_word' id='word_1_661' title='bbox 1881 3043 2058 3094; x_wconf 60' lang='lat' dir='ltr'><strong>negativi</strong></span> <span class='ocrx_word' id='word_1_662' title='bbox 2081 3055 2251 3095; x_wconf 78' lang='lat' dir='ltr'><strong>pauper—</strong></span> 
     </span>
    </p>
   </div>
   <div class='ocr_carea' id='block_1_15' title="bbox 2118 0 2352 646">
    <p class='ocr_par' dir='ltr' id='par_1_18' title="bbox 2118 0 2352 646">
     <span class='ocr_line' id='line_1_100' title="bbox 2118 0 2352 359; baseline 0 0"><span class='ocrx_word' id='word_1_663' title='bbox 2118 0 2352 359; x_wconf 95' lang='lat' dir='ltr'><strong>   </strong></span> 
     </span>
     <span class='ocr_line' id='line_1_101' title="bbox 2284 359 2352 646; baseline 0 3234"><span class='ocrx_word' id='word_1_664' title='bbox 2284 359 2352 646; x_wconf 95' lang='lat' dir='ltr'><strong> </strong></span> 
     </span>
    </p>
   </div>
   <div class='ocr_carea' id='block_1_16' title="bbox 1220 3080 2352 3156">
    <p class='ocr_par' dir='ltr' id='par_1_19' title="bbox 1220 3080 2352 3156">
     <span class='ocr_line' id='line_1_102' title="bbox 1220 3080 2352 3156; baseline 0.009 -21"><span class='ocrx_word' id='word_1_665' title='bbox 1220 3097 1318 3136; x_wconf 76' lang='lat' dir='ltr'><strong>tatis</strong></span> <span class='ocrx_word' id='word_1_666' title='bbox 1335 3097 1378 3135; x_wconf 76' lang='lat' dir='ltr'><strong>in</strong></span> <span class='ocrx_word' id='word_1_667' title='bbox 1396 3095 1698 3144; x_wconf 67' lang='lat' dir='ltr'><strong>Societate,ozon</strong></span> <span class='ocrx_word' id='word_1_668' title='bbox 1717 3099 1855 3140; x_wconf 72' lang='lat' dir='ltr'><strong>habere</strong></span> <span class='ocrx_word' id='word_1_669' title='bbox 1873 3101 1913 3141; x_wconf 79' lang='lat' dir='ltr'><strong>in</strong></span> <span class='ocrx_word' id='word_1_670' title='bbox 1932 3104 2044 3151; x_wconf 78' lang='lat' dir='ltr'><strong>cella,</strong></span> <span class='ocrx_word' id='word_1_671' title='bbox 2066 3105 2147 3145; x_wconf 74' lang='lat' dir='ltr'><strong>sive</strong></span> <span class='ocrx_word' id='word_1_672' title='bbox 2164 3106 2250 3156; x_wconf 74' lang='lat' dir='ltr'><strong>pri-</strong></span> <span class='ocrx_word' id='word_1_673' title='bbox 2290 3147 2293 3150; x_wconf 71' lang='grc'><strong>,</strong></span> <span class='ocrx_word' id='word_1_674' title='bbox 2350 3080 2352 3133; x_wconf 15' lang='grc' dir='ltr'>ᾗ</span> 
     </span>
    </p>
   </div>
   <div class='ocr_carea' id='block_1_17' title="bbox 1215 3158 2250 3641">
    <p class='ocr_par' dir='ltr' id='par_1_20' title="bbox 1215 3158 2250 3641">
     <span class='ocr_line' id='line_1_103' title="bbox 1218 3158 2250 3215; baseline 0.01 -18"><span class='ocrx_word' id='word_1_675' title='bbox 1218 3158 1356 3204; x_wconf 78' lang='lat' dir='ltr'><strong>vatim,</strong></span> <span class='ocrx_word' id='word_1_676' title='bbox 1374 3158 1567 3198; x_wconf 74' lang='lat' dir='ltr'><strong>esculenta</strong></span> <span class='ocrx_word' id='word_1_677' title='bbox 1589 3159 1648 3198; x_wconf 75' lang='lat' dir='ltr'><strong>oet</strong></span> <span class='ocrx_word' id='word_1_678' title='bbox 1663 3160 1945 3211; x_wconf 79' lang='lat' dir='ltr'><strong>poculenta.—</strong></span> <span class='ocrx_word' id='word_1_679' title='bbox 1958 3165 2008 3203; x_wconf 93' lang='lat' dir='ltr'><strong>Ut</strong></span> <span class='ocrx_word' id='word_1_680' title='bbox 2027 3178 2124 3215; x_wconf 86' lang='lat' dir='ltr'><strong>ergo</strong></span> <span class='ocrx_word' id='word_1_681' title='bbox 2150 3167 2250 3207; x_wconf 88' lang='lat' dir='ltr'><strong>inci-</strong></span> 
     </span>
     <span class='ocr_line' id='line_1_104' title="bbox 1217 3218 2250 3276; baseline 0.015 -22"><span class='ocrx_word' id='word_1_682' title='bbox 1217 3218 1377 3268; x_wconf 89' lang='lat' dir='ltr'><strong>piamus</strong></span> <span class='ocrx_word' id='word_1_683' title='bbox 1396 3218 1447 3256; x_wconf 89' lang='lat' dir='ltr'><strong>ab</strong></span> <span class='ocrx_word' id='word_1_684' title='bbox 1466 3231 1542 3257; x_wconf 90' lang='lat' dir='ltr'><strong>usu</strong></span> <span class='ocrx_word' id='word_1_685' title='bbox 1562 3221 1768 3270; x_wconf 82' lang='lat' dir='ltr'><strong>negativo,</strong></span> <span class='ocrx_word' id='word_1_686' title='bbox 1790 3224 1859 3272; x_wconf 90' lang='lat' dir='ltr'><strong>qui</strong></span> <span class='ocrx_word' id='word_1_687' title='bbox 1881 3226 2095 3275; x_wconf 69' lang='lat' dir='ltr'><strong>perfectior</strong></span> <span class='ocrx_word' id='word_1_688' title='bbox 2113 3233 2186 3276; x_wconf 84' lang='lat' dir='ltr'><strong>est,</strong></span> <span class='ocrx_word' id='word_1_689' title='bbox 2208 3232 2250 3268; x_wconf 87' lang='lat' dir='ltr'><strong>et</strong></span> 
     </span>
     <span class='ocr_line' id='line_1_105' title="bbox 1217 3279 2250 3340; baseline 0.015 -25"><span class='ocrx_word' id='word_1_690' title='bbox 1217 3279 1348 3328; x_wconf 88' lang='lat' dir='ltr'><strong>magis</strong></span> <span class='ocrx_word' id='word_1_691' title='bbox 1367 3279 1540 3330; x_wconf 83' lang='lat' dir='ltr'><strong>explicat</strong></span> <span class='ocrx_word' id='word_1_692' title='bbox 1561 3282 1848 3331; x_wconf 82' lang='lat' dir='ltr'><strong>perfectionem</strong></span> <span class='ocrx_word' id='word_1_693' title='bbox 1869 3287 1966 3334; x_wconf 89' lang='lat' dir='ltr'><strong>voti,</strong></span> <span class='ocrx_word' id='word_1_694' title='bbox 1989 3290 2121 3338; x_wconf 87' lang='lat' dir='ltr'><strong>primo</strong></span> <span class='ocrx_word' id='word_1_695' title='bbox 2138 3301 2250 3340; x_wconf 86' lang='lat' dir='ltr'><strong>spec-</strong></span> 
     </span>
     <span class='ocr_line' id='line_1_106' title="bbox 1216 3341 2250 3401; baseline 0.014 -24"><span class='ocrx_word' id='word_1_696' title='bbox 1216 3344 1275 3378; x_wconf 89' lang='lat' dir='ltr'><strong>tat</strong></span> <span class='ocrx_word' id='word_1_697' title='bbox 1293 3341 1343 3379; x_wconf 91' lang='lat' dir='ltr'><strong>ad</strong></span> <span class='ocrx_word' id='word_1_698' title='bbox 1362 3347 1641 3393; x_wconf 86' lang='lat' dir='ltr'><strong>paupertatem</strong></span> <span class='ocrx_word' id='word_1_699' title='bbox 1672 3344 1893 3394; x_wconf 88' lang='lat' dir='ltr'><strong>Societatis,</strong></span> <span class='ocrx_word' id='word_1_700' title='bbox 1916 3353 1962 3387; x_wconf 91' lang='lat' dir='ltr'><strong>ut</strong></span> <span class='ocrx_word' id='word_1_701' title='bbox 1979 3350 2160 3401; x_wconf 86' lang='lat' dir='ltr'><strong>religiosi</strong></span> <span class='ocrx_word' id='word_1_702' title='bbox 2186 3351 2250 3391; x_wconf 86' lang='lat' dir='ltr'><strong>ni·</strong></span> 
     </span>
     <span class='ocr_line' id='line_1_107' title="bbox 1216 3400 2246 3458; baseline 0.013 -20"><span class='ocrx_word' id='word_1_703' title='bbox 1216 3400 1275 3439; x_wconf 91' lang='lat' dir='ltr'><strong>hil</strong></span> <span class='ocrx_word' id='word_1_704' title='bbox 1307 3402 1498 3452; x_wconf 88' lang='lat' dir='ltr'><strong>privatim</strong></span> <span class='ocrx_word' id='word_1_705' title='bbox 1535 3405 1736 3454; x_wconf 86' lang='lat' dir='ltr'><strong>possidere</strong></span> <span class='ocrx_word' id='word_1_706' title='bbox 1768 3409 1924 3458; x_wconf 87' lang='lat' dir='ltr'><strong>possint</strong></span> <span class='ocrx_word' id='word_1_707' title='bbox 1953 3422 2004 3449; x_wconf 83' lang='lat' dir='ltr'><strong>ex</strong></span> <span class='ocrx_word' id='word_1_708' title='bbox 2029 3410 2094 3449; x_wconf 88' lang='lat' dir='ltr'><strong>his</strong></span> <span class='ocrx_word' id='word_1_709' title='bbox 2126 3411 2246 3451; x_wconf 82' lang='lat' dir='ltr'><strong>rebus</strong></span> 
     </span>
     <span class='ocr_line' id='line_1_108' title="bbox 1215 3463 2245 3523; baseline 0.012 -24"><span class='ocrx_word' id='word_1_710' title='bbox 1215 3473 1306 3512; x_wconf 86' lang='lat' dir='ltr'><strong>quae</strong></span> <span class='ocrx_word' id='word_1_711' title='bbox 1318 3463 1367 3501; x_wconf 90' lang='lat' dir='ltr'><strong>ad</strong></span> <span class='ocrx_word' id='word_1_712' title='bbox 1382 3465 1716 3506; x_wconf 79' lang='lat' dir='ltr'><strong>sustentationem</strong></span> <span class='ocrx_word' id='word_1_713' title='bbox 1727 3470 1904 3520; x_wconf 88' lang='lat' dir='ltr'><strong>corporis</strong></span> <span class='ocrx_word' id='word_1_714' title='bbox 1922 3472 2140 3521; x_wconf 79' lang='lat' dir='ltr'><strong>pertinent,</strong></span> <span class='ocrx_word' id='word_1_715' title='bbox 2151 3482 2245 3523; x_wconf 82' lang='lat' dir='ltr'><strong>quae</strong></span> 
     </span>
     <span class='ocr_line' id='line_1_109' title="bbox 1215 3523 2247 3577; baseline 0.01 -15"><span class='ocrx_word' id='word_1_716' title='bbox 1215 3523 1290 3562; x_wconf 88' lang='lat' dir='ltr'><strong>sub</strong></span> <span class='ocrx_word' id='word_1_717' title='bbox 1309 3524 1399 3563; x_wconf 87' lang='lat' dir='ltr'><strong>cibo</strong></span> <span class='ocrx_word' id='word_1_718' title='bbox 1418 3530 1459 3564; x_wconf 87' lang='lat' dir='ltr'><strong>et</strong></span> <span class='ocrx_word' id='word_1_719' title='bbox 1476 3531 1574 3577; x_wconf 88' lang='lat' dir='ltr'><strong>potu</strong></span> <span class='ocrx_word' id='word_1_720' title='bbox 1591 3527 1873 3570; x_wconf 86' lang='lat' dir='ltr'><strong>includuntur.</strong></span> <span class='ocrx_word' id='word_1_721' title='bbox 1897 3531 2057 3571; x_wconf 85' lang='lat' dir='ltr'><strong>Etenim</strong></span> <span class='ocrx_word' id='word_1_722' title='bbox 2075 3543 2159 3570; x_wconf 88' lang='lat' dir='ltr'><strong>non</strong></span> <span class='ocrx_word' id='word_1_723' title='bbox 2174 3531 2247 3572; x_wconf 85' lang='lat' dir='ltr'><strong>ha·</strong></span> 
     </span>
     <span class='ocr_line' id='line_1_110' title="bbox 1215 3583 2248 3641; baseline 0.013 -19"><span class='ocrx_word' id='word_1_724' title='bbox 1215 3583 1310 3625; x_wconf 88' lang='lat' dir='ltr'><strong>bere</strong></span> <span class='ocrx_word' id='word_1_725' title='bbox 1329 3587 1542 3639; x_wconf 86' lang='lat' dir='ltr'><strong>proprium</strong></span> <span class='ocrx_word' id='word_1_726' title='bbox 1559 3593 1600 3628; x_wconf 87' lang='lat' dir='ltr'><strong>et</strong></span> <span class='ocrx_word' id='word_1_727' title='bbox 1624 3590 1832 3641; x_wconf 84' lang='lat' dir='ltr'><strong>privatum</strong></span> <span class='ocrx_word' id='word_1_728' title='bbox 1849 3590 2077 3633; x_wconf 88' lang='lat' dir='ltr'><strong>dominium</strong></span> <span class='ocrx_word' id='word_1_729' title='bbox 2094 3593 2248 3641; x_wconf 68' lang='lat' dir='ltr'><strong>harum,</strong></span> 
     </span>
    </p>
   </div>
  </div>
 </body>
</html>
