2352 3880
0 3855 20 3880 ’,θ

64 251 68 257 s
426 208 515 242 cie.
539 208 608 241 vn.
631 207 727 247 Qua:
747 203 1015 239 con'rloNES
1037 200 1331 245 nmmmwa
1351 206 1409 240 ax
1429 207 1564 243 marr.
1585 207 1827 252 Rssmcloms,
1849 211 1942 246 mc.

122 273 404 320 brevioribus,
438 273 550 312 hauc
580 270 853 322 quaestionem
886 280 1152 321 proponens,

123 335 438 378 convenientius
451 333 615 385 judicat
642 331 927 383 receptionem
949 342 1044 370 cum
1072 329 1155 369 fra-

121 397 254 438 tribus
274 395 587 438 communicari.

175 459 216 499 5.
237 458 441 500 Diluitur.
453 479 505 486 —
518 455 769 508 Explicatur
783 452 985 494 Basilius.
994 474 1046 484 —
1058 451 1154 492 Haec

120 529 221 559 vero
241 519 419 570 objectio
441 516 650 569 generalis
676 518 738 554 est
762 515 815 554 de
840 518 926 553 toto
949 513 1152 564 regimine

122 580 352 626 societatis,
374 577 485 629 quod
504 576 815 616 monarchicum
828 579 903 623 est,
919 575 971 614 de
992 586 1074 625 quo
1093 574 1152 612 in-

121 641 263 689 ferius,
283 641 387 679 libro
416 639 595 686 decimo,
618 637 908 688 disputabitur.
929 637 1046 676 Nunc
1058 635 1151 674 bre-

121 704 228 744 viter
246 702 544 753 respondetur,
566 705 759 740 constans
780 711 868 739 esse
889 698 1002 750 apud
1020 698 1154 749 philo-

122 764 276 816 sophos
293 768 334 804 et
353 763 586 812 Theologos
606 762 718 801 hunc
739 761 911 801 modum
941 759 1153 811 regiminis

120 837 174 866 ex
191 838 266 866 suo
284 837 437 876 genere
453 825 666 864 meliorem
683 836 787 869 esse,
805 823 1151 875 paucioribusque

120 886 393 927 incommodis
418 887 663 938 expositum,
686 889 731 925 ut
756 885 938 924 Christus
958 883 1153 923 Dominus

119 949 309 999 exemplo
323 960 398 987 suo
416 949 459 987 in
474 960 558 987 suae
574 947 765 987 Ecclesiae
782 946 1038 986 institutione
1055 957 1152 984 con-

118 1010 310 1050 firmavit.
333 1011 434 1050 Cum
455 1022 554 1061 ergo
574 1014 699 1049 totlus
730 1007 943 1058 religionis
962 1006 1151 1054 regimen

119 1073 431 1112 monarchicum
455 1071 520 1119 sit,
543 1069 824 1110 necessarium
850 1068 926 1106 fuit
945 1068 988 1106 in
1014 1071 1151 1118 potes-

118 1136 204 1173 tate
219 1133 457 1172 admittendi
473 1131 664 1170 eamdem
681 1130 857 1168 formam
872 1141 986 1167 serva
994 1129 1043 1169 ri.
1057 1140 1150 1179 qnae

119 1206 290 1243 revera,
324 1193 534 1233 moraliter
563 1192 774 1242 loquendo
790 1221 801 1238 ,
825 1190 949 1229 nullis
979 1190 1066 1229 fere
1088 1194 1150 1229 est

118 1255 312 1308 periculis
333 1254 532 1305 exposita,
555 1257 608 1299 et,
633 1253 664 1291 si
686 1265 776 1303 quae
794 1255 904 1298 sunt,
925 1255 965 1290 et
990 1263 1084 1290 rara
1108 1255 1150 1290 et

119 1316 379 1368 particularia
395 1319 504 1361 sunt,
524 1327 613 1365 quae
628 1315 668 1352 in
687 1313 849 1363 legibus
864 1312 1047 1351 ferendis
1064 1325 1147 1350 non

116 1377 456 1426 considerantur;
478 1376 543 1415 cui
559 1376 670 1415 enim
691 1376 816 1414 totius
832 1375 1061 1422 Societatis,
1082 1374 1149 1413 vel

115 1437 290 1488 alicujus
311 1437 530 1488 provinciae
553 1437 641 1486 ejus
662 1449 760 1475 cura
783 1436 1063 1482 committitur,
1096 1435 1148 1474 de

116 1499 207 1551 ejus
228 1499 443 1550 prudentia
455 1511 502 1537 ac
517 1499 716 1549 religione
734 1499 926 1549 praesumi
949 1497 1086 1544 debet,
1103 1501 1150 1536 ut

116 1564 163 1599 ut
179 1560 301 1599 etiam
322 1559 495 1598 facultas
519 1559 760 1597 admittendi
786 1570 858 1597 seu
891 1557 1148 1609 approbandi

115 1622 327 1663 scholares
365 1622 402 1660 ei
438 1622 566 1672 possit
600 1621 843 1660 demandari
870 1651 879 1667 ‚
918 1620 1148 1670 praesertim

116 1693 213 1722 cum
232 1683 445 1734 praemisso
464 1682 653 1733 gravium
688 1686 728 1720 et
756 1682 1008 1732 prudentum
1040 1682 1149 1720 viro·

116 1753 209 1783 rum
229 1744 400 1784 consilio
420 1743 465 1782 id
494 1755 658 1793 semper
686 1743 823 1790 faciat,
849 1754 896 1781 ac
920 1743 1056 1780 facere
1077 1742 1150 1781 de-

116 1804 226 1851 beat,
251 1809 376 1856 atque
395 1804 609 1843 hocmodo
625 1805 804 1843 vitantur
823 1816 975 1854 magna
996 1804 1149 1842 incom-

115 1865 255 1911 moda,
278 1870 318 1905 et
336 1866 616 1904 dissensiones
638 1877 728 1916 quae
755 1877 803 1904 ex
822 1866 1019 1904 varietate
1037 1864 1149 1914 judi-

114 1926 271 1967 ciorum
292 1930 333 1966 ct
361 1927 583 1966 affectuum
610 1927 653 1964 in
686 1926 922 1977 hujusmodi
953 1926 1148 1976 Capitulis

115 1987 212 2027 oriri
232 1988 347 2028 solet.
371 1988 547 2027 Basilius
570 1992 707 2026 autem
729 1988 770 2026 in
792 1988 901 2027 dicta
920 1988 1062 2038 regula
1086 1999 1149 2026 so-

115 2049 200 2090 lum
233 2049 386 2089 indicat
419 2050 671 2089 conveniens
716 2061 807 2089 esse
851 2049 1146 2088 communicari

115 2122 208 2152 cum
228 2111 422 2151 fratribus
441 2112 681 2163 hujusmodi
705 2111 1005 2162 receptionem,
1031 2116 1076 2150 ut
1107 2114 1148 2150 et

116 2173 246 2213 oratio
269 2173 441 2212 aliorum
478 2185 552 2224 pro
590 2173 679 2212 aliis
716 2173 893 2211 vicissim
914 2172 1146 2211 communis

118 2233 183 2280 sit,
196 2238 235 2274 et
252 2246 469 2274 commune
489 2235 598 2273 inter
614 2235 725 2286 ipsos
742 2235 792 2272 sit
806 2234 1020 2284 gaudium,
1042 2234 1146 2272 sicut

120 2295 315 2335 Dominus
335 2296 449 2344 dixit,
472 2297 514 2335 in
537 2309 602 2345 eo,
624 2307 716 2347 quae
738 2296 1024 2347 poenitentiam
1043 2295 1142 2346 agit,

118 2357 403 2396 convocandos
424 2369 514 2396 esse
534 2357 689 2396 vicinos
721 2361 761 2396 et
792 2357 972 2403 amicos;
1004 2357 1144 2407 itaque

119 2429 201 2456 non
217 2417 314 2456 dicit
325 2418 611 2457 convocandos
629 2430 719 2457 esse
734 2417 785 2456 ad
798 2418 1054 2469 suffragium,
1073 2418 1147 2457 sed

119 2479 168 2518 ad
189 2480 537 2531 congaudendum
557 2480 607 2519 de
633 2492 739 2519 novo
759 2480 900 2527 fratre,
924 2480 1034 2530 quod
1058 2492 1147 2518 ma-

119 2541 224 2581 xime
243 2543 283 2580 in
307 2543 508 2582 Societate
530 2543 784 2582 observatur.
802 2544 849 2581 Et
868 2543 1054 2593 quamvis
1073 2543 1147 2581 Ba-

118 2602 231 2642 silius
249 2602 300 2641 de
319 2603 524 2654 suffragiis
541 2604 795 2654 loqueretur,
815 2603 916 2641 nihil
934 2603 1053 2642 nohis
1074 2603 1148 2641 ob-

119 2667 255 2713 staret,
278 2665 374 2715 quia
391 2665 561 2704 modum
582 2665 708 2704 alium
731 2664 958 2714 recipiendi
976 2665 1028 2702 ad
1046 2677 1145 2715 pro-

117 2725 333 2765 fessionem
363 2739 445 2765 nou
464 2727 772 2778 improbamus,
796 2726 867 2776 qui
901 2726 1073 2764 fortasse
1102 2726 1146 2765 in

119 2785 252 2837 aliqua
269 2787 468 2839 religione
486 2788 636 2839 poterit
654 2800 743 2827 esse
762 2788 1018 2826 commodior
1028 2789 1146 2838 juxta

120 2848 285 2887 modum
306 2849 368 2887 sui
383 2849 570 2897 instituti,
593 2850 665 2888 sed
684 2849 816 2888 solum
833 2849 1057 2888 asserimus
1075 2850 1146 2888 So-

120 2910 306 2950 cietatem
326 2913 473 2952 merito
497 2913 737 2964 praedictum
756 2913 926 2952 modum
953 2913 1144 2964 elegisse,

120 2973 327 3024 supposito
338 2974 461 3013 modo
474 2974 719 3014 obedientiae
736 2979 777 3014 et
793 2975 1005 3025 regiminis
1022 2985 1145 3025 quem

121 3034 352 3085 profitetur;
369 3039 409 3075 et
427 3035 520 3075 ideo
539 3036 646 3075 inter
665 3036 743 3075 alia
764 3037 947 3076 instituta
967 3037 1147 3076 Societa-

123 3093 196 3140 tis,
225 3095 304 3134 hoo
335 3096 458 3135 etiam
479 3097 606 3136 Sedes
629 3097 865 3148 Apostolica
885 3097 1143 3147 approbavit.

126 3153 173 3193 Et
192 3157 376 3205 quamvis
395 3157 529 3197 Sixtus
550 3159 582 3197 V
602 3158 824 3209 specialem
845 3158 1021 3203 formam
1040 3158 1147 3197 reci-

125 3213 263 3266 piendi
277 3217 466 3257 omnibus
478 3219 744 3271 religionibus
755 3220 992 3272 generalem
1005 3223 1147 3271 postea

125 3275 360 3324 instituerit,
384 3279 518 3317 statim
547 3281 670 3320 etiam
697 3285 792 3321 ante
826 3281 1147 3321 declarationem

125 3349 261 3385 suam,
289 3337 534 3377 Societatem
565 3341 618 3381 ab
652 3342 723 3382 illo
759 3354 887 3383 onere
924 3342 1149 3393 recipiendi

125 3409 203 3451 per
234 3398 429 3450 suffragia
464 3399 637 3450 Capituli
667 3403 869 3453 liberavit,
907 3403 1045 3455 quoad
1071 3403 1150 3442 hoc

128 3460 252 3500 etiam
287 3461 409 3500 tacite
444 3460 522 3499 hoc
555 3461 780 3502 institutum
816 3464 1074 3516 approbans;
1116 3464 1149 3503 si

128 3519 228 3572 quid
254 3532 352 3560 vero
379 3519 491 3559 aliud
511 3532 562 3559 ex
580 3521 712 3562 forma
731 3523 783 3562 ab
804 3524 892 3575 ipso
913 3525 1014 3564 alias
1047 3536 1152 3576 prae-

130 3581 281 3634 scripta
308 3581 351 3622 in
372 3583 577 3623 Societate
601 3583 770 3623 ietineri
793 3583 934 3635 voluit,
955 3598 983 3626 a
999 3586 1153 3638 Grego-

1208 268 1272 307 rio
1289 269 1380 308 XIV
1397 275 1638 311 revocatum
1661 278 1740 322 est,
1760 276 1833 325 qui
1853 275 2072 327 antiquum
2087 287 2249 319 morem

1210 330 1424 370 Societatis
1443 330 1551 370 circa
1570 332 1648 371 hoc
1662 335 1922 386 approbavit,
1936 341 1977 377 et
1994 339 2163 378 retineri
2178 351 2248 379 vo-

1208 391 1300 439 luit,
1322 392 1387 442 cuj
1395 404 1442 430 us
1464 392 1592 431 verba
1614 405 1739 444 supra
1757 398 1895 446 retuli,
1916 398 2023 438 libro
2044 399 2246 449 secundo,

1210 463 1300 503 cap.
1319 453 1457 498 tertio,
1479 465 1657 493 numero
1677 454 1839 497 decimo
1859 460 1999 509 tertio,
2018 459 2061 499 in
2079 460 2178 500 fine.

1261 513 1300 553 6.
1333 513 1471 554 Tertia
1489 515 1676 563 conditio,
1695 516 1825 557 debere
1843 521 1964 560 eciam
1975 523 2248 563 admittentem

1204 575 1379 625 praebere
1398 586 1641 616 consensum.
1658 598 1712 607 —
1723 577 1863 617 Tertia
1882 584 1923 618 et
1941 582 2086 622 ultima
2103 583 2248 623 condi-

1204 636 1262 675 tio
1283 640 1458 686 exparte
1473 637 1728 677 admittentis
1746 638 1798 677 ad
1821 640 2122 690 professionem
2137 648 2242 690 erat,

1207 701 1252 736 ut
1274 697 1471 736 Praelatus
1504 699 1672 738 nomine
1698 699 1911 751 religionis
1939 701 2118 743 liberum
2151 718 2248 745 con-

1208 770 1377 798 sensum
1399 759 1608 799 adhibeat.
1629 761 1744 800 Hanc
1762 773 1862 813 ergo
1883 762 2009 801 etiam
2030 763 2074 802 in
2092 765 2168 804 hac
2182 779 2248 806 re·-

1207 821 1397 872 ceptione
1426 822 1709 860 neeessariam
1749 823 1938 862 existimo
1956 854 1966 871 ‚
2000 824 2099 874 quia
2133 827 2248 868 nulla

1206 882 1371 922 traditio
1391 887 1679 923 consummata
1696 888 1772 931 est,
1789 885 1868 923 nisi
1884 885 1937 924 ab
1953 885 2082 924 altero
2101 899 2248 938 accep-

1208 947 1339 993 tetur;
1361 945 1589 995 acceptatio
1619 949 1758 984 autem
1778 958 1862 984 non
1885 946 2070 986 consistit
2085 947 2128 986 in
2150 949 2248 988 solis

1205 1005 1357 1052 verbis,
1392 1005 1467 1044 sed
1499 1005 1676 1056 requirit
1706 1007 1950 1046 interiorem
1978 1020 2245 1050 consensum.

1205 1066 1355 1106 Dicunt
1377 1078 1475 1105 vero
1497 1067 1651 1118 aliqui,
1674 1079 1723 1107 eo
1745 1068 1835 1119 ipso
1860 1068 1972 1119 quod
1991 1070 2090 1109 talia
2108 1075 2204 1110 vota
2223 1084 2248 1110 a

1203 1129 1309 1168 Sede
1331 1128 1567 1178 Apostolica
1589 1130 1820 1180 approbata
1842 1135 1953 1177 sunt,
1989 1143 2064 1182 per
2097 1144 2247 1183 appro-

1202 1190 1415 1230 bationem
1435 1190 1529 1229 talis
1554 1191 1784 1241 religionis.
1812 1192 1847 1230 si
1867 1192 2031 1242 publice
2059 1193 2162 1233 fiant
2182 1207 2247 1233 co-

1202 1265 1293 1291 ram
1314 1252 1536 1302 Superiore
1550 1253 1762 1303 religionis
1782 1254 1986 1304 ejusdem,
2001 1255 2053 1293 ab
2072 1255 2159 1304 ipsa
2173 1256 2247 1295 Ec-

1203 1314 1325 1352 clesia
1340 1314 1562 1364 acceptari,
1576 1314 1640 1352 vel
1658 1314 1711 1352 ab
1727 1315 1818 1365 ipso
1834 1316 1936 1361 Deo,
1956 1316 2022 1354 cui
2034 1316 2131 1354 talia
2152 1320 2247 1356 vota

1203 1375 1321 1413 fiunt.
1338 1374 1628 1424 Respondetur
1638 1375 1788 1414 falsum
1807 1377 1884 1414 hoc
1899 1388 2007 1423 esse,
2019 1378 2114 1427 quia
2128 1379 2245 1425 alias,

1205 1436 1364 1475 etiamsi
1385 1436 1584 1485 Superior
1603 1448 1679 1486 per
1698 1437 1778 1475 vim
1800 1442 2021 1488 cogeretur
2037 1439 2134 1477 talia
2152 1445 2247 1478 vota

1203 1497 1362 1540 audire,
1385 1497 1477 1547 ipso
1499 1509 1598 1535 vero
1630 1509 1712 1535 non
1746 1499 1950 1548 praeberet
1977 1511 2243 1548 eonsensum,

1204 1571 1340 1609 neque
1362 1559 1536 1597 haberet
1556 1558 1832 1598 intentionem
1855 1561 2102 1600 admittendi
2121 1562 2248 1600 talem

1203 1633 1442 1671 personam,
1462 1620 1731 1658 nihilominus
1751 1623 1931 1671 receptio
1954 1626 2063 1660 esset
2091 1623 2244 1669 valida,

1204 1681 1316 1732 quod
1342 1685 1483 1731 aperte
1518 1681 1669 1719 falsum
1704 1686 1765 1720 est
1790 1687 1830 1720 et
1863 1683 2118 1727 incredibile,
2150 1684 2246 1734 quia

1205 1743 1273 1781 illa
1291 1743 1510 1794 praesentia
1525 1743 1645 1780 valde
1662 1743 1885 1781 materialis
1907 1749 1983 1790 est,
2009 1749 2064 1793 et,
2085 1746 2247 1783 seclusa

1204 1805 1451 1849 intentione,
1475 1815 1556 1842 non
1592 1804 1718 1843 habet
1748 1817 1995 1843 concursum
2026 1807 2244 1855 moralem,

1204 1877 1340 1915 neque
1365 1866 1492 1902 utitur
1522 1869 1724 1915 potestate
1760 1865 2004 1904 admittendi
2037 1867 2113 1904 sihi
2147 1880 2246 1905 con-

1204 1939 1335 1974 cessa,
1358 1927 1454 1976 quia
1476 1926 1543 1964 illa
1564 1930 1746 1976 potestas
1767 1927 1891 1964 etiam
1916 1931 1977 1965 est
1998 1928 2181 1973 moralis,
2206 1933 2246 1968 et

1202 1988 1295 2027 ideo
1317 2000 1401 2026 non
1435 1987 1667 2038 applicatur
1697 1987 1750 2025 ad
1786 1999 1905 2038 opus,
1929 1989 2011 2027 nisi
2039 2001 2087 2027 ex
2112 1990 2245 2029 inten-

1202 2051 1312 2090 tione
1333 2051 1557 2101 operantis.
1583 2050 1717 2095 Quare
1750 2050 1901 2088 falsum
1923 2055 1983 2089 est
2017 2053 2245 2091 Ecclesiam

1201 2111 1245 2153 in
1265 2125 1313 2151 eo
1336 2124 1433 2151 casu
1455 2112 1674 2150 admittere
1689 2112 2056 2162 illampersonam,
2070 2115 2135 2153 vel
2154 2116 2244 2165 ejus

1200 2178 1317 2220 vota;
1341 2174 1436 2224 quia
1457 2174 1654 2219 Ecclesia,
1669 2173 1734 2212 vel
1754 2174 1940 2212 Pontifex
1958 2187 2042 2213 non
2065 2175 2245 2215 admittit

1201 2235 1439 2274 immediate
1455 2247 1529 2286 per
1548 2247 1592 2273 se
1614 2236 1765 2285 ipsum,
1786 2235 1859 2274 sed
1876 2247 1949 2285 per
1970 2237 2240 2275 Societatem:

1200 2309 1338 2347 neque
1361 2298 1447 2335 haec
1471 2296 1669 2334 admissio
1699 2295 1745 2334 fit
1764 2296 1852 2346 ipso
1870 2297 1979 2347 jure,
2003 2297 2076 2336 sed
2101 2301 2244 2348 postu-

1200 2358 1258 2397 lat
1275 2358 1480 2396 actionem
1502 2357 1697 2404 hominis,
1718 2369 1809 2408 quae
1829 2358 1936 2396 actio
1958 2370 2042 2397 non
2070 2363 2131 2398 est
2153 2360 2244 2400 sine

1200 2421 1411 2460 voluntate
1438 2424 1477 2458 et
1501 2432 1704 2458 consensu
1721 2449 1733 2468 ‚
1756 2419 1859 2458 sicut
1881 2425 2070 2459 servatur
2089 2421 2131 2459 in
2154 2434 2245 2461 om-

1201 2482 1323 2520 nibus
1344 2481 1639 2528 contractibus,
1661 2485 1701 2519 et
1731 2481 1964 2520 actlonibus
1996 2483 2238 2523 moralibus.

1202 2544 1345 2593 Neque
1368 2542 1477 2580 enim
1512 2542 1622 2580 solus
1654 2542 1765 2580 Deus
1795 2542 2034 2582 immediate
2056 2548 2242 2595 acceptat

1200 2604 1299 2643 talia
1319 2607 1428 2648 vota,
1447 2603 1520 2640 sed
1536 2615 1611 2653 per
1629 2603 1893 2650 Societatem,
1908 2604 1975 2641 cui
1996 2605 2180 2654 proxime
2194 2605 2244 2644 fit

1200 2665 1363 2704 traditio
1381 2664 1474 2702 talis
1495 2676 1703 2714 personae,
1727 2668 1768 2702 et
1788 2664 1882 2703 ideo
1903 2666 2026 2704 etiam
2050 2666 2161 2705 Deus
2192 2667 2243 2706 il-

1199 2726 1282 2765 lam
1303 2738 1386 2764 non
1416 2729 1602 2775 acceptat
1631 2726 1709 2763 nisi
1739 2737 1811 2775 per
1846 2725 2094 2765 Societatem
2113 2739 2122 2774 ;
2143 2732 2241 2767 vota

1202 2793 1342 2826 autem
1372 2791 1466 2824 sunt
1486 2786 1611 2824 veluti
1633 2798 1795 2825 annexa
1818 2787 1913 2825 huic
1936 2787 2160 2835 traditioni,
2198 2793 2240 2829 et

1200 2850 1294 2889 ideo
1315 2861 1409 2888 cum
1428 2848 1496 2887 illa
1519 2852 1801 2899 acceptantur,
1814 2853 1854 2887 et
1867 2861 1952 2887 non
1970 2850 2084 2889 alias.
2097 2851 2241 2898 Quoad

1199 2911 1309 2951 hanc
1338 2923 1436 2961 ergo
1455 2915 1616 2962 partem
1637 2911 1918 2962 aequiparatur
1938 2912 2027 2951 haec
2048 2913 2241 2964 incorpo-

1200 2975 1304 3014 ratio
1323 2973 1586 3024 professioni,
1608 2976 1649 3011 et
1665 2984 1759 3023 quae
1782 2972 1835 3011 de
1852 2972 1932 3012 hac
1949 2973 2142 3023 diximus,
2172 2974 2240 3014 hic

1202 3035 1449 3087 applicanda
1468 3038 1578 3073 sunt.

1254 3098 1293 3136 7.
1326 3097 1479 3135 Praeter
1511 3096 1611 3140 haec,
1635 3106 1728 3145 quae
1761 3106 1812 3134 ex
1845 3098 1963 3146 parte
1994 3094 2177 3145 religiosi
2197 3098 2238 3134 et

1203 3158 1415 3210 religionis
1437 3161 1532 3195 sunt
1553 3156 1788 3196 necessaria
1812 3156 1854 3194 in
1878 3156 2011 3194 forma
2032 3156 2121 3208 ipsa
2144 3167 2238 3206 pro-

1201 3219 1361 3266 fitendi,
1379 3221 1542 3269 oportet
1560 3219 1682 3257 etiarn
1702 3217 1887 3256 debitum
1906 3218 2078 3256 modum
2098 3217 2235 3255 obser-

1203 3293 1317 3329 vare,
1340 3280 1453 3331 quod
1474 3280 1598 3319 etiam
1632 3279 1676 3318 in
1704 3279 1913 3330 praesenti,
1948 3282 2107 3318 servata
2139 3288 2235 3327 pro-

1203 3342 1407 3395 portione,
1430 3342 1711 3380 necessarium
1736 3344 1813 3389 est,
1836 3344 1876 3379 et
1895 3351 1987 3390 quae
2008 3339 2058 3377 de
2079 3337 2236 3387 profes-

1205 3403 1323 3443 sione
1334 3403 1528 3450 diximus,
1546 3403 1670 3442 etiam
1687 3402 1730 3440 in
1747 3402 1827 3440 hoc
1843 3413 1927 3452 pun
1936 3403 1996 3436 eto
2016 3398 2151 3436 locum
2166 3397 2222 3436 ha

1203 3464 1318 3503 bent.
1339 3463 1485 3503 Omnia
1501 3475 1600 3502 vero
1621 3463 1874 3501 sufficienter
1894 3457 2183 3508 explebuntur,
2201 3456 2235 3497 si

1203 3524 1336 3564 forma
1365 3524 1418 3563 ad
1444 3523 1723 3563 admittendos
1752 3520 1959 3560 scholares
1988 3519 2234 3570 approbatos

1204 3587 1448 3639 praescripta
1481 3586 1528 3624 in
1558 3579 1922 3623 constitutionibus
1950 3579 2166 3620 Societatis
2190 3591 2231 3633 p.
