<?xml version="1.0" encoding="UTF-8"?>
<!DOCTYPE html PUBLIC "-//W3C//DTD XHTML 1.0 Transitional//EN"
    "http://www.w3.org/TR/xhtml1/DTD/xhtml1-transitional.dtd">
<html xmlns="http://www.w3.org/1999/xhtml" xml:lang="en" lang="en">
 <head>
  <title>
</title>
<meta http-equiv="Content-Type" content="text/html;charset=utf-8" />
  <meta name='ocr-system' content='tesseract 3.04.00' />
  <meta name='ocr-capabilities' content='ocr_page ocr_carea ocr_par ocr_line ocrx_word'/>
</head>
<body>
  <div class='ocr_page' id='page_1' title='image "./operaomnia16suaauoft_0038.png"; bbox 0 0 2352 3880; ppageno 0'>
   <div class='ocr_carea' id='block_1_1' title="bbox 143 219 227 262">
    <p class='ocr_par' dir='ltr' id='par_1_1' title="bbox 143 219 227 262">
     <span class='ocr_line' id='line_1_1' title="bbox 143 219 227 262; baseline -0.024 0"><span class='ocrx_word' id='word_1_1' title='bbox 143 219 227 262; x_wconf 74' lang='lat'>678</span> 
     </span>
    </p>
   </div>
   <div class='ocr_carea' id='block_1_2' title="bbox 134 288 1192 3314">
    <p class='ocr_par' dir='ltr' id='par_1_2' title="bbox 134 288 1174 1146">
     <span class='ocr_line' id='line_1_2' title="bbox 143 288 1169 340; baseline 0 -10"><span class='ocrx_word' id='word_1_2' title='bbox 143 301 289 330; x_wconf 84' lang='lat' dir='ltr'>verum</span> <span class='ocrx_word' id='word_1_3' title='bbox 307 288 559 340; x_wconf 74' lang='lat' dir='ltr'>religiosum,</span> <span class='ocrx_word' id='word_1_4' title='bbox 578 289 775 340; x_wconf 73' lang='lat' dir='ltr'>illumque</span> <span class='ocrx_word' id='word_1_5' title='bbox 807 301 832 330; x_wconf 83' lang='lat' dir='ltr'>a</span> <span class='ocrx_word' id='word_1_6' title='bbox 850 290 1003 331; x_wconf 86' lang='lat' dir='ltr'>novitio</span> <span class='ocrx_word' id='word_1_7' title='bbox 1024 290 1169 330; x_wconf 88' lang='lat' dir='ltr'>distin-</span> 
     </span>
     <span class='ocr_line' id='line_1_3' title="bbox 142 348 1170 407; baseline 0.001 -17"><span class='ocrx_word' id='word_1_8' title='bbox 142 351 247 404; x_wconf 81' lang='lat' dir='ltr'>guit.</span> <span class='ocrx_word' id='word_1_9' title='bbox 265 351 348 391; x_wconf 89' lang='lat' dir='ltr'>Nec</span> <span class='ocrx_word' id='word_1_10' title='bbox 367 349 492 394; x_wconf 75' lang='lat' dir='ltr'>refert</span> <span class='ocrx_word' id='word_1_11' title='bbox 511 349 622 407; x_wconf 89' lang='lat' dir='ltr'>quod</span> <span class='ocrx_word' id='word_1_12' title='bbox 639 348 741 393; x_wconf 89' lang='lat' dir='ltr'>illud</span> <span class='ocrx_word' id='word_1_13' title='bbox 759 351 829 404; x_wconf 84' lang='lat' dir='ltr'>jus</span> <span class='ocrx_word' id='word_1_14' title='bbox 857 355 898 393; x_wconf 87' lang='lat' dir='ltr'>et</span> <span class='ocrx_word' id='word_1_15' title='bbox 916 350 1064 394; x_wconf 80' lang='lat' dir='ltr'>similia</span> <span class='ocrx_word' id='word_1_16' title='bbox 1077 351 1170 392; x_wconf 80' lang='lat' dir='ltr'>iue-</span> 
     </span>
     <span class='ocr_line' id='line_1_4' title="bbox 142 411 1167 464; baseline -0.001 -11"><span class='ocrx_word' id='word_1_17' title='bbox 142 413 226 453; x_wconf 90' lang='lat' dir='ltr'>rint</span> <span class='ocrx_word' id='word_1_18' title='bbox 244 411 409 452; x_wconf 85' lang='lat' dir='ltr'>condita</span> <span class='ocrx_word' id='word_1_19' title='bbox 437 415 533 452; x_wconf 89' lang='lat' dir='ltr'>ante</span> <span class='ocrx_word' id='word_1_20' title='bbox 551 412 782 453; x_wconf 90' lang='lat' dir='ltr'>institutum</span> <span class='ocrx_word' id='word_1_21' title='bbox 810 413 1037 462; x_wconf 87' lang='lat' dir='ltr'>Societatis,</span> <span class='ocrx_word' id='word_1_22' title='bbox 1053 413 1167 464; x_wconf 85' lang='lat' dir='ltr'>quia,</span> 
     </span>
     <span class='ocr_line' id='line_1_5' title="bbox 141 471 1170 515; baseline 0 -1"><span class='ocrx_word' id='word_1_23' title='bbox 141 471 238 515; x_wconf 63' lang='lat' dir='ltr'>§icet</span> <span class='ocrx_word' id='word_1_24' title='bbox 256 485 401 512; x_wconf 89' lang='lat' dir='ltr'>verum</span> <span class='ocrx_word' id='word_1_25' title='bbox 421 472 472 513; x_wconf 88' lang='lat' dir='ltr'>sit</span> <span class='ocrx_word' id='word_1_26' title='bbox 490 477 589 514; x_wconf 86' lang='lat' dir='ltr'>tunc</span> <span class='ocrx_word' id='word_1_27' title='bbox 602 486 687 514; x_wconf 91' lang='lat' dir='ltr'>non</span> <span class='ocrx_word' id='word_1_28' title='bbox 701 472 900 514; x_wconf 87' lang='lat' dir='ltr'>cecidisse</span> <span class='ocrx_word' id='word_1_29' title='bbox 921 475 1170 515; x_wconf 83' lang='lat' dir='ltr'>Societatem</span> 
     </span>
     <span class='ocr_line' id='line_1_6' title="bbox 140 534 1167 588; baseline 0 -12"><span class='ocrx_word' id='word_1_30' title='bbox 140 535 219 576; x_wconf 77' lang='lat' dir='ltr'>sub</span> <span class='ocrx_word' id='word_1_31' title='bbox 245 546 484 588; x_wconf 83' lang='lat' dir='ltr'>expressam</span> <span class='ocrx_word' id='word_1_32' title='bbox 520 534 792 577; x_wconf 88' lang='lat' dir='ltr'>intentionem</span> <span class='ocrx_word' id='word_1_33' title='bbox 814 535 872 576; x_wconf 89' lang='lat' dir='ltr'>sic</span> <span class='ocrx_word' id='word_1_34' title='bbox 893 536 1167 587; x_wconf 90' lang='lat' dir='ltr'>loquentium,</span> 
     </span>
     <span class='ocr_line' id='line_1_7' title="bbox 139 594 1171 649; baseline 0 -13"><span class='ocrx_word' id='word_1_35' title='bbox 139 599 282 636; x_wconf 88' lang='lat' dir='ltr'>tamen</span> <span class='ocrx_word' id='word_1_36' title='bbox 316 594 488 636; x_wconf 87' lang='lat' dir='ltr'>confuse</span> <span class='ocrx_word' id='word_1_37' title='bbox 515 598 816 649; x_wconf 88' lang='lat' dir='ltr'>comprehensa</span> <span class='ocrx_word' id='word_1_38' title='bbox 852 596 943 645; x_wconf 84' lang='lat' dir='ltr'>fuit,</span> <span class='ocrx_word' id='word_1_39' title='bbox 964 601 1171 648; x_wconf 86' lang='lat' dir='ltr'>quatenus</span> 
     </span>
     <span class='ocr_line' id='line_1_8' title="bbox 139 656 1174 711; baseline 0 -14"><span class='ocrx_word' id='word_1_40' title='bbox 139 658 369 711; x_wconf 81' lang='lat' dir='ltr'>generatim</span> <span class='ocrx_word' id='word_1_41' title='bbox 397 658 668 699; x_wconf 84' lang='lat' dir='ltr'>intendebant</span> <span class='ocrx_word' id='word_1_42' title='bbox 686 656 802 710; x_wconf 86' lang='lat' dir='ltr'>loqui</span> <span class='ocrx_word' id='word_1_43' title='bbox 820 657 870 699; x_wconf 90' lang='lat' dir='ltr'>de</span> <span class='ocrx_word' id='word_1_44' title='bbox 888 659 1053 698; x_wconf 90' lang='lat' dir='ltr'>vinculo</span> <span class='ocrx_word' id='word_1_45' title='bbox 1071 671 1174 698; x_wconf 91' lang='lat' dir='ltr'>con-</span> 
     </span>
     <span class='ocr_line' id='line_1_9' title="bbox 139 719 1174 771; baseline 0 -11"><span class='ocrx_word' id='word_1_46' title='bbox 139 719 335 760; x_wconf 85' lang='lat' dir='ltr'>stituente</span> <span class='ocrx_word' id='word_1_47' title='bbox 372 732 519 760; x_wconf 89' lang='lat' dir='ltr'>verum</span> <span class='ocrx_word' id='word_1_48' title='bbox 559 719 822 771; x_wconf 85' lang='lat' dir='ltr'>religiosum,</span> <span class='ocrx_word' id='word_1_49' title='bbox 857 720 970 771; x_wconf 91' lang='lat' dir='ltr'>quod</span> <span class='ocrx_word' id='word_1_50' title='bbox 1001 721 1174 760; x_wconf 86' lang='lat' dir='ltr'>nomine</span> 
     </span>
     <span class='ocr_line' id='line_1_10' title="bbox 134 780 1173 836; baseline 0 -15"><span class='ocrx_word' id='word_1_51' title='bbox 134 780 399 836; x_wconf 76' lang='lat' dir='ltr'>professionis</span> <span class='ocrx_word' id='word_1_52' title='bbox 425 780 727 833; x_wconf 85' lang='lat' dir='ltr'>significabant,</span> <span class='ocrx_word' id='word_1_53' title='bbox 753 785 800 822; x_wconf 85' lang='lat' dir='ltr'>ut</span> <span class='ocrx_word' id='word_1_54' title='bbox 830 781 928 827; x_wconf 86' lang='lat' dir='ltr'>dixi,</span> <span class='ocrx_word' id='word_1_55' title='bbox 947 781 1044 832; x_wconf 89' lang='lat' dir='ltr'>quia</span> <span class='ocrx_word' id='word_1_56' title='bbox 1072 785 1173 822; x_wconf 83' lang='lat' dir='ltr'>tunc</span> 
     </span>
     <span class='ocr_line' id='line_1_11' title="bbox 136 841 1173 895; baseline -0.001 -12"><span class='ocrx_word' id='word_1_57' title='bbox 136 853 223 883; x_wconf 86' lang='lat' dir='ltr'>non</span> <span class='ocrx_word' id='word_1_58' title='bbox 241 844 329 883; x_wconf 83' lang='lat' dir='ltr'>erat</span> <span class='ocrx_word' id='word_1_59' title='bbox 347 843 451 883; x_wconf 89' lang='lat' dir='ltr'>alius</span> <span class='ocrx_word' id='word_1_60' title='bbox 469 841 618 883; x_wconf 88' lang='lat' dir='ltr'>modus</span> <span class='ocrx_word' id='word_1_61' title='bbox 634 841 929 894; x_wconf 87' lang='lat' dir='ltr'>incorporandi</span> <span class='ocrx_word' id='word_1_62' title='bbox 947 843 991 882; x_wconf 91' lang='lat' dir='ltr'>in</span> <span class='ocrx_word' id='word_1_63' title='bbox 1010 843 1173 895; x_wconf 83' lang='lat' dir='ltr'>religio·</span> 
     </span>
     <span class='ocr_line' id='line_1_12' title="bbox 137 903 1172 953; baseline 0 -9"><span class='ocrx_word' id='word_1_64' title='bbox 137 916 218 953; x_wconf 89' lang='lat' dir='ltr'>ne;</span> <span class='ocrx_word' id='word_1_65' title='bbox 250 903 353 944; x_wconf 89' lang='lat' dir='ltr'>illud</span> <span class='ocrx_word' id='word_1_66' title='bbox 378 909 519 944; x_wconf 89' lang='lat' dir='ltr'>autem</span> <span class='ocrx_word' id='word_1_67' title='bbox 552 903 766 944; x_wconf 88' lang='lat' dir='ltr'>materiale</span> <span class='ocrx_word' id='word_1_68' title='bbox 793 909 870 952; x_wconf 89' lang='lat' dir='ltr'>est,</span> <span class='ocrx_word' id='word_1_69' title='bbox 892 908 933 944; x_wconf 90' lang='lat' dir='ltr'>et</span> <span class='ocrx_word' id='word_1_70' title='bbox 959 903 1055 944; x_wconf 86' lang='lat' dir='ltr'>ideo</span> <span class='ocrx_word' id='word_1_71' title='bbox 1086 916 1172 944; x_wconf 88' lang='lat' dir='ltr'>non</span> 
     </span>
     <span class='ocr_line' id='line_1_13' title="bbox 137 964 1174 1018; baseline 0 -11"><span class='ocrx_word' id='word_1_72' title='bbox 137 966 275 1007; x_wconf 85' lang='lat' dir='ltr'>obstat</span> <span class='ocrx_word' id='word_1_73' title='bbox 294 966 517 1018; x_wconf 81' lang='lat' dir='ltr'>quominus</span> <span class='ocrx_word' id='word_1_74' title='bbox 538 965 615 1005; x_wconf 93' lang='lat' dir='ltr'>sub</span> <span class='ocrx_word' id='word_1_75' title='bbox 644 964 806 1006; x_wconf 81' lang='lat' dir='ltr'>formali</span> <span class='ocrx_word' id='word_1_76' title='bbox 840 964 1048 1006; x_wconf 88' lang='lat' dir='ltr'>decisione</span> <span class='ocrx_word' id='word_1_77' title='bbox 1078 966 1174 1007; x_wconf 87' lang='lat' dir='ltr'>talis</span> 
     </span>
     <span class='ocr_line' id='line_1_14' title="bbox 135 1027 1172 1082; baseline 0.001 -13"><span class='ocrx_word' id='word_1_78' title='bbox 135 1028 239 1082; x_wconf 82' lang='lat' dir='ltr'>juris</span> <span class='ocrx_word' id='word_1_79' title='bbox 282 1027 351 1067; x_wconf 89' lang='lat' dir='ltr'>hic</span> <span class='ocrx_word' id='word_1_80' title='bbox 391 1030 521 1067; x_wconf 88' lang='lat' dir='ltr'>status</span> <span class='ocrx_word' id='word_1_81' title='bbox 555 1027 948 1078; x_wconf 85' lang='lat' dir='ltr'>comprehendatur,</span> <span class='ocrx_word' id='word_1_82' title='bbox 981 1029 1068 1069; x_wconf 85' lang='lat' dir='ltr'>sive</span> <span class='ocrx_word' id='word_1_83' title='bbox 1100 1028 1172 1070; x_wconf 81' lang='lat' dir='ltr'>illa</span> 
     </span>
     <span class='ocr_line' id='line_1_15' title="bbox 135 1088 1019 1146; baseline 0 -15"><span class='ocrx_word' id='word_1_84' title='bbox 135 1090 346 1146; x_wconf 80' lang='lat' dir='ltr'>pertineat</span> <span class='ocrx_word' id='word_1_85' title='bbox 359 1089 412 1129; x_wconf 88' lang='lat' dir='ltr'>ad</span> <span class='ocrx_word' id='word_1_86' title='bbox 427 1089 629 1136; x_wconf 84' lang='lat' dir='ltr'>favorem,</span> <span class='ocrx_word' id='word_1_87' title='bbox 643 1088 728 1129; x_wconf 89' lang='lat' dir='ltr'>sive</span> <span class='ocrx_word' id='word_1_88' title='bbox 751 1089 805 1129; x_wconf 90' lang='lat' dir='ltr'>ad</span> <span class='ocrx_word' id='word_1_89' title='bbox 823 1091 1019 1142; x_wconf 87' lang='lat' dir='ltr'>rigorem.</span> 
     </span>
    </p>

    <p class='ocr_par' dir='ltr' id='par_1_3' title="bbox 137 1151 1189 2814">
     <span class='ocr_line' id='line_1_16' title="bbox 189 1151 1174 1204; baseline 0.002 -11"><span class='ocrx_word' id='word_1_90' title='bbox 189 1154 232 1193; x_wconf 81' lang='lat'>7.</span> <span class='ocrx_word' id='word_1_91' title='bbox 264 1151 508 1204; x_wconf 81' lang='lat' dir='ltr'>objectiones</span> <span class='ocrx_word' id='word_1_92' title='bbox 526 1160 575 1193; x_wconf 70' lang='lat' dir='ltr'>eto</span> <span class='ocrx_word' id='word_1_93' title='bbox 601 1151 787 1194; x_wconf 76' lang='lat' dir='ltr'>doctrina</span> <span class='ocrx_word' id='word_1_94' title='bbox 814 1152 999 1195; x_wconf 77' lang='lat' dir='ltr'>Navarri</span> <span class='ocrx_word' id='word_1_95' title='bbox 1032 1155 1174 1195; x_wconf 73' lang='lat' dir='ltr'>contra</span> 
     </span>
     <span class='ocr_line' id='line_1_17' title="bbox 137 1214 1174 1268; baseline -0.001 -9"><span class='ocrx_word' id='word_1_96' title='bbox 137 1217 241 1259; x_wconf 72' lang='lat' dir='ltr'>Itane</span> <span class='ocrx_word' id='word_1_97' title='bbox 255 1214 512 1268; x_wconf 76' lang='lat' dir='ltr'>posteriorem</span> <span class='ocrx_word' id='word_1_98' title='bbox 538 1219 696 1268; x_wconf 82' lang='lat' dir='ltr'>partem</span> <span class='ocrx_word' id='word_1_99' title='bbox 720 1216 954 1258; x_wconf 77' lang='lat' dir='ltr'>indicantur</span> <span class='ocrx_word' id='word_1_100' title='bbox 978 1220 1015 1258; x_wconf 79' lang='lat' dir='ltr'>et</span> <span class='ocrx_word' id='word_1_101' title='bbox 1041 1216 1174 1258; x_wconf 63' lang='lat' dir='ltr'>excolu-</span> 
     </span>
     <span class='ocr_line' id='line_1_18' title="bbox 138 1276 1175 1330; baseline -0.002 -10"><span class='ocrx_word' id='word_1_102' title='bbox 138 1279 302 1321; x_wconf 78' lang='lat' dir='ltr'>duntur.</span> <span class='ocrx_word' id='word_1_103' title='bbox 321 1298 375 1308; x_wconf 95' lang='lat'>—</span> <span class='ocrx_word' id='word_1_104' title='bbox 393 1278 543 1318; x_wconf 81' lang='lat' dir='ltr'>Contra</span> <span class='ocrx_word' id='word_1_105' title='bbox 580 1276 689 1317; x_wconf 87' lang='lat' dir='ltr'>hanc</span> <span class='ocrx_word' id='word_1_106' title='bbox 714 1289 812 1318; x_wconf 86' lang='lat' dir='ltr'>vero</span> <span class='ocrx_word' id='word_1_107' title='bbox 844 1282 1006 1329; x_wconf 86' lang='lat' dir='ltr'>partem</span> <span class='ocrx_word' id='word_1_108' title='bbox 1030 1281 1175 1330; x_wconf 85' lang='lat' dir='ltr'>posset</span> 
     </span>
     <span class='ocr_line' id='line_1_19' title="bbox 139 1338 1173 1393; baseline -0.002 -13"><span class='ocrx_word' id='word_1_109' title='bbox 139 1340 233 1393; x_wconf 89' lang='lat' dir='ltr'>quis</span> <span class='ocrx_word' id='word_1_110' title='bbox 271 1339 456 1392; x_wconf 86' lang='lat' dir='ltr'>objicere</span> <span class='ocrx_word' id='word_1_111' title='bbox 489 1338 619 1378; x_wconf 91' lang='lat' dir='ltr'>multa</span> <span class='ocrx_word' id='word_1_112' title='bbox 631 1369 644 1388; x_wconf 91' lang='lat'>,</span> <span class='ocrx_word' id='word_1_113' title='bbox 678 1351 771 1390; x_wconf 70' lang='lat' dir='ltr'>quae</span> <span class='ocrx_word' id='word_1_114' title='bbox 802 1339 1007 1379; x_wconf 86' lang='lat' dir='ltr'>Navarrus</span> <span class='ocrx_word' id='word_1_115' title='bbox 1038 1340 1173 1387; x_wconf 80' lang='lat' dir='ltr'>affert,</span> 
     </span>
     <span class='ocr_line' id='line_1_20' title="bbox 140 1400 1175 1451; baseline -0.005 -7"><span class='ocrx_word' id='word_1_116' title='bbox 140 1414 255 1444; x_wconf 88' lang='lat' dir='ltr'>cons.</span> <span class='ocrx_word' id='word_1_117' title='bbox 275 1404 316 1451; x_wconf 86' lang='lat'>6,</span> <span class='ocrx_word' id='word_1_118' title='bbox 334 1401 386 1442; x_wconf 89' lang='lat' dir='ltr'>de</span> <span class='ocrx_word' id='word_1_119' title='bbox 402 1401 515 1442; x_wconf 80' lang='lat' dir='ltr'>Statu</span> <span class='ocrx_word' id='word_1_120' title='bbox 529 1401 723 1442; x_wconf 88' lang='lat' dir='ltr'>monach.</span> <span class='ocrx_word' id='word_1_121' title='bbox 729 1430 743 1450; x_wconf 90' lang='lat'>,</span> <span class='ocrx_word' id='word_1_122' title='bbox 763 1401 834 1441; x_wconf 87' lang='lat' dir='ltr'>ubi</span> <span class='ocrx_word' id='word_1_123' title='bbox 854 1400 1064 1441; x_wconf 86' lang='lat' dir='ltr'>contendit</span> <span class='ocrx_word' id='word_1_124' title='bbox 1097 1400 1175 1440; x_wconf 90' lang='lat' dir='ltr'>sub</span> 
     </span>
     <span class='ocr_line' id='line_1_21' title="bbox 139 1462 1178 1516; baseline -0.003 -11"><span class='ocrx_word' id='word_1_125' title='bbox 139 1464 309 1506; x_wconf 90' lang='lat' dir='ltr'>nomine</span> <span class='ocrx_word' id='word_1_126' title='bbox 334 1464 607 1516; x_wconf 77' lang='lat' dir='ltr'>professionis</span> <span class='ocrx_word' id='word_1_127' title='bbox 638 1463 872 1504; x_wconf 72' lang='lat' dir='ltr'>monialium</span> <span class='ocrx_word' id='word_1_128' title='bbox 905 1475 991 1502; x_wconf 89' lang='lat' dir='ltr'>non</span> <span class='ocrx_word' id='word_1_129' title='bbox 1021 1462 1178 1503; x_wconf 85' lang='lat' dir='ltr'>debere</span> 
     </span>
     <span class='ocr_line' id='line_1_22' title="bbox 139 1525 1178 1578; baseline -0.005 -10"><span class='ocrx_word' id='word_1_130' title='bbox 139 1526 439 1578; x_wconf 85' lang='lat' dir='ltr'>comprehendi</span> <span class='ocrx_word' id='word_1_131' title='bbox 459 1525 662 1576; x_wconf 88' lang='lat' dir='ltr'>quasdam</span> <span class='ocrx_word' id='word_1_132' title='bbox 690 1525 850 1564; x_wconf 85' lang='lat' dir='ltr'>oblatas</span> <span class='ocrx_word' id='word_1_133' title='bbox 885 1526 962 1565; x_wconf 89' lang='lat' dir='ltr'>sub</span> <span class='ocrx_word' id='word_1_134' title='bbox 995 1525 1178 1576; x_wconf 78' lang='lat' dir='ltr'>quadam</span> 
     </span>
     <span class='ocr_line' id='line_1_23' title="bbox 139 1586 1179 1639; baseline -0.002 -12"><span class='ocrx_word' id='word_1_135' title='bbox 139 1588 409 1639; x_wconf 88' lang='lat' dir='ltr'>dispositione</span> <span class='ocrx_word' id='word_1_136' title='bbox 434 1587 617 1638; x_wconf 83' lang='lat' dir='ltr'>rigorosa</span> <span class='ocrx_word' id='word_1_137' title='bbox 637 1599 648 1634; x_wconf 90' lang='lat'>;</span> <span class='ocrx_word' id='word_1_138' title='bbox 667 1589 707 1626; x_wconf 89' lang='lat' dir='ltr'>et</span> <span class='ocrx_word' id='word_1_139' title='bbox 722 1587 793 1626; x_wconf 86' lang='lat' dir='ltr'>illa</span> <span class='ocrx_word' id='word_1_140' title='bbox 814 1586 1032 1627; x_wconf 80' lang='lat' dir='ltr'>occasione</span> <span class='ocrx_word' id='word_1_141' title='bbox 1053 1586 1179 1638; x_wconf 79' lang='lat' dir='ltr'>signi-</span> 
     </span>
     <span class='ocr_line' id='line_1_24' title="bbox 138 1649 1178 1701; baseline -0.004 -10"><span class='ocrx_word' id='word_1_142' title='bbox 138 1651 249 1698; x_wconf 91' lang='lat' dir='ltr'>ficat,</span> <span class='ocrx_word' id='word_1_143' title='bbox 261 1650 303 1689; x_wconf 90' lang='lat' dir='ltr'>in</span> <span class='ocrx_word' id='word_1_144' title='bbox 319 1650 441 1689; x_wconf 89' lang='lat' dir='ltr'>simili</span> <span class='ocrx_word' id='word_1_145' title='bbox 454 1649 740 1701; x_wconf 80' lang='lat' dir='ltr'>dispositione,</span> <span class='ocrx_word' id='word_1_146' title='bbox 751 1650 1010 1700; x_wconf 76' lang='lat' dir='ltr'>professionis</span> <span class='ocrx_word' id='word_1_147' title='bbox 1023 1659 1178 1687; x_wconf 90' lang='lat' dir='ltr'>nomen</span> 
     </span>
     <span class='ocr_line' id='line_1_25' title="bbox 139 1710 1176 1764; baseline -0.004 -11"><span class='ocrx_word' id='word_1_148' title='bbox 139 1725 355 1764; x_wconf 88' lang='lat' dir='ltr'>nunquam</span> <span class='ocrx_word' id='word_1_149' title='bbox 373 1712 525 1751; x_wconf 89' lang='lat' dir='ltr'>debere</span> <span class='ocrx_word' id='word_1_150' title='bbox 541 1711 706 1750; x_wconf 84' lang='lat' dir='ltr'>extendi</span> <span class='ocrx_word' id='word_1_151' title='bbox 723 1710 775 1750; x_wconf 86' lang='lat' dir='ltr'>ad</span> <span class='ocrx_word' id='word_1_152' title='bbox 791 1723 883 1749; x_wconf 87' lang='lat' dir='ltr'>eam</span> <span class='ocrx_word' id='word_1_153' title='bbox 902 1722 993 1762; x_wconf 87' lang='lat' dir='ltr'>quae</span> <span class='ocrx_word' id='word_1_154' title='bbox 1006 1710 1176 1763; x_wconf 79' lang='lat' dir='ltr'>proprie</span> 
     </span>
     <span class='ocr_line' id='line_1_26' title="bbox 140 1773 1177 1826; baseline -0.004 -11"><span class='ocrx_word' id='word_1_155' title='bbox 140 1780 182 1816; x_wconf 88' lang='lat' dir='ltr'>et</span> <span class='ocrx_word' id='word_1_156' title='bbox 201 1775 244 1814; x_wconf 90' lang='lat' dir='ltr'>in</span> <span class='ocrx_word' id='word_1_157' title='bbox 265 1775 400 1826; x_wconf 88' lang='lat' dir='ltr'>rigore</span> <span class='ocrx_word' id='word_1_158' title='bbox 422 1773 624 1826; x_wconf 85' lang='lat' dir='ltr'>professio</span> <span class='ocrx_word' id='word_1_159' title='bbox 644 1785 729 1812; x_wconf 92' lang='lat' dir='ltr'>non</span> <span class='ocrx_word' id='word_1_160' title='bbox 760 1776 835 1812; x_wconf 88' lang='lat' dir='ltr'>est.</span> <span class='ocrx_word' id='word_1_161' title='bbox 863 1773 1177 1821; x_wconf 85' lang='lat' dir='ltr'>Verumtamen,</span> 
     </span>
     <span class='ocr_line' id='line_1_27' title="bbox 140 1834 1178 1887; baseline -0.005 -9"><span class='ocrx_word' id='word_1_162' title='bbox 140 1838 174 1878; x_wconf 91' lang='lat' dir='ltr'>si</span> <span class='ocrx_word' id='word_1_163' title='bbox 195 1841 351 1878; x_wconf 87' lang='lat' dir='ltr'>attente</span> <span class='ocrx_word' id='word_1_164' title='bbox 378 1837 557 1887; x_wconf 84' lang='lat' dir='ltr'>legatur,</span> <span class='ocrx_word' id='word_1_165' title='bbox 591 1835 774 1885; x_wconf 89' lang='lat' dir='ltr'>loquitur</span> <span class='ocrx_word' id='word_1_166' title='bbox 809 1834 861 1874; x_wconf 90' lang='lat' dir='ltr'>de</span> <span class='ocrx_word' id='word_1_167' title='bbox 903 1835 1178 1886; x_wconf 81' lang='lat' dir='ltr'>professione,</span> 
     </span>
     <span class='ocr_line' id='line_1_28' title="bbox 141 1895 1182 1949; baseline -0.007 -9"><span class='ocrx_word' id='word_1_168' title='bbox 141 1903 187 1940; x_wconf 88' lang='lat' dir='ltr'>ut</span> <span class='ocrx_word' id='word_1_169' title='bbox 205 1898 472 1949; x_wconf 85' lang='lat' dir='ltr'>distinguitur</span> <span class='ocrx_word' id='word_1_170' title='bbox 492 1896 545 1936; x_wconf 90' lang='lat' dir='ltr'>ab</span> <span class='ocrx_word' id='word_1_171' title='bbox 564 1897 676 1935; x_wconf 87' lang='lat' dir='ltr'>omui</span> <span class='ocrx_word' id='word_1_172' title='bbox 705 1896 928 1943; x_wconf 87' lang='lat' dir='ltr'>oblatione,</span> <span class='ocrx_word' id='word_1_173' title='bbox 954 1907 1028 1934; x_wconf 89' lang='lat' dir='ltr'>seu</span> <span class='ocrx_word' id='word_1_174' title='bbox 1051 1895 1182 1934; x_wconf 86' lang='lat' dir='ltr'>dona-</span> 
     </span>
     <span class='ocr_line' id='line_1_29' title="bbox 141 1957 1182 2012; baseline -0.007 -10"><span class='ocrx_word' id='word_1_175' title='bbox 141 1962 255 2004; x_wconf 90' lang='lat' dir='ltr'>tione</span> <span class='ocrx_word' id='word_1_176' title='bbox 277 1971 485 2012; x_wconf 80' lang='lat' dir='ltr'>personae,</span> <span class='ocrx_word' id='word_1_177' title='bbox 507 1969 599 2009; x_wconf 87' lang='lat' dir='ltr'>quae</span> <span class='ocrx_word' id='word_1_178' title='bbox 623 1969 707 1996; x_wconf 89' lang='lat' dir='ltr'>non</span> <span class='ocrx_word' id='word_1_179' title='bbox 730 1957 1063 1996; x_wconf 84' lang='lat' dir='ltr'>constituitillam</span> <span class='ocrx_word' id='word_1_180' title='bbox 1083 1968 1182 1995; x_wconf 89' lang='lat' dir='ltr'>vere</span> 
     </span>
     <span class='ocr_line' id='line_1_30' title="bbox 142 2018 1182 2076; baseline -0.01 -10"><span class='ocrx_word' id='word_1_181' title='bbox 142 2028 185 2066; x_wconf 87' lang='lat' dir='ltr'>et</span> <span class='ocrx_word' id='word_1_182' title='bbox 205 2022 372 2076; x_wconf 87' lang='lat' dir='ltr'>proprie</span> <span class='ocrx_word' id='word_1_183' title='bbox 389 2021 641 2071; x_wconf 83' lang='lat' dir='ltr'>religiosam,</span> <span class='ocrx_word' id='word_1_184' title='bbox 660 2019 794 2070; x_wconf 88' lang='lat' dir='ltr'>qualis</span> <span class='ocrx_word' id='word_1_185' title='bbox 808 2023 894 2058; x_wconf 83' lang='lat' dir='ltr'>erat</span> <span class='ocrx_word' id='word_1_186' title='bbox 912 2018 1049 2057; x_wconf 90' lang='lat' dir='ltr'>inillis</span> <span class='ocrx_word' id='word_1_187' title='bbox 1069 2018 1182 2057; x_wconf 90' lang='lat' dir='ltr'>obla-</span> 
     </span>
     <span class='ocr_line' id='line_1_31' title="bbox 142 2080 1182 2134; baseline -0.01 -6"><span class='ocrx_word' id='word_1_188' title='bbox 142 2087 209 2134; x_wconf 85' lang='lat' dir='ltr'>tis,</span> <span class='ocrx_word' id='word_1_189' title='bbox 227 2090 268 2126; x_wconf 91' lang='lat' dir='ltr'>et</span> <span class='ocrx_word' id='word_1_190' title='bbox 285 2090 383 2125; x_wconf 90' lang='lat' dir='ltr'>tunc</span> <span class='ocrx_word' id='word_1_191' title='bbox 398 2087 510 2123; x_wconf 89' lang='lat' dir='ltr'>recte</span> <span class='ocrx_word' id='word_1_192' title='bbox 531 2082 764 2134; x_wconf 85' lang='lat' dir='ltr'>procedunt</span> <span class='ocrx_word' id='word_1_193' title='bbox 784 2081 923 2120; x_wconf 88' lang='lat' dir='ltr'>omnia</span> <span class='ocrx_word' id='word_1_194' title='bbox 946 2092 1037 2131; x_wconf 90' lang='lat' dir='ltr'>quae</span> <span class='ocrx_word' id='word_1_195' title='bbox 1053 2080 1182 2119; x_wconf 89' lang='lat' dir='ltr'>addu-</span> 
     </span>
     <span class='ocr_line' id='line_1_32' title="bbox 143 2143 1183 2195; baseline -0.01 -5"><span class='ocrx_word' id='word_1_196' title='bbox 143 2149 212 2191; x_wconf 88' lang='lat' dir='ltr'>cit.</span> <span class='ocrx_word' id='word_1_197' title='bbox 232 2148 341 2189; x_wconf 90' lang='lat' dir='ltr'>Nihil</span> <span class='ocrx_word' id='word_1_198' title='bbox 359 2151 498 2187; x_wconf 91' lang='lat' dir='ltr'>autem</span> <span class='ocrx_word' id='word_1_199' title='bbox 516 2145 636 2184; x_wconf 88' lang='lat' dir='ltr'>nobis</span> <span class='ocrx_word' id='word_1_200' title='bbox 663 2144 842 2190; x_wconf 87' lang='lat' dir='ltr'>obstant,</span> <span class='ocrx_word' id='word_1_201' title='bbox 879 2144 951 2194; x_wconf 89' lang='lat' dir='ltr'>qui</span> <span class='ocrx_word' id='word_1_202' title='bbox 974 2143 1183 2195; x_wconf 83' lang='lat' dir='ltr'>loquimur</span> 
     </span>
     <span class='ocr_line' id='line_1_33' title="bbox 143 2204 1183 2256; baseline -0.009 -5"><span class='ocrx_word' id='word_1_203' title='bbox 143 2209 198 2253; x_wconf 86' lang='lat' dir='ltr'>de</span> <span class='ocrx_word' id='word_1_204' title='bbox 223 2209 387 2249; x_wconf 92' lang='lat' dir='ltr'>vinculo</span> <span class='ocrx_word' id='word_1_205' title='bbox 408 2207 687 2249; x_wconf 83' lang='lat' dir='ltr'>constituente</span> <span class='ocrx_word' id='word_1_206' title='bbox 709 2216 857 2245; x_wconf 86' lang='lat' dir='ltr'>verum</span> <span class='ocrx_word' id='word_1_207' title='bbox 893 2216 942 2244; x_wconf 86' lang='lat' dir='ltr'>ac</span> <span class='ocrx_word' id='word_1_208' title='bbox 970 2204 1183 2256; x_wconf 88' lang='lat' dir='ltr'>proprium</span> 
     </span>
     <span class='ocr_line' id='line_1_34' title="bbox 144 2265 1184 2324; baseline -0.01 -11"><span class='ocrx_word' id='word_1_209' title='bbox 144 2273 404 2324; x_wconf 83' lang='lat' dir='ltr'>religiosum.</span> <span class='ocrx_word' id='word_1_210' title='bbox 427 2274 468 2310; x_wconf 88' lang='lat' dir='ltr'>et</span> <span class='ocrx_word' id='word_1_211' title='bbox 479 2269 572 2309; x_wconf 90' lang='lat' dir='ltr'>ideo</span> <span class='ocrx_word' id='word_1_212' title='bbox 582 2281 663 2308; x_wconf 91' lang='lat' dir='ltr'>non</span> <span class='ocrx_word' id='word_1_213' title='bbox 675 2272 871 2319; x_wconf 83' lang='lat' dir='ltr'>putamus</span> <span class='ocrx_word' id='word_1_214' title='bbox 887 2265 1184 2317; x_wconf 89' lang='lat' dir='ltr'>comprehendi</span> 
     </span>
     <span class='ocr_line' id='line_1_35' title="bbox 146 2330 1184 2380; baseline -0.011 -4"><span class='ocrx_word' id='word_1_215' title='bbox 146 2335 223 2377; x_wconf 86' lang='lat' dir='ltr'>sub</span> <span class='ocrx_word' id='word_1_216' title='bbox 240 2334 391 2375; x_wconf 88' lang='lat' dir='ltr'>talibus</span> <span class='ocrx_word' id='word_1_217' title='bbox 412 2330 690 2372; x_wconf 86' lang='lat' dir='ltr'>decisionibus</span> <span class='ocrx_word' id='word_1_218' title='bbox 702 2330 858 2380; x_wconf 86' lang='lat' dir='ltr'>jurium</span> <span class='ocrx_word' id='word_1_219' title='bbox 875 2341 949 2379; x_wconf 89' lang='lat' dir='ltr'>per</span> <span class='ocrx_word' id='word_1_220' title='bbox 963 2339 1184 2379; x_wconf 84' lang='lat' dir='ltr'>argumen-</span> 
     </span>
     <span class='ocr_line' id='line_1_36' title="bbox 145 2389 1187 2444; baseline -0.012 -6"><span class='ocrx_word' id='word_1_221' title='bbox 145 2402 234 2440; x_wconf 88' lang='lat' dir='ltr'>tum</span> <span class='ocrx_word' id='word_1_222' title='bbox 253 2409 277 2436; x_wconf 86' lang='lat' dir='ltr'>a</span> <span class='ocrx_word' id='word_1_223' title='bbox 295 2395 433 2442; x_wconf 88' lang='lat' dir='ltr'>simili,</span> <span class='ocrx_word' id='word_1_224' title='bbox 455 2394 519 2433; x_wconf 90' lang='lat' dir='ltr'>vel</span> <span class='ocrx_word' id='word_1_225' title='bbox 537 2405 561 2432; x_wconf 88' lang='lat' dir='ltr'>a</span> <span class='ocrx_word' id='word_1_226' title='bbox 587 2392 762 2444; x_wconf 85' lang='lat' dir='ltr'>paritate</span> <span class='ocrx_word' id='word_1_227' title='bbox 784 2390 968 2438; x_wconf 88' lang='lat' dir='ltr'>rationis,</span> <span class='ocrx_word' id='word_1_228' title='bbox 1007 2389 1083 2428; x_wconf 91' lang='lat' dir='ltr'>sed</span> <span class='ocrx_word' id='word_1_229' title='bbox 1110 2400 1187 2440; x_wconf 89' lang='lat' dir='ltr'>per</span> 
     </span>
     <span class='ocr_line' id='line_1_37' title="bbox 146 2451 1186 2513; baseline -0.012 -13"><span class='ocrx_word' id='word_1_230' title='bbox 146 2459 442 2513; x_wconf 86' lang='lat' dir='ltr'>proprietatem</span> <span class='ocrx_word' id='word_1_231' title='bbox 480 2454 662 2506; x_wconf 81' lang='lat' dir='ltr'>religiosi</span> <span class='ocrx_word' id='word_1_232' title='bbox 684 2457 829 2498; x_wconf 88' lang='lat' dir='ltr'>status,</span> <span class='ocrx_word' id='word_1_233' title='bbox 852 2455 893 2491; x_wconf 92' lang='lat' dir='ltr'>et</span> <span class='ocrx_word' id='word_1_234' title='bbox 923 2451 1073 2490; x_wconf 88' lang='lat' dir='ltr'>vinculi</span> <span class='ocrx_word' id='word_1_235' title='bbox 1104 2462 1186 2501; x_wconf 88' lang='lat' dir='ltr'>quo</span> 
     </span>
     <span class='ocr_line' id='line_1_38' title="bbox 148 2513 1184 2569; baseline -0.013 -6"><span class='ocrx_word' id='word_1_236' title='bbox 148 2519 482 2566; x_wconf 88' lang='lat' dir='ltr'>constituitur‚de</span> <span class='ocrx_word' id='word_1_237' title='bbox 500 2530 582 2569; x_wconf 89' lang='lat' dir='ltr'>quo</span> <span class='ocrx_word' id='word_1_238' title='bbox 594 2516 797 2567; x_wconf 86' lang='lat' dir='ltr'>taliajura</span> <span class='ocrx_word' id='word_1_239' title='bbox 817 2514 931 2564; x_wconf 88' lang='lat' dir='ltr'>loqui</span> <span class='ocrx_word' id='word_1_240' title='bbox 948 2513 1184 2562; x_wconf 89' lang='lat' dir='ltr'>intendunt,</span> 
     </span>
     <span class='ocr_line' id='line_1_39' title="bbox 150 2574 1187 2627; baseline -0.011 -1"><span class='ocrx_word' id='word_1_241' title='bbox 150 2588 193 2627; x_wconf 86' lang='lat' dir='ltr'>et</span> <span class='ocrx_word' id='word_1_242' title='bbox 208 2583 286 2624; x_wconf 90' lang='lat' dir='ltr'>sub</span> <span class='ocrx_word' id='word_1_243' title='bbox 306 2583 374 2622; x_wconf 88' lang='lat' dir='ltr'>illa</span> <span class='ocrx_word' id='word_1_244' title='bbox 390 2581 549 2621; x_wconf 90' lang='lat' dir='ltr'>ratione</span> <span class='ocrx_word' id='word_1_245' title='bbox 568 2579 686 2618; x_wconf 90' lang='lat' dir='ltr'>illum</span> <span class='ocrx_word' id='word_1_246' title='bbox 714 2575 950 2626; x_wconf 82' lang='lat' dir='ltr'>significant</span> <span class='ocrx_word' id='word_1_247' title='bbox 980 2587 1056 2626; x_wconf 92' lang='lat' dir='ltr'>per</span> <span class='ocrx_word' id='word_1_248' title='bbox 1089 2574 1187 2615; x_wconf 83' lang='lat' dir='ltr'>talia</span> 
     </span>
     <span class='ocr_line' id='line_1_40' title="bbox 148 2637 1189 2693; baseline -0.014 -4"><span class='ocrx_word' id='word_1_249' title='bbox 148 2648 291 2688; x_wconf 87' lang='lat' dir='ltr'>verba.</span> <span class='ocrx_word' id='word_1_250' title='bbox 313 2646 410 2693; x_wconf 85' lang='lat' dir='ltr'>Quae</span> <span class='ocrx_word' id='word_1_251' title='bbox 430 2643 629 2684; x_wconf 90' lang='lat' dir='ltr'>resolutio</span> <span class='ocrx_word' id='word_1_252' title='bbox 648 2641 789 2680; x_wconf 87' lang='lat' dir='ltr'>multis</span> <span class='ocrx_word' id='word_1_253' title='bbox 812 2638 904 2679; x_wconf 89' lang='lat' dir='ltr'>aliis</span> <span class='ocrx_word' id='word_1_254' title='bbox 934 2637 1189 2689; x_wconf 80' lang='lat' dir='ltr'>particulari-</span> 
     </span>
     <span class='ocr_line' id='line_1_41' title="bbox 148 2698 1186 2758; baseline -0.013 -8"><span class='ocrx_word' id='word_1_255' title='bbox 148 2709 228 2751; x_wconf 88' lang='lat' dir='ltr'>bus</span> <span class='ocrx_word' id='word_1_256' title='bbox 266 2706 466 2758; x_wconf 88' lang='lat' dir='ltr'>exemplis</span> <span class='ocrx_word' id='word_1_257' title='bbox 501 2702 781 2746; x_wconf 85' lang='lat' dir='ltr'>declarabitur</span> <span class='ocrx_word' id='word_1_258' title='bbox 810 2699 948 2752; x_wconf 84' lang='lat' dir='ltr'>capite</span> <span class='ocrx_word' id='word_1_259' title='bbox 981 2698 1186 2751; x_wconf 87' lang='lat' dir='ltr'>sequenti,</span> 
     </span>
     <span class='ocr_line' id='line_1_42' title="bbox 150 2765 689 2814; baseline -0.017 -1"><span class='ocrx_word' id='word_1_260' title='bbox 150 2774 197 2814; x_wconf 81' lang='lat' dir='ltr'>et</span> <span class='ocrx_word' id='word_1_261' title='bbox 216 2771 261 2811; x_wconf 89' lang='lat' dir='ltr'>in</span> <span class='ocrx_word' id='word_1_262' title='bbox 280 2770 471 2810; x_wconf 89' lang='lat' dir='ltr'>discursu</span> <span class='ocrx_word' id='word_1_263' title='bbox 488 2765 689 2807; x_wconf 83' lang='lat' dir='ltr'>materiae.</span> 
     </span>
    </p>

    <p class='ocr_par' dir='ltr' id='par_1_4' title="bbox 147 2820 1192 3314">
     <span class='ocr_line' id='line_1_43' title="bbox 202 2820 1190 2875; baseline -0.013 -1"><span class='ocrx_word' id='word_1_264' title='bbox 202 2831 247 2874; x_wconf 88' lang='lat'>8.</span> <span class='ocrx_word' id='word_1_265' title='bbox 275 2831 341 2873; x_wconf 84' lang='lat' dir='ltr'>Ad</span> <span class='ocrx_word' id='word_1_266' title='bbox 353 2829 562 2872; x_wconf 80' lang='lat' dir='ltr'>secundam</span> <span class='ocrx_word' id='word_1_267' title='bbox 583 2823 921 2875; x_wconf 76' lang='lat' dir='ltr'>confirmationem</span> <span class='ocrx_word' id='word_1_268' title='bbox 940 2820 1190 2863; x_wconf 73' lang='lat' dir='ltr'>adversario-</span> 
     </span>
     <span class='ocr_line' id='line_1_44' title="bbox 149 2883 1187 2939; baseline -0.013 -5"><span class='ocrx_word' id='word_1_269' title='bbox 149 2903 245 2937; x_wconf 71' lang='lat' dir='ltr'>mm</span> <span class='ocrx_word' id='word_1_270' title='bbox 269 2891 314 2932; x_wconf 80' lang='lat' dir='ltr'>in</span> <span class='ocrx_word' id='word_1_271' title='bbox 332 2905 367 2932; x_wconf 84' lang='lat' dir='ltr'>e.</span> <span class='ocrx_word' id='word_1_272' title='bbox 390 2893 429 2939; x_wconf 91' lang='lat'>3,</span> <span class='ocrx_word' id='word_1_273' title='bbox 448 2902 558 2931; x_wconf 74' lang='lat' dir='ltr'>num.</span> <span class='ocrx_word' id='word_1_274' title='bbox 594 2891 634 2928; x_wconf 74' lang='lat'>1,</span> <span class='ocrx_word' id='word_1_275' title='bbox 655 2908 709 2918; x_wconf 92' lang='lat'><em>-</em></span> <span class='ocrx_word' id='word_1_276' title='bbox 726 2885 877 2926; x_wconf 88' lang='lat' dir='ltr'>Ultima</span> <span class='ocrx_word' id='word_1_277' title='bbox 915 2883 1187 2933; x_wconf 84' lang='lat' dir='ltr'>confirmatio,</span> 
     </span>
     <span class='ocr_line' id='line_1_45' title="bbox 147 2945 1189 3005; baseline -0.012 -9"><span class='ocrx_word' id='word_1_278' title='bbox 147 2959 193 2997; x_wconf 84' lang='lat' dir='ltr'>et</span> <span class='ocrx_word' id='word_1_279' title='bbox 210 2954 388 3005; x_wconf 87' lang='lat' dir='ltr'>objectio</span> <span class='ocrx_word' id='word_1_280' title='bbox 409 2957 551 2992; x_wconf 87' lang='lat' dir='ltr'>contra</span> <span class='ocrx_word' id='word_1_281' title='bbox 569 2949 810 3002; x_wconf 82' lang='lat' dir='ltr'>praedictam</span> <span class='ocrx_word' id='word_1_282' title='bbox 828 2947 1057 2992; x_wconf 88' lang='lat' dir='ltr'>veritatem,</span> <span class='ocrx_word' id='word_1_283' title='bbox 1079 2945 1189 2985; x_wconf 82' lang='lat' dir='ltr'>tacta</span> 
     </span>
     <span class='ocr_line' id='line_1_46' title="bbox 148 3007 1189 3066; baseline -0.011 -9"><span class='ocrx_word' id='word_1_284' title='bbox 148 3015 195 3058; x_wconf 81' lang='lat' dir='ltr'>in</span> <span class='ocrx_word' id='word_1_285' title='bbox 213 3015 362 3056; x_wconf 88' lang='lat' dir='ltr'>eodem</span> <span class='ocrx_word' id='word_1_286' title='bbox 389 3026 480 3066; x_wconf 87' lang='lat' dir='ltr'>cap.</span> <span class='ocrx_word' id='word_1_287' title='bbox 505 3015 546 3063; x_wconf 91' lang='lat'>3,</span> <span class='ocrx_word' id='word_1_288' title='bbox 566 3012 699 3059; x_wconf 88' lang='lat' dir='ltr'>initio,</span> <span class='ocrx_word' id='word_1_289' title='bbox 724 3010 966 3050; x_wconf 89' lang='lat' dir='ltr'>sumebatur</span> <span class='ocrx_word' id='word_1_290' title='bbox 985 3020 1035 3049; x_wconf 85' lang='lat' dir='ltr'>ex</span> <span class='ocrx_word' id='word_1_291' title='bbox 1053 3007 1189 3047; x_wconf 77' lang='lat' dir='ltr'>forma,</span> 
     </span>
     <span class='ocr_line' id='line_1_47' title="bbox 156 3070 1189 3132; baseline -0.009 -13"><span class='ocrx_word' id='word_1_292' title='bbox 156 3072 243 3132; x_wconf 64' lang='lat' dir='ltr'>ipsa</span> <span class='ocrx_word' id='word_1_293' title='bbox 262 3076 454 3123; x_wconf 86' lang='lat' dir='ltr'>vovendi,</span> <span class='ocrx_word' id='word_1_294' title='bbox 475 3079 515 3114; x_wconf 91' lang='lat' dir='ltr'>et</span> <span class='ocrx_word' id='word_1_295' title='bbox 534 3087 583 3114; x_wconf 84' lang='lat' dir='ltr'>ex</span> <span class='ocrx_word' id='word_1_296' title='bbox 603 3074 819 3125; x_wconf 89' lang='lat' dir='ltr'>ipsiusmet</span> <span class='ocrx_word' id='word_1_297' title='bbox 834 3071 971 3111; x_wconf 84' lang='lat' dir='ltr'>verbis</span> <span class='ocrx_word' id='word_1_298' title='bbox 989 3070 1189 3110; x_wconf 86' lang='lat' dir='ltr'>constitu-</span> 
     </span>
     <span class='ocr_line' id='line_1_48' title="bbox 153 3135 1190 3186; baseline -0.012 -4"><span class='ocrx_word' id='word_1_299' title='bbox 153 3141 316 3183; x_wconf 79' lang='lat' dir='ltr'>tionum</span> <span class='ocrx_word' id='word_1_300' title='bbox 335 3137 564 3184; x_wconf 76' lang='lat' dir='ltr'>SocietatiS,</span> <span class='ocrx_word' id='word_1_301' title='bbox 581 3135 634 3175; x_wconf 91' lang='lat' dir='ltr'>ad</span> <span class='ocrx_word' id='word_1_302' title='bbox 651 3147 778 3186; x_wconf 89' lang='lat' dir='ltr'>quam</span> <span class='ocrx_word' id='word_1_303' title='bbox 793 3135 882 3185; x_wconf 85' lang='lat' dir='ltr'>jam</span> <span class='ocrx_word' id='word_1_304' title='bbox 902 3145 952 3174; x_wconf 87' lang='lat' dir='ltr'>ex</span> <span class='ocrx_word' id='word_1_305' title='bbox 969 3137 1086 3184; x_wconf 85' lang='lat' dir='ltr'>parte</span> <span class='ocrx_word' id='word_1_306' title='bbox 1102 3144 1190 3171; x_wconf 87' lang='lat' dir='ltr'>res-</span> 
     </span>
     <span class='ocr_line' id='line_1_49' title="bbox 153 3196 1192 3258; baseline -0.01 -15"><span class='ocrx_word' id='word_1_307' title='bbox 153 3213 336 3258; x_wconf 89' lang='lat' dir='ltr'>ponsum</span> <span class='ocrx_word' id='word_1_308' title='bbox 359 3203 435 3248; x_wconf 89' lang='lat' dir='ltr'>est,</span> <span class='ocrx_word' id='word_1_309' title='bbox 456 3198 588 3239; x_wconf 90' lang='lat' dir='ltr'>omitti</span> <span class='ocrx_word' id='word_1_310' title='bbox 606 3197 650 3236; x_wconf 89' lang='lat' dir='ltr'>in</span> <span class='ocrx_word' id='word_1_311' title='bbox 665 3197 737 3236; x_wconf 88' lang='lat' dir='ltr'>illa</span> <span class='ocrx_word' id='word_1_312' title='bbox 754 3197 888 3236; x_wconf 87' lang='lat' dir='ltr'>forma</span> <span class='ocrx_word' id='word_1_313' title='bbox 902 3196 1078 3236; x_wconf 88' lang='lat' dir='ltr'>verbum</span> <span class='ocrx_word' id='word_1_314' title='bbox 1094 3206 1192 3247; x_wconf 79' lang='lat' dir='ltr'>pro-</span> 
     </span>
     <span class='ocr_line' id='line_1_50' title="bbox 153 3255 1192 3314; baseline -0.012 -8"><span class='ocrx_word' id='word_1_315' title='bbox 153 3264 307 3312; x_wconf 61' lang='lat' dir='ltr'>fiendi,</span> <span class='ocrx_word' id='word_1_316' title='bbox 336 3262 436 3314; x_wconf 87' lang='lat' dir='ltr'>quia</span> <span class='ocrx_word' id='word_1_317' title='bbox 467 3261 585 3312; x_wconf 80' lang='lat' dir='ltr'>juxta</span> <span class='ocrx_word' id='word_1_318' title='bbox 611 3270 875 3298; x_wconf 91' lang='lat' dir='ltr'>communem</span> <span class='ocrx_word' id='word_1_319' title='bbox 895 3269 1032 3303; x_wconf 87' lang='lat' dir='ltr'>usum,</span> <span class='ocrx_word' id='word_1_320' title='bbox 1064 3255 1192 3307; x_wconf 88' lang='lat' dir='ltr'>signi-</span> 
     </span>
    </p>
   </div>
   <div class='ocr_carea' id='block_1_3' title="bbox 159 3318 1224 3371">
    <p class='ocr_par' dir='ltr' id='par_1_5' title="bbox 159 3318 1224 3371">
     <span class='ocr_line' id='line_1_51' title="bbox 159 3318 1224 3371; baseline -0.017 0"><span class='ocrx_word' id='word_1_321' title='bbox 159 3327 282 3371; x_wconf 79' lang='lat' dir='ltr'>ficare</span> <span class='ocrx_word' id='word_1_322' title='bbox 302 3325 406 3367; x_wconf 91' lang='lat' dir='ltr'>solet</span> <span class='ocrx_word' id='word_1_323' title='bbox 424 3322 689 3364; x_wconf 87' lang='lat' dir='ltr'>traditionem</span> <span class='ocrx_word' id='word_1_324' title='bbox 707 3331 800 3360; x_wconf 88' lang='lat' dir='ltr'>cum</span> <span class='ocrx_word' id='word_1_325' title='bbox 814 3319 896 3359; x_wconf 90' lang='lat' dir='ltr'>voti</span> <span class='ocrx_word' id='word_1_326' title='bbox 910 3318 1188 3365; x_wconf 86' lang='lat' dir='ltr'>solemnitate,</span> <span class='ocrx_word' id='word_1_327' title='bbox 1216 3343 1224 3353; x_wconf 89' lang='lat'>.</span> 
     </span>
    </p>
   </div>
   <div class='ocr_carea' id='block_1_4' title="bbox 157 3379 1191 3685">
    <p class='ocr_par' dir='ltr' id='par_1_6' title="bbox 157 3379 1191 3685">
     <span class='ocr_line' id='line_1_52' title="bbox 157 3379 1190 3436; baseline -0.012 -6"><span class='ocrx_word' id='word_1_328' title='bbox 157 3393 200 3429; x_wconf 86' lang='lat' dir='ltr'>et</span> <span class='ocrx_word' id='word_1_329' title='bbox 227 3387 363 3428; x_wconf 89' lang='lat' dir='ltr'>solum</span> <span class='ocrx_word' id='word_1_330' title='bbox 381 3383 572 3436; x_wconf 87' lang='lat' dir='ltr'>usurpari</span> <span class='ocrx_word' id='word_1_331' title='bbox 598 3383 726 3422; x_wconf 88' lang='lat' dir='ltr'>verba</span> <span class='ocrx_word' id='word_1_332' title='bbox 756 3381 918 3422; x_wconf 76' lang='lat' dir='ltr'>vovendi</span> <span class='ocrx_word' id='word_1_333' title='bbox 943 3383 983 3420; x_wconf 88' lang='lat' dir='ltr'>et</span> <span class='ocrx_word' id='word_1_334' title='bbox 1016 3379 1190 3430; x_wconf 52' lang='lat' dir='ltr'>promitq</span> 
     </span>
     <span class='ocr_line' id='line_1_53' title="bbox 158 3440 1188 3498; baseline -0.015 -4"><span class='ocrx_word' id='word_1_335' title='bbox 158 3451 280 3498; x_wconf 63' lang='lat' dir='ltr'>tendi,</span> <span class='ocrx_word' id='word_1_336' title='bbox 303 3452 350 3489; x_wconf 84' lang='lat' dir='ltr'>ut</span> <span class='ocrx_word' id='word_1_337' title='bbox 367 3447 572 3488; x_wconf 85' lang='lat' dir='ltr'>indicetur</span> <span class='ocrx_word' id='word_1_338' title='bbox 589 3444 688 3484; x_wconf 86' lang='lat' dir='ltr'>talia</span> <span class='ocrx_word' id='word_1_339' title='bbox 718 3446 813 3483; x_wconf 87' lang='lat' dir='ltr'>vota</span> <span class='ocrx_word' id='word_1_340' title='bbox 849 3454 941 3482; x_wconf 88' lang='lat' dir='ltr'>esse</span> <span class='ocrx_word' id='word_1_341' title='bbox 969 3440 1188 3492; x_wconf 88' lang='lat' dir='ltr'>simplicia,</span> 
     </span>
     <span class='ocr_line' id='line_1_54' title="bbox 158 3501 1191 3561; baseline -0.014 -8"><span class='ocrx_word' id='word_1_342' title='bbox 158 3523 247 3552; x_wconf 88' lang='lat' dir='ltr'>non</span> <span class='ocrx_word' id='word_1_343' title='bbox 263 3516 404 3551; x_wconf 86' lang='lat' dir='ltr'>tamen</span> <span class='ocrx_word' id='word_1_344' title='bbox 420 3512 639 3561; x_wconf 87' lang='lat' dir='ltr'>propterea</span> <span class='ocrx_word' id='word_1_345' title='bbox 665 3505 824 3546; x_wconf 82' lang='lat' dir='ltr'>excludi</span> <span class='ocrx_word' id='word_1_346' title='bbox 845 3515 983 3543; x_wconf 88' lang='lat' dir='ltr'>veram</span> <span class='ocrx_word' id='word_1_347' title='bbox 1004 3501 1191 3542; x_wconf 86' lang='lat' dir='ltr'>traditio-</span> 
     </span>
     <span class='ocr_line' id='line_1_55' title="bbox 159 3561 1191 3624; baseline -0.013 -10"><span class='ocrx_word' id='word_1_348' title='bbox 159 3584 261 3613; x_wconf 84' lang='lat' dir='ltr'>nem</span> <span class='ocrx_word' id='word_1_349' title='bbox 276 3583 480 3624; x_wconf 77' lang='lat' dir='ltr'>personae,</span> <span class='ocrx_word' id='word_1_350' title='bbox 495 3581 587 3622; x_wconf 70' lang='lat' dir='ltr'>quse</span> <span class='ocrx_word' id='word_1_351' title='bbox 602 3579 679 3620; x_wconf 89' lang='lat' dir='ltr'>per</span> <span class='ocrx_word' id='word_1_352' title='bbox 697 3567 846 3607; x_wconf 89' lang='lat' dir='ltr'>eadem</span> <span class='ocrx_word' id='word_1_353' title='bbox 868 3569 959 3604; x_wconf 89' lang='lat' dir='ltr'>vota</span> <span class='ocrx_word' id='word_1_354' title='bbox 986 3563 1033 3603; x_wconf 84' lang='lat' dir='ltr'>fit</span> <span class='ocrx_word' id='word_1_355' title='bbox 1055 3561 1191 3603; x_wconf 89' lang='lat' dir='ltr'>Socie-</span> 
     </span>
     <span class='ocr_line' id='line_1_56' title="bbox 164 3622 1191 3685; baseline -0.015 -7"><span class='ocrx_word' id='word_1_356' title='bbox 164 3634 258 3683; x_wconf 82' lang='lat' dir='ltr'>tati,</span> <span class='ocrx_word' id='word_1_357' title='bbox 273 3638 322 3674; x_wconf 87' lang='lat' dir='ltr'>ut</span> <span class='ocrx_word' id='word_1_358' title='bbox 336 3633 558 3685; x_wconf 83' lang='lat' dir='ltr'>Gregorius</span> <span class='ocrx_word' id='word_1_359' title='bbox 575 3630 664 3677; x_wconf 89' lang='lat' dir='ltr'>XIII</span> <span class='ocrx_word' id='word_1_360' title='bbox 679 3626 916 3674; x_wconf 77' lang='lat' dir='ltr'>declaravit,</span> <span class='ocrx_word' id='word_1_361' title='bbox 947 3626 997 3670; x_wconf 84' lang='lat' dir='ltr'>Et</span> <span class='ocrx_word' id='word_1_362' title='bbox 1026 3625 1070 3668; x_wconf 90' lang='lat' dir='ltr'>in</span> <span class='ocrx_word' id='word_1_363' title='bbox 1088 3622 1191 3677; x_wconf 87' lang='lat' dir='ltr'>ipsis</span> 
     </span>
    </p>
   </div>
   <div class='ocr_carea' id='block_1_5' title="bbox 528 216 1857 265">
    <p class='ocr_par' dir='ltr' id='par_1_7' title="bbox 528 216 1857 265">
     <span class='ocr_line' id='line_1_57' title="bbox 528 216 1857 265; baseline 0 -6"><span class='ocrx_word' id='word_1_364' title='bbox 528 222 607 259; x_wconf 76' lang='lat' dir='ltr'>Lm.</span> <span class='ocrx_word' id='word_1_365' title='bbox 627 222 683 258; x_wconf 90' lang='lat'><em>111.</em></span> <span class='ocrx_word' id='word_1_366' title='bbox 705 222 762 259; x_wconf 77' lang='grc' dir='ltr'>ΒΕ</span> <span class='ocrx_word' id='word_1_367' title='bbox 781 221 1022 259; x_wconf 75' lang='lat' dir='ltr'>AmnssmNE</span> <span class='ocrx_word' id='word_1_368' title='bbox 1042 221 1301 259; x_wconf 75' lang='lat' dir='ltr'>scnoLARiuu</span> <span class='ocrx_word' id='word_1_369' title='bbox 1321 223 1377 258; x_wconf 82' lang='grc' dir='ltr'>ΑΙ)</span> <span class='ocrx_word' id='word_1_370' title='bbox 1397 221 1510 258; x_wconf 67' lang='grc' dir='ltr'>ῩΟΤΑ</span> <span class='ocrx_word' id='word_1_371' title='bbox 1529 220 1742 265; x_wconf 69' lang='lat' dir='ltr'>smenon,</span> <span class='ocrx_word' id='word_1_372' title='bbox 1763 216 1857 259; x_wconf 55' lang='lat' dir='ltr'>Bw,</span> 
     </span>
    </p>
   </div>
   <div class='ocr_carea' id='block_1_6' title="bbox 1219 286 2256 1267">
    <p class='ocr_par' dir='ltr' id='par_1_8' title="bbox 1219 286 2256 1267">
     <span class='ocr_line' id='line_1_58' title="bbox 1221 286 2243 341; baseline -0.004 -10"><span class='ocrx_word' id='word_1_373' title='bbox 1221 289 1579 336; x_wconf 81' lang='lat' dir='ltr'>constitutionibus</span> <span class='ocrx_word' id='word_1_374' title='bbox 1590 293 1678 330; x_wconf 87' lang='lat' dir='ltr'>erat</span> <span class='ocrx_word' id='word_1_375' title='bbox 1693 289 1796 330; x_wconf 84' lang='lat' dir='ltr'>alias</span> <span class='ocrx_word' id='word_1_376' title='bbox 1814 287 2067 329; x_wconf 86' lang='lat' dir='ltr'>sufficienter</span> <span class='ocrx_word' id='word_1_377' title='bbox 2081 286 2243 341; x_wconf 55' lang='lat' dir='ltr'>expresss</span> 
     </span>
     <span class='ocr_line' id='line_1_59' title="bbox 1219 348 2232 404; baseline -0.004 -11"><span class='ocrx_word' id='word_1_378' title='bbox 1219 363 1330 398; x_wconf 82' lang='lat' dir='ltr'>sum,</span> <span class='ocrx_word' id='word_1_379' title='bbox 1348 363 1444 392; x_wconf 85' lang='lat' dir='ltr'>cum</span> <span class='ocrx_word' id='word_1_380' title='bbox 1459 351 1614 400; x_wconf 87' lang='lat' dir='ltr'>dicant,</span> <span class='ocrx_word' id='word_1_381' title='bbox 1639 363 1716 404; x_wconf 85' lang='lat' dir='ltr'>per</span> <span class='ocrx_word' id='word_1_382' title='bbox 1727 351 1817 391; x_wconf 83' lang='lat' dir='ltr'>haec</span> <span class='ocrx_word' id='word_1_383' title='bbox 1832 353 1928 391; x_wconf 78' lang='lat' dir='ltr'>vota</span> <span class='ocrx_word' id='word_1_384' title='bbox 1952 349 2160 399; x_wconf 79' lang='lat' dir='ltr'>scholares</span> <span class='ocrx_word' id='word_1_385' title='bbox 2177 348 2232 389; x_wconf 90' lang='lat' dir='ltr'>ad</span> 
     </span>
     <span class='ocr_line' id='line_1_60' title="bbox 1221 411 2244 466; baseline -0.003 -13"><span class='ocrx_word' id='word_1_386' title='bbox 1221 413 1329 453; x_wconf 87' lang='lat' dir='ltr'>mitti</span> <span class='ocrx_word' id='word_1_387' title='bbox 1349 416 1392 453; x_wconf 89' lang='lat' dir='ltr'>et</span> <span class='ocrx_word' id='word_1_388' title='bbox 1408 413 1662 466; x_wconf 88' lang='lat' dir='ltr'>incorporari</span> <span class='ocrx_word' id='word_1_389' title='bbox 1680 413 1724 454; x_wconf 90' lang='lat' dir='ltr'>in</span> <span class='ocrx_word' id='word_1_390' title='bbox 1752 412 1971 460; x_wconf 86' lang='lat' dir='ltr'>Societate,</span> <span class='ocrx_word' id='word_1_391' title='bbox 1998 414 2040 455; x_wconf 85' lang='lat' dir='ltr'>et</span> <span class='ocrx_word' id='word_1_392' title='bbox 2059 411 2244 453; x_wconf 86' lang='lat' dir='ltr'>membra</span> 
     </span>
     <span class='ocr_line' id='line_1_61' title="bbox 1223 472 2246 527; baseline -0.003 -13"><span class='ocrx_word' id='word_1_393' title='bbox 1223 474 1314 526; x_wconf 87' lang='lat' dir='ltr'>ejus</span> <span class='ocrx_word' id='word_1_394' title='bbox 1329 473 1433 522; x_wconf 90' lang='lat' dir='ltr'>fieri,</span> <span class='ocrx_word' id='word_1_395' title='bbox 1454 479 1500 516; x_wconf 86' lang='lat' dir='ltr'>ut</span> <span class='ocrx_word' id='word_1_396' title='bbox 1518 476 1644 515; x_wconf 88' lang='lat' dir='ltr'>etiam</span> <span class='ocrx_word' id='word_1_397' title='bbox 1662 475 1707 514; x_wconf 88' lang='lat' dir='ltr'>in</span> <span class='ocrx_word' id='word_1_398' title='bbox 1728 475 1861 527; x_wconf 89' lang='lat' dir='ltr'>primo</span> <span class='ocrx_word' id='word_1_399' title='bbox 1883 485 1974 526; x_wconf 89' lang='lat' dir='ltr'>cap.</span> <span class='ocrx_word' id='word_1_400' title='bbox 1995 473 2119 525; x_wconf 87' lang='lat' dir='ltr'>hujus</span> <span class='ocrx_word' id='word_1_401' title='bbox 2137 472 2246 522; x_wconf 88' lang='lat' dir='ltr'>libri,</span> 
     </span>
     <span class='ocr_line' id='line_1_62' title="bbox 1222 534 2246 588; baseline -0.002 -13"><span class='ocrx_word' id='word_1_402' title='bbox 1222 547 1399 575; x_wconf 88' lang='lat' dir='ltr'>numero</span> <span class='ocrx_word' id='word_1_403' title='bbox 1428 538 1589 588; x_wconf 84' lang='lat' dir='ltr'>quarto,</span> <span class='ocrx_word' id='word_1_404' title='bbox 1617 537 1927 577; x_wconf 87' lang='lat' dir='ltr'>inculcavimus.</span> <span class='ocrx_word' id='word_1_405' title='bbox 1959 534 2078 582; x_wconf 88' lang='lat' dir='ltr'>Quod</span> <span class='ocrx_word' id='word_1_406' title='bbox 2107 536 2246 574; x_wconf 88' lang='lat' dir='ltr'>autem</span> 
     </span>
     <span class='ocr_line' id='line_1_63' title="bbox 1223 595 2247 650; baseline -0.003 -12"><span class='ocrx_word' id='word_1_407' title='bbox 1223 596 1266 638; x_wconf 89' lang='lat' dir='ltr'>in</span> <span class='ocrx_word' id='word_1_408' title='bbox 1286 609 1337 637; x_wconf 91' lang='lat' dir='ltr'>ea</span> <span class='ocrx_word' id='word_1_409' title='bbox 1368 597 1501 638; x_wconf 83' lang='lat' dir='ltr'>forma</span> <span class='ocrx_word' id='word_1_410' title='bbox 1525 599 1700 639; x_wconf 89' lang='lat' dir='ltr'>vovendi</span> <span class='ocrx_word' id='word_1_411' title='bbox 1718 611 1802 639; x_wconf 91' lang='lat' dir='ltr'>non</span> <span class='ocrx_word' id='word_1_412' title='bbox 1836 598 2088 650; x_wconf 83' lang='lat' dir='ltr'>exprimatur</span> <span class='ocrx_word' id='word_1_413' title='bbox 2107 595 2247 641; x_wconf 78' lang='lat' dir='ltr'>distin:</span> 
     </span>
     <span class='ocr_line' id='line_1_64' title="bbox 1224 657 2250 711; baseline -0.001 -11"><span class='ocrx_word' id='word_1_414' title='bbox 1224 663 1288 700; x_wconf 91' lang='lat' dir='ltr'>cte</span> <span class='ocrx_word' id='word_1_415' title='bbox 1310 660 1527 711; x_wconf 86' lang='lat' dir='ltr'>promissio</span> <span class='ocrx_word' id='word_1_416' title='bbox 1553 661 1732 702; x_wconf 80' lang='lat' dir='ltr'>Praelatis</span> <span class='ocrx_word' id='word_1_417' title='bbox 1749 660 1962 702; x_wconf 85' lang='lat' dir='ltr'>Societatis</span> <span class='ocrx_word' id='word_1_418' title='bbox 1985 659 2108 707; x_wconf 83' lang='lat' dir='ltr'>facta,</span> <span class='ocrx_word' id='word_1_419' title='bbox 2146 657 2250 699; x_wconf 76' lang='lat' dir='ltr'>sicut</span> 
     </span>
     <span class='ocr_line' id='line_1_65' title="bbox 1226 720 2250 773; baseline -0.002 -12"><span class='ocrx_word' id='word_1_420' title='bbox 1226 721 1468 772; x_wconf 86' lang='lat' dir='ltr'>exprimitur</span> <span class='ocrx_word' id='word_1_421' title='bbox 1484 722 1529 762; x_wconf 89' lang='lat' dir='ltr'>in</span> <span class='ocrx_word' id='word_1_422' title='bbox 1548 722 1682 762; x_wconf 84' lang='lat' dir='ltr'>forma</span> <span class='ocrx_word' id='word_1_423' title='bbox 1709 722 1952 764; x_wconf 87' lang='lat' dir='ltr'>admittendi</span> <span class='ocrx_word' id='word_1_424' title='bbox 1990 720 2250 773; x_wconf 84' lang='lat' dir='ltr'>coadjutores</span> 
     </span>
     <span class='ocr_line' id='line_1_66' title="bbox 1223 781 2252 836; baseline -0.002 -14"><span class='ocrx_word' id='word_1_425' title='bbox 1223 783 1438 831; x_wconf 86' lang='lat' dir='ltr'>formatos,</span> <span class='ocrx_word' id='word_1_426' title='bbox 1460 795 1545 824; x_wconf 86' lang='lat' dir='ltr'>non</span> <span class='ocrx_word' id='word_1_427' title='bbox 1563 783 1658 824; x_wconf 89' lang='lat' dir='ltr'>ideo</span> <span class='ocrx_word' id='word_1_428' title='bbox 1691 789 1755 826; x_wconf 88' lang='lat' dir='ltr'>est</span> <span class='ocrx_word' id='word_1_429' title='bbox 1773 785 1869 836; x_wconf 89' lang='lat' dir='ltr'>quia</span> <span class='ocrx_word' id='word_1_430' title='bbox 1888 784 1932 824; x_wconf 92' lang='lat' dir='ltr'>in</span> <span class='ocrx_word' id='word_1_431' title='bbox 1951 795 1997 824; x_wconf 90' lang='lat' dir='ltr'>re</span> <span class='ocrx_word' id='word_1_432' title='bbox 2013 783 2105 835; x_wconf 87' lang='lat' dir='ltr'>ipsa</span> <span class='ocrx_word' id='word_1_433' title='bbox 2135 781 2252 822; x_wconf 87' lang='lat' dir='ltr'>scho-</span> 
     </span>
     <span class='ocr_line' id='line_1_67' title="bbox 1223 844 2251 899; baseline -0.003 -13"><span class='ocrx_word' id='word_1_434' title='bbox 1223 846 1333 886; x_wconf 87' lang='lat' dir='ltr'>lares</span> <span class='ocrx_word' id='word_1_435' title='bbox 1353 846 1478 886; x_wconf 89' lang='lat' dir='ltr'>etiam</span> <span class='ocrx_word' id='word_1_436' title='bbox 1497 858 1582 887; x_wconf 89' lang='lat' dir='ltr'>non</span> <span class='ocrx_word' id='word_1_437' title='bbox 1600 858 1646 887; x_wconf 89' lang='lat' dir='ltr'>se</span> <span class='ocrx_word' id='word_1_438' title='bbox 1671 847 1856 899; x_wconf 87' lang='lat' dir='ltr'>obligent</span> <span class='ocrx_word' id='word_1_439' title='bbox 1886 845 2094 893; x_wconf 82' lang='lat' dir='ltr'>societati,</span> <span class='ocrx_word' id='word_1_440' title='bbox 2129 844 2251 894; x_wconf 90' lang='lat' dir='ltr'>eique</span> 
     </span>
     <span class='ocr_line' id='line_1_68' title="bbox 1223 905 2252 960; baseline -0.004 -13"><span class='ocrx_word' id='word_1_441' title='bbox 1223 908 1390 948; x_wconf 85' lang='lat' dir='ltr'>tradant</span> <span class='ocrx_word' id='word_1_442' title='bbox 1408 908 1476 959; x_wconf 87' lang='lat' dir='ltr'>jus</span> <span class='ocrx_word' id='word_1_443' title='bbox 1495 908 1540 948; x_wconf 89' lang='lat' dir='ltr'>in</span> <span class='ocrx_word' id='word_1_444' title='bbox 1559 919 1604 948; x_wconf 88' lang='lat' dir='ltr'>se</span> <span class='ocrx_word' id='word_1_445' title='bbox 1617 908 1744 960; x_wconf 90' lang='lat' dir='ltr'>ipsos,</span> <span class='ocrx_word' id='word_1_446' title='bbox 1765 912 1811 948; x_wconf 91' lang='lat' dir='ltr'>ut</span> <span class='ocrx_word' id='word_1_447' title='bbox 1827 909 1914 960; x_wconf 90' lang='lat' dir='ltr'>jam</span> <span class='ocrx_word' id='word_1_448' title='bbox 1932 907 1975 947; x_wconf 90' lang='lat' dir='ltr'>in</span> <span class='ocrx_word' id='word_1_449' title='bbox 1994 919 2085 958; x_wconf 88' lang='lat' dir='ltr'>cap.</span> <span class='ocrx_word' id='word_1_450' title='bbox 2117 905 2252 957; x_wconf 87' lang='lat' dir='ltr'>primo</span> 
     </span>
     <span class='ocr_line' id='line_1_69' title="bbox 1224 966 2252 1021; baseline -0.003 -12"><span class='ocrx_word' id='word_1_451' title='bbox 1224 968 1350 1021; x_wconf 88' lang='lat' dir='ltr'>hujus</span> <span class='ocrx_word' id='word_1_452' title='bbox 1365 969 1474 1017; x_wconf 87' lang='lat' dir='ltr'>libri,</span> <span class='ocrx_word' id='word_1_453' title='bbox 1493 981 1668 1009; x_wconf 89' lang='lat' dir='ltr'>numero</span> <span class='ocrx_word' id='word_1_454' title='bbox 1697 971 1888 1020; x_wconf 88' lang='lat' dir='ltr'>septimo,</span> <span class='ocrx_word' id='word_1_455' title='bbox 1921 969 2147 1020; x_wconf 82' lang='lat' dir='ltr'>attigimus,</span> <span class='ocrx_word' id='word_1_456' title='bbox 2180 966 2252 1007; x_wconf 88' lang='lat' dir='ltr'>sed</span> 
     </span>
     <span class='ocr_line' id='line_1_70' title="bbox 1223 1030 2254 1082; baseline -0.004 -10"><span class='ocrx_word' id='word_1_457' title='bbox 1223 1031 1360 1072; x_wconf 88' lang='lat' dir='ltr'>solum</span> <span class='ocrx_word' id='word_1_458' title='bbox 1381 1031 1535 1072; x_wconf 87' lang='lat' dir='ltr'>factum</span> <span class='ocrx_word' id='word_1_459' title='bbox 1554 1031 1716 1072; x_wconf 88' lang='lat' dir='ltr'>videtur</span> <span class='ocrx_word' id='word_1_460' title='bbox 1739 1031 1792 1071; x_wconf 89' lang='lat' dir='ltr'>ad</span> <span class='ocrx_word' id='word_1_461' title='bbox 1808 1030 2143 1082; x_wconf 85' lang='lat' dir='ltr'>distinguendum</span> <span class='ocrx_word' id='word_1_462' title='bbox 2162 1040 2254 1080; x_wconf 85' lang='lat' dir='ltr'>gra-</span> 
     </span>
     <span class='ocr_line' id='line_1_71' title="bbox 1223 1090 2255 1144; baseline -0.005 -10"><span class='ocrx_word' id='word_1_463' title='bbox 1223 1093 1326 1135; x_wconf 85' lang='lat' dir='ltr'>dum</span> <span class='ocrx_word' id='word_1_464' title='bbox 1356 1094 1606 1134; x_wconf 84' lang='lat' dir='ltr'>scholarium</span> <span class='ocrx_word' id='word_1_465' title='bbox 1640 1105 1667 1133; x_wconf 86' lang='lat' dir='ltr'>a</span> <span class='ocrx_word' id='word_1_466' title='bbox 1693 1094 1827 1144; x_wconf 86' lang='lat' dir='ltr'>gradu</span> <span class='ocrx_word' id='word_1_467' title='bbox 1859 1092 2148 1144; x_wconf 87' lang='lat' dir='ltr'>coadjutorum</span> <span class='ocrx_word' id='word_1_468' title='bbox 2174 1090 2255 1130; x_wconf 84' lang='lat' dir='ltr'>for-</span> 
     </span>
     <span class='ocr_line' id='line_1_72' title="bbox 1225 1154 2256 1205; baseline -0.006 -9"><span class='ocrx_word' id='word_1_469' title='bbox 1225 1159 1433 1196; x_wconf 88' lang='lat' dir='ltr'>matorum</span> <span class='ocrx_word' id='word_1_470' title='bbox 1454 1170 1466 1205; x_wconf 89' lang='lat'>;</span> <span class='ocrx_word' id='word_1_471' title='bbox 1486 1166 1585 1195; x_wconf 89' lang='lat' dir='ltr'>nam</span> <span class='ocrx_word' id='word_1_472' title='bbox 1603 1154 1662 1205; x_wconf 89' lang='lat' dir='ltr'>hi,</span> <span class='ocrx_word' id='word_1_473' title='bbox 1682 1154 1779 1196; x_wconf 87' lang='lat' dir='ltr'>licet</span> <span class='ocrx_word' id='word_1_474' title='bbox 1811 1154 2016 1195; x_wconf 89' lang='lat' dir='ltr'>solemnia</span> <span class='ocrx_word' id='word_1_475' title='bbox 2049 1156 2144 1192; x_wconf 88' lang='lat' dir='ltr'>vota</span> <span class='ocrx_word' id='word_1_476' title='bbox 2170 1162 2256 1192; x_wconf 91' lang='lat' dir='ltr'>non</span> 
     </span>
     <span class='ocr_line' id='line_1_73' title="bbox 1223 1214 2256 1267; baseline -0.006 -10"><span class='ocrx_word' id='word_1_477' title='bbox 1223 1217 1431 1265; x_wconf 87' lang='lat' dir='ltr'>emittant,</span> <span class='ocrx_word' id='word_1_478' title='bbox 1451 1216 1857 1267; x_wconf 77' lang='lat' dir='ltr'>constituuntnrJ’am</span> <span class='ocrx_word' id='word_1_479' title='bbox 1881 1216 1926 1256; x_wconf 87' lang='lat' dir='ltr'>in</span> <span class='ocrx_word' id='word_1_480' title='bbox 1959 1214 2153 1263; x_wconf 89' lang='lat' dir='ltr'>termino,</span> <span class='ocrx_word' id='word_1_481' title='bbox 2186 1224 2256 1252; x_wconf 91' lang='lat' dir='ltr'>ne-</span> 
     </span>
    </p>
   </div>
   <div class='ocr_carea' id='block_1_7' title="bbox 1209 1274 2258 1331">
    <p class='ocr_par' dir='ltr' id='par_1_9' title="bbox 1209 1274 2258 1331">
     <span class='ocr_line' id='line_1_74' title="bbox 1209 1274 2258 1331; baseline -0.004 -13"><span class='ocrx_word' id='word_1_482' title='bbox 1209 1290 1310 1330; x_wconf 62' lang='lat' dir='ltr'>aque</span> <span class='ocrx_word' id='word_1_483' title='bbox 1325 1278 1433 1317; x_wconf 85' lang='lat' dir='ltr'>ultra</span> <span class='ocrx_word' id='word_1_484' title='bbox 1454 1278 1649 1331; x_wconf 87' lang='lat' dir='ltr'>progredi</span> <span class='ocrx_word' id='word_1_485' title='bbox 1664 1278 1818 1318; x_wconf 86' lang='lat' dir='ltr'>debent</span> <span class='ocrx_word' id='word_1_486' title='bbox 1831 1278 1873 1318; x_wconf 88' lang='lat' dir='ltr'>in</span> <span class='ocrx_word' id='word_1_487' title='bbox 1892 1280 2002 1317; x_wconf 86' lang='lat' dir='ltr'>statu</span> <span class='ocrx_word' id='word_1_488' title='bbox 2031 1288 2106 1316; x_wconf 87' lang='lat' dir='ltr'>seu</span> <span class='ocrx_word' id='word_1_489' title='bbox 2125 1274 2258 1326; x_wconf 84' lang='lat' dir='ltr'>gradu</span> 
     </span>
    </p>
   </div>
   <div class='ocr_carea' id='block_1_8' title="bbox 1228 1336 2274 3316">
    <p class='ocr_par' dir='ltr' id='par_1_10' title="bbox 1228 1336 2274 3316">
     <span class='ocr_line' id='line_1_75' title="bbox 1228 1336 2258 1392; baseline -0.005 -12"><span class='ocrx_word' id='word_1_490' title='bbox 1228 1339 1460 1386; x_wconf 87' lang='lat' dir='ltr'>Societatis,</span> <span class='ocrx_word' id='word_1_491' title='bbox 1481 1351 1531 1381; x_wconf 88' lang='lat' dir='ltr'>ac</span> <span class='ocrx_word' id='word_1_492' title='bbox 1546 1344 1766 1392; x_wconf 86' lang='lat' dir='ltr'>propterea</span> <span class='ocrx_word' id='word_1_493' title='bbox 1793 1340 1943 1391; x_wconf 88' lang='lat' dir='ltr'>majori</span> <span class='ocrx_word' id='word_1_494' title='bbox 1960 1338 2142 1390; x_wconf 88' lang='lat' dir='ltr'>quodam</span> <span class='ocrx_word' id='word_1_495' title='bbox 2171 1336 2258 1376; x_wconf 90' lang='lat' dir='ltr'>vin-</span> 
     </span>
     <span class='ocr_line' id='line_1_76' title="bbox 1229 1401 2257 1454; baseline -0.007 -12"><span class='ocrx_word' id='word_1_496' title='bbox 1229 1402 1323 1442; x_wconf 88' lang='lat' dir='ltr'>culo</span> <span class='ocrx_word' id='word_1_497' title='bbox 1343 1402 1488 1442; x_wconf 87' lang='lat' dir='ltr'>morali</span> <span class='ocrx_word' id='word_1_498' title='bbox 1504 1403 1695 1454; x_wconf 89' lang='lat' dir='ltr'>cumipsa</span> <span class='ocrx_word' id='word_1_499' title='bbox 1711 1401 1914 1442; x_wconf 88' lang='lat' dir='ltr'>Societate</span> <span class='ocrx_word' id='word_1_500' title='bbox 1933 1401 2257 1451; x_wconf 89' lang='lat' dir='ltr'>conjunguntur,</span> 
     </span>
     <span class='ocr_line' id='line_1_77' title="bbox 1230 1462 2259 1516; baseline -0.006 -12"><span class='ocrx_word' id='word_1_501' title='bbox 1230 1468 1394 1505; x_wconf 83' lang='lat' dir='ltr'>etextra</span> <span class='ocrx_word' id='word_1_502' title='bbox 1416 1475 1539 1504; x_wconf 90' lang='lat' dir='ltr'>omne</span> <span class='ocrx_word' id='word_1_503' title='bbox 1568 1476 1700 1516; x_wconf 87' lang='lat' dir='ltr'>genus</span> <span class='ocrx_word' id='word_1_504' title='bbox 1726 1463 1980 1516; x_wconf 87' lang='lat' dir='ltr'>probationis</span> <span class='ocrx_word' id='word_1_505' title='bbox 2007 1462 2259 1503; x_wconf 90' lang='lat' dir='ltr'>constituun-</span> 
     </span>
     <span class='ocr_line' id='line_1_78' title="bbox 1231 1521 2260 1578; baseline -0.007 -11"><span class='ocrx_word' id='word_1_506' title='bbox 1231 1530 1312 1573; x_wconf 88' lang='lat' dir='ltr'>tur,</span> <span class='ocrx_word' id='word_1_507' title='bbox 1337 1529 1378 1565; x_wconf 90' lang='lat' dir='ltr'>et</span> <span class='ocrx_word' id='word_1_508' title='bbox 1398 1525 1488 1578; x_wconf 88' lang='lat' dir='ltr'>ipsa</span> <span class='ocrx_word' id='word_1_509' title='bbox 1508 1526 1690 1565; x_wconf 81' lang='lat' dir='ltr'>Societas</span> <span class='ocrx_word' id='word_1_510' title='bbox 1711 1526 1863 1566; x_wconf 86' lang='lat' dir='ltr'>arctius</span> <span class='ocrx_word' id='word_1_511' title='bbox 1889 1525 2095 1576; x_wconf 87' lang='lat' dir='ltr'>obligatur</span> <span class='ocrx_word' id='word_1_512' title='bbox 2116 1521 2168 1561; x_wconf 85' lang='lat' dir='ltr'>ad</span> <span class='ocrx_word' id='word_1_513' title='bbox 2188 1531 2260 1561; x_wconf 87' lang='lat' dir='ltr'>eos</span> 
     </span>
     <span class='ocr_line' id='line_1_79' title="bbox 1231 1583 2261 1639; baseline -0.009 -10"><span class='ocrx_word' id='word_1_514' title='bbox 1231 1587 1470 1629; x_wconf 83' lang='lat' dir='ltr'>retinendos</span> <span class='ocrx_word' id='word_1_515' title='bbox 1489 1592 1706 1639; x_wconf 90' lang='lat' dir='ltr'>perpetuo,</span> <span class='ocrx_word' id='word_1_516' title='bbox 1727 1588 1804 1628; x_wconf 89' lang='lat' dir='ltr'>nisi</span> <span class='ocrx_word' id='word_1_517' title='bbox 1837 1588 1974 1628; x_wconf 85' lang='lat' dir='ltr'>denuo</span> <span class='ocrx_word' id='word_1_518' title='bbox 1997 1598 2071 1638; x_wconf 88' lang='lat' dir='ltr'>per</span> <span class='ocrx_word' id='word_1_519' title='bbox 2089 1583 2261 1624; x_wconf 89' lang='lat' dir='ltr'>crimina</span> 
     </span>
     <span class='ocr_line' id='line_1_80' title="bbox 1234 1642 2261 1697; baseline -0.007 -6"><span class='ocrx_word' id='word_1_520' title='bbox 1234 1655 1276 1691; x_wconf 84' lang='lat' dir='ltr'>et</span> <span class='ocrx_word' id='word_1_521' title='bbox 1299 1648 1601 1690; x_wconf 88' lang='lat' dir='ltr'>contumaciam</span> <span class='ocrx_word' id='word_1_522' title='bbox 1618 1649 1752 1688; x_wconf 88' lang='lat' dir='ltr'>inillis</span> <span class='ocrx_word' id='word_1_523' title='bbox 1771 1649 1998 1690; x_wconf 86' lang='lat' dir='ltr'>reddantur</span> <span class='ocrx_word' id='word_1_524' title='bbox 2010 1647 2186 1697; x_wconf 80' lang='lat' dir='ltr'>indigni.</span> <span class='ocrx_word' id='word_1_525' title='bbox 2200 1642 2261 1684; x_wconf 82' lang='lat' dir='ltr'>Ad</span> 
     </span>
     <span class='ocr_line' id='line_1_81' title="bbox 1235 1707 2261 1763; baseline -0.007 -11"><span class='ocrx_word' id='word_1_526' title='bbox 1235 1711 1314 1752; x_wconf 90' lang='lat' dir='ltr'>hoc</span> <span class='ocrx_word' id='word_1_527' title='bbox 1326 1723 1423 1763; x_wconf 83' lang='lat' dir='ltr'>ergo</span> <span class='ocrx_word' id='word_1_528' title='bbox 1436 1710 1750 1762; x_wconf 84' lang='lat' dir='ltr'>significandum</span> <span class='ocrx_word' id='word_1_529' title='bbox 1766 1711 1824 1750; x_wconf 89' lang='lat' dir='ltr'>illi</span> <span class='ocrx_word' id='word_1_530' title='bbox 1838 1722 2030 1763; x_wconf 85' lang='lat' dir='ltr'>expresse</span> <span class='ocrx_word' id='word_1_531' title='bbox 2043 1712 2138 1749; x_wconf 82' lang='lat' dir='ltr'>vota</span> <span class='ocrx_word' id='word_1_532' title='bbox 2149 1707 2261 1747; x_wconf 84' lang='lat' dir='ltr'>emit-</span> 
     </span>
     <span class='ocr_line' id='line_1_82' title="bbox 1235 1768 2263 1823; baseline -0.007 -9"><span class='ocrx_word' id='word_1_533' title='bbox 1235 1778 1326 1816; x_wconf 86' lang='lat' dir='ltr'>tunt</span> <span class='ocrx_word' id='word_1_534' title='bbox 1343 1776 1387 1813; x_wconf 87' lang='lat' dir='ltr'>in</span> <span class='ocrx_word' id='word_1_535' title='bbox 1406 1773 1600 1813; x_wconf 88' lang='lat' dir='ltr'>manibus</span> <span class='ocrx_word' id='word_1_536' title='bbox 1620 1774 1792 1822; x_wconf 82' lang='lat' dir='ltr'>Praelati,</span> <span class='ocrx_word' id='word_1_537' title='bbox 1808 1774 1871 1813; x_wconf 89' lang='lat' dir='ltr'>cui</span> <span class='ocrx_word' id='word_1_538' title='bbox 1890 1785 1935 1812; x_wconf 89' lang='lat' dir='ltr'>se</span> <span class='ocrx_word' id='word_1_539' title='bbox 1952 1782 2145 1823; x_wconf 87' lang='lat' dir='ltr'>expresse</span> <span class='ocrx_word' id='word_1_540' title='bbox 2163 1768 2263 1809; x_wconf 90' lang='lat' dir='ltr'>obli-</span> 
     </span>
     <span class='ocr_line' id='line_1_83' title="bbox 1235 1831 2264 1890; baseline -0.006 -14"><span class='ocrx_word' id='word_1_541' title='bbox 1235 1840 1349 1890; x_wconf 86' lang='lat' dir='ltr'>gant,</span> <span class='ocrx_word' id='word_1_542' title='bbox 1378 1836 1523 1887; x_wconf 86' lang='lat' dir='ltr'>etipse</span> <span class='ocrx_word' id='word_1_543' title='bbox 1543 1848 1615 1876; x_wconf 90' lang='lat' dir='ltr'>eos</span> <span class='ocrx_word' id='word_1_544' title='bbox 1633 1836 1824 1875; x_wconf 85' lang='lat' dir='ltr'>admittit.</span> <span class='ocrx_word' id='word_1_545' title='bbox 1853 1835 2068 1874; x_wconf 88' lang='lat' dir='ltr'>Scholares</span> <span class='ocrx_word' id='word_1_546' title='bbox 2087 1844 2184 1872; x_wconf 88' lang='lat' dir='ltr'>vero</span> <span class='ocrx_word' id='word_1_547' title='bbox 2214 1831 2264 1869; x_wconf 88' lang='lat' dir='ltr'>li-</span> 
     </span>
     <span class='ocr_line' id='line_1_84' title="bbox 1235 1892 2264 1950; baseline -0.008 -11"><span class='ocrx_word' id='word_1_548' title='bbox 1235 1903 1301 1939; x_wconf 91' lang='lat' dir='ltr'>cet</span> <span class='ocrx_word' id='word_1_549' title='bbox 1318 1899 1634 1950; x_wconf 89' lang='lat' dir='ltr'>incorporentur</span> <span class='ocrx_word' id='word_1_550' title='bbox 1654 1896 1861 1944; x_wconf 79' lang='lat' dir='ltr'>societati,</span> <span class='ocrx_word' id='word_1_551' title='bbox 1882 1908 1966 1935; x_wconf 92' lang='lat' dir='ltr'>non</span> <span class='ocrx_word' id='word_1_552' title='bbox 1993 1900 2134 1935; x_wconf 86' lang='lat' dir='ltr'>tamen</span> <span class='ocrx_word' id='word_1_553' title='bbox 2155 1897 2201 1933; x_wconf 92' lang='lat' dir='ltr'>ut</span> <span class='ocrx_word' id='word_1_554' title='bbox 2220 1892 2264 1931; x_wconf 90' lang='lat' dir='ltr'>in</span> 
     </span>
     <span class='ocr_line' id='line_1_85' title="bbox 1237 1955 2265 2011; baseline -0.007 -11"><span class='ocrx_word' id='word_1_555' title='bbox 1237 1972 1286 2000; x_wconf 90' lang='lat' dir='ltr'>eo</span> <span class='ocrx_word' id='word_1_556' title='bbox 1305 1960 1436 2011; x_wconf 86' lang='lat' dir='ltr'>gradu</span> <span class='ocrx_word' id='word_1_557' title='bbox 1453 1971 1616 2011; x_wconf 88' lang='lat' dir='ltr'>semper</span> <span class='ocrx_word' id='word_1_558' title='bbox 1635 1962 1847 2007; x_wconf 85' lang='lat' dir='ltr'>maneant,</span> <span class='ocrx_word' id='word_1_559' title='bbox 1870 1958 1941 1997; x_wconf 87' lang='lat' dir='ltr'>sed</span> <span class='ocrx_word' id='word_1_560' title='bbox 1967 1960 2012 1996; x_wconf 89' lang='lat' dir='ltr'>ut</span> <span class='ocrx_word' id='word_1_561' title='bbox 2047 1957 2105 1995; x_wconf 91' lang='lat' dir='ltr'>sic</span> <span class='ocrx_word' id='word_1_562' title='bbox 2128 1955 2265 1994; x_wconf 87' lang='lat' dir='ltr'>incor-</span> 
     </span>
     <span class='ocr_line' id='line_1_86' title="bbox 1235 2017 2267 2074; baseline -0.006 -12"><span class='ocrx_word' id='word_1_563' title='bbox 1235 2022 1367 2074; x_wconf 86' lang='lat' dir='ltr'>porati</span> <span class='ocrx_word' id='word_1_564' title='bbox 1386 2022 1523 2061; x_wconf 86' lang='lat' dir='ltr'>adhuc</span> <span class='ocrx_word' id='word_1_565' title='bbox 1540 2021 1715 2073; x_wconf 88' lang='lat' dir='ltr'>amplius</span> <span class='ocrx_word' id='word_1_566' title='bbox 1727 2021 1967 2072; x_wconf 71' lang='lat' dir='ltr'>probentur,</span> <span class='ocrx_word' id='word_1_567' title='bbox 1981 2019 2029 2057; x_wconf 87' lang='lat' dir='ltr'>Et</span> <span class='ocrx_word' id='word_1_568' title='bbox 2046 2018 2153 2066; x_wconf 90' lang='lat' dir='ltr'>ideo,</span> <span class='ocrx_word' id='word_1_569' title='bbox 2170 2017 2267 2056; x_wconf 83' lang='lat' dir='ltr'>licet</span> 
     </span>
     <span class='ocr_line' id='line_1_87' title="bbox 1234 2079 2267 2133; baseline -0.007 -9"><span class='ocrx_word' id='word_1_570' title='bbox 1234 2084 1417 2124; x_wconf 88' lang='lat' dir='ltr'>Societas</span> <span class='ocrx_word' id='word_1_571' title='bbox 1436 2084 1586 2124; x_wconf 86' lang='lat' dir='ltr'>debeat</span> <span class='ocrx_word' id='word_1_572' title='bbox 1601 2096 1673 2123; x_wconf 88' lang='lat' dir='ltr'>eos</span> <span class='ocrx_word' id='word_1_573' title='bbox 1699 2084 1892 2130; x_wconf 86' lang='lat' dir='ltr'>retinere,</span> <span class='ocrx_word' id='word_1_574' title='bbox 1923 2081 2111 2133; x_wconf 89' lang='lat' dir='ltr'>quandiu</span> <span class='ocrx_word' id='word_1_575' title='bbox 2141 2079 2267 2119; x_wconf 88' lang='lat' dir='ltr'>ratio-</span> 
     </span>
     <span class='ocr_line' id='line_1_88' title="bbox 1235 2140 2267 2188; baseline -0.007 -2"><span class='ocrx_word' id='word_1_576' title='bbox 1235 2146 1384 2186; x_wconf 86' lang='lat' dir='ltr'>nabilis</span> <span class='ocrx_word' id='word_1_577' title='bbox 1402 2158 1526 2186; x_wconf 87' lang='lat' dir='ltr'>causa</span> <span class='ocrx_word' id='word_1_578' title='bbox 1538 2145 1766 2185; x_wconf 85' lang='lat' dir='ltr'>dimittendi</span> <span class='ocrx_word' id='word_1_579' title='bbox 1785 2157 1868 2184; x_wconf 88' lang='lat' dir='ltr'>non</span> <span class='ocrx_word' id='word_1_580' title='bbox 1884 2144 2040 2188; x_wconf 88' lang='lat' dir='ltr'>subest,</span> <span class='ocrx_word' id='word_1_581' title='bbox 2056 2147 2196 2182; x_wconf 89' lang='lat' dir='ltr'>tamen</span> <span class='ocrx_word' id='word_1_582' title='bbox 2214 2140 2267 2180; x_wconf 93' lang='lat' dir='ltr'>ad</span> 
     </span>
     <span class='ocr_line' id='line_1_89' title="bbox 1237 2205 2268 2259; baseline -0.005 -13"><span class='ocrx_word' id='word_1_583' title='bbox 1237 2209 1315 2247; x_wconf 92' lang='lat' dir='ltr'>hoc</span> <span class='ocrx_word' id='word_1_584' title='bbox 1333 2209 1606 2259; x_wconf 86' lang='lat' dir='ltr'>judicandum</span> <span class='ocrx_word' id='word_1_585' title='bbox 1625 2208 1792 2247; x_wconf 87' lang='lat' dir='ltr'>liberior</span> <span class='ocrx_word' id='word_1_586' title='bbox 1807 2211 1883 2255; x_wconf 89' lang='lat' dir='ltr'>est,</span> <span class='ocrx_word' id='word_1_587' title='bbox 1911 2210 1953 2245; x_wconf 90' lang='lat' dir='ltr'>et</span> <span class='ocrx_word' id='word_1_588' title='bbox 1976 2205 2112 2244; x_wconf 90' lang='lat' dir='ltr'>minor</span> <span class='ocrx_word' id='word_1_589' title='bbox 2143 2214 2268 2243; x_wconf 86' lang='lat' dir='ltr'>causa</span> 
     </span>
     <span class='ocr_line' id='line_1_90' title="bbox 1239 2267 2268 2321; baseline -0.006 -11"><span class='ocrx_word' id='word_1_590' title='bbox 1239 2271 1400 2317; x_wconf 84' lang='lat' dir='ltr'>sufficit,</span> <span class='ocrx_word' id='word_1_591' title='bbox 1424 2274 1465 2310; x_wconf 90' lang='lat' dir='ltr'>et</span> <span class='ocrx_word' id='word_1_592' title='bbox 1485 2270 1538 2310; x_wconf 90' lang='lat' dir='ltr'>ad</span> <span class='ocrx_word' id='word_1_593' title='bbox 1557 2282 1650 2310; x_wconf 91' lang='lat' dir='ltr'>eam</span> <span class='ocrx_word' id='word_1_594' title='bbox 1677 2269 1972 2321; x_wconf 84' lang='lat' dir='ltr'>explorandam</span> <span class='ocrx_word' id='word_1_595' title='bbox 1994 2267 2180 2318; x_wconf 90' lang='lat' dir='ltr'>probatio</span> <span class='ocrx_word' id='word_1_596' title='bbox 2202 2278 2268 2305; x_wconf 91' lang='lat' dir='ltr'>or-</span> 
     </span>
     <span class='ocr_line' id='line_1_91' title="bbox 1241 2328 2268 2384; baseline -0.007 -12"><span class='ocrx_word' id='word_1_597' title='bbox 1241 2332 1431 2382; x_wconf 83' lang='lat' dir='ltr'>dinatur3</span> <span class='ocrx_word' id='word_1_598' title='bbox 1454 2333 1507 2372; x_wconf 87' lang='lat' dir='ltr'>ad</span> <span class='ocrx_word' id='word_1_599' title='bbox 1527 2333 1635 2372; x_wconf 84' lang='lat' dir='ltr'>hanc</span> <span class='ocrx_word' id='word_1_600' title='bbox 1663 2344 1762 2384; x_wconf 85' lang='lat' dir='ltr'>ergo</span> <span class='ocrx_word' id='word_1_601' title='bbox 1785 2332 2019 2370; x_wconf 80' lang='lat' dir='ltr'>libertatem</span> <span class='ocrx_word' id='word_1_602' title='bbox 2054 2328 2268 2368; x_wconf 86' lang='lat' dir='ltr'>Societatis</span> 
     </span>
     <span class='ocr_line' id='line_1_92' title="bbox 1241 2390 2267 2446; baseline -0.006 -12"><span class='ocrx_word' id='word_1_603' title='bbox 1241 2395 1556 2446; x_wconf 85' lang='lat' dir='ltr'>significandam</span> <span class='ocrx_word' id='word_1_604' title='bbox 1577 2395 1770 2434; x_wconf 89' lang='lat' dir='ltr'>dicuntur</span> <span class='ocrx_word' id='word_1_605' title='bbox 1787 2399 1882 2433; x_wconf 88' lang='lat' dir='ltr'>vota</span> <span class='ocrx_word' id='word_1_606' title='bbox 1898 2393 1967 2431; x_wconf 87' lang='lat' dir='ltr'>illa</span> <span class='ocrx_word' id='word_1_607' title='bbox 1995 2403 2081 2431; x_wconf 89' lang='lat' dir='ltr'>non</span> <span class='ocrx_word' id='word_1_608' title='bbox 2108 2390 2200 2430; x_wconf 89' lang='lat' dir='ltr'>fieri</span> <span class='ocrx_word' id='word_1_609' title='bbox 2224 2390 2267 2428; x_wconf 89' lang='lat' dir='ltr'>in</span> 
     </span>
     <span class='ocr_line' id='line_1_93' title="bbox 1240 2454 2267 2505; baseline -0.006 -9"><span class='ocrx_word' id='word_1_610' title='bbox 1240 2457 1433 2497; x_wconf 87' lang='lat' dir='ltr'>manibus</span> <span class='ocrx_word' id='word_1_611' title='bbox 1453 2458 1625 2505; x_wconf 84' lang='lat' dir='ltr'>Praelati,</span> <span class='ocrx_word' id='word_1_612' title='bbox 1647 2457 1721 2496; x_wconf 90' lang='lat' dir='ltr'>sed</span> <span class='ocrx_word' id='word_1_613' title='bbox 1738 2457 1812 2496; x_wconf 90' lang='lat' dir='ltr'>soli</span> <span class='ocrx_word' id='word_1_614' title='bbox 1832 2457 1933 2504; x_wconf 91' lang='lat' dir='ltr'>Deo,</span> <span class='ocrx_word' id='word_1_615' title='bbox 1953 2454 2119 2501; x_wconf 88' lang='lat' dir='ltr'>scilicet,</span> <span class='ocrx_word' id='word_1_616' title='bbox 2140 2464 2267 2504; x_wconf 88' lang='lat' dir='ltr'>quan-</span> 
     </span>
     <span class='ocr_line' id='line_1_94' title="bbox 1241 2514 2269 2570; baseline -0.007 -11"><span class='ocrx_word' id='word_1_617' title='bbox 1241 2523 1329 2560; x_wconf 85' lang='lat' dir='ltr'>tum</span> <span class='ocrx_word' id='word_1_618' title='bbox 1375 2519 1430 2558; x_wconf 88' lang='lat' dir='ltr'>ad</span> <span class='ocrx_word' id='word_1_619' title='bbox 1476 2531 1714 2570; x_wconf 85' lang='lat' dir='ltr'>expressam</span> <span class='ocrx_word' id='word_1_620' title='bbox 1754 2519 1931 2558; x_wconf 87' lang='lat' dir='ltr'>formam</span> <span class='ocrx_word' id='word_1_621' title='bbox 1972 2514 2236 2567; x_wconf 88' lang='lat' dir='ltr'>promittendi</span> <span class='ocrx_word' id='word_1_622' title='bbox 2253 2542 2269 2562; x_wconf 94' lang='lat'>,</span> 
     </span>
     <span class='ocr_line' id='line_1_95' title="bbox 1242 2575 2270 2633; baseline -0.008 -12"><span class='ocrx_word' id='word_1_623' title='bbox 1242 2581 1431 2633; x_wconf 89' lang='lat' dir='ltr'>quamvis</span> <span class='ocrx_word' id='word_1_624' title='bbox 1462 2581 1658 2632; x_wconf 88' lang='lat' dir='ltr'>implicite</span> <span class='ocrx_word' id='word_1_625' title='bbox 1684 2585 1725 2620; x_wconf 91' lang='lat' dir='ltr'>et</span> <span class='ocrx_word' id='word_1_626' title='bbox 1753 2581 1796 2619; x_wconf 88' lang='lat' dir='ltr'>in</span> <span class='ocrx_word' id='word_1_627' title='bbox 1815 2583 1909 2618; x_wconf 83' lang='lat' dir='ltr'>actu</span> <span class='ocrx_word' id='word_1_628' title='bbox 1936 2577 2113 2617; x_wconf 79' lang='lat' dir='ltr'>exercito</span> <span class='ocrx_word' id='word_1_629' title='bbox 2134 2576 2191 2628; x_wconf 89' lang='lat' dir='ltr'>(ut</span> <span class='ocrx_word' id='word_1_630' title='bbox 2213 2575 2270 2614; x_wconf 90' lang='lat' dir='ltr'>sic</span> 
     </span>
     <span class='ocr_line' id='line_1_96' title="bbox 1242 2637 2271 2692; baseline -0.009 -8"><span class='ocrx_word' id='word_1_631' title='bbox 1242 2644 1392 2692; x_wconf 83' lang='lat' dir='ltr'>dicam)</span> <span class='ocrx_word' id='word_1_632' title='bbox 1406 2644 1498 2682; x_wconf 88' lang='lat' dir='ltr'>talis</span> <span class='ocrx_word' id='word_1_633' title='bbox 1519 2642 1713 2692; x_wconf 85' lang='lat' dir='ltr'>obligatio</span> <span class='ocrx_word' id='word_1_634' title='bbox 1730 2653 1780 2680; x_wconf 87' lang='lat' dir='ltr'>ex</span> <span class='ocrx_word' id='word_1_635' title='bbox 1799 2641 1888 2691; x_wconf 87' lang='lat' dir='ltr'>ipsa</span> <span class='ocrx_word' id='word_1_636' title='bbox 1909 2639 2129 2678; x_wconf 84' lang='lat' dir='ltr'>traditione</span> <span class='ocrx_word' id='word_1_637' title='bbox 2150 2640 2191 2677; x_wconf 91' lang='lat' dir='ltr'>et</span> <span class='ocrx_word' id='word_1_638' title='bbox 2206 2637 2271 2675; x_wconf 88' lang='lat' dir='ltr'>in-</span> 
     </span>
     <span class='ocr_line' id='line_1_97' title="bbox 1242 2700 2271 2755; baseline -0.005 -11"><span class='ocrx_word' id='word_1_639' title='bbox 1242 2705 1527 2755; x_wconf 83' lang='lat' dir='ltr'>corporatione</span> <span class='ocrx_word' id='word_1_640' title='bbox 1578 2703 1859 2742; x_wconf 86' lang='lat' dir='ltr'>contrahatur.</span> <span class='ocrx_word' id='word_1_641' title='bbox 1905 2702 1954 2740; x_wconf 87' lang='lat' dir='ltr'>Et</span> <span class='ocrx_word' id='word_1_642' title='bbox 1991 2701 2042 2740; x_wconf 92' lang='lat' dir='ltr'>ob</span> <span class='ocrx_word' id='word_1_643' title='bbox 2081 2700 2271 2740; x_wconf 86' lang='lat' dir='ltr'>eamdem</span> 
     </span>
     <span class='ocr_line' id='line_1_98' title="bbox 1243 2761 2273 2816; baseline -0.005 -9"><span class='ocrx_word' id='word_1_644' title='bbox 1243 2778 1413 2807; x_wconf 85' lang='lat' dir='ltr'>causam</span> <span class='ocrx_word' id='word_1_645' title='bbox 1433 2765 1479 2806; x_wconf 87' lang='lat' dir='ltr'>fit</span> <span class='ocrx_word' id='word_1_646' title='bbox 1497 2765 1552 2804; x_wconf 90' lang='lat' dir='ltr'>ibi</span> <span class='ocrx_word' id='word_1_647' title='bbox 1570 2764 1785 2816; x_wconf 85' lang='lat' dir='ltr'>promissio</span> <span class='ocrx_word' id='word_1_648' title='bbox 1813 2761 2071 2814; x_wconf 78' lang='lat' dir='ltr'>ingrediendi</span> <span class='ocrx_word' id='word_1_649' title='bbox 2092 2763 2273 2803; x_wconf 89' lang='lat' dir='ltr'>Societa-</span> 
     </span>
     <span class='ocr_line' id='line_1_99' title="bbox 1242 2825 2272 2878; baseline -0.004 -9"><span class='ocrx_word' id='word_1_650' title='bbox 1242 2831 1342 2875; x_wconf 88' lang='lat' dir='ltr'>tem,</span> <span class='ocrx_word' id='word_1_651' title='bbox 1356 2827 1523 2874; x_wconf 88' lang='lat' dir='ltr'>scilicet,</span> <span class='ocrx_word' id='word_1_652' title='bbox 1534 2826 1672 2878; x_wconf 88' lang='lat' dir='ltr'>quoad</span> <span class='ocrx_word' id='word_1_653' title='bbox 1689 2827 1870 2877; x_wconf 89' lang='lat' dir='ltr'>aliquem</span> <span class='ocrx_word' id='word_1_654' title='bbox 1887 2826 2077 2865; x_wconf 90' lang='lat' dir='ltr'>ultimum</span> <span class='ocrx_word' id='word_1_655' title='bbox 2097 2825 2272 2876; x_wconf 87' lang='lat' dir='ltr'>gradum</span> 
     </span>
     <span class='ocr_line' id='line_1_100' title="bbox 1242 2888 2268 2941; baseline -0.005 -10"><span class='ocrx_word' id='word_1_656' title='bbox 1242 2892 1286 2931; x_wconf 85' lang='lat' dir='ltr'>et</span> <span class='ocrx_word' id='word_1_657' title='bbox 1297 2890 1516 2930; x_wconf 89' lang='lat' dir='ltr'>terminum</span> <span class='ocrx_word' id='word_1_658' title='bbox 1530 2889 1696 2941; x_wconf 87' lang='lat' dir='ltr'>ejus,sic</span> <span class='ocrx_word' id='word_1_659' title='bbox 1704 2889 1813 2928; x_wconf 90' lang='lat' dir='ltr'>enim</span> <span class='ocrx_word' id='word_1_660' title='bbox 1826 2888 2040 2929; x_wconf 76' lang='lat' dir='ltr'>Societatis</span> <span class='ocrx_word' id='word_1_661' title='bbox 2051 2899 2205 2927; x_wconf 89' lang='lat' dir='ltr'>nomen</span> <span class='ocrx_word' id='word_1_662' title='bbox 2218 2898 2268 2927; x_wconf 91' lang='lat' dir='ltr'>eo</span> 
     </span>
     <span class='ocr_line' id='line_1_101' title="bbox 1241 2950 2274 3002; baseline -0.005 -10"><span class='ocrx_word' id='word_1_663' title='bbox 1241 2952 1334 2992; x_wconf 88' lang='lat' dir='ltr'>loco</span> <span class='ocrx_word' id='word_1_664' title='bbox 1363 2952 1538 2991; x_wconf 90' lang='lat' dir='ltr'>sumitur</span> <span class='ocrx_word' id='word_1_665' title='bbox 1556 2964 1566 2998; x_wconf 89' lang='lat'>;</span> <span class='ocrx_word' id='word_1_666' title='bbox 1585 2951 1697 3002; x_wconf 90' lang='lat' dir='ltr'>quod</span> <span class='ocrx_word' id='word_1_667' title='bbox 1714 2963 1798 2990; x_wconf 90' lang='lat' dir='ltr'>non</span> <span class='ocrx_word' id='word_1_668' title='bbox 1818 2950 1952 2990; x_wconf 88' lang='lat' dir='ltr'>obstat</span> <span class='ocrx_word' id='word_1_669' title='bbox 1974 2950 2073 3001; x_wconf 84' lang='lat' dir='ltr'>quin</span> <span class='ocrx_word' id='word_1_670' title='bbox 2087 2950 2166 2988; x_wconf 89' lang='lat' dir='ltr'>alio</span> <span class='ocrx_word' id='word_1_671' title='bbox 2187 2960 2274 2988; x_wconf 92' lang='lat' dir='ltr'>mo-</span> 
     </span>
     <span class='ocr_line' id='line_1_102' title="bbox 1242 3011 2274 3064; baseline -0.007 -9"><span class='ocrx_word' id='word_1_672' title='bbox 1242 3014 1296 3056; x_wconf 91' lang='lat' dir='ltr'>do</span> <span class='ocrx_word' id='word_1_673' title='bbox 1313 3015 1471 3055; x_wconf 85' lang='lat' dir='ltr'>eaedem</span> <span class='ocrx_word' id='word_1_674' title='bbox 1497 3025 1683 3064; x_wconf 85' lang='lat' dir='ltr'>personae</span> <span class='ocrx_word' id='word_1_675' title='bbox 1709 3025 1807 3053; x_wconf 88' lang='lat' dir='ltr'>vere</span> <span class='ocrx_word' id='word_1_676' title='bbox 1832 3024 1881 3052; x_wconf 89' lang='lat' dir='ltr'>ac</span> <span class='ocrx_word' id='word_1_677' title='bbox 1907 3011 2073 3063; x_wconf 86' lang='lat' dir='ltr'>proprie</span> <span class='ocrx_word' id='word_1_678' title='bbox 2106 3013 2274 3050; x_wconf 88' lang='lat' dir='ltr'>extunc</span> 
     </span>
     <span class='ocr_line' id='line_1_103' title="bbox 1242 3071 2273 3128; baseline -0.007 -11"><span class='ocrx_word' id='word_1_679' title='bbox 1242 3078 1559 3128; x_wconf 90' lang='lat' dir='ltr'>incorporentur</span> <span class='ocrx_word' id='word_1_680' title='bbox 1579 3076 1785 3124; x_wconf 88' lang='lat' dir='ltr'>Societati,</span> <span class='ocrx_word' id='word_1_681' title='bbox 1804 3077 1928 3126; x_wconf 86' lang='lat' dir='ltr'>prout</span> <span class='ocrx_word' id='word_1_682' title='bbox 1960 3071 2273 3124; x_wconf 84' lang='lat' dir='ltr'>comprehendit</span> 
     </span>
     <span class='ocr_line' id='line_1_104' title="bbox 1244 3132 2274 3188; baseline -0.007 -10"><span class='ocrx_word' id='word_1_683' title='bbox 1244 3140 1382 3179; x_wconf 91' lang='lat' dir='ltr'>omnia</span> <span class='ocrx_word' id='word_1_684' title='bbox 1402 3138 1591 3178; x_wconf 89' lang='lat' dir='ltr'>membra</span> <span class='ocrx_word' id='word_1_685' title='bbox 1607 3150 1698 3184; x_wconf 90' lang='lat' dir='ltr'>sua,</span> <span class='ocrx_word' id='word_1_686' title='bbox 1719 3138 1837 3188; x_wconf 85' lang='lat' dir='ltr'>juxta</span> <span class='ocrx_word' id='word_1_687' title='bbox 1858 3147 1923 3183; x_wconf 89' lang='lat' dir='ltr'>ea,</span> <span class='ocrx_word' id='word_1_688' title='bbox 1945 3146 2038 3186; x_wconf 83' lang='lat' dir='ltr'>quoe</span> <span class='ocrx_word' id='word_1_689' title='bbox 2067 3134 2120 3173; x_wconf 92' lang='lat' dir='ltr'>de</span> <span class='ocrx_word' id='word_1_690' title='bbox 2146 3132 2274 3184; x_wconf 80' lang='lat' dir='ltr'>signi-</span> 
     </span>
     <span class='ocr_line' id='line_1_105' title="bbox 1243 3195 2272 3251; baseline -0.006 -10"><span class='ocrx_word' id='word_1_691' title='bbox 1243 3201 1436 3241; x_wconf 87' lang='lat' dir='ltr'>ficatione</span> <span class='ocrx_word' id='word_1_692' title='bbox 1472 3201 1596 3251; x_wconf 87' lang='lat' dir='ltr'>hujus</span> <span class='ocrx_word' id='word_1_693' title='bbox 1625 3199 1737 3239; x_wconf 88' lang='lat' dir='ltr'>vocis</span> <span class='ocrx_word' id='word_1_694' title='bbox 1782 3198 1824 3237; x_wconf 90' lang='lat' dir='ltr'>in</span> <span class='ocrx_word' id='word_1_695' title='bbox 1853 3197 1957 3236; x_wconf 88' lang='lat' dir='ltr'>libro</span> <span class='ocrx_word' id='word_1_696' title='bbox 1993 3195 2156 3247; x_wconf 90' lang='lat' dir='ltr'>primo,</span> <span class='ocrx_word' id='word_1_697' title='bbox 2179 3206 2272 3247; x_wconf 85' lang='lat' dir='ltr'>cap.</span> 
     </span>
     <span class='ocr_line' id='line_1_106' title="bbox 1244 3258 2193 3316; baseline -0.004 -13"><span class='ocrx_word' id='word_1_698' title='bbox 1244 3263 1396 3316; x_wconf 84' lang='lat' dir='ltr'>primo,</span> <span class='ocrx_word' id='word_1_699' title='bbox 1418 3274 1536 3303; x_wconf 90' lang='lat' dir='ltr'>num.</span> <span class='ocrx_word' id='word_1_700' title='bbox 1555 3259 1871 3307; x_wconf 83' lang='lat' dir='ltr'>decimotertio,</span> <span class='ocrx_word' id='word_1_701' title='bbox 1890 3258 2193 3299; x_wconf 83' lang='lat' dir='ltr'>adnotavimus.</span> 
     </span>
    </p>
   </div>
   <div class='ocr_carea' id='block_1_9' title="bbox 1691 3452 1831 3464">
    <p class='ocr_par' dir='ltr' id='par_1_11' title="bbox 1691 3452 1831 3464">
     <span class='ocr_line' id='line_1_107' title="bbox 1691 3452 1831 3464; baseline -0.007 -7"><span class='ocrx_word' id='word_1_702' title='bbox 1691 3452 1831 3464; x_wconf 58' lang='lat'><em>-—--“</em></span> 
     </span>
    </p>
   </div>
  </div>
 </body>
</html>
