<?xml version="1.0" encoding="UTF-8"?>
<!DOCTYPE html PUBLIC "-//W3C//DTD XHTML 1.0 Transitional//EN"
    "http://www.w3.org/TR/xhtml1/DTD/xhtml1-transitional.dtd">
<html xmlns="http://www.w3.org/1999/xhtml" xml:lang="en" lang="en">
 <head>
  <title>
</title>
<meta http-equiv="Content-Type" content="text/html;charset=utf-8" />
  <meta name='ocr-system' content='tesseract 3.04.00' />
  <meta name='ocr-capabilities' content='ocr_page ocr_carea ocr_par ocr_line ocrx_word'/>
</head>
<body>
  <div class='ocr_page' id='page_1' title='image "./operaomnia16suaauoft_0151.png"; bbox 0 0 2352 3880; ppageno 0'>
   <div class='ocr_carea' id='block_1_1' title="bbox 0 0 660 404">
    <p class='ocr_par' dir='ltr' id='par_1_1' title="bbox 0 0 660 404">
     <span class='ocr_line' id='line_1_1' title="bbox 0 0 660 404; baseline 0 -227"><span class='ocrx_word' id='word_1_1' title='bbox 0 0 660 404; x_wconf 95' lang='lat' dir='ltr'>      </span> 
     </span>
    </p>
   </div>
   <div class='ocr_carea' id='block_1_2' title="bbox 85 447 1125 753">
    <p class='ocr_par' dir='ltr' id='par_1_2' title="bbox 85 447 1124 753">
     <span class='ocr_line' id='line_1_2' title="bbox 85 447 1124 506; baseline -0.002 -17"><span class='ocrx_word' id='word_1_2' title='bbox 85 447 143 495; x_wconf 61' lang='lat' dir='ltr'>Lae</span> <span class='ocrx_word' id='word_1_3' title='bbox 156 463 261 506; x_wconf 87' lang='lat' dir='ltr'>pure</span> <span class='ocrx_word' id='word_1_4' title='bbox 282 452 424 498; x_wconf 89' lang='lat' dir='ltr'>malas,</span> <span class='ocrx_word' id='word_1_5' title='bbox 442 455 488 490; x_wconf 90' lang='lat' dir='ltr'>ut</span> <span class='ocrx_word' id='word_1_6' title='bbox 506 449 735 491; x_wconf 85' lang='lat' dir='ltr'>Bernardus</span> <span class='ocrx_word' id='word_1_7' title='bbox 754 448 950 500; x_wconf 87' lang='lat' dir='ltr'>loquitur.</span> <span class='ocrx_word' id='word_1_8' title='bbox 968 450 1009 490; x_wconf 83' lang='lat' dir='ltr'>Si</span> <span class='ocrx_word' id='word_1_9' title='bbox 1027 461 1124 500; x_wconf 85' lang='lat' dir='ltr'>ergo</span> 
     </span>
     <span class='ocr_line' id='line_1_3' title="bbox 93 510 1124 564; baseline -0.005 -10"><span class='ocrx_word' id='word_1_10' title='bbox 93 511 182 555; x_wconf 79' lang='lat' dir='ltr'>haec</span> <span class='ocrx_word' id='word_1_11' title='bbox 219 513 337 552; x_wconf 89' lang='lat' dir='ltr'>nobis</span> <span class='ocrx_word' id='word_1_12' title='bbox 378 516 660 564; x_wconf 88' lang='lat' dir='ltr'>proponuntur</span> <span class='ocrx_word' id='word_1_13' title='bbox 697 515 898 562; x_wconf 82' lang='lat' dir='ltr'>tanquam</span> <span class='ocrx_word' id='word_1_14' title='bbox 938 510 1124 563; x_wconf 84' lang='lat' dir='ltr'>exempla</span> 
     </span>
     <span class='ocr_line' id='line_1_4' title="bbox 94 571 1122 625; baseline -0.004 -11"><span class='ocrx_word' id='word_1_15' title='bbox 94 574 315 625; x_wconf 82' lang='lat' dir='ltr'>imitanda,</span> <span class='ocrx_word' id='word_1_16' title='bbox 342 573 616 613; x_wconf 82' lang='lat' dir='ltr'>obediendum</span> <span class='ocrx_word' id='word_1_17' title='bbox 647 571 765 612; x_wconf 87' lang='lat' dir='ltr'>nohis</span> <span class='ocrx_word' id='word_1_18' title='bbox 795 574 889 623; x_wconf 89' lang='lat' dir='ltr'>erit,</span> <span class='ocrx_word' id='word_1_19' title='bbox 923 574 1048 612; x_wconf 88' lang='lat' dir='ltr'>etiam</span> <span class='ocrx_word' id='word_1_20' title='bbox 1078 572 1122 611; x_wconf 91' lang='lat' dir='ltr'>in</span> 
     </span>
     <span class='ocr_line' id='line_1_5' title="bbox 94 634 1119 688; baseline -0.006 -11"><span class='ocrx_word' id='word_1_21' title='bbox 94 636 215 678; x_wconf 88' lang='lat' dir='ltr'>rebus</span> <span class='ocrx_word' id='word_1_22' title='bbox 237 638 373 688; x_wconf 87' lang='lat' dir='ltr'>aperte</span> <span class='ocrx_word' id='word_1_23' title='bbox 392 635 555 673; x_wconf 83' lang='lat' dir='ltr'>illicitis.</span> <span class='ocrx_word' id='word_1_24' title='bbox 578 634 658 672; x_wconf 88' lang='lat' dir='ltr'>Nec</span> <span class='ocrx_word' id='word_1_25' title='bbox 689 634 825 672; x_wconf 89' lang='lat' dir='ltr'>minus</span> <span class='ocrx_word' id='word_1_26' title='bbox 854 635 1016 674; x_wconf 84' lang='lat' dir='ltr'>difficile</span> <span class='ocrx_word' id='word_1_27' title='bbox 1045 637 1119 681; x_wconf 88' lang='lat' dir='ltr'>est,</span> 
     </span>
     <span class='ocr_line' id='line_1_6' title="bbox 92 695 1125 753; baseline -0.003 -15"><span class='ocrx_word' id='word_1_28' title='bbox 92 699 202 753; x_wconf 83' lang='lat' dir='ltr'>quod</span> <span class='ocrx_word' id='word_1_29' title='bbox 233 699 272 738; x_wconf 90' lang='lat' dir='ltr'>S.</span> <span class='ocrx_word' id='word_1_30' title='bbox 296 695 549 742; x_wconf 80' lang='lat' dir='ltr'>Benedictus,</span> <span class='ocrx_word' id='word_1_31' title='bbox 583 707 704 746; x_wconf 86' lang='lat' dir='ltr'>supra</span> <span class='ocrx_word' id='word_1_32' title='bbox 738 697 899 744; x_wconf 86' lang='lat' dir='ltr'>citatus,</span> <span class='ocrx_word' id='word_1_33' title='bbox 935 697 1008 744; x_wconf 89' lang='lat' dir='ltr'>ait,</span> <span class='ocrx_word' id='word_1_34' title='bbox 1028 695 1125 735; x_wconf 86' lang='lat' dir='ltr'>obe-</span> 
     </span>
    </p>
   </div>
   <div class='ocr_carea' id='block_1_3' title="bbox 25 757 1124 812">
    <p class='ocr_par' dir='ltr' id='par_1_3' title="bbox 25 757 1124 812">
     <span class='ocr_line' id='line_1_7' title="bbox 25 757 1124 812; baseline -0.003 -13"><span class='ocrx_word' id='word_1_35' title='bbox 25 809 28 812; x_wconf 18' lang='lat'><em>*</em></span> <span class='ocrx_word' id='word_1_36' title='bbox 56 791 59 797; x_wconf 90' lang='lat'>.</span> <span class='ocrx_word' id='word_1_37' title='bbox 93 759 287 799; x_wconf 87' lang='lat' dir='ltr'>diendum</span> <span class='ocrx_word' id='word_1_38' title='bbox 305 770 403 803; x_wconf 89' lang='lat' dir='ltr'>esse,</span> <span class='ocrx_word' id='word_1_39' title='bbox 423 758 545 796; x_wconf 85' lang='lat' dir='ltr'>etiam</span> <span class='ocrx_word' id='word_1_40' title='bbox 563 757 727 808; x_wconf 90' lang='lat' dir='ltr'>quando</span> <span class='ocrx_word' id='word_1_41' title='bbox 743 762 901 796; x_wconf 90' lang='lat' dir='ltr'>constat</span> <span class='ocrx_word' id='word_1_42' title='bbox 918 770 1004 796; x_wconf 88' lang='lat' dir='ltr'>rem</span> <span class='ocrx_word' id='word_1_43' title='bbox 1024 770 1124 810; x_wconf 80' lang='lat' dir='ltr'>prae-</span> 
     </span>
    </p>
   </div>
   <div class='ocr_carea' id='block_1_4' title="bbox 10 3817 50 3880">
    <p class='ocr_par' dir='ltr' id='par_1_4' title="bbox 10 3817 61 3880">
     <span class='ocr_line' id='line_1_8' title="bbox 10 3817 50 3880; textangle 90"><span class='ocrx_word' id='word_1_44' title='bbox 10 3827 50 3880; x_wconf 65' lang='lat' dir='ltr'>,w</span> <span class='ocrx_word' id='word_1_45' title='bbox 13 3817 44 3822; x_wconf 91' lang='lat'>.&#39;</span> 
     </span>
    </p>
   </div>
   <div class='ocr_carea' id='block_1_5' title="bbox 89 817 1136 3643">
    <p class='ocr_par' dir='ltr' id='par_1_5' title="bbox 89 817 1123 2105">
     <span class='ocr_line' id='line_1_9' title="bbox 92 817 1122 872; baseline -0.002 -12"><span class='ocrx_word' id='word_1_46' title='bbox 92 825 250 872; x_wconf 84' lang='lat' dir='ltr'>ceptam</span> <span class='ocrx_word' id='word_1_47' title='bbox 282 831 366 858; x_wconf 81' lang='lat' dir='ltr'>esse</span> <span class='ocrx_word' id='word_1_48' title='bbox 395 817 685 870; x_wconf 89' lang='lat' dir='ltr'>impossibilem</span> <span class='ocrx_word' id='word_1_49' title='bbox 703 848 712 863; x_wconf 88' lang='lat'>,</span> <span class='ocrx_word' id='word_1_50' title='bbox 733 819 828 869; x_wconf 86' lang='lat' dir='ltr'>quia</span> <span class='ocrx_word' id='word_1_51' title='bbox 858 823 1015 858; x_wconf 90' lang='lat' dir='ltr'>tentare</span> <span class='ocrx_word' id='word_1_52' title='bbox 1035 830 1122 858; x_wconf 88' lang='lat' dir='ltr'>rem</span> 
     </span>
     <span class='ocr_line' id='line_1_10' title="bbox 91 879 1122 938; baseline -0.002 -18"><span class='ocrx_word' id='word_1_53' title='bbox 91 881 401 933; x_wconf 86' lang='lat' dir='ltr'>impossibilem,</span> <span class='ocrx_word' id='word_1_54' title='bbox 428 879 493 918; x_wconf 84' lang='lat' dir='ltr'>vel</span> <span class='ocrx_word' id='word_1_55' title='bbox 516 880 779 938; x_wconf 55' lang='lat' dir='ltr'>temerarium</span> <span class='ocrx_word' id='word_1_56' title='bbox 816 884 890 927; x_wconf 91' lang='lat' dir='ltr'>est,</span> <span class='ocrx_word' id='word_1_57' title='bbox 921 879 986 918; x_wconf 89' lang='lat' dir='ltr'>vel</span> <span class='ocrx_word' id='word_1_58' title='bbox 1015 883 1122 918; x_wconf 88' lang='lat' dir='ltr'>certe</span> 
     </span>
     <span class='ocr_line' id='line_1_11' title="bbox 91 941 1123 992; baseline 0 -12"><span class='ocrx_word' id='word_1_59' title='bbox 91 954 243 982; x_wconf 87' lang='lat' dir='ltr'>vanum</span> <span class='ocrx_word' id='word_1_60' title='bbox 272 946 312 980; x_wconf 90' lang='lat' dir='ltr'>et</span> <span class='ocrx_word' id='word_1_61' title='bbox 340 941 499 988; x_wconf 90' lang='lat' dir='ltr'>inutile,</span> <span class='ocrx_word' id='word_1_62' title='bbox 532 953 578 979; x_wconf 88' lang='lat' dir='ltr'>ac</span> <span class='ocrx_word' id='word_1_63' title='bbox 603 941 776 992; x_wconf 86' lang='lat' dir='ltr'>proinde</span> <span class='ocrx_word' id='word_1_64' title='bbox 806 941 1011 979; x_wconf 91' lang='lat' dir='ltr'>illicitum.</span> <span class='ocrx_word' id='word_1_65' title='bbox 1037 941 1123 988; x_wconf 86' lang='lat' dir='ltr'>Qua</span> 
     </span>
     <span class='ocr_line' id='line_1_12' title="bbox 90 1002 1122 1053; baseline -0.002 -10"><span class='ocrx_word' id='word_1_66' title='bbox 90 1004 248 1044; x_wconf 82' lang='lat' dir='ltr'>ratione</span> <span class='ocrx_word' id='word_1_67' title='bbox 269 1004 393 1042; x_wconf 77' lang='lat' dir='ltr'>etiam</span> <span class='ocrx_word' id='word_1_68' title='bbox 421 1002 580 1041; x_wconf 82' lang='lat' dir='ltr'>inutilis</span> <span class='ocrx_word' id='word_1_69' title='bbox 614 1007 782 1053; x_wconf 84' lang='lat' dir='ltr'>apparet</span> <span class='ocrx_word' id='word_1_70' title='bbox 801 1002 1033 1041; x_wconf 87' lang='lat' dir='ltr'>obedientia</span> <span class='ocrx_word' id='word_1_71' title='bbox 1052 1002 1122 1041; x_wconf 76' lang='lat' dir='ltr'>illa</span> 
     </span>
     <span class='ocr_line' id='line_1_13' title="bbox 90 1065 1119 1118; baseline -0.004 -12"><span class='ocrx_word' id='word_1_72' title='bbox 90 1066 287 1117; x_wconf 84' lang='lat' dir='ltr'>irrigandi</span> <span class='ocrx_word' id='word_1_73' title='bbox 306 1079 378 1118; x_wconf 89' lang='lat' dir='ltr'>per</span> <span class='ocrx_word' id='word_1_74' title='bbox 399 1066 570 1104; x_wconf 87' lang='lat' dir='ltr'>multum</span> <span class='ocrx_word' id='word_1_75' title='bbox 585 1070 745 1116; x_wconf 87' lang='lat' dir='ltr'>tempus</span> <span class='ocrx_word' id='word_1_76' title='bbox 763 1065 922 1115; x_wconf 80' lang='lat' dir='ltr'>lignum</span> <span class='ocrx_word' id='word_1_77' title='bbox 943 1065 1119 1114; x_wconf 89' lang='lat' dir='ltr'>aridum,</span> 
     </span>
     <span class='ocr_line' id='line_1_14' title="bbox 90 1126 1122 1180; baseline -0.003 -12"><span class='ocrx_word' id='word_1_78' title='bbox 90 1140 215 1180; x_wconf 89' lang='lat' dir='ltr'>quam</span> <span class='ocrx_word' id='word_1_79' title='bbox 236 1129 285 1167; x_wconf 90' lang='lat' dir='ltr'>de</span> <span class='ocrx_word' id='word_1_80' title='bbox 307 1129 464 1168; x_wconf 86' lang='lat' dir='ltr'>Joanne</span> <span class='ocrx_word' id='word_1_81' title='bbox 483 1126 681 1165; x_wconf 88' lang='lat' dir='ltr'>monacho</span> <span class='ocrx_word' id='word_1_82' title='bbox 697 1139 818 1177; x_wconf 80' lang='lat' dir='ltr'>supra</span> <span class='ocrx_word' id='word_1_83' title='bbox 837 1127 1052 1165; x_wconf 81' lang='lat' dir='ltr'><strong>retulimus</strong></span> <span class='ocrx_word' id='word_1_84' title='bbox 1072 1138 1122 1165; x_wconf 85' lang='lat' dir='ltr'>ex</span> 
     </span>
     <span class='ocr_line' id='line_1_15' title="bbox 91 1188 1122 1239; baseline -0.003 -10"><span class='ocrx_word' id='word_1_85' title='bbox 91 1190 296 1239; x_wconf 74' lang='lat' dir='ltr'>Cassiano,</span> <span class='ocrx_word' id='word_1_86' title='bbox 318 1190 390 1228; x_wconf 91' lang='lat' dir='ltr'>lib.</span> <span class='ocrx_word' id='word_1_87' title='bbox 413 1191 453 1236; x_wconf 82' lang='lat'>4,</span> <span class='ocrx_word' id='word_1_88' title='bbox 475 1201 562 1238; x_wconf 85' lang='lat' dir='ltr'>cap.</span> <span class='ocrx_word' id='word_1_89' title='bbox 584 1188 783 1237; x_wconf 83' lang='lat' dir='ltr'>vigesimo</span> <span class='ocrx_word' id='word_1_90' title='bbox 815 1192 973 1237; x_wconf 86' lang='lat' dir='ltr'>quarto.</span> <span class='ocrx_word' id='word_1_91' title='bbox 1001 1188 1122 1238; x_wconf 86' lang='lat' dir='ltr'>Cujus</span> 
     </span>
     <span class='ocr_line' id='line_1_16' title="bbox 91 1249 1122 1299; baseline -0.002 -8"><span class='ocrx_word' id='word_1_92' title='bbox 91 1253 215 1292; x_wconf 89' lang='lat' dir='ltr'>etiam</span> <span class='ocrx_word' id='word_1_93' title='bbox 233 1251 368 1290; x_wconf 81' lang='lat' dir='ltr'>Sancti</span> <span class='ocrx_word' id='word_1_94' title='bbox 384 1250 570 1288; x_wconf 85' lang='lat' dir='ltr'>meminit</span> <span class='ocrx_word' id='word_1_95' title='bbox 584 1249 849 1299; x_wconf 74' lang='lat' dir='ltr'>Augustinus,</span> <span class='ocrx_word' id='word_1_96' title='bbox 866 1249 936 1287; x_wconf 87' lang='lat' dir='ltr'>hb.</span> <span class='ocrx_word' id='word_1_97' title='bbox 955 1251 1004 1287; x_wconf 89' lang='lat' dir='ltr'>de</span> <span class='ocrx_word' id='word_1_98' title='bbox 1019 1251 1122 1289; x_wconf 86' lang='lat' dir='ltr'>Cura</span> 
     </span>
     <span class='ocr_line' id='line_1_17' title="bbox 91 1311 1121 1365; baseline -0.002 -13"><span class='ocrx_word' id='word_1_99' title='bbox 91 1325 165 1365; x_wconf 88' lang='lat' dir='ltr'>pro</span> <span class='ocrx_word' id='word_1_100' title='bbox 185 1313 354 1351; x_wconf 85' lang='lat' dir='ltr'>mortuis</span> <span class='ocrx_word' id='word_1_101' title='bbox 373 1311 552 1362; x_wconf 85' lang='lat' dir='ltr'>agenda,</span> <span class='ocrx_word' id='word_1_102' title='bbox 574 1323 663 1362; x_wconf 86' lang='lat' dir='ltr'>cap.</span> <span class='ocrx_word' id='word_1_103' title='bbox 687 1311 844 1349; x_wconf 88' lang='lat' dir='ltr'>decimo</span> <span class='ocrx_word' id='word_1_104' title='bbox 864 1312 1050 1361; x_wconf 83' lang='lat' dir='ltr'>septimo.</span> <span class='ocrx_word' id='word_1_105' title='bbox 1074 1313 1121 1350; x_wconf 89' lang='lat' dir='ltr'>Et</span> 
     </span>
     <span class='ocr_line' id='line_1_18' title="bbox 89 1372 1123 1423; baseline -0.001 -11"><span class='ocrx_word' id='word_1_106' title='bbox 89 1374 201 1413; x_wconf 89' lang='lat' dir='ltr'>aliud</span> <span class='ocrx_word' id='word_1_107' title='bbox 221 1374 352 1412; x_wconf 90' lang='lat' dir='ltr'>simile</span> <span class='ocrx_word' id='word_1_108' title='bbox 380 1372 612 1423; x_wconf 82' lang='lat' dir='ltr'>exemplum</span> <span class='ocrx_word' id='word_1_109' title='bbox 641 1372 762 1410; x_wconf 87' lang='lat' dir='ltr'>refert</span> <span class='ocrx_word' id='word_1_110' title='bbox 789 1373 960 1411; x_wconf 86' lang='lat' dir='ltr'>Severus</span> <span class='ocrx_word' id='word_1_111' title='bbox 989 1373 1123 1423; x_wconf 85' lang='lat' dir='ltr'>Sulpi—</span> 
     </span>
     <span class='ocr_line' id='line_1_19' title="bbox 89 1434 1116 1485; baseline -0.001 -11"><span class='ocrx_word' id='word_1_112' title='bbox 89 1436 184 1483; x_wconf 85' lang='lat' dir='ltr'>tius,</span> <span class='ocrx_word' id='word_1_113' title='bbox 221 1437 264 1474; x_wconf 92' lang='lat' dir='ltr'>in</span> <span class='ocrx_word' id='word_1_114' title='bbox 298 1435 463 1485; x_wconf 78' lang='lat' dir='ltr'>Dialogo</span> <span class='ocrx_word' id='word_1_115' title='bbox 498 1434 548 1472; x_wconf 91' lang='lat' dir='ltr'>de</span> <span class='ocrx_word' id='word_1_116' title='bbox 585 1434 855 1473; x_wconf 80' lang='lat' dir='ltr'>Orientalibus</span> <span class='ocrx_word' id='word_1_117' title='bbox 891 1435 1116 1474; x_wconf 85' lang='lat' dir='ltr'>monachis.</span> 
     </span>
     <span class='ocr_line' id='line_1_20' title="bbox 89 1495 1121 1548; baseline -0.003 -11"><span class='ocrx_word' id='word_1_118' title='bbox 89 1495 272 1548; x_wconf 87' lang='lat' dir='ltr'>Denique</span> <span class='ocrx_word' id='word_1_119' title='bbox 292 1497 326 1547; x_wconf 87' lang='lat' dir='ltr'>ej</span> <span class='ocrx_word' id='word_1_120' title='bbox 335 1497 474 1535; x_wconf 89' lang='lat' dir='ltr'>usdem</span> <span class='ocrx_word' id='word_1_121' title='bbox 492 1495 741 1534; x_wconf 85' lang='lat' dir='ltr'>difficultatis</span> <span class='ocrx_word' id='word_1_122' title='bbox 759 1500 832 1543; x_wconf 77' lang='lat' dir='ltr'>est,</span> <span class='ocrx_word' id='word_1_123' title='bbox 851 1497 957 1547; x_wconf 86' lang='lat' dir='ltr'>quod.</span> <span class='ocrx_word' id='word_1_124' title='bbox 979 1497 1019 1534; x_wconf 90' lang='lat' dir='ltr'>in</span> <span class='ocrx_word' id='word_1_125' title='bbox 1039 1498 1121 1534; x_wconf 87' lang='lat' dir='ltr'>vita</span> 
     </span>
     <span class='ocr_line' id='line_1_21' title="bbox 90 1557 1119 1604; baseline -0.003 -6"><span class='ocrx_word' id='word_1_126' title='bbox 90 1558 131 1598; x_wconf 90' lang='lat' dir='ltr'>S.</span> <span class='ocrx_word' id='word_1_127' title='bbox 151 1559 319 1599; x_wconf 88' lang='lat' dir='ltr'>Joannis</span> <span class='ocrx_word' id='word_1_128' title='bbox 338 1558 576 1597; x_wconf 87' lang='lat' dir='ltr'>Damasceni</span> <span class='ocrx_word' id='word_1_129' title='bbox 592 1557 716 1596; x_wconf 82' lang='lat' dir='ltr'><strong>refert</strong></span> <span class='ocrx_word' id='word_1_130' title='bbox 733 1557 925 1604; x_wconf 86' lang='lat' dir='ltr'>Joannes,</span> <span class='ocrx_word' id='word_1_131' title='bbox 945 1558 1119 1596; x_wconf 86' lang='lat' dir='ltr'>Patriar-</span> 
     </span>
     <span class='ocr_line' id='line_1_22' title="bbox 90 1619 1120 1671; baseline -0.002 -11"><span class='ocrx_word' id='word_1_132' title='bbox 90 1619 165 1660; x_wconf 81' lang='lat' dir='ltr'>cha</span> <span class='ocrx_word' id='word_1_133' title='bbox 195 1620 603 1671; x_wconf 83' lang='lat' dir='ltr'>Hierosolymitanus‚</span> <span class='ocrx_word' id='word_1_134' title='bbox 636 1620 743 1670; x_wconf 82' lang='lat' dir='ltr'>apud</span> <span class='ocrx_word' id='word_1_135' title='bbox 776 1620 956 1663; x_wconf 80' lang='lat' dir='ltr'>Surium,</span> <span class='ocrx_word' id='word_1_136' title='bbox 992 1620 1017 1657; x_wconf 86' lang='grc'>6</span> <span class='ocrx_word' id='word_1_137' title='bbox 1055 1619 1120 1658; x_wconf 86' lang='lat' dir='ltr'>die</span> 
     </span>
     <span class='ocr_line' id='line_1_23' title="bbox 91 1680 1122 1729; baseline -0.002 -8"><span class='ocrx_word' id='word_1_138' title='bbox 91 1681 203 1729; x_wconf 86' lang='lat' dir='ltr'>Maii,</span> <span class='ocrx_word' id='word_1_139' title='bbox 220 1687 320 1719; x_wconf 90' lang='lat' dir='ltr'>tom.</span> <span class='ocrx_word' id='word_1_140' title='bbox 342 1684 379 1727; x_wconf 83' lang='lat'>3,</span> <span class='ocrx_word' id='word_1_141' title='bbox 395 1682 529 1729; x_wconf 87' lang='lat' dir='ltr'>illum,</span> <span class='ocrx_word' id='word_1_142' title='bbox 544 1681 743 1726; x_wconf 90' lang='lat' dir='ltr'>videlicet,</span> <span class='ocrx_word' id='word_1_143' title='bbox 766 1681 935 1718; x_wconf 84' lang='lat' dir='ltr'>missum</span> <span class='ocrx_word' id='word_1_144' title='bbox 955 1680 1079 1718; x_wconf 78' lang='lat' dir='ltr'>fuisse</span> <span class='ocrx_word' id='word_1_145' title='bbox 1098 1692 1122 1719; x_wconf 89' lang='lat' dir='ltr'>a</span> 
     </span>
     <span class='ocr_line' id='line_1_24' title="bbox 91 1742 1120 1794; baseline -0.001 -11"><span class='ocrx_word' id='word_1_146' title='bbox 91 1756 165 1783; x_wconf 81' lang='lat' dir='ltr'>suo</span> <span class='ocrx_word' id='word_1_147' title='bbox 180 1746 388 1794; x_wconf 80' lang='lat' dir='ltr'>magistro,</span> <span class='ocrx_word' id='word_1_148' title='bbox 404 1743 453 1781; x_wconf 88' lang='lat' dir='ltr'>ad</span> <span class='ocrx_word' id='word_1_149' title='bbox 475 1742 704 1781; x_wconf 83' lang='lat' dir='ltr'>vendendas</span> <span class='ocrx_word' id='word_1_150' title='bbox 721 1749 875 1793; x_wconf 87' lang='lat' dir='ltr'>sportas</span> <span class='ocrx_word' id='word_1_151' title='bbox 895 1742 1018 1792; x_wconf 83' lang='lat' dir='ltr'>duplo</span> <span class='ocrx_word' id='word_1_152' title='bbox 1034 1755 1120 1782; x_wconf 85' lang='lat' dir='ltr'>ma·</span> 
     </span>
     <span class='ocr_line' id='line_1_25' title="bbox 91 1803 1123 1857; baseline -0.001 -13"><span class='ocrx_word' id='word_1_153' title='bbox 91 1805 170 1856; x_wconf 82' lang='lat' dir='ltr'>jori</span> <span class='ocrx_word' id='word_1_154' title='bbox 187 1807 317 1857; x_wconf 87' lang='lat' dir='ltr'>pretio</span> <span class='ocrx_word' id='word_1_155' title='bbox 333 1817 453 1856; x_wconf 83' lang='lat' dir='ltr'>quam</span> <span class='ocrx_word' id='word_1_156' title='bbox 469 1817 542 1856; x_wconf 89' lang='lat' dir='ltr'>par</span> <span class='ocrx_word' id='word_1_157' title='bbox 558 1808 646 1843; x_wconf 87' lang='lat' dir='ltr'>erat</span> <span class='ocrx_word' id='word_1_158' title='bbox 663 1815 673 1843; x_wconf 76' lang='lat' dir='ltr'><strong><em>z</em></strong></span> <span class='ocrx_word' id='word_1_159' title='bbox 691 1803 766 1844; x_wconf 80' lang='lat' dir='ltr'>Cui</span> <span class='ocrx_word' id='word_1_160' title='bbox 781 1805 944 1854; x_wconf 71' lang='lat' dir='ltr'>imperio</span> <span class='ocrx_word' id='word_1_161' title='bbox 961 1804 1123 1854; x_wconf 77' lang='lat' dir='ltr'>(dicitur</span> 
     </span>
     <span class='ocr_line' id='line_1_26' title="bbox 91 1867 1120 1918; baseline 0 -12"><span class='ocrx_word' id='word_1_162' title='bbox 91 1867 168 1917; x_wconf 74' lang='lat' dir='ltr'>ibi)</span> <span class='ocrx_word' id='word_1_163' title='bbox 189 1869 347 1907; x_wconf 77' lang='lat' dir='ltr'>minime</span> <span class='ocrx_word' id='word_1_164' title='bbox 369 1869 603 1906; x_wconf 71' lang='lat' dir='ltr'>adversatus</span> <span class='ocrx_word' id='word_1_165' title='bbox 619 1870 688 1912; x_wconf 78' lang='lat' dir='ltr'>est,</span> <span class='ocrx_word' id='word_1_166' title='bbox 706 1878 773 1905; x_wconf 75' lang='lat' dir='ltr'>neo</span> <span class='ocrx_word' id='word_1_167' title='bbox 789 1867 1025 1918; x_wconf 64' lang='lat' dir='ltr'>imperandis</span> <span class='ocrx_word' id='word_1_168' title='bbox 1043 1878 1120 1906; x_wconf 80' lang='lat' dir='ltr'>ser-</span> 
     </span>
     <span class='ocr_line' id='line_1_27' title="bbox 91 1928 1123 1980; baseline -0.001 -12"><span class='ocrx_word' id='word_1_169' title='bbox 91 1939 235 1968; x_wconf 74' lang='lat' dir='ltr'>monem</span> <span class='ocrx_word' id='word_1_170' title='bbox 259 1930 335 1969; x_wconf 71' lang='lat' dir='ltr'>sibi</span> <span class='ocrx_word' id='word_1_171' title='bbox 364 1929 650 1968; x_wconf 63' lang='lat' dir='ltr'>discutiendum</span> <span class='ocrx_word' id='word_1_172' title='bbox 676 1932 712 1967; x_wconf 86' lang='lat' dir='ltr'>et</span> <span class='ocrx_word' id='word_1_173' title='bbox 734 1928 1016 1977; x_wconf 71' lang='lat' dir='ltr'>explorandum</span> <span class='ocrx_word' id='word_1_174' title='bbox 1045 1941 1123 1980; x_wconf 77' lang='lat' dir='ltr'>pu-</span> 
     </span>
     <span class='ocr_line' id='line_1_28' title="bbox 91 1990 1122 2042; baseline -0.003 -11"><span class='ocrx_word' id='word_1_175' title='bbox 91 1990 189 2031; x_wconf 72' lang='lat' dir='ltr'>tavit</span> <span class='ocrx_word' id='word_1_176' title='bbox 206 1991 273 2030; x_wconf 69' lang='lat' dir='ltr'>ille</span> <span class='ocrx_word' id='word_1_177' title='bbox 293 1992 345 2030; x_wconf 80' lang='lat' dir='ltr'>ad</span> <span class='ocrx_word' id='word_1_178' title='bbox 365 1994 524 2029; x_wconf 73' lang='lat' dir='ltr'>mortem</span> <span class='ocrx_word' id='word_1_179' title='bbox 544 2002 664 2042; x_wconf 72' lang='lat' dir='ltr'>usque</span> <span class='ocrx_word' id='word_1_180' title='bbox 684 1990 873 2029; x_wconf 61' lang='lat' dir='ltr'>obediens.</span> <span class='ocrx_word' id='word_1_181' title='bbox 896 1991 945 2028; x_wconf 90' lang='lat' dir='ltr'>At</span> <span class='ocrx_word' id='word_1_182' title='bbox 964 1993 1122 2028; x_wconf 87' lang='lat' dir='ltr'>constat</span> 
     </span>
     <span class='ocr_line' id='line_1_29' title="bbox 90 2051 1038 2105; baseline -0.001 -13"><span class='ocrx_word' id='word_1_183' title='bbox 90 2058 333 2105; x_wconf 75' lang='lat' dir='ltr'>pra-:ceptum</span> <span class='ocrx_word' id='word_1_184' title='bbox 351 2052 452 2091; x_wconf 87' lang='lat' dir='ltr'>illud</span> <span class='ocrx_word' id='word_1_185' title='bbox 475 2053 594 2090; x_wconf 88' lang='lat' dir='ltr'>fuisse</span> <span class='ocrx_word' id='word_1_186' title='bbox 615 2052 663 2090; x_wconf 87' lang='lat' dir='ltr'>de</span> <span class='ocrx_word' id='word_1_187' title='bbox 686 2064 727 2090; x_wconf 88' lang='lat' dir='ltr'>re</span> <span class='ocrx_word' id='word_1_188' title='bbox 747 2052 851 2090; x_wconf 87' lang='lat' dir='ltr'>clare</span> <span class='ocrx_word' id='word_1_189' title='bbox 871 2051 1038 2101; x_wconf 86' lang='lat' dir='ltr'>injusta.</span> 
     </span>
    </p>

    <p class='ocr_par' dir='ltr' id='par_1_6' title="bbox 90 2113 1136 3579">
     <span class='ocr_line' id='line_1_30' title="bbox 144 2113 1122 2165; baseline -0.002 -11"><span class='ocrx_word' id='word_1_190' title='bbox 144 2115 209 2154; x_wconf 86' lang='lat'>33.</span> <span class='ocrx_word' id='word_1_191' title='bbox 243 2115 411 2163; x_wconf 72' lang='lat' dir='ltr'>Satisfic</span> <span class='ocrx_word' id='word_1_192' title='bbox 429 2126 553 2164; x_wconf 74' lang='lat' dir='ltr'>supra</span> <span class='ocrx_word' id='word_1_193' title='bbox 570 2113 711 2165; x_wconf 57' lang='lat' dir='ltr'>positis</span> <span class='ocrx_word' id='word_1_194' title='bbox 732 2113 932 2163; x_wconf 72' lang='lat' dir='ltr'>eoeemplis.</span> <span class='ocrx_word' id='word_1_195' title='bbox 963 2134 1016 2142; x_wconf 93' lang='lat'><strong>—</strong></span> <span class='ocrx_word' id='word_1_196' title='bbox 1045 2114 1122 2152; x_wconf 84' lang='lat' dir='ltr'>Re-</span> 
     </span>
     <span class='ocr_line' id='line_1_31' title="bbox 90 2174 1121 2228; baseline -0.003 -12"><span class='ocrx_word' id='word_1_197' title='bbox 90 2177 349 2228; x_wconf 79' lang='lat' dir='ltr'>spondemus,</span> <span class='ocrx_word' id='word_1_198' title='bbox 373 2176 415 2214; x_wconf 82' lang='lat' dir='ltr'>in</span> <span class='ocrx_word' id='word_1_199' title='bbox 436 2176 498 2214; x_wconf 88' lang='lat' dir='ltr'>his</span> <span class='ocrx_word' id='word_1_200' title='bbox 518 2180 558 2214; x_wconf 91' lang='lat' dir='ltr'>et</span> <span class='ocrx_word' id='word_1_201' title='bbox 584 2174 783 2214; x_wconf 81' lang='lat' dir='ltr'>similibus</span> <span class='ocrx_word' id='word_1_202' title='bbox 811 2175 1021 2225; x_wconf 74' lang='lat' dir='ltr'>exemplis.</span> <span class='ocrx_word' id='word_1_203' title='bbox 1041 2176 1121 2213; x_wconf 85' lang='lat' dir='ltr'>duo</span> 
     </span>
     <span class='ocr_line' id='line_1_32' title="bbox 93 2236 1122 2287; baseline -0.002 -10"><span class='ocrx_word' id='word_1_204' title='bbox 93 2250 178 2278; x_wconf 86' lang='lat' dir='ltr'>esse</span> <span class='ocrx_word' id='word_1_205' title='bbox 197 2238 508 2287; x_wconf 83' lang='lat' dir='ltr'>distinguenda:</span> <span class='ocrx_word' id='word_1_206' title='bbox 529 2249 658 2276; x_wconf 90' lang='lat' dir='ltr'>unum</span> <span class='ocrx_word' id='word_1_207' title='bbox 679 2242 738 2275; x_wconf 80' lang='lat' dir='ltr'>est</span> <span class='ocrx_word' id='word_1_208' title='bbox 767 2236 858 2275; x_wconf 86' lang='lat' dir='ltr'>finis</span> <span class='ocrx_word' id='word_1_209' title='bbox 890 2237 942 2275; x_wconf 83' lang='lat' dir='ltr'>ab</span> <span class='ocrx_word' id='word_1_210' title='bbox 969 2237 1122 2287; x_wconf 83' lang='lat' dir='ltr'>Spiritu</span> 
     </span>
     <span class='ocr_line' id='line_1_33' title="bbox 95 2299 1120 2349; baseline -0.002 -10"><span class='ocrx_word' id='word_1_211' title='bbox 95 2299 241 2340; x_wconf 87' lang='lat' dir='ltr'>Sancto</span> <span class='ocrx_word' id='word_1_212' title='bbox 261 2299 464 2346; x_wconf 81' lang='lat' dir='ltr'>intentus;</span> <span class='ocrx_word' id='word_1_213' title='bbox 485 2299 594 2337; x_wconf 81' lang='lat' dir='ltr'>aliud</span> <span class='ocrx_word' id='word_1_214' title='bbox 614 2303 673 2337; x_wconf 85' lang='lat' dir='ltr'>est</span> <span class='ocrx_word' id='word_1_215' title='bbox 690 2299 793 2336; x_wconf 85' lang='lat' dir='ltr'>actio</span> <span class='ocrx_word' id='word_1_216' title='bbox 813 2299 914 2349; x_wconf 87' lang='lat' dir='ltr'>ipsa,</span> <span class='ocrx_word' id='word_1_217' title='bbox 944 2310 1016 2336; x_wconf 86' lang='lat' dir='ltr'>seu</span> <span class='ocrx_word' id='word_1_218' title='bbox 1038 2310 1120 2337; x_wconf 74' lang='lat' dir='ltr'>ma-</span> 
     </span>
     <span class='ocr_line' id='line_1_34' title="bbox 96 2360 1122 2411; baseline -0.003 -10"><span class='ocrx_word' id='word_1_219' title='bbox 96 2362 198 2401; x_wconf 76' lang='lat' dir='ltr'>teria</span> <span class='ocrx_word' id='word_1_220' title='bbox 221 2391 230 2407; x_wconf 93' lang='lat'>,</span> <span class='ocrx_word' id='word_1_221' title='bbox 268 2373 358 2411; x_wconf 86' lang='lat' dir='ltr'>quae</span> <span class='ocrx_word' id='word_1_222' title='bbox 402 2361 649 2411; x_wconf 63' lang='lat' dir='ltr'>praecipitur.</span> <span class='ocrx_word' id='word_1_223' title='bbox 687 2360 853 2407; x_wconf 85' lang='lat' dir='ltr'>Quando</span> <span class='ocrx_word' id='word_1_224' title='bbox 900 2372 997 2410; x_wconf 82' lang='lat' dir='ltr'>ergo</span> <span class='ocrx_word' id='word_1_225' title='bbox 1034 2360 1122 2398; x_wconf 81' lang='lat' dir='ltr'>haec</span> 
     </span>
     <span class='ocr_line' id='line_1_35' title="bbox 97 2421 1123 2473; baseline -0.002 -11"><span class='ocrx_word' id='word_1_226' title='bbox 97 2422 284 2472; x_wconf 85' lang='lat' dir='ltr'>exempla</span> <span class='ocrx_word' id='word_1_227' title='bbox 306 2421 420 2460; x_wconf 86' lang='lat' dir='ltr'>nobis</span> <span class='ocrx_word' id='word_1_228' title='bbox 442 2426 742 2473; x_wconf 79' lang='lat' dir='ltr'>proponuntur.</span> <span class='ocrx_word' id='word_1_229' title='bbox 763 2421 893 2459; x_wconf 90' lang='lat' dir='ltr'>solum</span> <span class='ocrx_word' id='word_1_230' title='bbox 908 2427 967 2460; x_wconf 86' lang='lat' dir='ltr'>est</span> <span class='ocrx_word' id='word_1_231' title='bbox 989 2427 1032 2459; x_wconf 91' lang='lat' dir='ltr'>ut</span> <span class='ocrx_word' id='word_1_232' title='bbox 1054 2434 1123 2472; x_wconf 86' lang='lat' dir='ltr'>per</span> 
     </span>
     <span class='ocr_line' id='line_1_36' title="bbox 95 2482 1122 2534; baseline -0.004 -10"><span class='ocrx_word' id='word_1_233' title='bbox 95 2495 144 2525; x_wconf 86' lang='lat' dir='ltr'>ea</span> <span class='ocrx_word' id='word_1_234' title='bbox 158 2483 451 2534; x_wconf 77' lang='lat' dir='ltr'>intelligamus,</span> <span class='ocrx_word' id='word_1_235' title='bbox 468 2487 666 2533; x_wconf 87' lang='lat' dir='ltr'>quantum</span> <span class='ocrx_word' id='word_1_236' title='bbox 676 2483 755 2520; x_wconf 88' lang='lat' dir='ltr'>Deo</span> <span class='ocrx_word' id='word_1_237' title='bbox 765 2482 919 2532; x_wconf 86' lang='lat' dir='ltr'>placeat</span> <span class='ocrx_word' id='word_1_238' title='bbox 931 2483 1031 2521; x_wconf 86' lang='lat' dir='ltr'>obed</span> <span class='ocrx_word' id='word_1_239' title='bbox 1039 2484 1122 2522; x_wconf 86' lang='lat' dir='ltr'>ien-</span> 
     </span>
     <span class='ocr_line' id='line_1_37' title="bbox 97 2543 1122 2594; baseline -0.003 -9"><span class='ocrx_word' id='word_1_240' title='bbox 97 2545 162 2585; x_wconf 74' lang='lat' dir='ltr'>tiae</span> <span class='ocrx_word' id='word_1_241' title='bbox 187 2546 317 2583; x_wconf 88' lang='lat' dir='ltr'>virtus</span> <span class='ocrx_word' id='word_1_242' title='bbox 349 2549 388 2583; x_wconf 89' lang='lat' dir='ltr'>et</span> <span class='ocrx_word' id='word_1_243' title='bbox 417 2543 664 2594; x_wconf 82' lang='lat' dir='ltr'>simplicitas.</span> <span class='ocrx_word' id='word_1_244' title='bbox 696 2544 769 2581; x_wconf 88' lang='lat' dir='ltr'>Hic</span> <span class='ocrx_word' id='word_1_245' title='bbox 795 2544 906 2582; x_wconf 87' lang='lat' dir='ltr'>enim</span> <span class='ocrx_word' id='word_1_246' title='bbox 932 2543 1010 2581; x_wconf 77' lang='lat' dir='ltr'>ruit</span> <span class='ocrx_word' id='word_1_247' title='bbox 1029 2543 1122 2582; x_wconf 88' lang='lat' dir='ltr'>finis</span> 
     </span>
     <span class='ocr_line' id='line_1_38' title="bbox 95 2605 1122 2657; baseline -0.002 -11"><span class='ocrx_word' id='word_1_248' title='bbox 95 2605 147 2646; x_wconf 83' lang='lat' dir='ltr'>ab</span> <span class='ocrx_word' id='word_1_249' title='bbox 166 2606 320 2657; x_wconf 81' lang='lat' dir='ltr'>Spiritu</span> <span class='ocrx_word' id='word_1_250' title='bbox 340 2606 489 2644; x_wconf 81' lang='lat' dir='ltr'>Sancto</span> <span class='ocrx_word' id='word_1_251' title='bbox 503 2606 700 2651; x_wconf 86' lang='lat' dir='ltr'>intentus,</span> <span class='ocrx_word' id='word_1_252' title='bbox 717 2609 757 2643; x_wconf 89' lang='lat' dir='ltr'>et</span> <span class='ocrx_word' id='word_1_253' title='bbox 774 2605 826 2642; x_wconf 91' lang='lat' dir='ltr'>ob</span> <span class='ocrx_word' id='word_1_254' title='bbox 845 2617 934 2644; x_wconf 84' lang='lat' dir='ltr'>eam</span> <span class='ocrx_word' id='word_1_255' title='bbox 956 2616 1122 2644; x_wconf 85' lang='lat' dir='ltr'>causam</span> 
     </span>
     <span class='ocr_line' id='line_1_39' title="bbox 95 2666 1125 2716; baseline -0.005 -7"><span class='ocrx_word' id='word_1_256' title='bbox 95 2667 178 2709; x_wconf 78' lang='lat' dir='ltr'>fere</span> <span class='ocrx_word' id='word_1_257' title='bbox 205 2669 247 2706; x_wconf 87' lang='lat' dir='ltr'>in</span> <span class='ocrx_word' id='word_1_258' title='bbox 271 2667 461 2706; x_wconf 85' lang='lat' dir='ltr'>omnibus</span> <span class='ocrx_word' id='word_1_259' title='bbox 482 2667 664 2705; x_wconf 80' lang='lat' dir='ltr'>adductis</span> <span class='ocrx_word' id='word_1_260' title='bbox 690 2666 902 2716; x_wconf 82' lang='lat' dir='ltr'>exemplis,</span> <span class='ocrx_word' id='word_1_261' title='bbox 932 2667 973 2704; x_wconf 86' lang='lat' dir='ltr'>id</span> <span class='ocrx_word' id='word_1_262' title='bbox 998 2667 1125 2705; x_wconf 88' lang='lat' dir='ltr'>mira-</span> 
     </span>
     <span class='ocr_line' id='line_1_40' title="bbox 93 2727 1125 2770; baseline -0.003 -1"><span class='ocrx_word' id='word_1_263' title='bbox 93 2728 186 2770; x_wconf 76' lang='lat' dir='ltr'>culo</span> <span class='ocrx_word' id='word_1_264' title='bbox 203 2728 473 2767; x_wconf 82' lang='lat' dir='ltr'>confirmavit.</span> <span class='ocrx_word' id='word_1_265' title='bbox 493 2727 764 2766; x_wconf 85' lang='lat' dir='ltr'>Nihilominus</span> <span class='ocrx_word' id='word_1_266' title='bbox 779 2731 917 2765; x_wconf 86' lang='lat' dir='ltr'>tamen</span> <span class='ocrx_word' id='word_1_267' title='bbox 937 2739 1018 2765; x_wconf 88' lang='lat' dir='ltr'>non</span> <span class='ocrx_word' id='word_1_268' title='bbox 1041 2727 1125 2766; x_wconf 87' lang='lat' dir='ltr'>haec</span> 
     </span>
     <span class='ocr_line' id='line_1_41' title="bbox 95 2788 1123 2841; baseline -0.005 -10"><span class='ocrx_word' id='word_1_269' title='bbox 95 2790 210 2831; x_wconf 77' lang='lat' dir='ltr'>nohis</span> <span class='ocrx_word' id='word_1_270' title='bbox 238 2793 522 2841; x_wconf 77' lang='lat' dir='ltr'>proponuntur</span> <span class='ocrx_word' id='word_1_271' title='bbox 540 2793 586 2827; x_wconf 94' lang='lat' dir='ltr'>ut</span> <span class='ocrx_word' id='word_1_272' title='bbox 608 2788 807 2827; x_wconf 83' lang='lat' dir='ltr'>imitanda</span> <span class='ocrx_word' id='word_1_273' title='bbox 827 2789 960 2838; x_wconf 84' lang='lat' dir='ltr'>quoad</span> <span class='ocrx_word' id='word_1_274' title='bbox 982 2800 1123 2826; x_wconf 88' lang='lat' dir='ltr'>omnes</span> 
     </span>
     <span class='ocr_line' id='line_1_42' title="bbox 95 2850 1122 2905; baseline -0.003 -14"><span class='ocrx_word' id='word_1_275' title='bbox 95 2852 358 2905; x_wconf 73' lang='lat' dir='ltr'>particulares</span> <span class='ocrx_word' id='word_1_276' title='bbox 374 2851 697 2890; x_wconf 74' lang='lat' dir='ltr'>circumstantias</span> <span class='ocrx_word' id='word_1_277' title='bbox 716 2862 856 2888; x_wconf 88' lang='lat' dir='ltr'>eorum</span> <span class='ocrx_word' id='word_1_278' title='bbox 870 2879 882 2897; x_wconf 88' lang='lat'>,</span> <span class='ocrx_word' id='word_1_279' title='bbox 904 2851 972 2889; x_wconf 89' lang='lat' dir='ltr'>sed</span> <span class='ocrx_word' id='word_1_280' title='bbox 993 2850 1122 2888; x_wconf 90' lang='lat' dir='ltr'>solum</span> 
     </span>
     <span class='ocr_line' id='line_1_43' title="bbox 95 2911 1123 2967; baseline -0.003 -13"><span class='ocrx_word' id='word_1_281' title='bbox 95 2914 228 2967; x_wconf 76' lang='lat' dir='ltr'>quoad</span> <span class='ocrx_word' id='word_1_282' title='bbox 259 2913 545 2965; x_wconf 72' lang='lat' dir='ltr'>perfectionem</span> <span class='ocrx_word' id='word_1_283' title='bbox 578 2917 618 2951; x_wconf 87' lang='lat' dir='ltr'>et</span> <span class='ocrx_word' id='word_1_284' title='bbox 647 2911 946 2962; x_wconf 84' lang='lat' dir='ltr'>simplicitatem</span> <span class='ocrx_word' id='word_1_285' title='bbox 962 2942 975 2961; x_wconf 88' lang='lat'>,</span> <span class='ocrx_word' id='word_1_286' title='bbox 1005 2915 1123 2962; x_wconf 79' lang='lat' dir='ltr'>Juxta</span> 
     </span>
     <span class='ocr_line' id='line_1_44' title="bbox 96 2973 1122 3024; baseline -0.003 -7"><span class='ocrx_word' id='word_1_287' title='bbox 96 2988 333 3018; x_wconf 76' lang='lat' dir='ltr'>communes</span> <span class='ocrx_word' id='word_1_288' title='bbox 358 2982 398 3014; x_wconf 85' lang='lat' dir='ltr'>et</span> <span class='ocrx_word' id='word_1_289' title='bbox 421 2975 648 3013; x_wconf 88' lang='lat' dir='ltr'>ordinarias</span> <span class='ocrx_word' id='word_1_290' title='bbox 667 2974 776 3024; x_wconf 82' lang='lat' dir='ltr'>leges</span> <span class='ocrx_word' id='word_1_291' title='bbox 795 2973 1036 3013; x_wconf 83' lang='lat' dir='ltr'>ohedientiae</span> <span class='ocrx_word' id='word_1_292' title='bbox 1055 2975 1122 3014; x_wconf 86' lang='lat' dir='ltr'>de-</span> 
     </span>
     <span class='ocr_line' id='line_1_45' title="bbox 97 3035 1125 3093; baseline -0.004 -14"><span class='ocrx_word' id='word_1_293' title='bbox 97 3038 215 3080; x_wconf 77' lang='lat' dir='ltr'>bitas.</span> <span class='ocrx_word' id='word_1_294' title='bbox 234 3038 397 3076; x_wconf 73' lang='lat' dir='ltr'>Constat</span> <span class='ocrx_word' id='word_1_295' title='bbox 413 3037 523 3075; x_wconf 91' lang='lat' dir='ltr'>enim</span> <span class='ocrx_word' id='word_1_296' title='bbox 542 3035 762 3093; x_wconf 75' lang='lat' dir='ltr'>aliquando</span> <span class='ocrx_word' id='word_1_297' title='bbox 782 3035 977 3085; x_wconf 88' lang='lat' dir='ltr'>Spiritum</span> <span class='ocrx_word' id='word_1_298' title='bbox 1004 3036 1125 3075; x_wconf 86' lang='lat' dir='ltr'>Sanc-</span> 
     </span>
     <span class='ocr_line' id='line_1_46' title="bbox 97 3096 1126 3148; baseline -0.002 -10"><span class='ocrx_word' id='word_1_299' title='bbox 97 3103 188 3142; x_wconf 69' lang='lat' dir='ltr'>tum</span> <span class='ocrx_word' id='word_1_300' title='bbox 217 3111 379 3138; x_wconf 88' lang='lat' dir='ltr'>movere</span> <span class='ocrx_word' id='word_1_301' title='bbox 416 3098 600 3136; x_wconf 86' lang='lat' dir='ltr'>homines</span> <span class='ocrx_word' id='word_1_302' title='bbox 630 3097 781 3148; x_wconf 82' lang='lat' dir='ltr'>justos,</span> <span class='ocrx_word' id='word_1_303' title='bbox 803 3096 1000 3147; x_wconf 83' lang='lat' dir='ltr'>ut&#39;supra</span> <span class='ocrx_word' id='word_1_304' title='bbox 1017 3108 1126 3138; x_wconf 85' lang='lat' dir='ltr'>com-</span> 
     </span>
     <span class='ocr_line' id='line_1_47' title="bbox 102 3157 1126 3205; baseline -0.001 -6"><span class='ocrx_word' id='word_1_305' title='bbox 102 3171 268 3199; x_wconf 83' lang='lat' dir='ltr'>munem</span> <span class='ocrx_word' id='word_1_306' title='bbox 288 3163 328 3197; x_wconf 89' lang='lat' dir='ltr'>et</span> <span class='ocrx_word' id='word_1_307' title='bbox 351 3158 604 3198; x_wconf 84' lang='lat' dir='ltr'>ordinarium</span> <span class='ocrx_word' id='word_1_308' title='bbox 628 3170 789 3197; x_wconf 89' lang='lat' dir='ltr'>cursum</span> <span class='ocrx_word' id='word_1_309' title='bbox 810 3157 1026 3205; x_wconf 85' lang='lat' dir='ltr'>virtutum,</span> <span class='ocrx_word' id='word_1_310' title='bbox 1045 3159 1126 3199; x_wconf 86' lang='lat' dir='ltr'>mi-</span> 
     </span>
     <span class='ocr_line' id='line_1_48' title="bbox 108 3219 1129 3270; baseline 0 -11"><span class='ocrx_word' id='word_1_311' title='bbox 108 3219 274 3259; x_wconf 79' lang='lat' dir='ltr'>rabilius</span> <span class='ocrx_word' id='word_1_312' title='bbox 305 3225 536 3270; x_wconf 84' lang='lat' dir='ltr'>operentur.</span> <span class='ocrx_word' id='word_1_313' title='bbox 571 3221 647 3267; x_wconf 85' lang='lat' dir='ltr'>Qui</span> <span class='ocrx_word' id='word_1_314' title='bbox 681 3220 826 3258; x_wconf 83' lang='lat' dir='ltr'>modus</span> <span class='ocrx_word' id='word_1_315' title='bbox 860 3221 1055 3270; x_wconf 85' lang='lat' dir='ltr'>operandi</span> <span class='ocrx_word' id='word_1_316' title='bbox 1085 3221 1129 3259; x_wconf 90' lang='lat' dir='ltr'>in</span> 
     </span>
     <span class='ocr_line' id='line_1_49' title="bbox 107 3280 1132 3333; baseline 0.001 -13"><span class='ocrx_word' id='word_1_317' title='bbox 107 3280 339 3331; x_wconf 82' lang='lat' dir='ltr'>exemplum</span> <span class='ocrx_word' id='word_1_318' title='bbox 369 3282 493 3320; x_wconf 83' lang='lat' dir='ltr'>etiam</span> <span class='ocrx_word' id='word_1_319' title='bbox 524 3281 643 3320; x_wconf 82' lang='lat' dir='ltr'>nohis</span> <span class='ocrx_word' id='word_1_320' title='bbox 679 3282 943 3333; x_wconf 75' lang='lat' dir='ltr'>proponitur,</span> <span class='ocrx_word' id='word_1_321' title='bbox 973 3295 1056 3323; x_wconf 91' lang='lat' dir='ltr'>non</span> <span class='ocrx_word' id='word_1_322' title='bbox 1086 3287 1132 3321; x_wconf 84' lang='lat' dir='ltr'>ut</span> 
     </span>
     <span class='ocr_line' id='line_1_50' title="bbox 106 3341 1131 3394; baseline 0.001 -12"><span class='ocrx_word' id='word_1_323' title='bbox 106 3341 227 3382; x_wconf 65' lang='lat' dir='ltr'>iilum</span> <span class='ocrx_word' id='word_1_324' title='bbox 258 3341 448 3380; x_wconf 87' lang='lat' dir='ltr'>eumdem</span> <span class='ocrx_word' id='word_1_325' title='bbox 483 3343 646 3382; x_wconf 87' lang='lat' dir='ltr'>modum</span> <span class='ocrx_word' id='word_1_326' title='bbox 680 3343 876 3394; x_wconf 78' lang='lat' dir='ltr'>operandi</span> <span class='ocrx_word' id='word_1_327' title='bbox 908 3343 1131 3394; x_wconf 84' lang='lat' dir='ltr'>imitemur,</span> 
     </span>
     <span class='ocr_line' id='line_1_51' title="bbox 106 3402 1136 3456; baseline 0.003 -13"><span class='ocrx_word' id='word_1_328' title='bbox 106 3403 181 3443; x_wconf 41' lang='lat' dir='ltr'>*sed</span> <span class='ocrx_word' id='word_1_329' title='bbox 199 3406 259 3449; x_wconf 88' lang='lat' dir='ltr'>ut,</span> <span class='ocrx_word' id='word_1_330' title='bbox 281 3402 388 3440; x_wconf 85' lang='lat' dir='ltr'>illius</span> <span class='ocrx_word' id='word_1_331' title='bbox 403 3402 670 3443; x_wconf 74' lang='lat' dir='ltr'>admiratione</span> <span class='ocrx_word' id='word_1_332' title='bbox 690 3406 805 3453; x_wconf 88' lang='lat' dir='ltr'>moti,</span> <span class='ocrx_word' id='word_1_333' title='bbox 823 3405 964 3444; x_wconf 88' lang='lat' dir='ltr'>saltem</span> <span class='ocrx_word' id='word_1_334' title='bbox 986 3406 1136 3456; x_wconf 80' lang='lat' dir='ltr'>perfec-</span> 
     </span>
     <span class='ocr_line' id='line_1_52' title="bbox 109 3465 1134 3515; baseline 0.001 -10"><span class='ocrx_word' id='word_1_335' title='bbox 109 3465 266 3505; x_wconf 70' lang='lat' dir='ltr'>tionem</span> <span class='ocrx_word' id='word_1_336' title='bbox 314 3465 476 3503; x_wconf 85' lang='lat' dir='ltr'>virtutis</span> <span class='ocrx_word' id='word_1_337' title='bbox 521 3465 680 3515; x_wconf 83' lang='lat' dir='ltr'>assequi</span> <span class='ocrx_word' id='word_1_338' title='bbox 721 3466 1029 3507; x_wconf 80' lang='lat' dir='ltr'>contendamus.</span> <span class='ocrx_word' id='word_1_339' title='bbox 1072 3466 1134 3508; x_wconf 78' lang='lat' dir='ltr'>Sic</span> 
     </span>
     <span class='ocr_line' id='line_1_53' title="bbox 108 3525 1130 3579; baseline 0.003 -14"><span class='ocrx_word' id='word_1_340' title='bbox 108 3525 300 3579; x_wconf 58' lang='lat' dir='ltr'>Samson,</span> <span class='ocrx_word' id='word_1_341' title='bbox 318 3525 431 3565; x_wconf 83' lang='lat' dir='ltr'>verbi</span> <span class='ocrx_word' id='word_1_342' title='bbox 459 3526 606 3576; x_wconf 81' lang='lat' dir='ltr'>gratia,</span> <span class='ocrx_word' id='word_1_343' title='bbox 623 3529 695 3564; x_wconf 87' lang='lat' dir='ltr'>aut</span> <span class='ocrx_word' id='word_1_344' title='bbox 714 3527 927 3578; x_wconf 75' lang='lat' dir='ltr'>Apollonia</span> <span class='ocrx_word' id='word_1_345' title='bbox 947 3528 1130 3578; x_wconf 73' lang='lat' dir='ltr'>propom-</span> 
     </span>
    </p>

    <p class='ocr_par' dir='ltr' id='par_1_7' title="bbox 114 3586 1134 3643">
     <span class='ocr_line' id='line_1_54' title="bbox 114 3586 1134 3643; baseline 0 -14"><span class='ocrx_word' id='word_1_346' title='bbox 114 3591 182 3643; x_wconf 65' lang='lat' dir='ltr'>tur</span> <span class='ocrx_word' id='word_1_347' title='bbox 198 3593 245 3626; x_wconf 85' lang='lat' dir='ltr'>ut</span> <span class='ocrx_word' id='word_1_348' title='bbox 257 3587 490 3640; x_wconf 69' lang='lat' dir='ltr'>exemplum</span> <span class='ocrx_word' id='word_1_349' title='bbox 505 3586 772 3636; x_wconf 76' lang='lat' dir='ltr'>fortitudinis,</span> <span class='ocrx_word' id='word_1_350' title='bbox 787 3588 859 3642; x_wconf 83' lang='lat' dir='ltr'>qui</span> <span class='ocrx_word' id='word_1_351' title='bbox 878 3600 928 3629; x_wconf 83' lang='lat' dir='ltr'>ex</span> <span class='ocrx_word' id='word_1_352' title='bbox 945 3588 1134 3640; x_wconf 73' lang='lat' dir='ltr'>peculiari</span> 
     </span>
    </p>
   </div>
   <div class='ocr_carea' id='block_1_6' title="bbox 368 199 1947 249">
    <p class='ocr_par' dir='ltr' id='par_1_8' title="bbox 368 199 1947 249">
     <span class='ocr_line' id='line_1_55' title="bbox 368 199 1947 249; baseline 0.004 -9"><span class='ocrx_word' id='word_1_353' title='bbox 368 205 457 240; x_wconf 74' lang='lat' dir='ltr'>CAP.</span> <span class='ocrx_word' id='word_1_354' title='bbox 479 203 566 239; x_wconf 81' lang='lat' dir='ltr'>xvt.</span> <span class='ocrx_word' id='word_1_355' title='bbox 571 199 646 238; x_wconf 71' lang='lat' dir='ltr'>AN</span> <span class='ocrx_word' id='word_1_356' title='bbox 666 199 878 238; x_wconf 75' lang='lat' dir='ltr'>Pnomssto</span> <span class='ocrx_word' id='word_1_357' title='bbox 898 201 1158 239; x_wconf 59' lang='lat' dir='ltr'>senonum!</span> <span class='ocrx_word' id='word_1_358' title='bbox 1179 202 1222 239; x_wconf 78' lang='lat' dir='ltr'>m</span> <span class='ocrx_word' id='word_1_359' title='bbox 1242 203 1468 241; x_wconf 65' lang='lat' dir='ltr'>semmua</span> <span class='ocrx_word' id='word_1_360' title='bbox 1489 206 1832 249; x_wconf 67' lang='lat' dir='ltr'>Arrnonnonmr.</span> <span class='ocrx_word' id='word_1_361' title='bbox 1850 207 1947 246; x_wconf 68' lang='lat' dir='ltr'>HG.</span> 
     </span>
    </p>
   </div>
   <div class='ocr_carea' id='block_1_7' title="bbox 0 246 1125 441">
    <p class='ocr_par' dir='ltr' id='par_1_9' title="bbox 0 241 1125 441">
     <span class='ocr_line' id='line_1_56' title="bbox 0 246 1125 320; baseline -0.006 -9"><span class='ocrx_word' id='word_1_362' title='bbox 0 246 3 247; x_wconf 20' lang='lat'><em>⁷</em></span> <span class='ocrx_word' id='word_1_363' title='bbox 222 268 412 320; x_wconf 71' lang='lat' dir='ltr'>aliquid</span> <span class='ocrx_word' id='word_1_364' title='bbox 432 268 672 308; x_wconf 82' lang='lat' dir='ltr'>extraheret.</span> <span class='ocrx_word' id='word_1_365' title='bbox 694 267 739 307; x_wconf 89' lang='lat' dir='ltr'>In</span> <span class='ocrx_word' id='word_1_366' title='bbox 764 266 912 319; x_wconf 87' lang='lat' dir='ltr'>quibus</span> <span class='ocrx_word' id='word_1_367' title='bbox 934 265 1125 306; x_wconf 86' lang='lat' dir='ltr'>omnibus</span> 
     </span>
     <span class='ocr_line' id='line_1_57' title="bbox 7 272 1125 383; baseline -0.001 -17"><span class='ocrx_word' id='word_1_368' title='bbox 7 378 14 379; x_wconf 16' lang='grc' dir='ltr'><strong><em>ἶ</em></strong></span> <span class='ocrx_word' id='word_1_369' title='bbox 50 342 92 350; x_wconf 85' lang='lat'><strong>·</strong></span> <span class='ocrx_word' id='word_1_370' title='bbox 116 328 119 330; x_wconf 74' lang='grc'><strong>’</strong></span> <span class='ocrx_word' id='word_1_371' title='bbox 149 272 293 383; x_wconf 82' lang='lat' dir='ltr'>emplis</span> <span class='ocrx_word' id='word_1_372' title='bbox 313 333 483 377; x_wconf 80' lang='lat' dir='ltr'>constat,</span> <span class='ocrx_word' id='word_1_373' title='bbox 504 329 684 368; x_wconf 84' lang='lat' dir='ltr'>actiones</span> <span class='ocrx_word' id='word_1_374' title='bbox 707 326 799 366; x_wconf 82' lang='lat' dir='ltr'>illas</span> <span class='ocrx_word' id='word_1_375' title='bbox 820 339 891 379; x_wconf 88' lang='lat' dir='ltr'>per</span> <span class='ocrx_word' id='word_1_376' title='bbox 911 339 952 366; x_wconf 89' lang='lat' dir='ltr'>se</span> <span class='ocrx_word' id='word_1_377' title='bbox 972 330 1125 378; x_wconf 85' lang='lat' dir='ltr'>specta·</span> 
     </span>
     <span class='ocr_line' id='line_1_58' title="bbox 46 384 1122 441; baseline -0.005 -10"><span class='ocrx_word' id='word_1_378' title='bbox 46 384 160 441; x_wconf 44' lang='lat' dir='ltr'>ssus</span> <span class='ocrx_word' id='word_1_379' title='bbox 179 391 417 431; x_wconf 84' lang='lat' dir='ltr'>temerarias</span> <span class='ocrx_word' id='word_1_380' title='bbox 433 402 532 438; x_wconf 84' lang='lat' dir='ltr'>esse,</span> <span class='ocrx_word' id='word_1_381' title='bbox 547 392 669 440; x_wconf 86' lang='lat' dir='ltr'>atque</span> <span class='ocrx_word' id='word_1_382' title='bbox 682 388 784 428; x_wconf 80' lang='lat' dir='ltr'>adeo</span> <span class='ocrx_word' id='word_1_383' title='bbox 799 400 871 438; x_wconf 88' lang='lat' dir='ltr'>per</span> <span class='ocrx_word' id='word_1_384' title='bbox 890 401 931 428; x_wconf 87' lang='lat' dir='ltr'>se</span> <span class='ocrx_word' id='word_1_385' title='bbox 946 388 1122 436; x_wconf 87' lang='lat' dir='ltr'>illicitas,</span> 
     </span>
    </p>
   </div>
   <div class='ocr_carea' id='block_1_8' title="bbox 1175 266 2217 2889">
    <p class='ocr_par' dir='ltr' id='par_1_10' title="bbox 1175 266 2217 2889">
     <span class='ocr_line' id='line_1_59' title="bbox 1177 266 2205 323; baseline 0.012 -18"><span class='ocrx_word' id='word_1_386' title='bbox 1177 266 1375 308; x_wconf 85' lang='lat' dir='ltr'>instinctu</span> <span class='ocrx_word' id='word_1_387' title='bbox 1401 269 1506 323; x_wconf 88' lang='lat' dir='ltr'>Spi&#39;</span> <span class='ocrx_word' id='word_1_388' title='bbox 1541 283 1576 311; x_wconf 82' lang='lat' dir='ltr'>is</span> <span class='ocrx_word' id='word_1_389' title='bbox 1593 271 1733 312; x_wconf 85' lang='lat' dir='ltr'>Sancti</span> <span class='ocrx_word' id='word_1_390' title='bbox 1762 270 1840 312; x_wconf 85' lang='lat' dir='ltr'>sibi</span> <span class='ocrx_word' id='word_1_391' title='bbox 1858 274 2032 315; x_wconf 81' lang='lat' dir='ltr'>mortem</span> <span class='ocrx_word' id='word_1_392' title='bbox 2057 273 2205 316; x_wconf 77' lang='lat' dir='ltr'>intule-</span> 
     </span>
     <span class='ocr_line' id='line_1_60' title="bbox 1178 332 2212 382; baseline 0.012 -16"><span class='ocrx_word' id='word_1_393' title='bbox 1178 333 1292 375; x_wconf 84' lang='lat' dir='ltr'>runt,</span> <span class='ocrx_word' id='word_1_394' title='bbox 1321 339 1405 368; x_wconf 89' lang='lat' dir='ltr'>non</span> <span class='ocrx_word' id='word_1_395' title='bbox 1422 334 1469 368; x_wconf 88' lang='lat' dir='ltr'>ut</span> <span class='ocrx_word' id='word_1_396' title='bbox 1515 332 1566 370; x_wconf 72' lang='lat' dir='ltr'>‘&#39;oc</span> <span class='ocrx_word' id='word_1_397' title='bbox 1583 335 1718 372; x_wconf 90' lang='lat' dir='ltr'>totum</span> <span class='ocrx_word' id='word_1_398' title='bbox 1736 333 1968 382; x_wconf 80' lang='lat' dir='ltr'>imitemur,</span> <span class='ocrx_word' id='word_1_399' title='bbox 1990 334 2060 374; x_wconf 81' lang='lat' dir='ltr'>sed</span> <span class='ocrx_word' id='word_1_400' title='bbox 2082 339 2130 376; x_wconf 88' lang='lat' dir='ltr'>ut</span> <span class='ocrx_word' id='word_1_401' title='bbox 2148 336 2212 379; x_wconf 78' lang='lat' dir='ltr'>his</span> 
     </span>
     <span class='ocr_line' id='line_1_61' title="bbox 1178 389 2212 460; baseline 0.012 -33"><span class='ocrx_word' id='word_1_402' title='bbox 1178 389 1376 460; x_wconf 85' lang='lat' dir='ltr'>exemplis</span> <span class='ocrx_word' id='word_1_403' title='bbox 1408 396 1583 430; x_wconf 89' lang='lat' dir='ltr'>mortem</span> <span class='ocrx_word' id='word_1_404' title='bbox 1614 397 1874 436; x_wconf 83' lang='lat' dir='ltr'>contemnere</span> <span class='ocrx_word' id='word_1_405' title='bbox 1903 395 2212 439; x_wconf 73' lang='lat' dir='ltr'>diseam118.1ta</span> 
     </span>
     <span class='ocr_line' id='line_1_62' title="bbox 1179 452 2212 513; baseline 0.013 -25"><span class='ocrx_word' id='word_1_406' title='bbox 1179 461 1276 500; x_wconf 87' lang='lat' dir='ltr'>ergo</span> <span class='ocrx_word' id='word_1_407' title='bbox 1301 452 1346 490; x_wconf 88' lang='lat' dir='ltr'>in</span> <span class='ocrx_word' id='word_1_408' title='bbox 1379 452 1580 503; x_wconf 74' lang='lat' dir='ltr'>praedictis</span> <span class='ocrx_word' id='word_1_409' title='bbox 1609 453 1852 496; x_wconf 63' lang='lat' dir='ltr'>obedientiae</span> <span class='ocrx_word' id='word_1_410' title='bbox 1888 459 2083 513; x_wconf 84' lang='lat' dir='ltr'>exemplis</span> <span class='ocrx_word' id='word_1_411' title='bbox 2101 471 2212 512; x_wconf 81' lang='lat' dir='ltr'>quae·</span> 
     </span>
     <span class='ocr_line' id='line_1_63' title="bbox 1178 511 2211 572; baseline 0.011 -23"><span class='ocrx_word' id='word_1_412' title='bbox 1178 511 1272 553; x_wconf 90' lang='lat' dir='ltr'>dam</span> <span class='ocrx_word' id='word_1_413' title='bbox 1295 516 1402 559; x_wconf 87' lang='lat' dir='ltr'>suut,</span> <span class='ocrx_word' id='word_1_414' title='bbox 1419 525 1484 565; x_wconf 86' lang='lat' dir='ltr'>qu.</span> <span class='ocrx_word' id='word_1_415' title='bbox 1477 527 1511 551; x_wconf 85' lang='lat' dir='ltr'>.e</span> <span class='ocrx_word' id='word_1_416' title='bbox 1533 526 1583 552; x_wconf 87' lang='lat' dir='ltr'>ex</span> <span class='ocrx_word' id='word_1_417' title='bbox 1602 516 1801 565; x_wconf 87' lang='lat' dir='ltr'>peculiari</span> <span class='ocrx_word' id='word_1_418' title='bbox 1822 518 2018 558; x_wconf 84' lang='lat' dir='ltr'>instinctu</span> <span class='ocrx_word' id='word_1_419' title='bbox 2037 518 2211 572; x_wconf 82' lang='lat' dir='ltr'>Spiritus</span> 
     </span>
     <span class='ocr_line' id='line_1_64' title="bbox 1178 573 2211 635; baseline 0.011 -23"><span class='ocrx_word' id='word_1_420' title='bbox 1178 573 1315 612; x_wconf 88' lang='lat' dir='ltr'>Sancti</span> <span class='ocrx_word' id='word_1_421' title='bbox 1334 574 1442 613; x_wconf 85' lang='lat' dir='ltr'>facta</span> <span class='ocrx_word' id='word_1_422' title='bbox 1458 588 1542 614; x_wconf 86' lang='lat' dir='ltr'>esse</span> <span class='ocrx_word' id='word_1_423' title='bbox 1563 575 1814 616; x_wconf 88' lang='lat' dir='ltr'>credendum</span> <span class='ocrx_word' id='word_1_424' title='bbox 1831 583 1906 628; x_wconf 89' lang='lat' dir='ltr'>est,</span> <span class='ocrx_word' id='word_1_425' title='bbox 1925 584 2008 619; x_wconf 90' lang='lat' dir='ltr'>tam</span> <span class='ocrx_word' id='word_1_426' title='bbox 2028 594 2078 620; x_wconf 82' lang='lat' dir='ltr'>ex</span> <span class='ocrx_word' id='word_1_427' title='bbox 2098 586 2211 635; x_wconf 79' lang='lat' dir='ltr'>parte</span> 
     </span>
     <span class='ocr_line' id='line_1_65' title="bbox 1179 635 2211 688; baseline 0.01 -15"><span class='ocrx_word' id='word_1_428' title='bbox 1179 635 1442 674; x_wconf 84' lang='lat' dir='ltr'>Praelatorum</span> <span class='ocrx_word' id='word_1_429' title='bbox 1480 636 1714 688; x_wconf 85' lang='lat' dir='ltr'>jubentium</span> <span class='ocrx_word' id='word_1_430' title='bbox 1735 667 1748 685; x_wconf 93' lang='lat'>,</span> <span class='ocrx_word' id='word_1_431' title='bbox 1791 650 1913 688; x_wconf 82' lang='lat' dir='ltr'>quam</span> <span class='ocrx_word' id='word_1_432' title='bbox 1956 642 2211 683; x_wconf 81' lang='lat' dir='ltr'>subditorum</span> 
     </span>
     <span class='ocr_line' id='line_1_66' title="bbox 1178 695 2211 749; baseline 0.009 -14"><span class='ocrx_word' id='word_1_433' title='bbox 1178 695 1474 745; x_wconf 85' lang='lat' dir='ltr'>obedientium,</span> <span class='ocrx_word' id='word_1_434' title='bbox 1490 698 1678 749; x_wconf 68' lang='lat' dir='ltr'>quae-sub</span> <span class='ocrx_word' id='word_1_435' title='bbox 1697 711 1744 737; x_wconf 87' lang='lat' dir='ltr'>ea</span> <span class='ocrx_word' id='word_1_436' title='bbox 1761 700 1919 739; x_wconf 81' lang='lat' dir='ltr'>ratione</span> <span class='ocrx_word' id='word_1_437' title='bbox 1939 714 2021 741; x_wconf 90' lang='lat' dir='ltr'>non</span> <span class='ocrx_word' id='word_1_438' title='bbox 2045 704 2211 744; x_wconf 83' lang='lat' dir='ltr'>imitan-</span> 
     </span>
     <span class='ocr_line' id='line_1_67' title="bbox 1178 757 2211 811; baseline 0.009 -15"><span class='ocrx_word' id='word_1_439' title='bbox 1178 757 1230 797; x_wconf 91' lang='lat' dir='ltr'>da</span> <span class='ocrx_word' id='word_1_440' title='bbox 1260 763 1571 809; x_wconf 85' lang='lat' dir='ltr'>proponuntur,</span> <span class='ocrx_word' id='word_1_441' title='bbox 1605 760 1672 799; x_wconf 90' lang='lat' dir='ltr'>sed</span> <span class='ocrx_word' id='word_1_442' title='bbox 1712 760 1981 811; x_wconf 82' lang='lat' dir='ltr'>admiranda3</span> <span class='ocrx_word' id='word_1_443' title='bbox 2012 765 2211 806; x_wconf 88' lang='lat' dir='ltr'>imitanda</span> 
     </span>
     <span class='ocr_line' id='line_1_68' title="bbox 1177 820 2211 874; baseline 0.008 -17"><span class='ocrx_word' id='word_1_444' title='bbox 1177 829 1273 858; x_wconf 89' lang='lat' dir='ltr'>vero</span> <span class='ocrx_word' id='word_1_445' title='bbox 1290 821 1422 872; x_wconf 83' lang='lat' dir='ltr'>quoad</span> <span class='ocrx_word' id='word_1_446' title='bbox 1454 820 1740 871; x_wconf 81' lang='lat' dir='ltr'>perfectionem</span> <span class='ocrx_word' id='word_1_447' title='bbox 1759 822 1937 869; x_wconf 87' lang='lat' dir='ltr'>virtutis,</span> <span class='ocrx_word' id='word_1_448' title='bbox 1959 836 2082 874; x_wconf 88' lang='lat' dir='ltr'>quam</span> <span class='ocrx_word' id='word_1_449' title='bbox 2115 826 2211 866; x_wconf 85' lang='lat' dir='ltr'>talia</span> 
     </span>
     <span class='ocr_line' id='line_1_69' title="bbox 1176 879 2211 936; baseline 0.006 -18"><span class='ocrx_word' id='word_1_450' title='bbox 1176 879 1285 920; x_wconf 82' lang='lat' dir='ltr'>facta</span> <span class='ocrx_word' id='word_1_451' title='bbox 1304 882 1501 929; x_wconf 83' lang='lat' dir='ltr'>indicant,</span> <span class='ocrx_word' id='word_1_452' title='bbox 1521 886 1592 921; x_wconf 90' lang='lat' dir='ltr'>aut</span> <span class='ocrx_word' id='word_1_453' title='bbox 1611 889 1860 934; x_wconf 89' lang='lat' dir='ltr'>supponunt.</span> <span class='ocrx_word' id='word_1_454' title='bbox 1880 884 2123 936; x_wconf 87' lang='lat' dir='ltr'>Hujusmodi</span> <span class='ocrx_word' id='word_1_455' title='bbox 2142 898 2211 925; x_wconf 85' lang='lat' dir='ltr'>au-</span> 
     </span>
     <span class='ocr_line' id='line_1_70' title="bbox 1176 944 2211 1001; baseline 0.007 -21"><span class='ocrx_word' id='word_1_456' title='bbox 1176 947 1260 981; x_wconf 89' lang='lat' dir='ltr'>tem</span> <span class='ocrx_word' id='word_1_457' title='bbox 1290 947 1385 981; x_wconf 90' lang='lat' dir='ltr'>sunt</span> <span class='ocrx_word' id='word_1_458' title='bbox 1412 944 1552 982; x_wconf 86' lang='lat' dir='ltr'>omnia</span> <span class='ocrx_word' id='word_1_459' title='bbox 1572 945 1668 992; x_wconf 87' lang='lat' dir='ltr'>illa,</span> <span class='ocrx_word' id='word_1_460' title='bbox 1688 945 1731 983; x_wconf 93' lang='lat' dir='ltr'>in</span> <span class='ocrx_word' id='word_1_461' title='bbox 1763 945 1911 1001; x_wconf 80' lang='lat' dir='ltr'>quibus</span> <span class='ocrx_word' id='word_1_462' title='bbox 1931 948 2097 985; x_wconf 89' lang='lat' dir='ltr'>evidens</span> <span class='ocrx_word' id='word_1_463' title='bbox 2117 948 2211 987; x_wconf 84' lang='lat' dir='ltr'>vitae</span> 
     </span>
     <span class='ocr_line' id='line_1_71' title="bbox 1175 1003 2211 1056; baseline 0.006 -15"><span class='ocrx_word' id='word_1_464' title='bbox 1175 1003 1402 1056; x_wconf 84' lang='lat' dir='ltr'>periculum</span> <span class='ocrx_word' id='word_1_465' title='bbox 1423 1010 1495 1043; x_wconf 86' lang='lat' dir='ltr'>aut</span> <span class='ocrx_word' id='word_1_466' title='bbox 1528 1005 1636 1043; x_wconf 81' lang='lat' dir='ltr'>aliud</span> <span class='ocrx_word' id='word_1_467' title='bbox 1660 1018 1783 1056; x_wconf 82' lang='lat' dir='ltr'>grave</span> <span class='ocrx_word' id='word_1_468' title='bbox 1818 1017 2112 1047; x_wconf 68' lang='lat' dir='ltr'>nocumentum</span> <span class='ocrx_word' id='word_1_469' title='bbox 2137 1009 2211 1047; x_wconf 89' lang='lat' dir='ltr'>im-</span> 
     </span>
     <span class='ocr_line' id='line_1_72' title="bbox 1176 1066 2211 1120; baseline 0.005 -16"><span class='ocrx_word' id='word_1_470' title='bbox 1176 1066 1335 1105; x_wconf 88' lang='lat' dir='ltr'>minere</span> <span class='ocrx_word' id='word_1_471' title='bbox 1357 1066 1587 1106; x_wconf 83' lang='lat' dir='ltr'>videbatur.</span> <span class='ocrx_word' id='word_1_472' title='bbox 1611 1068 1726 1106; x_wconf 88' lang='lat' dir='ltr'>Unde</span> <span class='ocrx_word' id='word_1_473' title='bbox 1746 1068 1853 1120; x_wconf 86' lang='lat' dir='ltr'>quod</span> <span class='ocrx_word' id='word_1_474' title='bbox 1878 1070 2120 1109; x_wconf 81' lang='lat' dir='ltr'>Benedictus</span> <span class='ocrx_word' id='word_1_475' title='bbox 2139 1070 2211 1119; x_wconf 85' lang='lat' dir='ltr'>ait,</span> 
     </span>
     <span class='ocr_line' id='line_1_73' title="bbox 1177 1126 2214 1182; baseline 0.006 -18"><span class='ocrx_word' id='word_1_476' title='bbox 1177 1126 1449 1166; x_wconf 87' lang='lat' dir='ltr'>obediendum</span> <span class='ocrx_word' id='word_1_477' title='bbox 1470 1141 1556 1167; x_wconf 90' lang='lat' dir='ltr'>esse</span> <span class='ocrx_word' id='word_1_478' title='bbox 1577 1130 1700 1167; x_wconf 86' lang='lat' dir='ltr'>etiam</span> <span class='ocrx_word' id='word_1_479' title='bbox 1730 1130 1774 1168; x_wconf 92' lang='lat' dir='ltr'>in</span> <span class='ocrx_word' id='word_1_480' title='bbox 1794 1142 1837 1169; x_wconf 91' lang='lat' dir='ltr'>re</span> <span class='ocrx_word' id='word_1_481' title='bbox 1867 1131 2130 1182; x_wconf 88' lang='lat' dir='ltr'>impossibili,</span> <span class='ocrx_word' id='word_1_482' title='bbox 2151 1132 2214 1170; x_wconf 93' lang='lat' dir='ltr'>in-</span> 
     </span>
     <span class='ocr_line' id='line_1_74' title="bbox 1176 1189 2214 1242; baseline 0.004 -14"><span class='ocrx_word' id='word_1_483' title='bbox 1176 1189 1443 1239; x_wconf 80' lang='lat' dir='ltr'>telligendum</span> <span class='ocrx_word' id='word_1_484' title='bbox 1465 1194 1525 1228; x_wconf 87' lang='lat' dir='ltr'>est</span> <span class='ocrx_word' id='word_1_485' title='bbox 1546 1190 1766 1242; x_wconf 77' lang='lat' dir='ltr'>(loquendo</span> <span class='ocrx_word' id='word_1_486' title='bbox 1786 1192 1835 1230; x_wconf 91' lang='lat' dir='ltr'>de</span> <span class='ocrx_word' id='word_1_487' title='bbox 1863 1193 2071 1231; x_wconf 87' lang='lat' dir='ltr'>ordinario</span> <span class='ocrx_word' id='word_1_488' title='bbox 2093 1194 2214 1232; x_wconf 88' lang='lat' dir='ltr'>modo</span> 
     </span>
     <span class='ocr_line' id='line_1_75' title="bbox 1177 1251 2211 1304; baseline 0.003 -14"><span class='ocrx_word' id='word_1_489' title='bbox 1177 1251 1352 1290; x_wconf 87' lang='lat' dir='ltr'>studiose</span> <span class='ocrx_word' id='word_1_490' title='bbox 1385 1251 1626 1301; x_wconf 80' lang='lat' dir='ltr'>obediendi)</span> <span class='ocrx_word' id='word_1_491' title='bbox 1653 1257 1852 1303; x_wconf 87' lang='lat' dir='ltr'>quantum</span> <span class='ocrx_word' id='word_1_492' title='bbox 1885 1255 1936 1292; x_wconf 81' lang='lat' dir='ltr'>ad</span> <span class='ocrx_word' id='word_1_493' title='bbox 1971 1255 2211 1304; x_wconf 69' lang='lat' dir='ltr'>aggredien-</span> 
     </span>
     <span class='ocr_line' id='line_1_76' title="bbox 1177 1312 2215 1365; baseline 0.004 -15"><span class='ocrx_word' id='word_1_494' title='bbox 1177 1312 1270 1350; x_wconf 88' lang='lat' dir='ltr'>dam</span> <span class='ocrx_word' id='word_1_495' title='bbox 1291 1316 1331 1350; x_wconf 89' lang='lat' dir='ltr'>et</span> <span class='ocrx_word' id='word_1_496' title='bbox 1359 1312 1633 1351; x_wconf 87' lang='lat' dir='ltr'>inchoandam</span> <span class='ocrx_word' id='word_1_497' title='bbox 1668 1315 1886 1359; x_wconf 86' lang='lat' dir='ltr'>actionem,</span> <span class='ocrx_word' id='word_1_498' title='bbox 1911 1315 1955 1353; x_wconf 90' lang='lat' dir='ltr'>in</span> <span class='ocrx_word' id='word_1_499' title='bbox 1984 1327 2064 1365; x_wconf 90' lang='lat' dir='ltr'>quo</span> <span class='ocrx_word' id='word_1_500' title='bbox 2094 1315 2215 1355; x_wconf 83' lang='lat' dir='ltr'>tuerit</span> 
     </span>
     <span class='ocr_line' id='line_1_77' title="bbox 1175 1372 2216 1427; baseline 0.006 -17"><span class='ocrx_word' id='word_1_501' title='bbox 1175 1372 1263 1424; x_wconf 85' lang='lat' dir='ltr'>ipsa</span> <span class='ocrx_word' id='word_1_502' title='bbox 1278 1373 1490 1423; x_wconf 85' lang='lat' dir='ltr'>possibilis,</span> <span class='ocrx_word' id='word_1_503' title='bbox 1502 1386 1634 1424; x_wconf 87' lang='lat' dir='ltr'>neque</span> <span class='ocrx_word' id='word_1_504' title='bbox 1648 1380 1770 1413; x_wconf 89' lang='lat' dir='ltr'>antea</span> <span class='ocrx_word' id='word_1_505' title='bbox 1783 1376 2078 1423; x_wconf 88' lang='lat' dir='ltr'>desistendum,</span> <span class='ocrx_word' id='word_1_506' title='bbox 2092 1388 2216 1427; x_wconf 88' lang='lat' dir='ltr'>quam</span> 
     </span>
     <span class='ocr_line' id='line_1_78' title="bbox 1176 1434 2217 1489; baseline 0.004 -17"><span class='ocrx_word' id='word_1_507' title='bbox 1176 1447 1219 1473; x_wconf 87' lang='lat' dir='ltr'>re</span> <span class='ocrx_word' id='word_1_508' title='bbox 1242 1435 1328 1484; x_wconf 90' lang='lat' dir='ltr'>ipsa</span> <span class='ocrx_word' id='word_1_509' title='bbox 1348 1434 1543 1486; x_wconf 88' lang='lat' dir='ltr'>probetur</span> <span class='ocrx_word' id='word_1_510' title='bbox 1572 1447 1654 1473; x_wconf 90' lang='lat' dir='ltr'>non</span> <span class='ocrx_word' id='word_1_511' title='bbox 1676 1448 1760 1474; x_wconf 88' lang='lat' dir='ltr'>esse</span> <span class='ocrx_word' id='word_1_512' title='bbox 1781 1437 1971 1486; x_wconf 89' lang='lat' dir='ltr'>possibile</span> <span class='ocrx_word' id='word_1_513' title='bbox 1992 1437 2098 1476; x_wconf 88' lang='lat' dir='ltr'>ultra</span> <span class='ocrx_word' id='word_1_514' title='bbox 2125 1450 2217 1489; x_wconf 87' lang='lat' dir='ltr'>pro-</span> 
     </span>
     <span class='ocr_line' id='line_1_79' title="bbox 1176 1496 2216 1546; baseline 0.004 -13"><span class='ocrx_word' id='word_1_515' title='bbox 1176 1496 1306 1545; x_wconf 84' lang='lat' dir='ltr'>gredi,</span> <span class='ocrx_word' id='word_1_516' title='bbox 1330 1497 1416 1534; x_wconf 88' lang='lat' dir='ltr'>sine</span> <span class='ocrx_word' id='word_1_517' title='bbox 1438 1497 1553 1546; x_wconf 83' lang='lat' dir='ltr'>gravi</span> <span class='ocrx_word' id='word_1_518' title='bbox 1583 1502 1830 1535; x_wconf 84' lang='lat' dir='ltr'>nocumento</span> <span class='ocrx_word' id='word_1_519' title='bbox 1858 1502 1929 1535; x_wconf 88' lang='lat' dir='ltr'>ant</span> <span class='ocrx_word' id='word_1_520' title='bbox 1948 1499 2034 1536; x_wconf 86' lang='lat' dir='ltr'>sine</span> <span class='ocrx_word' id='word_1_521' title='bbox 2055 1500 2216 1537; x_wconf 88' lang='lat' dir='ltr'>temeri-</span> 
     </span>
     <span class='ocr_line' id='line_1_80' title="bbox 1176 1558 2215 1611; baseline 0.004 -16"><span class='ocrx_word' id='word_1_522' title='bbox 1176 1561 1273 1595; x_wconf 85' lang='lat' dir='ltr'>tate.</span> <span class='ocrx_word' id='word_1_523' title='bbox 1295 1558 1471 1596; x_wconf 87' lang='lat' dir='ltr'>Maxime</span> <span class='ocrx_word' id='word_1_524' title='bbox 1491 1564 1628 1596; x_wconf 79' lang='lat' dir='ltr'>autem</span> <span class='ocrx_word' id='word_1_525' title='bbox 1650 1558 1727 1596; x_wconf 90' lang='lat' dir='ltr'>hoc</span> <span class='ocrx_word' id='word_1_526' title='bbox 1745 1559 1867 1597; x_wconf 85' lang='lat' dir='ltr'>habet</span> <span class='ocrx_word' id='word_1_527' title='bbox 1886 1559 2034 1606; x_wconf 86' lang='lat' dir='ltr'>locum,</span> <span class='ocrx_word' id='word_1_528' title='bbox 2050 1559 2215 1611; x_wconf 88' lang='lat' dir='ltr'>quando</span> 
     </span>
     <span class='ocr_line' id='line_1_81' title="bbox 1177 1619 2215 1671; baseline 0.004 -15"><span class='ocrx_word' id='word_1_529' title='bbox 1177 1619 1262 1669; x_wconf 86' lang='lat' dir='ltr'>ipsa</span> <span class='ocrx_word' id='word_1_530' title='bbox 1294 1620 1415 1666; x_wconf 89' lang='lat' dir='ltr'>actio,</span> <span class='ocrx_word' id='word_1_531' title='bbox 1438 1631 1531 1670; x_wconf 81' lang='lat' dir='ltr'>quae</span> <span class='ocrx_word' id='word_1_532' title='bbox 1562 1621 1811 1670; x_wconf 82' lang='lat' dir='ltr'>praecipitur,</span> <span class='ocrx_word' id='word_1_533' title='bbox 1849 1621 2047 1671; x_wconf 86' lang='lat' dir='ltr'>possibilis</span> <span class='ocrx_word' id='word_1_534' title='bbox 2082 1626 2156 1668; x_wconf 86' lang='lat' dir='ltr'>est,</span> <span class='ocrx_word' id='word_1_535' title='bbox 2177 1626 2215 1660; x_wconf 91' lang='lat' dir='ltr'>et</span> 
     </span>
     <span class='ocr_line' id='line_1_82' title="bbox 1176 1680 2216 1733; baseline 0.004 -16"><span class='ocrx_word' id='word_1_536' title='bbox 1176 1691 1259 1718; x_wconf 89' lang='lat' dir='ltr'>non</span> <span class='ocrx_word' id='word_1_537' title='bbox 1280 1680 1409 1727; x_wconf 80' lang='lat' dir='ltr'>mala,</span> <span class='ocrx_word' id='word_1_538' title='bbox 1430 1681 1522 1718; x_wconf 85' lang='lat' dir='ltr'>finis</span> <span class='ocrx_word' id='word_1_539' title='bbox 1543 1685 1679 1719; x_wconf 85' lang='lat' dir='ltr'>antem</span> <span class='ocrx_word' id='word_1_540' title='bbox 1702 1682 1766 1720; x_wconf 89' lang='lat' dir='ltr'>vel</span> <span class='ocrx_word' id='word_1_541' title='bbox 1783 1682 1937 1720; x_wconf 87' lang='lat' dir='ltr'>utilitas</span> <span class='ocrx_word' id='word_1_542' title='bbox 1954 1683 2042 1733; x_wconf 84' lang='lat' dir='ltr'>ejus</span> <span class='ocrx_word' id='word_1_543' title='bbox 2061 1694 2120 1721; x_wconf 81' lang='lat' dir='ltr'>est</span> <span class='ocrx_word' id='word_1_544' title='bbox 2138 1683 2216 1722; x_wconf 89' lang='lat' dir='ltr'>im-</span> 
     </span>
     <span class='ocr_line' id='line_1_83' title="bbox 1178 1742 2215 1794; baseline 0.005 -15"><span class='ocrx_word' id='word_1_545' title='bbox 1178 1742 1399 1792; x_wconf 86' lang='lat' dir='ltr'>possibilis;</span> <span class='ocrx_word' id='word_1_546' title='bbox 1420 1750 1517 1780; x_wconf 84' lang='lat' dir='ltr'>tunc</span> <span class='ocrx_word' id='word_1_547' title='bbox 1534 1743 1645 1780; x_wconf 90' lang='lat' dir='ltr'>enim</span> <span class='ocrx_word' id='word_1_548' title='bbox 1663 1744 1749 1781; x_wconf 87' lang='lat' dir='ltr'>sine</span> <span class='ocrx_word' id='word_1_549' title='bbox 1767 1743 1901 1794; x_wconf 87' lang='lat' dir='ltr'>culpa,</span> <span class='ocrx_word' id='word_1_550' title='bbox 1918 1745 2002 1782; x_wconf 89' lang='lat' dir='ltr'>imo</span> <span class='ocrx_word' id='word_1_551' title='bbox 2019 1757 2111 1783; x_wconf 88' lang='lat' dir='ltr'>cum</span> <span class='ocrx_word' id='word_1_552' title='bbox 2132 1757 2215 1784; x_wconf 90' lang='lat' dir='ltr'>ma-</span> 
     </span>
     <span class='ocr_line' id='line_1_84' title="bbox 1177 1804 2216 1855; baseline 0.004 -14"><span class='ocrx_word' id='word_1_553' title='bbox 1177 1815 1260 1855; x_wconf 86' lang='lat' dir='ltr'>gna</span> <span class='ocrx_word' id='word_1_554' title='bbox 1279 1804 1527 1854; x_wconf 79' lang='lat' dir='ltr'>perfer-tione</span> <span class='ocrx_word' id='word_1_555' title='bbox 1548 1804 1706 1842; x_wconf 87' lang='lat' dir='ltr'>obediri</span> <span class='ocrx_word' id='word_1_556' title='bbox 1737 1809 1883 1854; x_wconf 89' lang='lat' dir='ltr'>potest,</span> <span class='ocrx_word' id='word_1_557' title='bbox 1906 1806 2003 1855; x_wconf 87' lang='lat' dir='ltr'>quia</span> <span class='ocrx_word' id='word_1_558' title='bbox 2030 1811 2129 1844; x_wconf 88' lang='lat' dir='ltr'>tunc</span> <span class='ocrx_word' id='word_1_559' title='bbox 2148 1806 2216 1845; x_wconf 87' lang='lat' dir='ltr'>illa</span> 
     </span>
     <span class='ocr_line' id='line_1_85' title="bbox 1177 1865 2216 1915; baseline 0.003 -12"><span class='ocrx_word' id='word_1_560' title='bbox 1177 1866 1282 1904; x_wconf 89' lang='lat' dir='ltr'>actio</span> <span class='ocrx_word' id='word_1_561' title='bbox 1310 1877 1392 1903; x_wconf 90' lang='lat' dir='ltr'>non</span> <span class='ocrx_word' id='word_1_562' title='bbox 1423 1873 1482 1903; x_wconf 83' lang='lat' dir='ltr'>est</span> <span class='ocrx_word' id='word_1_563' title='bbox 1510 1865 1658 1910; x_wconf 87' lang='lat' dir='ltr'>otiosa,</span> <span class='ocrx_word' id='word_1_564' title='bbox 1687 1867 1783 1915; x_wconf 88' lang='lat' dir='ltr'>qnia</span> <span class='ocrx_word' id='word_1_565' title='bbox 1803 1866 1978 1904; x_wconf 88' lang='lat' dir='ltr'>deservit</span> <span class='ocrx_word' id='word_1_566' title='bbox 1996 1867 2047 1904; x_wconf 91' lang='lat' dir='ltr'>ad</span> <span class='ocrx_word' id='word_1_567' title='bbox 2067 1869 2216 1906; x_wconf 75' lang='lat' dir='ltr'>exerci-</span> 
     </span>
     <span class='ocr_line' id='line_1_86' title="bbox 1177 1926 2215 1974; baseline 0.004 -10"><span class='ocrx_word' id='word_1_568' title='bbox 1177 1926 1280 1964; x_wconf 88' lang='lat' dir='ltr'>tium</span> <span class='ocrx_word' id='word_1_569' title='bbox 1316 1926 1562 1964; x_wconf 88' lang='lat' dir='ltr'>humilitatis</span> <span class='ocrx_word' id='word_1_570' title='bbox 1599 1931 1640 1965; x_wconf 91' lang='lat' dir='ltr'>et</span> <span class='ocrx_word' id='word_1_571' title='bbox 1667 1926 1933 1974; x_wconf 86' lang='lat' dir='ltr'>obedientiae,</span> <span class='ocrx_word' id='word_1_572' title='bbox 1969 1929 2128 1966; x_wconf 88' lang='lat' dir='ltr'>etiamsi</span> <span class='ocrx_word' id='word_1_573' title='bbox 2165 1929 2215 1968; x_wconf 85' lang='lat' dir='ltr'>ad</span> 
     </span>
     <span class='ocr_line' id='line_1_87' title="bbox 1176 1986 2214 2039; baseline 0.005 -15"><span class='ocrx_word' id='word_1_574' title='bbox 1176 1987 1390 2039; x_wconf 86' lang='lat' dir='ltr'>proprium</span> <span class='ocrx_word' id='word_1_575' title='bbox 1419 1987 1546 2025; x_wconf 82' lang='lat' dir='ltr'>finem</span> <span class='ocrx_word' id='word_1_576' title='bbox 1566 1986 1694 2025; x_wconf 89' lang='lat' dir='ltr'>veluti</span> <span class='ocrx_word' id='word_1_577' title='bbox 1724 1989 1994 2036; x_wconf 86' lang='lat' dir='ltr'>materialem,</span> <span class='ocrx_word' id='word_1_578' title='bbox 2017 1994 2062 2027; x_wconf 87' lang='lat' dir='ltr'>ut</span> <span class='ocrx_word' id='word_1_579' title='bbox 2079 1990 2135 2029; x_wconf 89' lang='lat' dir='ltr'>sic</span> <span class='ocrx_word' id='word_1_580' title='bbox 2154 1991 2214 2030; x_wconf 89' lang='lat' dir='ltr'>di-</span> 
     </span>
     <span class='ocr_line' id='line_1_88' title="bbox 1177 2048 2216 2101; baseline 0.003 -13"><span class='ocrx_word' id='word_1_581' title='bbox 1177 2060 1282 2094; x_wconf 88' lang='lat' dir='ltr'>cam,</span> <span class='ocrx_word' id='word_1_582' title='bbox 1301 2049 1458 2087; x_wconf 88' lang='lat' dir='ltr'>inutilis</span> <span class='ocrx_word' id='word_1_583' title='bbox 1474 2051 1539 2096; x_wconf 87' lang='lat' dir='ltr'>sit,</span> <span class='ocrx_word' id='word_1_584' title='bbox 1556 2052 1595 2086; x_wconf 89' lang='lat' dir='ltr'>et</span> <span class='ocrx_word' id='word_1_585' title='bbox 1615 2048 1850 2099; x_wconf 87' lang='lat' dir='ltr'>hujusmodi</span> <span class='ocrx_word' id='word_1_586' title='bbox 1871 2062 1956 2089; x_wconf 85' lang='lat' dir='ltr'>esse</span> <span class='ocrx_word' id='word_1_587' title='bbox 1976 2057 2108 2101; x_wconf 88' lang='lat' dir='ltr'>posset</span> <span class='ocrx_word' id='word_1_588' title='bbox 2123 2052 2216 2091; x_wconf 88' lang='lat' dir='ltr'>irri-</span> 
     </span>
     <span class='ocr_line' id='line_1_89' title="bbox 1177 2110 2216 2160; baseline 0.005 -13"><span class='ocrx_word' id='word_1_589' title='bbox 1177 2111 1287 2160; x_wconf 87' lang='lat' dir='ltr'>gatio</span> <span class='ocrx_word' id='word_1_590' title='bbox 1315 2110 1419 2159; x_wconf 79' lang='lat' dir='ltr'>ligni</span> <span class='ocrx_word' id='word_1_591' title='bbox 1449 2110 1568 2148; x_wconf 79' lang='lat' dir='ltr'>aridi.</span> <span class='ocrx_word' id='word_1_592' title='bbox 1602 2113 1726 2148; x_wconf 83' lang='lat' dir='ltr'>etiam</span> <span class='ocrx_word' id='word_1_593' title='bbox 1754 2111 1840 2149; x_wconf 89' lang='lat' dir='ltr'>sine</span> <span class='ocrx_word' id='word_1_594' title='bbox 1873 2113 2059 2150; x_wconf 82' lang='lat' dir='ltr'>miraculi</span> <span class='ocrx_word' id='word_1_595' title='bbox 2092 2113 2216 2152; x_wconf 87' lang='lat' dir='ltr'>inter-</span> 
     </span>
     <span class='ocr_line' id='line_1_90' title="bbox 1176 2171 2215 2225; baseline 0.004 -16"><span class='ocrx_word' id='word_1_596' title='bbox 1176 2176 1315 2209; x_wconf 89' lang='lat' dir='ltr'>ventu.</span> <span class='ocrx_word' id='word_1_597' title='bbox 1337 2172 1518 2222; x_wconf 79' lang='lat' dir='ltr'>Denique</span> <span class='ocrx_word' id='word_1_598' title='bbox 1537 2171 1622 2209; x_wconf 89' lang='lat' dir='ltr'>fere</span> <span class='ocrx_word' id='word_1_599' title='bbox 1641 2172 1782 2210; x_wconf 80' lang='lat' dir='ltr'>eodem</span> <span class='ocrx_word' id='word_1_600' title='bbox 1805 2173 1926 2211; x_wconf 86' lang='lat' dir='ltr'>modo</span> <span class='ocrx_word' id='word_1_601' title='bbox 1953 2173 2128 2224; x_wconf 84' lang='lat' dir='ltr'>intelligi</span> <span class='ocrx_word' id='word_1_602' title='bbox 2147 2186 2215 2225; x_wconf 92' lang='lat' dir='ltr'>po-</span> 
     </span>
     <span class='ocr_line' id='line_1_91' title="bbox 1176 2232 2214 2283; baseline 0.005 -12"><span class='ocrx_word' id='word_1_603' title='bbox 1176 2236 1254 2272; x_wconf 86' lang='lat' dir='ltr'>test</span> <span class='ocrx_word' id='word_1_604' title='bbox 1284 2233 1438 2271; x_wconf 82' lang='lat' dir='ltr'>factum</span> <span class='ocrx_word' id='word_1_605' title='bbox 1467 2232 1569 2270; x_wconf 86' lang='lat' dir='ltr'>illud</span> <span class='ocrx_word' id='word_1_606' title='bbox 1596 2233 1765 2272; x_wconf 81' lang='lat' dir='ltr'>Joannis</span> <span class='ocrx_word' id='word_1_607' title='bbox 1793 2235 2045 2283; x_wconf 84' lang='lat' dir='ltr'>Damasceni‚</span> <span class='ocrx_word' id='word_1_608' title='bbox 2070 2241 2111 2274; x_wconf 90' lang='lat' dir='ltr'>et</span> <span class='ocrx_word' id='word_1_609' title='bbox 2130 2248 2214 2276; x_wconf 81' lang='lat' dir='ltr'>ma-</span> 
     </span>
     <span class='ocr_line' id='line_1_92' title="bbox 1177 2294 2212 2345; baseline 0.005 -14"><span class='ocrx_word' id='word_1_610' title='bbox 1177 2294 1293 2345; x_wconf 84' lang='lat' dir='ltr'>gistri</span> <span class='ocrx_word' id='word_1_611' title='bbox 1326 2295 1438 2345; x_wconf 83' lang='lat' dir='ltr'>ejus;</span> <span class='ocrx_word' id='word_1_612' title='bbox 1470 2294 1626 2333; x_wconf 89' lang='lat' dir='ltr'>clarum</span> <span class='ocrx_word' id='word_1_613' title='bbox 1656 2299 1715 2333; x_wconf 87' lang='lat' dir='ltr'>est</span> <span class='ocrx_word' id='word_1_614' title='bbox 1744 2296 1855 2334; x_wconf 89' lang='lat' dir='ltr'>enim</span> <span class='ocrx_word' id='word_1_615' title='bbox 1885 2308 1969 2335; x_wconf 89' lang='lat' dir='ltr'>non</span> <span class='ocrx_word' id='word_1_616' title='bbox 1999 2296 2123 2336; x_wconf 84' lang='lat' dir='ltr'>fnisse</span> <span class='ocrx_word' id='word_1_617' title='bbox 2156 2297 2212 2338; x_wconf 89' lang='lat' dir='ltr'>ihi</span> 
     </span>
     <span class='ocr_line' id='line_1_93' title="bbox 1176 2356 2210 2409; baseline 0.005 -15"><span class='ocrx_word' id='word_1_618' title='bbox 1176 2356 1380 2394; x_wconf 86' lang='lat' dir='ltr'>intentam</span> <span class='ocrx_word' id='word_1_619' title='bbox 1399 2356 1583 2406; x_wconf 84' lang='lat' dir='ltr'>iniquam</span> <span class='ocrx_word' id='word_1_620' title='bbox 1605 2357 1900 2402; x_wconf 84' lang='lat' dir='ltr'>venditionem,</span> <span class='ocrx_word' id='word_1_621' title='bbox 1918 2358 1987 2396; x_wconf 86' lang='lat' dir='ltr'>sed</span> <span class='ocrx_word' id='word_1_622' title='bbox 2007 2359 2210 2409; x_wconf 83' lang='lat' dir='ltr'>insignem</span> 
     </span>
     <span class='ocr_line' id='line_1_94' title="bbox 1177 2417 2209 2468; baseline 0.006 -13"><span class='ocrx_word' id='word_1_623' title='bbox 1177 2417 1412 2456; x_wconf 87' lang='lat' dir='ltr'>Damasceni</span> <span class='ocrx_word' id='word_1_624' title='bbox 1446 2417 1718 2468; x_wconf 80' lang='lat' dir='ltr'>abjectionem</span> <span class='ocrx_word' id='word_1_625' title='bbox 1753 2423 1792 2458; x_wconf 89' lang='lat' dir='ltr'>et</span> <span class='ocrx_word' id='word_1_626' title='bbox 1829 2420 2209 2468; x_wconf 85' lang='lat' dir='ltr'>mortificationem,</span> 
     </span>
     <span class='ocr_line' id='line_1_95' title="bbox 1177 2479 2211 2532; baseline 0.005 -15"><span class='ocrx_word' id='word_1_627' title='bbox 1177 2490 1267 2529; x_wconf 85' lang='lat' dir='ltr'>quae</span> <span class='ocrx_word' id='word_1_628' title='bbox 1284 2479 1492 2516; x_wconf 86' lang='lat' dir='ltr'>moraliter</span> <span class='ocrx_word' id='word_1_629' title='bbox 1511 2479 1724 2519; x_wconf 80' lang='lat' dir='ltr'>constabat</span> <span class='ocrx_word' id='word_1_630' title='bbox 1746 2479 1831 2519; x_wconf 88' lang='lat' dir='ltr'>fore</span> <span class='ocrx_word' id='word_1_631' title='bbox 1846 2481 1933 2521; x_wconf 86' lang='lat' dir='ltr'>sine</span> <span class='ocrx_word' id='word_1_632' title='bbox 1949 2482 2029 2520; x_wconf 86' lang='lat' dir='ltr'>alia</span> <span class='ocrx_word' id='word_1_633' title='bbox 2045 2482 2211 2532; x_wconf 66' lang='lat' dir='ltr'>inJuria,</span> 
     </span>
     <span class='ocr_line' id='line_1_96' title="bbox 1177 2541 2212 2591; baseline 0.007 -14"><span class='ocrx_word' id='word_1_634' title='bbox 1177 2541 1275 2591; x_wconf 89' lang='lat' dir='ltr'>qnia</span> <span class='ocrx_word' id='word_1_635' title='bbox 1293 2552 1356 2578; x_wconf 89' lang='lat' dir='ltr'>res</span> <span class='ocrx_word' id='word_1_636' title='bbox 1374 2544 1460 2578; x_wconf 84' lang='lat' dir='ltr'>erat</span> <span class='ocrx_word' id='word_1_637' title='bbox 1480 2541 1583 2579; x_wconf 90' lang='lat' dir='ltr'>adeo</span> <span class='ocrx_word' id='word_1_638' title='bbox 1605 2541 1834 2590; x_wconf 82' lang='lat' dir='ltr'>manifesta,</span> <span class='ocrx_word' id='word_1_639' title='bbox 1854 2547 1898 2580; x_wconf 92' lang='lat' dir='ltr'>ut</span> <span class='ocrx_word' id='word_1_640' title='bbox 1919 2543 2055 2582; x_wconf 88' lang='lat' dir='ltr'>nullus</span> <span class='ocrx_word' id='word_1_641' title='bbox 2075 2556 2126 2583; x_wconf 83' lang='lat' dir='ltr'>ex</span> <span class='ocrx_word' id='word_1_642' title='bbox 2146 2543 2212 2584; x_wconf 85' lang='lat' dir='ltr'>de·</span> 
     </span>
     <span class='ocr_line' id='line_1_97' title="bbox 1178 2602 2212 2655; baseline 0.004 -15"><span class='ocrx_word' id='word_1_643' title='bbox 1178 2603 1362 2652; x_wconf 89' lang='lat' dir='ltr'>ceptione</span> <span class='ocrx_word' id='word_1_644' title='bbox 1377 2606 1448 2640; x_wconf 84' lang='lat' dir='ltr'>aut</span> <span class='ocrx_word' id='word_1_645' title='bbox 1467 2602 1699 2649; x_wconf 77' lang='lat' dir='ltr'>ignorantia</span> <span class='ocrx_word' id='word_1_646' title='bbox 1718 2614 1804 2643; x_wconf 89' lang='lat' dir='ltr'>rem</span> <span class='ocrx_word' id='word_1_647' title='bbox 1828 2609 1932 2642; x_wconf 82' lang='lat' dir='ltr'>esset</span> <span class='ocrx_word' id='word_1_648' title='bbox 1953 2610 2066 2642; x_wconf 85' lang='lat' dir='ltr'>tanto</span> <span class='ocrx_word' id='word_1_649' title='bbox 2084 2605 2212 2655; x_wconf 82' lang='lat' dir='ltr'>pretio</span> 
     </span>
     <span class='ocr_line' id='line_1_98' title="bbox 1179 2662 2211 2715; baseline 0.006 -14"><span class='ocrx_word' id='word_1_650' title='bbox 1179 2667 1390 2712; x_wconf 88' lang='lat' dir='ltr'>empturus</span> <span class='ocrx_word' id='word_1_651' title='bbox 1410 2672 1424 2711; x_wconf 88' lang='lat'>;</span> <span class='ocrx_word' id='word_1_652' title='bbox 1460 2662 1526 2701; x_wconf 85' lang='lat' dir='ltr'>vel</span> <span class='ocrx_word' id='word_1_653' title='bbox 1570 2664 1604 2700; x_wconf 88' lang='lat' dir='ltr'>si</span> <span class='ocrx_word' id='word_1_654' title='bbox 1639 2663 1843 2715; x_wconf 87' lang='lat' dir='ltr'>quispiam</span> <span class='ocrx_word' id='word_1_655' title='bbox 1878 2665 1980 2704; x_wconf 87' lang='lat' dir='ltr'>illud</span> <span class='ocrx_word' id='word_1_656' title='bbox 2017 2666 2182 2706; x_wconf 71' lang='lat' dir='ltr'>offerret</span> <span class='ocrx_word' id='word_1_657' title='bbox 2200 2696 2211 2714; x_wconf 91' lang='lat'>‚</span> 
     </span>
     <span class='ocr_line' id='line_1_99' title="bbox 1179 2724 2213 2776; baseline 0.004 -14"><span class='ocrx_word' id='word_1_658' title='bbox 1179 2730 1404 2775; x_wconf 82' lang='lat' dir='ltr'>spontanea</span> <span class='ocrx_word' id='word_1_659' title='bbox 1428 2724 1638 2762; x_wconf 84' lang='lat' dir='ltr'>voluntate</span> <span class='ocrx_word' id='word_1_660' title='bbox 1671 2729 1711 2763; x_wconf 88' lang='lat' dir='ltr'>et</span> <span class='ocrx_word' id='word_1_661' title='bbox 1738 2726 1782 2764; x_wconf 88' lang='lat' dir='ltr'>iu</span> <span class='ocrx_word' id='word_1_662' title='bbox 1810 2727 1984 2776; x_wconf 81' lang='lat' dir='ltr'>gratiam</span> <span class='ocrx_word' id='word_1_663' title='bbox 2011 2730 2115 2767; x_wconf 85' lang='lat' dir='ltr'>tanti</span> <span class='ocrx_word' id='word_1_664' title='bbox 2135 2727 2213 2769; x_wconf 80' lang='lat' dir='ltr'>viri</span> 
     </span>
     <span class='ocr_line' id='line_1_100' title="bbox 1179 2786 2215 2837; baseline 0.003 -11"><span class='ocrx_word' id='word_1_665' title='bbox 1179 2787 1282 2826; x_wconf 84' lang='lat' dir='ltr'>illud</span> <span class='ocrx_word' id='word_1_666' title='bbox 1302 2787 1426 2826; x_wconf 79' lang='lat' dir='ltr'>fnisse</span> <span class='ocrx_word' id='word_1_667' title='bbox 1456 2786 1654 2834; x_wconf 84' lang='lat' dir='ltr'>oblatum,</span> <span class='ocrx_word' id='word_1_668' title='bbox 1683 2792 1803 2837; x_wconf 88' lang='lat' dir='ltr'>prout</span> <span class='ocrx_word' id='word_1_669' title='bbox 1822 2800 1966 2828; x_wconf 84' lang='lat' dir='ltr'>revera</span> <span class='ocrx_word' id='word_1_670' title='bbox 1983 2789 2142 2831; x_wconf 82' lang='lat' dir='ltr'>accidit.</span> <span class='ocrx_word' id='word_1_671' title='bbox 2165 2790 2215 2832; x_wconf 81' lang='lat' dir='ltr'>Et</span> 
     </span>
     <span class='ocr_line' id='line_1_101' title="bbox 1179 2848 1841 2889; baseline 0.002 -2"><span class='ocrx_word' id='word_1_672' title='bbox 1179 2848 1375 2888; x_wconf 86' lang='lat' dir='ltr'>hactenus</span> <span class='ocrx_word' id='word_1_673' title='bbox 1399 2848 1450 2888; x_wconf 90' lang='lat' dir='ltr'>de</span> <span class='ocrx_word' id='word_1_674' title='bbox 1470 2853 1564 2888; x_wconf 85' lang='lat' dir='ltr'>voto</span> <span class='ocrx_word' id='word_1_675' title='bbox 1585 2848 1841 2889; x_wconf 74' lang='lat' dir='ltr'>obedientiae.</span> 
     </span>
    </p>
   </div>
   <div class='ocr_carea' id='block_1_9' title="bbox 1549 2963 1844 3004">
    <p class='ocr_par' dir='ltr' id='par_1_11' title="bbox 1549 2963 1844 3004">
     <span class='ocr_line' id='line_1_102' title="bbox 1549 2963 1844 3004; baseline 0 0"><span class='ocrx_word' id='word_1_676' title='bbox 1549 2963 1714 3004; x_wconf 86' lang='lat' dir='ltr'><strong>CAPUT</strong></span> <span class='ocrx_word' id='word_1_677' title='bbox 1741 2964 1844 3004; x_wconf 84' lang='lat' dir='ltr'>XVI.</span> 
     </span>
    </p>
   </div>
   <div class='ocr_carea' id='block_1_10' title="bbox 1185 3061 2219 3279">
    <p class='ocr_par' dir='ltr' id='par_1_12' title="bbox 1185 3061 2219 3279">
     <span class='ocr_line' id='line_1_103' title="bbox 1185 3061 2217 3101; baseline -0.001 -8"><span class='ocrx_word' id='word_1_678' title='bbox 1185 3061 1236 3094; x_wconf 66' lang='grc' dir='ltr'>ΔΝ</span> <span class='ocrx_word' id='word_1_679' title='bbox 1270 3062 1469 3092; x_wconf 72' lang='grc' dir='ltr'>ΡΒΟΜῙΞΞΙΟ</span> <span class='ocrx_word' id='word_1_680' title='bbox 1509 3063 1760 3092; x_wconf 73' lang='lat' dir='ltr'>JNGREDOENDI</span> <span class='ocrx_word' id='word_1_681' title='bbox 1802 3062 2071 3101; x_wconf 73' lang='lat' dir='ltr'>SOGIETATEM,</span> <span class='ocrx_word' id='word_1_682' title='bbox 2110 3062 2217 3097; x_wconf 77' lang='lat' dir='ltr'><strong>QUAM</strong></span> 
     </span>
     <span class='ocr_line' id='line_1_104' title="bbox 1235 3125 2217 3155; baseline 0 -2"><span class='ocrx_word' id='word_1_683' title='bbox 1235 3125 1477 3154; x_wconf 77' lang='lat' dir='ltr'>SGHOLASTIGI</span> <span class='ocrx_word' id='word_1_684' title='bbox 1501 3126 1717 3155; x_wconf 74' lang='lat' dir='ltr'><strong>APPROBATI</strong></span> <span class='ocrx_word' id='word_1_685' title='bbox 1741 3126 1854 3154; x_wconf 80' lang='lat' dir='ltr'>SIMUL</span> <span class='ocrx_word' id='word_1_686' title='bbox 1878 3127 1957 3154; x_wconf 80' lang='lat' dir='ltr'>CUM</span> <span class='ocrx_word' id='word_1_687' title='bbox 1985 3126 2121 3154; x_wconf 75' lang='lat' dir='ltr'>TRIBUS</span> <span class='ocrx_word' id='word_1_688' title='bbox 2150 3125 2217 3153; x_wconf 84' lang='lat' dir='ltr'>VO-</span> 
     </span>
     <span class='ocr_line' id='line_1_105' title="bbox 1236 3185 2219 3222; baseline 0 -6"><span class='ocrx_word' id='word_1_689' title='bbox 1236 3187 1296 3216; x_wconf 72' lang='lat'>&#39;1⁹18</span> <span class='ocrx_word' id='word_1_690' title='bbox 1324 3188 1670 3217; x_wconf 81' lang='lat' dir='ltr'>SUBSTANTIALIBUS</span> <span class='ocrx_word' id='word_1_691' title='bbox 1697 3188 1882 3222; x_wconf 75' lang='lat' dir='ltr'>FAGHJNT,</span> <span class='ocrx_word' id='word_1_692' title='bbox 1904 3187 1964 3216; x_wconf 77' lang='lat' dir='ltr'>Si&#39;r</span> <span class='ocrx_word' id='word_1_693' title='bbox 1989 3187 2122 3216; x_wconf 83' lang='lat' dir='ltr'><strong>VERUM</strong></span> <span class='ocrx_word' id='word_1_694' title='bbox 2148 3185 2219 3216; x_wconf 82' lang='lat' dir='ltr'>VO·</span> 
     </span>
     <span class='ocr_line' id='line_1_106' title="bbox 1240 3249 1923 3279; baseline -0.001 -1"><span class='ocrx_word' id='word_1_695' title='bbox 1240 3249 1322 3279; x_wconf 78' lang='lat' dir='ltr'>TUM</span> <span class='ocrx_word' id='word_1_696' title='bbox 1350 3250 1480 3279; x_wconf 64' lang='lat' dir='ltr'>EORUM</span> <span class='ocrx_word' id='word_1_697' title='bbox 1511 3250 1646 3279; x_wconf 85' lang='lat' dir='ltr'>STATUl</span> <span class='ocrx_word' id='word_1_698' title='bbox 1675 3249 1923 3279; x_wconf 77' lang='lat' dir='ltr'>GONVENJENS.</span> 
     </span>
    </p>
   </div>
   <div class='ocr_carea' id='block_1_11' title="bbox 1189 3338 2220 3517">
    <p class='ocr_par' dir='ltr' id='par_1_13' title="bbox 1189 3338 2220 3517">
     <span class='ocr_line' id='line_1_107' title="bbox 1242 3338 2220 3393; baseline -0.005 -12"><span class='ocrx_word' id='word_1_699' title='bbox 1242 3343 1282 3381; x_wconf 82' lang='lat'>1.</span> <span class='ocrx_word' id='word_1_700' title='bbox 1311 3342 1494 3383; x_wconf 75' lang='lat' dir='ltr'>Membra</span> <span class='ocrx_word' id='word_1_701' title='bbox 1516 3343 1590 3382; x_wconf 81' lang='lat' dir='ltr'>duo</span> <span class='ocrx_word' id='word_1_702' title='bbox 1616 3344 1826 3393; x_wconf 66' lang='lat' dir='ltr'>praesentis</span> <span class='ocrx_word' id='word_1_703' title='bbox 1850 3341 2010 3393; x_wconf 74' lang='lat' dir='ltr'>capitis.</span> <span class='ocrx_word' id='word_1_704' title='bbox 2038 3360 2091 3368; x_wconf 93' lang='lat'><em>-</em></span> <span class='ocrx_word' id='word_1_705' title='bbox 2116 3338 2220 3389; x_wconf 85' lang='lat' dir='ltr'>Sup-</span> 
     </span>
     <span class='ocr_line' id='line_1_108' title="bbox 1189 3399 2217 3455; baseline -0.003 -14"><span class='ocrx_word' id='word_1_706' title='bbox 1189 3404 1379 3455; x_wconf 85' lang='lat' dir='ltr'>ponenda</span> <span class='ocrx_word' id='word_1_707' title='bbox 1410 3408 1471 3444; x_wconf 88' lang='lat' dir='ltr'>est</span> <span class='ocrx_word' id='word_1_708' title='bbox 1500 3404 1634 3443; x_wconf 80' lang='lat' dir='ltr'>forma</span> <span class='ocrx_word' id='word_1_709' title='bbox 1666 3415 1757 3455; x_wconf 77' lang='lat' dir='ltr'>quae</span> <span class='ocrx_word' id='word_1_710' title='bbox 1787 3406 1830 3442; x_wconf 90' lang='lat' dir='ltr'>in</span> <span class='ocrx_word' id='word_1_711' title='bbox 1863 3403 1940 3442; x_wconf 88' lang='lat' dir='ltr'>hac</span> <span class='ocrx_word' id='word_1_712' title='bbox 1973 3399 2217 3439; x_wconf 77' lang='lat' dir='ltr'>scholarium</span> 
     </span>
     <span class='ocr_line' id='line_1_109' title="bbox 1191 3460 2219 3517; baseline -0.004 -13"><span class='ocrx_word' id='word_1_713' title='bbox 1191 3465 1507 3516; x_wconf 84' lang='lat' dir='ltr'>approbatorum</span> <span class='ocrx_word' id='word_1_714' title='bbox 1537 3465 1862 3517; x_wconf 87' lang='lat' dir='ltr'>incorporatione</span> <span class='ocrx_word' id='word_1_715' title='bbox 1892 3465 2086 3501; x_wconf 86' lang='lat' dir='ltr'>servatur.</span> <span class='ocrx_word' id='word_1_716' title='bbox 2115 3460 2219 3501; x_wconf 75' lang='lat' dir='ltr'>Nam</span> 
     </span>
    </p>
   </div>
   <div class='ocr_carea' id='block_1_12' title="bbox 1157 3521 2219 3582">
    <p class='ocr_par' dir='ltr' id='par_1_14' title="bbox 1157 3521 2219 3582">
     <span class='ocr_line' id='line_1_110' title="bbox 1157 3521 2219 3582; baseline -0.008 -14"><span class='ocrx_word' id='word_1_717' title='bbox 1157 3580 1159 3582; x_wconf 26' lang='grc'><strong>,</strong></span> <span class='ocrx_word' id='word_1_718' title='bbox 1191 3532 1407 3579; x_wconf 79' lang='lat' dir='ltr'>postquam</span> <span class='ocrx_word' id='word_1_719' title='bbox 1448 3528 1660 3578; x_wconf 84' lang='lat' dir='ltr'>religiosus</span> <span class='ocrx_word' id='word_1_720' title='bbox 1697 3526 1776 3565; x_wconf 82' lang='lat' dir='ltr'>tria</span> <span class='ocrx_word' id='word_1_721' title='bbox 1814 3528 1907 3563; x_wconf 82' lang='lat' dir='ltr'>vota</span> <span class='ocrx_word' id='word_1_722' title='bbox 1939 3523 1984 3560; x_wconf 85' lang='lat' dir='ltr'>in</span> <span class='ocrx_word' id='word_1_723' title='bbox 2018 3521 2219 3561; x_wconf 72' lang='lat' dir='ltr'>Societate</span> 
     </span>
    </p>
   </div>
   <div class='ocr_carea' id='block_1_13' title="bbox 1193 3581 2219 3641">
    <p class='ocr_par' dir='ltr' id='par_1_15' title="bbox 1193 3581 2219 3641">
     <span class='ocr_line' id='line_1_111' title="bbox 1193 3581 2219 3641; baseline -0.002 -11"><span class='ocrx_word' id='word_1_724' title='bbox 1193 3590 1357 3636; x_wconf 80' lang='lat' dir='ltr'>emittit,</span> <span class='ocrx_word' id='word_1_725' title='bbox 1376 3589 1539 3630; x_wconf 87' lang='lat' dir='ltr'>subdit:</span> <span class='ocrx_word' id='word_1_726' title='bbox 1558 3589 1621 3630; x_wconf 75' lang='lat' dir='ltr'>Et</span> <span class='ocrx_word' id='word_1_727' title='bbox 1636 3586 1826 3641; x_wconf 74' lang='lat' dir='ltr'>promitto</span> <span class='ocrx_word' id='word_1_728' title='bbox 1843 3583 2016 3626; x_wconf 62' lang='lat' dir='ltr'>eandm</span> <span class='ocrx_word' id='word_1_729' title='bbox 2034 3581 2219 3629; x_wconf 58' lang='lat' dir='ltr'>Societa-</span> 
     </span>
    </p>
   </div>
   <div class='ocr_carea' id='block_1_14' title="bbox 2129 188 2266 256">
    <p class='ocr_par' dir='ltr' id='par_1_16' title="bbox 2129 188 2266 256">
     <span class='ocr_line' id='line_1_112' title="bbox 2129 188 2266 256; baseline -0.029 0"><span class='ocrx_word' id='word_1_730' title='bbox 2129 188 2266 256; x_wconf 64' lang='lat' dir='ltr'>‘zeir</span> 
     </span>
    </p>
   </div>
  </div>
 </body>
</html>
