2352 3880
169 264 255 309 982

169 399 245 437 est.
275 392 380 436 Nam
400 392 495 434 finis
514 404 606 434 esse
625 389 764 445 debet,
785 397 833 435 ut
858 391 1036 448 proximi
1053 394 1110 435 ad
1124 395 1198 436 he-

166 470 236 506 ne,
254 457 461 507 beateque
479 455 703 496 vivendum
721 455 977 497 aedificentur
988 461 1033 496 et
1051 455 1197 498 exhor-

158 522 318 562 tentur
343 517 404 558 De
424 520 600 569 utroque
630 517 797 571 egregie
825 516 927 558 dixit
952 516 1192 570 Gregorius,

157 565 206 618 in
225 578 345 632 epist.
367 579 422 619 ad
434 578 686 628 Leandrum,
703 583 798 621 ante
817 578 944 620 libros
957 579 1190 631 Moralium,

154 632 252 692 kap.
275 635 484 683 seeundo:
507 642 697 694 Quisquis
717 641 760 682 de
775 640 855 682 Deo
872 640 1063 694 loquitur,
1082 646 1194 684 curet

159 712 312 743 neeesse
330 706 402 751 est,
424 706 471 745 ut
488 702 685 756 quidquid
700 701 949 743 audientium
975 713 1102 743 mores
1127 704 1191 744 in-

157 764 286 805 struit
303 765 474 806 rimetur
486 794 496 814 ,
523 768 561 805 et
579 765 681 805 hune
695 767 797 804 reete
815 762 996 815 loquendi
1015 763 1189 805 ordinem

152 815 335 876 &putea
352 827 393 867 si
411 838 500 868 eum
519 825 731 880 opportuni
734 827 796 865 tas
815 824 1090 876 aedificationis
1109 826 1190 866 ext-

152 886 232 943 φ’ἰ,
252 888 298 928 ab
321 900 360 927 eo
380 900 420 928 se
433 918 447 937 ,
469 889 571 940 quod
588 886 693 939 loqui
712 889 895 935 coeperat,
914 886 1070 926 utiliter
1087 886 1189 929 deri-

150 951 239 992 wt.
262 949 494 988 AEdificatio
516 960 613 999 ergo
631 947 805 998 proximi
827 958 917 985 esse
942 946 1068 987 debet
1098 960 1188 988 sco-

151 1018 234 1064 pus
248 1009 577 1063 praedicationis3
605 1009 793 1047 doctrina
815 1012 953 1047 autem
978 1013 1019 1049 et
1038 1011 1187 1051 modus

153 1072 246 1124 ejus
262 1073 360 1111 talia
389 1083 479 1110 esse
500 1069 675 1117 debent,
696 1069 834 1120 qualia
856 1069 914 1108 illi
942 1070 1015 1110 fini
1034 1072 1187 1112 fuerint

152 1131 478 1172 accommodata.
500 1130 563 1171 Ad
589 1130 775 1170 debitum
795 1134 935 1169 autem
953 1131 1081 1171 finem
1099 1145 1187 1172 ma-

150 1193 261 1232 xime
284 1197 444 1245 spectat
466 1205 552 1233 non
582 1192 790 1244 propriam
812 1191 995 1239 laudem,
1016 1205 1094 1234 nec
1113 1206 1189 1247 po·-

149 1255 339 1308 pularem
365 1266 510 1294 auram
544 1254 587 1293 in
620 1253 889 1293 concionibus
917 1265 1120 1305 quaerere,
1142 1262 1188 1296 ut

149 1314 301 1356 diserte
317 1316 618 1364 traditl’aulus‚
645 1317 659 1355 ⁴
683 1315 869 1355 Thessal.
884 1317 909 1355 2
930 1327 939 1354 :
959 1316 1055 1357 Non
1072 1319 1189 1369 quasi

149 1379 377 1419 nominibus
397 1379 596 1430 placentes
616 1379 686 1418 sed
706 1379 796 1427 Dec,
821 1378 890 1430 qui
907 1379 1051 1430 probat
1071 1381 1188 1421 eorda

147 1444 305 1486 nostra,
303 1455 310 1463 ·
328 1452 395 1481 nee
414 1441 518 1480 enim
539 1440 753 1492 aliquando
780 1439 935 1489 fuimus
953 1440 997 1478 in
1013 1451 1188 1481 sermone

149 1502 412 1551 adulationis,
438 1515 505 1543 nee
525 1505 739 1554 qucerentes
765 1502 811 1541 ab
848 1502 1072 1542 hominibus
1101 1503 1187 1553 ¹qlo-

143 1563 268 1627 riam,
292 1567 398 1613 etc.;
433 1563 545 1612 ideo,
571 1565 616 1602 ut
635 1563 954 1615 Chrysostomus
976 1563 1045 1611 ait,
1068 1563 1138 1602 lib.
1160 1567 1186 1604 5

144 1610 197 1663 de
215 1625 446 1674 Sacerdot„
459 1625 501 1664 in
517 1625 749 1696 principio:
772 1625 900 1667 Nemo
917 1628 1046 1675 potest
1065 1626 1185 1674 finem

141 1688 443 1738 praedicationis
471 1690 644 1739 assequi,
678 1688 760 1727 nisi
787 1687 1018 1739 popularem
1042 1699 1184 1729 auram

144 1753 394 1802 aspernetur.
432 1750 480 1789 Et
510 1749 616 1789 infra
648 1761 661 1789 ε
694 1745 806 1790 Nam
828 1749 865 1789 si
890 1749 1038 1800 plausu
1069 1753 1186 1802 atque

143 1820 247 1850 aura
261 1811 452 1864 populari
471 1811 672 1866 vincatur,
696 1814 778 1850 tum
798 1811 900 1862 ipsi,
927 1813 1011 1850 tum
1045 1812 1183 1851 multi-

142 1873 287 1922 tudini,
321 1885 409 1925 quoe
443 1874 573 1919 audit,
608 1873 797 1913 damnum
832 1872 1184 1925 detrimentumque

142 1934 290 1985 affert,·
305 1947 400 1974 nam
420 1934 536 1974 suaet
565 1935 727 1974 laudum
748 1935 939 1974 desiderio
960 1939 1113 1986 eaptus,
1132 1937 1186 1976 ad

142 1996 370 2037 auditorum
393 1997 572 2048 qratiam
596 1997 726 2049 maqis
755 2007 872 2047 quam
893 1996 947 2035 ad
963 1997 1182 2036 utilitatem

141 2056 298 2098 dicendi
318 2058 396 2098 vim
415 2062 579 2099 exercet.
598 2058 646 2097 Et
659 2058 686 2096 l.
707 2058 731 2096 6
748 2057 789 2095 in
810 2057 1000 2096 eamdem
1015 2062 1183 2098 senten-

139 2118 240 2158 tiam
270 2118 367 2158 dicit
390 2132 399 2158 :
429 2118 506 2167 Qut
531 2120 703 2160 aliorum
726 2120 1001 2160 edocendorum
1019 2121 1183 2171 provin-

139 2182 246 2222 ciam
264 2182 510 2232 susceperit,
531 2183 569 2222 is
588 2194 635 2221 ne
660 2182 703 2221 de
720 2181 892 2221 aliorum
913 2180 1095 2222 laudibus
1115 2183 1180 2223 de-

135 2245 328 2296 pendeat,
354 2256 447 2284 neve
478 2243 574 2283 aliis
595 2243 773 2282 animum
803 2243 1053 2293 despondeat,
1081 2244 1180 2295 quin

139 2307 365 2345 orationum
391 2306 460 2345 hoe
493 2305 704 2345 eonsilium
733 2305 977 2354 meditatus,
1017 2306 1066 2344 ut
1095 2305 1179 2345 Deo

138 2370 269 2418 qratae
289 2371 405 2419 atque
425 2370 589 2417 acceptae
609 2367 712 2414 sint,
735 2366 837 2405 nune
856 2377 976 2404 unum
996 2366 1075 2407 sibi
1095 2369 1176 2406 sta*

138 2432 230 2470 tuat
250 2440 429 2468 canonem
446 2439 491 2468 ac
513 2428 728 2468 terminum
747 2426 890 2478 optimi
908 2427 1073 2469 illarum
1095 2429 1181 2479 opi-

134 2490 238 2541 ficii,
267 2502 345 2529 non
378 2489 498 2529 etiam
525 2489 714 2542 plausum
748 2500 795 2528 ac
825 2488 1105 2527 laudationem.
1131 2488 1180 2529 Et

137 2551 245 2591 infra
264 2561 275 2590 :
292 2550 510 2592 Abundans
531 2551 632 2590 enim
652 2550 718 2589 illi
733 2550 861 2598 fuerit
879 2549 1060 2589 laborum
1073 2550 1179 2590 sola-

138 2614 256 2662 tium,
279 2614 455 2666 idemque
480 2614 655 2652 omnium
676 2615 778 2652 certe
797 2611 1032 2661 maximum,
1052 2612 1089 2651 si
1102 2613 1179 2653 sibi

137 2674 222 2725 ipse
241 2675 421 2715 conscius
438 2686 518 2714 esse
530 2675 722 2724 potuerit,
738 2672 791 2713 ad
808 2673 911 2712 hanc
927 2684 967 2712 se
985 2674 1180 2713 rationem

138 2737 372 2785 doctrinam,
403 2736 738 2787 eloquentiamque
759 2746 875 2776 suam
902 2735 1177 2789 composuisse,

138 2802 256 2849 atque
274 2799 500 2847 adaptasse,
523 2800 570 2836 ut
597 2797 678 2836 Deo
700 2795 774 2834 illa
792 2796 974 2846 placens,
1002 2800 1180 2846 accepta-

93 2884 102 2908 »‚
134 2868 210 2911 ⁸que
228 2858 317 2907 fiat.
351 2857 508 2897 Similia
531 2857 583 2896 de
610 2857 833 2895 verborum
855 2857 1028 2903 ambitu,
1055 2869 1179 2895 vana-

140 2930 220 2970 que
253 2920 530 2958 ostentatione
568 2918 612 2956 in
644 2917 929 2955 concionando
966 2918 1180 2968 eleganter

140 2980 455 3031 reprehendunt
492 2980 540 3018 D.
581 2979 859 3028 Hieronymus
873 3007 882 3024 ,
920 2977 974 3016 ad
1011 2979 1175 3028 Nepot„

138 3045 234 3096 post
262 3041 462 3087 medium,
494 3040 649 3079 abillis
682 3039 819 3078 verbis
851 3051 861 3077 ε
891 3039 1059 3079 Doeente
1079 3043 1115 3080 te
1134 3041 1180 3080 in

110 3146 115 3149 Α
139 3103 330 3145 Ecclesia
344 3114 421 3142 non
438 3101 588 3141 elamor
604 3100 761 3153 populi,
778 3101 845 3140 sed
858 3102 1028 3150 qemitus
1047 3102 1178 3142 susei-

138 3168 271 3211 tetur;
293 3166 333 3203 et
356 3163 627 3214 Augustinus,
646 3163 672 3199 4
692 3161 743 3200 de
759 3160 942 3200 Docti-in.
960 3161 1104 3201 Christ.
1110 3192 1123 3212 ,
1137 3174 1179 3202 m·

139 3226 182 3277 δ,
201 3225 254 3266 ab
273 3225 342 3266 illo
359 3225 450 3264 loco
472 3238 481 3263 :
507 3223 584 3265 Cui
604 3223 751 3274 affluit
774 3223 983 3273 insipienti
999 3223 1178 3277 eloquen-

140 3289 217 3336 tia,
239 3289 335 3336 etc.;
348 3287 395 3326 D.
414 3286 651 3337 Gregorius,
671 3287 721 3324 22
735 3284 898 3333 Moral.‚
914 3298 1004 3338 cap.
1020 3282 1164 3324 duode

141 3350 275 3399 cimo,
306 3349 350 3388 in
376 3347 558 3388 editione
576 3347 764 3387 Vatican.
799 3357 811 3386 z
841 3346 998 3394 Quoties
1017 3347 1174 3388 audito-

142 3423 220 3458 res,
249 3414 344 3457 etc.;
371 3410 421 3451 D.
449 3409 660 3457 Ambros.,
687 3408 732 3447 in
753 3406 854 3446 illud
877 3409 893 3448 1
922 3406 1101 3448 Corinth.
1123 3410 1172 3449 1·

141 3472 238 3514 Non
257 3473 300 3512 in
319 3471 518 3523 sapientia
536 3469 666 3518 verbi;
686 3469 982 3517 Nazianzenus,
1004 3469 1047 3508 in
1065 3469 1173 3522 Apo·

142 3534 289 3585 leget..
323 3545 437 3573 num.
471 3530 571 3572 mihi
601 3534 652 3574 79
682 3531 810 3573 :Non
845 3532 946 3571 enim
975 3530 1175 3585 plerisque

143 3594 294 3636 similes
313 3606 467 3643 sumus,
487 3595 557 3648 qui
574 3593 762 3635 veritatis
779 3593 998 3632 doctrinam
1022 3592 1176 3635 adulte-

143 3659 254 3704 rant,
267 3659 371 3705 etc.;
386 3656 431 3695 D.
449 3651 699 3706 Bernartius,
712 3665 837 3694 serm.
851 3655 902 3694 59
920 3653 964 3692 in
975 3653 1109 3702 Cant„
1121 3653 1177 3695 ad

510 264 588 300 ma
609 261 666 300 ix.
688 262 745 301 nu
760 260 913 308 mus,
935 259 1016 302 sm
1033 223 1289 308 ammas,
1310 260 1460 308 omnus
1477 256 1535 299 ao
1554 253 1834 307 rnoxmonm
1853 258 1980 304 m
2230 307 2245 315 (Ἴ

170 333 247 376 bus
267 332 432 377 adeum
457 329 616 373 finem
604 343 646 372 1n
665 330 756 385 ipsa
775 330 974 375 concione
994 329 1198 374 utendum
1250 331 1380 380 iilud,
1423 331 1506 375 Vota
1538 331 1732 373 turturis.
1766 331 1947 383 Legum·
1980 329 2106 378 etium
2275 342 2277 346 ⁴
2302 324 2310 356 .ss

1250 392 1624 459 quinquagesimus
1635 396 1820 433 octavus.
1832 393 1987 434 Etldeo
2005 395 2046 436 S-.
2064 397 2318 463 Bonafflff-
2350 428 2352 433 .

1245 459 1357 506 tura,
1375 455 1509 495 tract.
1523 453 1576 495 de
1606 453 1792 495 interiori
1821 454 2006 504 homine,
2027 458 2052 498 1
2070 464 2114 511 p
2103 483 2133 510 ,
2153 461 2234 505 (3.1
2263 457 2280 487 ’ἢ
2311 495 2317 506 ,

1249 517 1346 558 dicit
1365 515 1526 556 nullum
1544 515 1788 571 religiosum
1807 516 1960 556 debere
1989 515 2190 573 accipere,
2240 567 2242 570 y
2267 519 2317 570 53
2349 559 2352 561 ,

1244 578 1348 620 dum
1376 578 1569 619 affectat-e
1587 577 1842 631 praedicandi
1861 586 2034 628 munus,
2062 579 2202 624 donee
2211 584 2306 626 aa..
2349 580 2352 623 ζ

1246 641 1396 683 cendat
1428 637 1483 680 ad
1511 639 1629 680 illum
1648 639 1808 680 virtutis
1829 639 2021 692 gradum,
2042 649 2168 693 quem
2185 634 2307 710 ipio

1245 706 1441 755 quartum
1471 711 1630 741 aunum
1663 701 1864 753 appellat,
1888 701 2042 742 scilicet
2067 712 2144 755 pro
2165 696 2302 750 hum

1244 776 1368 817 opere
1383 762 1529 803 laudes
1545 766 1585 803 et
1598 764 1804 803 humanos
1818 763 1998 803 honores
2014 762 2311 813 contemnent]

1243 830 1285 866 et
1301 823 1501 874 fastidire,
1524 828 1565 865 et
1585 837 1770 877 quaerere
1791 822 1917 864 solius
1939 824 2010 865 Dei
2029 825 2218 879 gloriam,
2233 819 2307 875 ut]
2346 815 2352 877 ᾗ

1242 888 1421 928 salutem
1453 887 1701 926 animarum.
1733 885 1782 926 Et
1816 886 1954 926 subdit
1991 899 2001 927 :
2041 881 2315 946 Quicumque·
2347 892 2352 942 ;

1243 954 1334 990 ante
1353 950 1454 990 hune
1475 959 1623 988 annum
1643 960 1683 988 se
1699 948 1863 999 inperii,
1890 959 1958 988 nec
1975 949 2115 990 saluti
2124 950 2273 993 anima-
2294 950 2306 1001 ’ζ’
2347 979 2352 984 -

1243 1022 1333 1052 rum
1351 1009 1528 1063 proficit,
1549 1020 1617 1050 nee
1642 1008 1721 1050 sibi
1739 1009 1968 1050 meritorius
1983 1014 2148 1062 propter
2163 1013 2276 1054 vani—
2292 1003 2314 1043 1'.
2346 1007 2352 1051 *J

1242 1075 1365 1114 tatem
1385 1076 1421 1113 et
1437 1072 1654 1119 levitatem,
1675 1082 1744 1111 nec
1763 1071 1858 1111 aliis
1879 1073 1936 1111 est
1951 1072 2179 1124 proficuus,
2197 1075 2271 1119 ete.
2291 1117 2293 1121 Α
2347 1116 2352 1124 ⁴

1243 1134 1331 1174 Hoc
1352 1134 1531 1184 denique
1549 1136 1624 1179 est,
1642 1132 1755 1184 quod
1774 1132 2132 1173 concionatoribus
2144 1134 2276 1177 Socie-
2295 1170 2299 1178 .
2344 1151 2352 1164 ¹

1242 1196 1337 1237 tatis
1359 1195 1402 1235 in
1424 1207 1569 1235 eorum
1592 1194 1746 1246 regulis
1773 1194 1911 1234 statim
1944 1194 2057 1234 initio
2082 1197 2275 1250 proponi·
2293 1227 2305 1248 z
2345 1208 2352 1226 ³

1241 1261 1329 1298 tur:
1345 1260 1539 1299 Memores
1553 1258 1652 1305 sint,
1664 1260 1818 1297 vocatos
1832 1269 1871 1297 se
1883 1267 1963 1297 esse
1975 1257 2031 1298 ad
2040 1258 2284 1301 reducendae·
2348 1252 2352 1274 ³

1243 1320 1401 1360 animas
1417 1331 1486 1359 suo
1501 1319 1684 1366 creatori,
1702 1321 1781 1358 etc.
2303 1322 2309 1329 ²
2342 1350 2352 1376 Ξ

1296 1383 1361 1421 35.
1394 1381 1530 1422 Media
1566 1379 1780 1422 Societatis
1814 1380 1868 1421 ad
1885 1380 2056 1422 eumdem
2071 1383 2205 1433 finem.
2224 1401 2277 1415 =-
2344 1406 2352 1433 s

1241 1439 1417 1484 Medium
1437 1453 1558 1483 unum
1577 1454 1650 1494 pro
1675 1454 1751 1482 usu
1771 1443 2146 1484 concionandi—Et
2158 1444 2277 1496 juxta
2343 1436 2352 1489 ’ζ

1240 1503 1352 1543 hunc
1381 1503 1507 1542 finem
1528 1503 1667 1542 media
1687 1508 1990 1554 proponuntur,
2012 1509 2052 1544 et
2082 1507 2276 1558 supponi-

1241 1569 1309 1605 tur
1326 1576 1433 1617 pura
1450 1565 1616 1604 intentio
1638 1564 1766 1604 divini
1783 1565 1954 1612 servitii,
1977 1570 2013 1606 et
2031 1567 2134 1607 zetus
2153 1569 2280 1609 since·
2343 1554 2352 1564 ⁴

1239 1639 1312 1668 rus
1343 1627 1568 1667 animarum
1590 1626 1644 1666 ad
1671 1626 1842 1678 qloriam
1863 1627 2006 1667 divinoe
2027 1629 2276 1680 majestatis;
2303 1627 2314 1675 f
2344 1623 2352 1673 ἶ

1238 1688 1502 1740 postulantur
1519 1687 1644 1726 etiam
1665 1687 1800 1728 solidae
1817 1688 2000 1737 virtutes,
2019 1702 2065 1730 ae
2079 1690 2276 1744 proecipne
2303 1679 2310 1710 3

1240 1750 1421 1792 charitas
1442 1752 1478 1789 et
1491 1749 1760 1799 familiaritas
1779 1761 1864 1789 cum
1884 1751 1962 1790 Deo
1985 1752 2030 1790 in
2048 1750 2277 1802 spirituali·
2303 1791 2305 1796 ,
2323 1750 2352 1781 Γ·

1238 1811 1309 1852 bus
1329 1811 1550 1851 exercitiis.
1571 1811 1727 1850 Deinde
1752 1822 1851 1850 vero
1877 1810 1919 1850 in
1942 1812 2103 1852 caeteris
2123 1810 2275 1865 regulis

1236 1872 1561 1927 prudentissima
1596 1873 1734 1911 media
1770 1873 1942 1912 moralia
1976 1874 2271 1924 consuluntur,

1238 1945 1331 1986 quae
1350 1935 1402 1973 ad
1432 1938 1599 1972 strenue
1621 1934 1700 1973 hoc
1726 1945 1878 1972 munus
1897 1935 2177 1985 praestandum
2197 1937 2276 1976 uti-

1235 1996 1394 2036 lissima
1414 2000 1522 2035 sunt.
1544 1995 1711 2035 Omissis
1739 2000 1878 2034 autem
1902 1995 2008 2045 aliis,
2031 2008 2122 2048 quae
2143 1996 2275 2051 magis
2302 1987 2316 2012 Ἴ·
2336 2041 2342 2046 ,

1238 2062 1335 2098 sunt
1355 2058 1586 2098 extrinseca
1605 2061 1645 2097 et
1667 2057 1824 2108 pervia,
1844 2058 1927 2096 duo
1949 2064 2045 2098 sunt
2062 2057 2180 2099 valde
2202 2072 2276 2100 no-
2349 2064 2352 2065 ⁷

1236 2118 1387 2169 tanda,
1416 2130 1508 2169 quae
1540 2118 1593 2157 ad
1624 2116 1761 2169 ipsum
1795 2117 1967 2157 modum
2000 2123 2041 2159 et
2070 2121 2275 2162 actualem
2306 2140 2308 2146 ·
2338 2126 2350 2162 ῤ

1235 2194 1359 2221 usum
1391 2181 1615 2233 pertinent.
1639 2180 1778 2219 Unum
1806 2183 1870 2220 est
1898 2181 1943 2219 in
1966 2182 2112 2232 regula
2146 2194 2272 2232 nona,
2296 2197 2307 2218 t
2342 2206 2346 2210 ·

1231 2244 1402 2290 scilicet,
1445 2243 1499 2284 Ut
1527 2254 1570 2283 ea
1596 2243 1743 2294 populo
1760 2246 1988 2295 proponant
2014 2255 2102 2295 quoe
2129 2246 2183 2284 ad
2212 2257 2272 2286 ea-
2300 2260 2307 2274 »
2335 2263 2339 2266 -

1226 2309 1343 2355 ptitm
1366 2308 1403 2344 et
1427 2304 1648 2344 utilitatem
1668 2301 1913 2344 audientium
1933 2308 2047 2343 erunt
2066 2314 2274 2345 accommo-
2299 2336 2303 2355 .-

1233 2367 1342 2411 data‚
1363 2364 1489 2418 iisque
1508 2365 1717 2411 insistant,
1740 2375 1827 2416 quoe
1847 2364 1901 2404 ad
1919 2363 2189 2405 Christianam
2207 2365 2272 2406 in-
2304 2391 2305 2394 =

1232 2428 1496 2475 stitutionem,
1523 2428 1638 2479 atque
1658 2427 1711 2465 ad
1730 2426 1969 2476 eoetirpanda
1988 2426 2107 2474 vitia,
2136 2431 2174 2466 et
2191 2426 2272 2467 vir·
2333 2420 2339 2439 ²

1234 2491 1341 2531 tutes
1359 2489 1593 2528 inserendas
1609 2488 1769 2535 valent,
1794 2490 1878 2529 eta
1904 2499 2038 2528 rerum
2064 2488 2271 2530 subtilium
2299 2492 2302 2496 '
2330 2506 2339 2543 j

1235 2552 1397 2592 curiosa
1427 2549 1666 2590 tractatione
1690 2560 1733 2589 se
1759 2548 1997 2589 abstineant.
2029 2549 2126 2596 Quae
2146 2549 2270 2590 verba
2295 2556 2299 2559 ’
2330 2589 2335 2592 ⁴

1233 2610 1322 2651 fere
1338 2615 1502 2662 sumpta
1526 2614 1624 2650 sunt
1641 2623 1692 2649 ex
1708 2614 1852 2650 octava
1873 2615 1989 2661 parte
2008 2612 2271 2652 Constitutio-
2295 2645 2306 2659 ‚7

1234 2685 1352 2719 num,
1375 2673 1508 2724 capite
1527 2677 1686 2721 octavo,
1709 2671 1788 2723 §3,
1812 2675 1992 2722 suntque
2012 2671 2139 2711 veluti
2160 2685 2252 2713 com
2276 2698 2307 2742 ‘t'
2350 2670 2352 2688 ¹

1233 2736 1463 2774 mentalius
1487 2735 1655 2785 quidam
1681 2734 1902 2772 verborum
1931 2731 2149 2773 pontificis.
2174 2732 2307 2775 Pro·
2284 2761 2294 2770 »-
2339 2776 2346 2780 ,

1232 2796 1504 2846 sequiturque
1525 2796 1606 2835 hoc
1631 2795 1927 2833 documentum
1961 2777 2297 2846 Nazianzenus,{f
2324 2805 2333 2848 j

1230 2854 1276 2901 in
1296 2857 1531 2908 Apologet„
1552 2868 1595 2894 n.
1618 2856 1671 2894 64
1698 2853 1890 2895 editionis
1916 2854 2014 2894 anni
2040 2857 2171 2896 4609:
2193 2858 2299 2902 Καρ

1234 2918 1306 2965 ait,
1329 2917 1489 2957 minime
1506 2916 1688 2969 vulqaris
1704 2919 1895 2968 parvique
1919 2917 2092 2971 spiritus
2117 2928 2197 2959 esse
2213 2918 2299 2974 1)ἰὲἼ
2320 2932 2346 2970 ,ς

1232 2980 1362 3027 detur,
1390 2979 1513 3027 verbi,
1539 2979 1703 3030 perinde
1730 2989 1777 3018 ac
1804 2976 1936 3019 tritici
1958 2990 2184 3019 mensuram
2205 2977 2294 3031 op-,Is
2320 2982 2345 3009 f?

1230 3044 1398 3093 portuno
1426 3040 1563 3092 cuique
1589 3041 1698 3088 dare,
1728 3043 1765 3080 et
1787 3041 2013 3091 doqmatum
2043 3041 2282 3085 nostrorum}
2325 3061 2335 3064 >

1229 3102 1439 3143 veritatem
1454 3113 1541 3143 eum
1550 3101 1703 3153 judicio
1724 3102 1970 3156 dispensare.
1996 3099 2046 3140 Et
2069 3101 2287 3153 eloquen-
2283 3129 2287 3132 -

1231 3162 1391 3203 tissime
1436 3163 1482 3202 D
1525 3162 1768 3215 GregoriuS,
1803 3161 1832 3202 1.
1871 3161 2070 3215 i7,oap.
2107 3159 2342 3218 decimui,'23‘

1230 3228 1394 3277 quarto,
1417 3223 1489 3264 ubi
1506 3224 1615 3263 inter
1634 3223 1714 3263 alia
1736 3222 1788 3264 de
1808 3223 2014 3276 Apostolis
2033 3223 2112 3264 ait.
2136 3196 2288 3265 Oura-‘f
2320 3258 2338 3287 ἱ

1228 3290 1369 3327 verunt
1399 3294 1640 3339 summopere
1669 3285 1838 3325 rudibus
1874 3285 2034 3337 populis
2063 3282 2188 3338 plana
2224 3262 2329 3347 oft?

1229 3346 1463 3400 captantia,
1477 3357 1554 3388 non
1573 3356 1728 3388 summa
1749 3350 1864 3400 atque
1881 3345 2011 3388 ardua
2024 3336 2283 3400 praedicare-''-

1228 3409 1346 3456 Quod
1376 3408 1500 3449 etiarn
1524 3419 1618 3448 cum
1645 3407 1786 3447 multis
1813 3408 1904 3447 aliis
1935 3405 2112 3460 egreglis
2133 3405 2278 3456 doen-3

1228 3472 1378 3512 mentis
1398 3470 1565 3511 tradunt
1585 3470 1738 3523 optime
1759 3470 1983 3510 Concilium
2001 3439 2285 3518 Senonensmt

1228 3532 1272 3571 in
1293 3532 1477 3572 Decretis
1498 3542 1684 3582 morum,
1713 3543 1803 3584 cap.
1825 3530 2035 3584 trigesimo
2055 3533 2190 3577 sexte,
2207 3514 2287 3569 61.ἷὲ

1227 3595 1383 3634 Trevei
1386 3604 1486 3634 ense
1514 3592 1577 3642 11,
1608 3603 1701 3645 cap.
1729 3593 1777 3642 3,
1809 3595 1852 3632 et
1884 3590 1983 3632 satis
2005 3558 2299 3651 siguificatfff

1228 3653 1274 3695 in
1291 3653 1471 3695 Concilio
1489 3621 1729 3694 Tridentino
1748 3659 1887 3706 supra.
2313 3657 2327 3671 '
