2352 3880
16 127 135 151 “““““

181 300 368 373 quamvis
383 303 534 354 praeter
551 299 622 339 illa
637 299 829 341 emittant
845 304 936 340 vota
955 311 1044 340 suae
1057 301 1206 352 profes-

179 364 282 404 sioni
300 363 415 415 quasi
440 371 616 400 annexa.
649 360 835 400 Fortasse
861 361 986 402 etiam
1017 360 1070 400 oh
1098 361 1205 403 hane

179 436 344 464 causam
377 423 444 475 (ut
469 421 560 461 aliis
582 421 682 462 locis
711 434 761 462 ex
784 422 1147 464 Constitutionibus
1164 427 1206 464 et

176 485 372 526 Examine
391 484 435 523 in
450 484 590 524 eodem
611 484 744 536 primo
761 489 1004 535 argumento
1021 485 1204 525 adductis

175 546 504 598 respondeamus)
521 547 566 585 in
582 546 758 586 formula
777 547 966 594 vovendi,
989 551 1029 586 et
1043 548 1086 586 in
1100 548 1201 587 Cor

174 607 469 656 stitutionihus,
486 607 676 647 distincto
700 607 826 647 verbo
853 607 1110 659 promittendi
1126 607 1203 648 hoc

173 674 315 709 votum
333 669 577 722 proponitur
601 673 641 709 et
665 669 911 718 declaratur,
933 675 980 708 ut
999 670 1202 709 indicetur

172 743 256 771 non
275 731 480 784 pertinere
506 731 724 771 intrinsece
743 730 795 770 ad
818 735 1054 781 praesentem
1077 731 1202 770 tradi-

171 793 344 841 tionem,
362 796 404 832 et
433 795 587 832 statum
614 793 684 844 qui
704 804 776 843 per
794 791 906 830 illam
926 791 1198 840 constituitur,

170 854 240 894 sed
258 866 343 894 esse
363 866 518 893 meram
538 853 848 906 promissionem
873 853 923 892 de
942 852 1096 902 futuro,
1119 853 1200 892 Deo

169 919 306 955 tamen
325 915 495 962 factam,
513 927 560 954 ac
586 913 756 965 proinde
774 925 857 952 non
874 914 1077 953 exclusam
1097 926 1121 953 a
1139 926 1199 954 ra-

169 977 281 1016 tione
304 977 410 1024 voti,
432 976 617 1027 quamvis
642 987 689 1014 ea
710 985 807 1014 voce
835 986 919 1013 non
943 975 1193 1015 nominetur.

167 1039 349 1090 Denique
365 1037 416 1076 ad
430 1037 599 1076 alteram
617 1040 789 1088 partem,
816 1036 901 1087 jam
920 1036 1119 1076 declarata
1137 1042 1197 1076 est

167 1098 291 1150 hujus
310 1099 393 1139 voti
421 1098 589 1146 utilitas,
610 1098 676 1135 cui
690 1097 795 1135 nihil
814 1098 944 1136 obstat
961 1097 1069 1148 quod
1088 1111 1137 1137 ex
1156 1098 1198 1137 vi

167 1161 294 1200 trium
327 1164 515 1198 votorum
543 1163 726 1210 apostata
751 1159 813 1206 sit,
849 1159 920 1210 qui
946 1159 1069 1198 talem
1101 1159 1196 1198 reli—

169 1222 331 1274 gionem
352 1221 502 1260 deserit
510 1232 523 1270 ;
543 1221 639 1272 quia
665 1221 777 1259 aliud
797 1224 857 1258 est
875 1233 1134 1272 perseverare
1154 1223 1198 1260 in

167 1287 276 1323 statu
309 1286 533 1334 assumpto,
554 1282 664 1321 aliud
695 1282 744 1321 ad
767 1281 1002 1320 ulteriorem
1022 1282 1198 1332 gradum

165 1344 357 1384 transire:
375 1344 427 1383 ad
463 1343 564 1382 illud
600 1343 711 1394 prius
737 1343 983 1381 sufficienter
1013 1342 1198 1392 obligant

163 1407 246 1446 tria
278 1410 387 1455 vota,
408 1409 447 1444 et
485 1405 546 1444 illi
579 1405 822 1455 obligationi
856 1404 1107 1443 contrarium
1137 1408 1197 1443 est

165 1467 373 1519 apostasiae
389 1467 539 1505 vitium
553 1480 563 1515 ;
582 1466 633 1505 ad
649 1466 726 1505 hoc
745 1469 883 1505 autem
901 1466 1099 1516 posterius
1113 1477 1195 1504 non

165 1529 350 1579 obligant
364 1529 433 1567 illa
459 1532 552 1567 vota
571 1539 644 1580 per
664 1540 706 1567 se
726 1531 920 1580 spectata,
941 1539 1074 1579 neque
1092 1531 1196 1567 esset

164 1594 361 1641 apostata,
380 1590 451 1640 qui
477 1601 740 1640 perseverans
771 1590 815 1628 in
845 1593 952 1628 statu
990 1593 1031 1628 et
1064 1589 1195 1639 gradu

163 1655 387 1703 assumpto,
417 1651 543 1689 nollet
573 1650 811 1689 ulteriorem
848 1661 1081 1698 assumere3
1111 1661 1194 1688 me-

163 1713 242 1751 rito
264 1724 362 1762 ergo
379 1713 542 1750 additur
562 1723 717 1752 novum
746 1711 973 1762 vinculum,
994 1723 1075 1765 quo
1106 1710 1194 1751 haec

163 1773 381 1825 inducatur
400 1773 609 1825 obligatio.

517 1907 682 1947 CAPUT
710 1907 831 1948 XVII.

161 2034 256 2069 onos
281 2033 475 2063 nrrncrus
504 2031 661 2061 HABEAT
688 2032 803 2060 DICTA
830 2032 1033 2063 rnomssm
1059 2032 1191 2062 mann-

363 2076 366 2078 ’
454 2093 594 2123 mmm
622 2093 882 2123 sociarum.

215 2207 254 2245 1.
286 2205 484 2247 Tractata
505 2202 703 2256 superiori
732 2205 860 2256 eapite
888 2204 1098 2255 promissio
1126 2217 1192 2246 oe-

159 2279 250 2307 rum
279 2266 556 2318 obliqatz'onem
576 2268 729 2305 causat.
743 2287 796 2294 --
816 2266 990 2306 Dubium
1011 2268 1055 2306 de
1073 2271 1191 2308 mate-

160 2329 226 2369 ria
245 2328 341 2368 talis
362 2327 629 2379 obligationis.
642 2347 695 2355 —
708 2327 929 2377 Responsio
945 2328 996 2366 ad
1019 2340 1191 2379 praesen-

160 2394 243 2430 tem
268 2389 534 2440 quaestionem
555 2400 605 2427 ex
625 2387 889 2439 praecedentis
909 2388 1110 2428 decisione
1129 2389 1190 2428 vi-

159 2451 277 2492 detur
298 2450 511 2489 manifesta
530 2464 540 2497 ;
560 2449 805 2500 explicatum
823 2450 933 2488 enim
951 2462 975 2489 a
994 2450 1112 2489 nobis
1131 2455 1190 2490 est

156 2512 258 2564 quid
275 2512 326 2550 sit
344 2511 503 2562 ingredi
520 2511 762 2551 Societatem
779 2516 963 2562 respectu
977 2512 1102 2560 illius,
1118 2513 1189 2564 qui

156 2573 266 2614 intra
286 2573 415 2621 illam,
437 2577 478 2612 et
499 2572 543 2612 in
563 2573 701 2624 aliquo
718 2572 847 2623 gradu
869 2573 971 2623 ejus,
991 2577 1188 2625 tanquam

156 2646 276 2675 verns
295 2639 335 2674 et
354 2635 540 2687 proprius
554 2634 766 2685 religiosus
777 2636 864 2685 J'am
884 2634 1020 2673 existit
1037 2650 1047 2683 ;
1069 2647 1188 2674 omne

157 2700 293 2736 autem
314 2702 456 2735 votum
476 2696 529 2735 ad
545 2696 589 2744 id
612 2695 790 2746 obligat,
820 2696 869 2734 de
889 2708 970 2747 quo
995 2696 1041 2734 fit
1057 2707 1070 2746 3
1092 2709 1189 2748 ergo

155 2755 234 2796 hoc
256 2758 379 2796 etiam
401 2757 600 2806 obligabit
618 2757 667 2795 ad
692 2757 926 2808 praedictum
944 2758 1187 2807 ingressum,

158 2821 199 2857 et
215 2817 308 2856 talis
323 2817 524 2868 obligatio
544 2817 725 2867 praedicti
744 2818 828 2856 voti
848 2818 1012 2857 effectus
1029 2823 1101 2858 est.
1116 2820 1190 2858 De·

161 2877 317 2917 clarare
344 2890 442 2918 vero
465 2889 627 2918 necesse
658 2882 719 2917 est
746 2878 834 2928 ejus
866 2879 1094 2927 materiam,
1118 2891 1190 2919 seu

158 2938 259 2990 quid
286 2939 422 2978 facere
446 2942 646 2986 teneatur,
668 2938 739 2990 qui
771 2939 850 2978 tale
873 2942 1014 2978 votum
1038 2940 1188 2989 emisit,

157 3002 324 3042 utillud
340 3006 581 3053 exequatur,
602 3006 644 3042 et
665 3014 747 3041 suae
766 3002 1006 3053 obligationi
1032 3004 1188 3043 satisfa-

159 3063 252 3103 ciat.
274 3064 375 3103 Nam
396 3064 467 3116 qui
494 3063 627 3103 emisit
647 3068 787 3103 votum
806 3064 1042 3119 religionis,
1065 3066 1190 3117 potis—

156 3125 308 3166 simum
332 3125 435 3165 solet
461 3122 638 3176 obligari
657 3125 708 3166 ad
727 3126 951 3178 petendum
980 3130 1021 3166 et
1046 3138 1189 3178 procu-

156 3187 332 3228 randum
351 3187 471 3227 illum
489 3190 641 3226 statum
661 3199 671 3234 ;
693 3191 736 3227 et
753 3187 787 3227 si
805 3187 950 3239 aliquis
978 3187 1189 3239 religiosus

160 3249 272 3289 vovit
285 3249 458 3288 transire
473 3248 526 3288 ad
541 3249 755 3288 arctiorem
770 3248 1031 3300 religionem,
1047 3249 1190 3288 simili-

159 3313 222 3351 ter
250 3309 362 3350 subit
387 3309 682 3361 obligationem
715 3311 961 3362 procurandi
1000 3310 1190 3351 habitum

161 3371 261 3423 ejus.
277 3371 332 3412 At
347 3372 392 3412 in
411 3371 618 3424 praesenti,
638 3371 840 3411 scholares
855 3370 1078 3420 Societatis,
1098 3375 1190 3411 tan-

160 3435 249 3473 tum
267 3432 382 3472 abest
399 3437 447 3473 ut
467 3432 699 3484 obligentur
717 3432 770 3472 ad
797 3433 1098 3484 procurandum
1126 3432 1189 3472 ul-

159 3494 353 3535 teriorem
380 3494 559 3546 gradum
584 3495 630 3534 in
658 3494 872 3543 Societate,
894 3498 939 3533 ut
957 3496 1093 3546 potius
1110 3494 1189 3534 iuis

160 3555 259 3595 vitio
276 3556 411 3604 detur,
430 3555 498 3596 vel
516 3555 832 3610 imperfectioni,
860 3555 897 3596 si
923 3555 974 3596 de
1001 3568 1047 3596 re
1074 3555 1191 3608 quic-

158 3626 288 3667 quam
310 3617 534 3671 quuanum
545 3647 563 3668 ,
582 3617 651 3658 vel
665 3617 918 3660 desiderium
935 3617 989 3657 ad
1008 3617 1188 3670 aliquem

531 223 608 270 ΠΒ.
632 234 687 269 tv.
710 233 767 268 DE
783 231 906 268 VO'flS
925 227 1177 271 smm‘mms
1196 234 1436 272 crismam
1455 237 1511 271 m·
1527 234 1824 277 murmuris
1837 231 1969 273 Ἡῦ.

1259 302 1496 343 ulteriorem
1529 302 1704 354 gradum
1733 301 1967 342 ostendant.
1975 299 2088 348 Nm
2107 299 2201 345 in

1257 363 1568 404 stitutionibus
1555 364 1653 434 ipsis
1670 363 1878 403 Societatis
1901 362 2012 404 hoc
1997 375 2131 418 ipsum
2165 385 2169 401 2<

1256 423 1345 465 beri
1363 425 1550 473 videtum
1570 426 1615 465 in
1634 425 1845 472 Examine‚
1865 435 1953 477 cap.
1969 430 2098 475 sexto,
2115 425 2216 479 §5-

1258 491 1300 527 et
1316 498 1405 538 cap.
1427 491 1584 537 octavo,
1602 487 1647 527 in
1666 487 1882 539 principio,
1911 491 1954 527 et
1984 487 2128 539 quinta
2154 501 2224 541 p

1257 559 1293 589 c.
1314 549 1355 597 4,
1374 548 1399 600 ξ
1415 550 1455 598 5,
1474 549 1548 588 ubi
1565 549 1621 588 sic
1639 549 1813 588 dieitur.
1831 548 2052 600 Postquam
2069 540 2235 603 aliquis

1256 620 1397 661 corpus
1435 609 1654 651 societatis
1683 613 1885 661 cooptatus
1917 608 2043 659 suerit
2079 612 2122 651 in
2151 612 2222 652 ali
2259 603 2262 606 ⁴

1254 671 1399 724 ⁸(wudu,
1417 671 1472 710 ad
1481 671 1607 711 alium
1621 671 1810 725 progredi
1830 683 1972 712 curare
1990 683 2068 712 uon
2084 672 2204 723 debet,

1254 732 1298 771 iu
1326 743 1397 771 suo
1426 733 1585 783 perfici,
1608 736 1646 773 et
1670 733 1846 785 obsequio
1870 734 1950 774 Dei
1968 737 2006 774 et
2027 734 2168 787 ylorioe
2271 727 2287 790 ,2

1253 793 1487 842 impendere,
1510 805 1556 834 ao
1577 794 1806 845 Superiori,
1827 795 1896 847 qui
1922 795 2096 843 scilieet,
2122 795 2235 838 Chri
2266 799 2284 841 J

1254 854 1420 894 Domini
1439 853 1570 895 nostri
1589 856 1694 895 vices
1711 856 1831 906 yerit,
1853 868 1990 896 euram
2012 855 2180 896 aliorum
2202 869 2294 900 om-

1253 916 1365 955 nium
1407 915 1641 967 relinquere.
1675 916 1830 955 Deinde
1875 922 2034 969 oportet
2080 930 2282 970 exponere

1253 977 1416 1027 quando
1435 977 1512 1015 hoc
1532 981 1674 1015 votum
1694 976 1863 1028 obliget,
1882 981 1923 1017 et
1941 991 2016 1037 cup
2027 979 2070 1018 in
2084 991 2132 1019 eo
2145 979 2281 1032 aliqua

1252 1038 1538 1076 determinatio
1554 1038 1752 1089 temporis
1772 1038 1910 1078 addita
1938 1030 2024 1079 non
2043 1040 2110 1089 sit,
2138 1053 2191 1081 ne
2219 1042 2299 1083 in-

1252 1104 1359 1137 certa
1375 1104 1415 1138 et
1439 1099 1598 1138 lubrica
1616 1099 1667 1138 sit
1687 1100 1773 1150 ejus
1788 1099 1997 1151 obligatio.

1305 1162 1344 1199 2.
1378 1161 1552 1201 Dubium
1574 1162 1618 1200 de
1637 1165 1807 1211 tempore
1823 1163 1968 1212 ipsius.
1985 1162 2175 1203 —Dteta
2189 1175 2282 1215 pro-

1252 1222 1393 1262 missio
1413 1234 1489 1262 non
1509 1223 1658 1275 obliqui
1690 1223 1744 1261 ad
1763 1225 2058 1275 procurandam
2085 1225 2302 1278 imputem,

1253 1296 1355 1324 uem.
1374 1304 1426 1313 —
1444 1284 1499 1324 Id
1517 1287 1670 1324 constat
1689 1296 1736 1324 em
1755 1286 1890 1334 forma
1911 1287 2088 1326 vovendi.
2110 1306 2162 1316 —
2179 1288 2280 1329 Item

1253 1358 1301 1386 ex
1318 1348 1488 1386 ratione.
1504 1367 1556 1374 —
1571 1346 1685 1385 Prior
1700 1358 1793 1397 pars
1816 1346 2017 1386 declarata
2038 1352 2098 1386 est
2115 1350 2158 1387 in
2178 1361 2281 1402 prae·
2307 1339 2309 1342 ¹

1251 1407 1358 1446 dicta
1379 1407 1703 1458 Congregatione
1719 1407 1878 1458 quinta,
1904 1408 2063 1447 decreto
2084 1410 2123 1457 5,
2151 1414 2191 1449 et
2218 1423 2280 1451 ca-

1250 1481 1357 1507 none
1388 1469 1578 1516 secundo,
1598 1469 1787 1508 editionis
1818 1470 1917 1508 anni
1949 1472 2067 1519 1616,
2095 1471 2164 1510 ubi
2191 1478 2281 1526 post
2343 1508 2347 1525 3

1251 1530 1374 1569 verba
1394 1530 1579 1582 superius
1597 1531 1718 1569 citata
1731 1531 1995 1583 subjungitur
2013 1545 2023 1572 :
2048 1534 2128 1581 Quo
2149 1537 2161 1583 (
2176 1535 2281 1577 scili·
2318 1571 2319 1574 ,

1251 1595 1313 1630 cet
1332 1593 1447 1641 voto)
1468 1593 1558 1643 quis
1581 1604 1621 1631 se
1640 1593 1789 1644 obliqat
1815 1594 1867 1632 ad
1892 1596 2170 1644 acceptandum
2189 1609 2281 1649 qra-

1251 1653 1343 1692 dum
1369 1655 1659 1705 professorum,
1691 1654 1751 1693 vel
1790 1654 2063 1706 coadjutorum
2094 1659 2280 1705 for-muto·
2346 1655 2349 1672 ⁵

1248 1725 1353 1761 rum,
1366 1719 1489 1766 prout
1503 1714 1728 1765 Praeposito
1748 1715 1802 1755 ad
1817 1716 1948 1765 majus
1967 1715 2043 1755 Dei
2059 1717 2280 1770 obsequium

1250 1778 1339 1826 fore
1351 1777 1559 1815 videbitur.
1572 1776 1668 1824 Quae
1680 1776 1899 1816 declaratio
1911 1782 2072 1829 sumpta
2081 1783 2199 1818 estex
2209 1792 2244 1819 c.
2255 1781 2278 1820 7
2323 1797 2326 1803 ’

1250 1837 1894 1888 Examinis,§1,ub1sicdicitur
1915 1837 2293 1882 Sieautemiutelii·-
2319 1842 2321 1844 ’

1248 1899 1397 1950 yendus
1419 1903 1476 1938 est
1498 1899 1725 1949 hujusmodi
1753 1900 1973 1950 inmersus,
2000 1904 2046 1940 ut
2065 1903 2282 1972 ςω·ι)]ἳ«1.<1.ςίοι

1248 1970 1350 2008 nem,
1373 1960 1432 1999 vel
1449 1964 1540 1999 vota
1561 1961 1834 2011 coadjutorum
1846 1963 2124 2011 formatorum
2143 1967 2182 2003 si
2202 1964 2281 2015 1δό-Ι

1250 2021 1372 2060 cietas
1391 2032 1452 2059 eos
1471 2022 1678 2061 admittere
1691 2022 1804 2069 volet,
1818 2021 2028 2069 emittant;
2042 2028 2082 2062 et
2097 2025 2205 2063 idem
2222 2019 2281 2066 fe-

1247 2092 1291 2120 re
1306 2081 1479 2120 habetur
1497 2086 1611 2133 parte
1631 2083 1774 2132 quinta
1797 2081 2153 2133 constitutionum,
2171 2099 2206 2125 0.
2227 2087 2276 2136 4,

1247 2141 1307 2182 lit.
1330 2143 1374 2182 E.
1404 2144 1535 2193 Atque
1559 2156 1609 2182 ex
1628 2143 1704 2182 hac
1732 2143 2003 2183 declaratione
2027 2151 2183 2185 constat
2202 2147 2280 2186 1100

1246 2209 1386 2243 votum
1407 2217 1491 2244 non
1511 2205 1690 2256 obligare
1707 2205 1759 2244 ad
1777 2206 2076 2256 procurandum
2092 2208 2175 2246 ullo
2194 2221 2278 2248 mo-

1246 2266 1298 2306 do
1320 2267 1556 2318 hujusmodi
1579 2268 1829 2318 ingressum,
1853 2279 1928 2306 nec
1948 2269 2001 2306 ad
2022 2268 2279 2320 diligentiam
2322 2296 2327 2308 t

1245 2328 1425 2379 aliquam
1448 2329 1490 2367 in
1510 2328 1620 2367 huuc
1639 2328 1763 2367 finem
1787 2329 2060 2368 adhibendam
2078 2344 2090 2378 3
2111 2332 2207 2381 quia
2233 2332 2278 2372 in
2317 2321 2323 2327 ’

1246 2389 1419 2440 ipsamet
1450 2390 1583 2429 forma
1610 2390 1825 2429 emittendi
1858 2390 1939 2429 tale
1971 2396 2113 2429 votum
2140 2392 2277 2433 statim
2320 2402 2322 2405 ·

1245 2450 1409 2490 additur
1427 2463 1437 2490 :
1467 2452 1610 2491 Omnia
1632 2452 2022 2504 intelliqendojuoeta
2042 2454 2171 2504 ipsius
2195 2454 2278 2496 So-

1246 2513 1402 2552 cietatis
1424 2512 1748 2554 Constitutiones.
1765 2513 1842 2552 Sed
1857 2515 1899 2552 in
1914 2515 2276 2556 Constitutionibus

1244 2574 1452 2612 Societatis
1472 2575 1585 2613 nulla
1604 2575 1685 2613 alia
1702 2575 1898 2624 obligatio
1926 2575 2170 2623 declaratur,
2197 2575 2275 2616 nisi

1244 2636 1481 2688 acceptandi
1501 2637 1607 2675 hunc
1626 2637 1870 2687 ingressum,
1884 2636 2048 2688 quando
2065 2637 2274 2687 injunctus

1243 2697 1386 2746 fuerit3
1411 2710 1507 2748 ergo
1527 2710 1611 2736 non
1630 2697 1804 2748 amplius
1826 2702 1965 2736 votum
1989 2697 2155 2748 obligat.
2178 2698 2275 2750 quia

1243 2762 1358 2798 actus
1380 2759 1590 2808 agentium
1620 2770 1704 2796 non
1733 2762 1924 2809 operatur
1948 2757 2055 2798 ultra
2082 2760 2274 2800 intentio-

1244 2830 1340 2863 nem
1372 2831 1530 2867 eorum,
1557 2823 1598 2859 et
1617 2819 1790 2857 intentio
1807 2819 1991 2858 voventis
2009 2820 2053 2859 in
2081 2820 2273 2872 pra‘senti

1243 2891 1328 2919 non
1373 2881 1606 2920 extenditur
1647 2880 1752 2919 ultra
1787 2879 2116 2920 Constitutiones.
2152 2881 2270 2922 Ratio
2310 2901 2312 2907 >

1244 2942 1367 2980 etiam
1386 2941 1503 2980 facile
1519 2940 1632 2980 reddi
1647 2945 1791 2992 potest,
1807 2941 1919 2991 quia,
1941 2945 2148 2994 supposito
2165 2945 2273 2983 statu
2311 2990 2314 2993 .

1244 3006 1285 3042 et
1310 3003 1496 3041 instituto
1527 3002 1620 3041 talis
1647 3002 1873 3052 religionis,
1900 3004 2074 3055 ipsamet
2106 3003 2272 3047 vivendi

1241 3062 1363 3124 rptio,
1375 3067 1415 3102 et
1430 3063 1544 3114 quasi
1551 3064 1620 3114 jus
1631 3064 1762 3115 ipsum
1775 3064 1951 3115 postulat
1965 3071 2010 3103 ut
2023 3065 2160 3104 debito
2169 3070 2272 3108 tem·
2287 3078 2297 3113 j¹

1242 3134 1341 3177 pore
1356 3125 1583 3164 invitentur
1600 3124 1644 3163 hi
1662 3125 1840 3176 religiosi
1856 3126 1908 3165 ad
1928 3126 2162 3166 ulteriorem
2179 3138 2271 3179 gra·
2292 3127 2298 3132 ’

1243 3186 1341 3226 dum
1375 3187 1452 3226 sibi
1483 3187 1850 3239 proportionatum,
1884 3191 1925 3227 et
1945 3188 2022 3228 1100
2052 3178 2187 3241 ipsum
2220 3183 2297 3233 ex*⁴

1243 3248 1374 3287 officio
1394 3250 1569 3300 pertinet
1584 3248 1635 3287 ad
1657 3249 1859 3296 Praelatos,
1878 3249 1949 3301 qui
1967 3262 2104 3290 curam
2119 3252 2296 3302 gerunt

1244 3310 1471 3350 communis
1483 3309 1580 3349 boni
1597 3311 1722 3349 totius
1740 3310 1965 3363 religionis,
1983 3311 2126 3352 etideo
2136 3321 2269 3367 nequo
2305 3322 2307 3327 ·

1243 3372 1438 3423 oportuit,
1458 3383 1532 3412 nec
1550 3371 1630 3411 fuit
1648 3374 1892 3413 conveniens
1912 3385 1986 3427 per
2006 3377 2148 3414 votum
2167 3370 2276 3421 obli«

1242 3434 1332 3484 gari
1351 3433 1403 3473 ad
1417 3433 1739 3487 procurandum,
1756 3434 1825 3475 sed
1836 3433 1968 3475 solum
1986 3434 2039 3475 ad
2058 3437 2270 3484 acceptan-

1241 3494 1356 3534 dum.
2270 3517 2275 3520 ·

1296 3557 1336 3596 3.
1373 3555 1602 3598 Discrimen
1626 3557 1750 3609 liujus
1772 3551 2060 3610 promissionis
2079 3554 2129 3597 ab
2157 3548 2271 3597 aliie

1241 3618 1360 3660 —Et
1386 3619 1432 3659 in
1458 3619 1536 3661 hoc
1564 3619 1747 3660 cernitur
1778 3618 1888 3660 clara
1910 3615 2140 3657 differentia
2162 3615 2291 3668 inter-Q
