2352 3880
144 322 266 364 {bulla
283 323 384 365 anni
402 326 520 373 1565,
534 336 626 375 quae
642 324 800 376 incipit,
820 322 1006 377 AEquum
1024 329 1184 377 reputa-

148 398 248 435 mus,
265 390 306 425 et
321 386 454 424 videri
479 389 616 435 potest
632 386 924 436 compendium
940 386 1180 437 privilegio-

149 450 244 489 rum
270 436 496 485 Societafis,
520 437 636 476 verb.
658 437 872 491 Apostata,
892 439 917 490 ξ»,
931 441 956 479 5
973 444 1015 479 et
1031 440 1072 479 9.
1101 437 1185 479 Sed

150 498 329 541 dubitari
347 501 486 549 potest
505 509 556 538 ex
572 502 721 538 natura
739 500 816 548 rei,
837 504 878 539 et
898 512 948 539 ex
968 500 1008 539 vi
1036 499 1183 540 talium

148 563 355 602 votorum.
391 559 464 600 Est
500 560 618 599 enim
649 561 883 601 communis
917 561 1106 602 doctrina
1133 561 1181 601 D.

147 621 346 669 Thomas,
367 624 408 661 et
438 632 464 660 a
490 621 626 668 nobis,
653 625 766 661 tomo
792 622 1059 673 praecedenti,
1080 626 1185 662 trao-

147 686 249 731 tata,
278 692 391 731 eum,
411 682 481 734 qui
501 683 628 722 habet
648 683 826 735 simplex
844 688 988 724 votum
1017 684 1185 736 religio-

147 743 213 783 nis
247 743 483 791 strictioris,
516 743 750 795 profitendo
790 745 835 784 in
864 744 1040 795 laxiori,
1075 745 1185 785 male

146 805 300 853 facere,
317 804 474 844 factum
493 810 634 845 tamen
653 805 924 846 nihilominus
951 811 1110 854 tenere,
1127 807 1186 846 ita

146 869 194 907 ut
214 866 408 917 obligatio
430 866 580 918 prioris
600 867 684 906 voti
703 867 873 907 omnino
894 868 1074 908 extincta
1093 878 1183 906 ma·

145 931 257 968 neat.
280 928 422 967 Posset
436 939 534 979 ergo
550 928 642 978 quis
657 928 841 979 cogitare
860 929 919 968 ita
938 929 1028 968 fore
1048 929 1090 967 in
1108 929 1181 969 So-

145 989 309 1037 cietate,
345 989 506 1028 secluso
540 989 709 1040 speciali
737 990 833 1040 jure
869 990 1107 1038 Pontificio,
1139 993 1181 1029 et

145 1054 282 1102 potest
297 1050 354 1089 ita
371 1050 551 1089 suaderi.
584 1051 686 1089 Nam
708 1051 778 1100 qui
799 1051 870 1090 uni
888 1063 977 1091 rem
997 1052 1180 1102 aliquam

144 1112 357 1164 promisit,
389 1116 430 1151 et
462 1123 557 1151 eam
579 1116 724 1163 postea
759 1112 879 1152 alteri
912 1113 1050 1161 tradit,
1083 1113 1182 1153 licet

143 1174 254 1213 male
277 1173 416 1221 faciat,
439 1173 607 1212 donatio
628 1176 771 1212 tamen
793 1178 921 1223 tenet,
945 1175 1050 1213 sicut
1067 1178 1183 1213 tenet

143 1234 456 1274 matrimonium
475 1246 570 1273 cum
591 1247 690 1281 una,
712 1240 806 1286 post
821 1236 1033 1286 sponsalia
1050 1235 1101 1274 de
1120 1235 1183 1283 fu-

143 1299 238 1336 turo
258 1309 353 1337 cum
374 1298 471 1347 alia,
493 1298 560 1337 vel
585 1302 676 1349 post
694 1303 835 1338 votum
854 1298 1030 1350 simplex
1062 1297 1182 1338 casti-

143 1359 252 1398 tatis.
275 1359 335 1398 Ita
360 1371 458 1398 vero
490 1363 754 1410 comparatur
773 1359 976 1411 professio
1000 1359 1053 1398 ad
1086 1362 1182 1398 vota

144 1420 347 1471 simplicia
359 1431 373 1470 3
399 1432 498 1472 ergo
537 1432 587 1460 ex
620 1425 771 1460 natura
806 1422 866 1460 rei
901 1420 1038 1459 valida
1073 1424 1184 1460 esset

142 1481 344 1533 professio
362 1486 454 1532 post
473 1486 567 1521 vota
589 1482 790 1533 simplicia
819 1482 1034 1530 castitatis,
1054 1482 1086 1520 si
1107 1493 1184 1532 per

142 1543 367 1582 Ecclesiam
389 1543 504 1582 irrita
525 1543 631 1582 facta
653 1555 737 1582 non
758 1548 882 1588 esset.
905 1543 1184 1583 Nihilominus

142 1603 397 1654 probabilius
417 1616 589 1651 censeo,
616 1604 721 1643 sicut
756 1604 943 1644 secunda
977 1605 1180 1656 professio

141 1664 248 1704 facta
267 1666 310 1703 in
330 1666 529 1716 religione
544 1695 553 1712 ‚
575 1676 661 1703 non
679 1666 813 1717 magis
841 1666 979 1705 stricta
1001 1666 1065 1706 vel
1086 1676 1182 1717 per-

143 1726 266 1775 fecta,
289 1727 416 1765 invita
437 1727 518 1765 alia
544 1726 762 1777 religione,
784 1727 827 1765 in
847 1739 930 1777 qua
953 1727 1066 1777 prior
1087 1738 1182 1778 pro-

144 1789 266 1827 fessio
299 1792 584 1839 praecesserat,
616 1788 735 1827 irrita
762 1792 826 1828 est
848 1800 898 1827 ex
926 1792 1076 1828 natura
1104 1788 1180 1837 rei,

144 1853 190 1888 ut
222 1861 271 1888 ex
292 1850 413 1888 citato
434 1855 547 1889 tomo
568 1861 774 1900 suppono,
797 1850 853 1888 ita
881 1850 1182 1900 professionem

143 1910 295 1949 factam
323 1911 375 1949 ab
412 1910 590 1950 scholari
625 1911 852 1961 approbato
888 1911 1106 1950 Societatis
1138 1911 1182 1950 in

145 1983 406 2023 quacumque
427 1971 625 2022 religione
645 1971 806 2014 laxiori,
829 1983 903 2010 seu
929 1971 1067 2010 minus
1087 1983 1183 2022 per·

141 2006 267 2082 lfecta,
287 2046 379 2072 esse
400 2045 452 2072 ex
479 2037 628 2072 natura
656 2044 730 2071 sua
761 2033 933 2071 irritam.
956 2033 1073 2072 Ratio
1103 2033 1179 2081 est,

143 2074 242 2145 'quia
259 2094 459 2145 professio
484 2093 666 2133 secunda
684 2094 726 2131 in
746 2094 873 2144 priori
895 2106 994 2133 casu
1014 2106 1099 2133 non
1119 2098 1183 2134 est

144 2155 325 2194 invalida
345 2159 513 2206 propter
535 2155 747 2206 propriam
775 2155 1084 2194 solemnitatem
1111 2166 1182 2194 vo-

143 2222 279 2256 torum
297 2217 339 2255 in
358 2217 485 2267 priori
509 2216 784 2266 professione,
806 2217 878 2256 sed
908 2221 1079 2267 propter
1099 2221 1181 2256 tra-

144 2278 359 2324 ditionem,
382 2278 541 2316 ratione
575 2278 693 2328 cujus
718 2277 764 2316 fit
798 2282 842 2316 ut
875 2278 1058 2316 secunda
1085 2290 1182 2329 pro—

143 2339 268 2379 fessio
289 2339 340 2378 sit
359 2339 526 2377 donatio
547 2339 606 2376 rei
629 2339 789 2383 alienae,
814 2342 854 2377 et
873 2339 912 2376 in
935 2342 1181 2390 perpetuum

144 2401 228 2439 iam
245 2400 404 2439 traditae
421 2399 474 2439 ad
501 2411 624 2438 usum
646 2399 833 2450 ejusdem
852 2401 1033 2451 generis,
1067 2400 1181 2439 nulla

145 2461 433 2500 subintellecta
459 2460 695 2500 conditione
722 2461 787 2499 vel
814 2461 1073 2511 exceptione.
1102 2461 1179 2500 nisi

145 2523 198 2563 de
220 2522 419 2573 religione
440 2534 514 2560 seu
535 2525 643 2561 statu
662 2522 911 2572 perfectiori.
935 2522 1017 2562 Sed
1043 2523 1182 2573 quoad

144 2585 251 2623 hanc
268 2584 530 2623 traditionem
549 2595 599 2622 ex
616 2587 733 2634 parte
751 2583 931 2634 religiosi
957 2595 1001 2622 se
1021 2583 1182 2622 donan-

145 2646 211 2692 tis,
242 2649 283 2684 et
314 2644 454 2696 quoad
485 2646 553 2695 jus
589 2644 837 2695 acquisitum
870 2644 944 2695 ipsi
971 2645 1177 2695 religioni,

146 2706 316 2757 aequalis
335 2710 396 2745 est
415 2707 503 2745 haec
522 2705 718 2743 admissio
740 2705 990 2743 scholarium
1013 2706 1181 2745 cuilibet

145 2767 414 2818 professioni;
437 2778 534 2806 nam
554 2777 650 2806 vere
671 2776 716 2803 se
737 2765 905 2803 tradunt
924 2765 1115 2804 Societati
1135 2766 1179 2804 in

176 2831 409 2880 erpetuum,
432 2831 473 2869 et
494 2828 583 2878 ipsa
598 2838 671 2865 eos
691 2830 891 2876 acceptat,
915 2830 960 2864 ut
977 2839 1027 2865 ex
1047 2827 1179 2866 forma

143 2840 324 2929 eovendi
342 2892 470 2940 patet,
489 2892 531 2927 et
549 2899 600 2927 ex
625 2887 903 2926 declaratione
935 2887 1179 2927 Pontificum

145 2949 260 2990 Pauli
281 2950 348 2996 III,
371 2949 466 2990 Julii
485 2949 553 2997 III,
575 2948 760 3000 Gregorii
778 2948 881 2988 XIII.
906 2947 1031 2999 Ergo,
1050 2954 1128 2988 etc.

196 3012 264 3052 20.
297 3009 448 3052 Contra
478 3010 691 3051 secundum
718 3008 882 3051 illatum
912 3009 985 3051 illo
1014 3021 1176 3050 numero

146 3072 294 3114 decimo
314 3073 480 3122 septimo
497 3072 675 3125 positum
695 3072 932 3119 ostenditur,
963 3072 1179 3114 scholarem

145 3135 377 3174 desertorem
391 3133 595 3186 injuriam
606 3136 736 3184 facere
750 3132 961 3175 Societatz‘.
972 3153 1027 3164 —
1043 3134 1179 3184 Atque

146 3194 242 3234 hinc
262 3194 432 3234 tandem
460 3198 623 3233 constat.
649 3205 775 3246 quam
794 3193 900 3234 falsa
918 3194 999 3233 sint
1021 3195 1175 3244 omnia,

145 3267 238 3306 quae
258 3256 300 3295 in
321 3255 449 3295 altera
468 3255 652 3294 illatione
674 3255 960 3306 subjiciuntur.
988 3256 1106 3302 Nam,
1131 3259 1178 3296 ut

145 3317 199 3356 ab
216 3316 360 3356 ultimo
386 3320 538 3367 puncto
562 3316 821 3367 incipiamus,
847 3327 942 3355 cum
965 3320 1176 3356 ostensum

146 3379 199 3419 sit
227 3379 475 3419 Societatem
499 3378 713 3429 acquirere
738 3377 918 3429 speciale
947 3379 1015 3429 jus
1045 3379 1176 3418 domi-

145 3445 331 3480 nativum
346 3441 389 3479 in
401 3440 609 3480 scholares
624 3439 852 3488 Societatis,
865 3440 1013 3480 mediis
1029 3451 1175 3480 eorum

146 3506 265 3550 votis,
286 3503 456 3543 evidens
475 3506 638 3543 estnon
659 3513 783 3553 posse
802 3501 1042 3552 hujusmodi
1055 3503 1175 3542 scho-

148 3562 255 3603 lares
272 3564 396 3604 invita
413 3565 619 3604 Societate
633 3563 745 3603 illam
761 3563 966 3611 deserere,
985 3565 1073 3603 sine
1088 3576 1174 3604 ma·

147 3635 231 3676 gna
248 3626 340 3678 eius
358 3625 524 3679 injuria,
543 3625 643 3680 quia
657 3626 822 3678 privant
838 3625 954 3667 illam
969 3637 1046 3666 suo
1060 3625 1174 3678 Jure,

506 258 587 296 LIB.
608 238 667 294 Ill.
689 257 746 293 DE
762 257 1030 298 ADMISSIONE
1047 258 1337 298 SCHOLARIUM
1354 257 1415 295 AD
1432 258 1551 296 VOTA
1573 255 1924 302 SIMPLICIA,-ETC.

1240 325 1344 364 sicut
1363 324 1435 376 qui
1453 336 1496 364 se
1513 324 1635 364 alteri
1651 323 1821 364 donavit
1837 323 1883 363 in
1900 333 2080 381 servum,
2098 334 2184 362 non
2199 333 2274 374 po-

1235 390 1316 426 test
1344 386 1490 437 fugere
1518 386 1605 426 sine
1630 385 1787 437 injuria
1815 381 1991 434 domini,
2009 384 2052 423 et
2079 383 2153 435 qui
2180 391 2272 423 rem

1237 450 1359 480 suam
1378 439 1496 480 alteri
1514 440 1695 489 donavit,
1719 453 1805 480 non
1824 443 1962 492 potest
1991 451 2043 480 eo
2062 439 2199 481 'invito
2219 441 2268 482 il-

1236 499 1322 540 lam
1338 501 1545 552 surripere
1565 502 1654 542 sine
1673 502 1828 554 injuria
1845 501 1882 553 ej
1890 513 1936 540 us
1955 512 2005 541 ac
2024 511 2123 541 vero
2141 501 2267 554 furto,

1292 563 1359 602 2⁴.
1389 562 1495 603 Item
1512 574 1539 604 a
1557 563 1710 605 nemine
1735 575 1847 615 posse
1877 562 2058 611 absolvi,
2085 573 2204 615 quam
2221 561 2271 607 ab

1237 625 1329 675 ipsa
1351 623 1550 666 Societate
1567 626 1629 666 vel
1647 627 1778 678 Papa.
1797 646 1851 656 —
1869 625 2027 664 Deinde
2057 624 2272 665 evidenter

1237 685 1390 725 falsum
1427 689 1491 725 est
1522 686 1576 726 ab
1601 687 1680 726 hoc
1704 691 1877 738 peccato
1904 687 2121 738 apostasiae
2148 697 2272 738 posse

1239 746 1479 798 hujusmodi
1497 747 1733 798 transfugas
1752 748 1881 788 libere
1914 748 2073 788 absolvi
2112 760 2137 787 a
2167 760 2272 799 quo-

1239 820 1418 860 cumque
1442 809 1720 858 confessario,
1753 815 1844 849 tum
1877 810 1975 861 quia
2011 810 2070 849 illi
2100 813 2272 849 manent

1237 870 1326 910 veri
1352 869 1565 920 religiosi,
1587 874 1630 909 et
1648 871 1742 910 ideo
1763 871 1939 922 subjecti
1958 871 2000 910 in
2026 871 2116 910 foro
2146 870 2270 909 etiam

1237 931 1490 982 poenitentiae
1513 931 1695 970 Praelatis
1713 943 1799 970 suae
1816 932 2042 982 religionis,
2061 933 2149 971 sine
2169 944 2271 983 quo·

1235 1003 1329 1031 rum
1344 992 1538 1032 facultate
1555 1004 1641 1031 non
1665 997 1841 1044 possunt
1860 993 1952 1032 aliis
1972 993 2174 1042 confiteri,
2192 992 2270 1031 nisi

1237 1065 1262 1093 a
1282 1053 1478 1093 Pontifice
1498 1053 1611 1093 illam
1629 1054 1831 1093 habeant.
1852 1054 1930 1092 Per
1948 1054 2104 1093 bullam
2130 1058 2271 1093 autem

1240 1114 1442 1156 Cruciatoe
1463 1115 1532 1154 illa
1551 1126 1634 1153 non
1656 1115 1847 1163 habetur,
1869 1118 1915 1153 ut
1934 1126 1986 1154 ex
2004 1117 2122 1154 tract.
2140 1115 2180 1162 8,
2195 1114 2267 1153 lib.

1237 1176 1278 1223 2,
1313 1187 1426 1214 nunc
1459 1187 1664 1226 suppono,
1703 1175 1827 1226 idque
1866 1176 2047 1214 maxime
2081 1177 2272 1226 respectu

1237 1240 1538 1287 apostatarum,
1561 1241 1601 1276 et
1620 1237 1663 1275 in
1680 1239 1842 1276 tantum
1862 1237 2159 1276 detrimentum
2178 1235 2273 1275 reli-

1238 1298 1372 1348 gionis
1389 1311 1398 1345 ;
1422 1298 1553 1337 videri
1578 1299 1703 1337 etiam
1722 1303 1858 1349 potest
1877 1298 2173 1349 Compendium
2193 1296 2272 1348 pri-

1236 1359 1484 1410 vilegiorum
1506 1360 1721 1399 Societatis
1740 1389 1750 1406 ,
1773 1360 1888 1399 verb.
1914 1359 2139 1406 Absolutim
2159 1358 2182 1410 ξ
2204 1360 2267 1397 11.

1238 1421 1342 1460 Tum
1363 1421 1487 1460 etiam
1507 1421 1606 1472 quia
1627 1420 1671 1459 in
1694 1420 1820 1460 bullis
1846 1419 2068 1460 Pontificiis
2086 1419 2269 1459 declara-

1237 1485 1326 1521 tum
1346 1484 1422 1529 est,
1439 1483 1540 1521 illud
1559 1494 1649 1522 esse
1663 1494 1808 1522 verum
1825 1486 2041 1533 peccatum
2056 1481 2271 1532 apostasiae

1236 1554 1263 1582 a
1282 1543 1498 1594 religione,
1515 1555 1607 1593 quae
1627 1544 1720 1594 jure
1740 1543 1950 1583 communi
1966 1543 2092 1581 habet
2111 1553 2272 1581 excom-

1236 1605 1563 1644 municationem
1580 1617 1800 1651 annexam,
1820 1617 1844 1643 a
1859 1616 1942 1654 qua
1959 1616 2043 1642 non
2064 1608 2197 1654 potest
2213 1602 2272 1640 ul-

1235 1666 1303 1706 lus
1333 1667 1547 1706 confessor
1580 1667 1796 1707 absolvere
1815 1678 1827 1713 ;
1860 1677 1988 1716 quam
2023 1669 2164 1704 contra
2197 1665 2272 1703 hos

1236 1730 1448 1779 apostatas
1465 1728 1699 1778 specialiter
1715 1727 1913 1774 tulerunt,
1934 1730 1975 1764 et
1993 1725 2067 1764 sibi
2087 1737 2271 1764 reserva-

1236 1794 1334 1829 runt
1356 1790 1450 1828 Pius
1468 1790 1522 1829 IV
1547 1794 1589 1828 et
1608 1790 1702 1828 Pius
1723 1790 1756 1826 V
1773 1818 1783 1837 ‚
1811 1789 1855 1827 in
1874 1787 1986 1828 bulla
2006 1787 2070 1827 AE
2071 1799 2190 1839 quum
2210 1798 2273 1827 ro-

1232 1856 1452 1904 putamus,
1475 1854 1516 1890 et
1547 1850 1723 1889 habetur
1754 1850 1796 1888 in
1829 1849 1952 1888 citato
1991 1847 2270 1898 Compendio‚

1237 1911 1352 1951 verb.
1375 1913 1590 1961 Apostata,
1611 1911 1635 1962 ξ
1658 1913 1672 1950 1
1701 1914 1741 1949 et
1759 1911 1800 1956 2,
1823 1921 1919 1948 cum
1942 1909 2047 1949 aliis.
2066 1910 2169 1947 Tum
2196 1909 2271 1948 de-

1236 1973 1363 2023 nique
1384 1972 1483 2022 quia
1507 1972 1581 2019 illi,
1605 1971 1804 2022 quamdiu
1832 1971 1879 2010 in
1902 1982 1952 2011 eo
1979 1973 2087 2009 statu
2107 1982 2272 2020 perma-

1236 2036 1353 2080 nent,
1378 2033 1420 2071 in
1444 2037 1553 2072 statu
1573 2032 1851 2071 damnationis
1872 2035 1982 2079 sunt,
2004 2035 2049 2069 ut
2076 2035 2188 2070 recte
2214 2031 2271 2070 di-

1236 2095 1294 2134 xit
1322 2094 1544 2144 Cajetanus
1559 2123 1571 2142 ,
1602 2094 1643 2132 in
1678 2093 1888 2133 communi
1908 2092 1961 2131 de
1989 2093 2185 2143 apostatis
2214 2092 2272 2130 lo-

1236 2168 1370 2207 quens
1386 2186 1396 2203 ,
1430 2156 1544 2194 verb.
1566 2154 1810 2208 Apostasz'a,
1844 2159 1884 2193 et
1902 2154 1997 2193 ideo
2020 2154 2061 2191 in
2082 2164 2131 2192 eo
2163 2157 2270 2192 statu

1236 2221 1528 2269 permanentes
1556 2229 1579 2254 a
1602 2217 1769 2255 nemine
1796 2220 1972 2267 possunt
1997 2215 2169 2262 absolvi,
2197 2227 2271 2255 ne-

1235 2279 1332 2318 dum
1352 2290 1376 2317 a
1390 2278 1575 2328 quolibet
1592 2277 1846 2317 confessore.
1866 2277 1908 2315 Si
1928 2281 2068 2315 autem
2086 2276 2140 2314 ad
2158 2288 2271 2315 men-

1234 2345 1319 2381 tem
1338 2340 1535 2389 redeant,
1566 2340 1621 2379 ad
1652 2351 1749 2378 suos
1781 2339 2024 2390 Superiores
2055 2349 2270 2376 recurrere

1235 2403 1403 2451 debent,
1434 2404 1480 2440 ut
1498 2401 1550 2441 ab
1570 2402 1630 2440 eis
1658 2401 1928 2440 absolvantur
1946 2428 1956 2446 ,
1988 2399 2066 2438 nisi
2094 2400 2270 2438 fortasse

1237 2465 1290 2503 ob
1301 2463 1592 2502 necessitatem
1608 2462 1791 2513 aliquam
1803 2465 2022 2512 urgentem
2032 2461 2146 2512 juxta
2160 2472 2270 2500 com-

1235 2536 1362 2564 mune
1378 2525 1448 2575 J'us
1480 2524 1718 2563 absolvendi
1753 2526 1915 2571 essent3
1938 2534 2035 2560 nam
2056 2526 2154 2561 tunc
2184 2533 2269 2559 non

1235 2587 1385 2626 virtute
1400 2586 1524 2626 bullae
1548 2586 1752 2627 Cruciatoe
1772 2583 2009 2633 simpliciter
2028 2582 2268 2621 absolvendi

1235 2652 1345 2694 sunt,
1367 2648 1441 2687 sed
1461 2647 1537 2686 sub
1554 2647 1803 2696 obligatione
1825 2643 2106 2694 comparendi.

1287 2710 1352 2747 22.
1384 2709 1490 2747 Item
1519 2718 1598 2746 non
1622 2716 1738 2758 posse
1765 2704 1989 2755 Episcopos
2020 2715 2109 2744 cum
2135 2714 2268 2744 eorum

1233 2770 1337 2809 votis
1357 2770 1598 2818 dispensare,
1618 2766 1839 2806 ostenditur
1867 2766 2195 2818 quadrupliciter.
2213 2786 2267 2796 —

1233 2830 1436 2879 Denique,
1457 2828 1606 2866 falsum
1631 2826 1888 2866 convincitur
1903 2838 2025 2877 posse
2042 2827 2267 2878 Episcopos

1232 2902 1328 2929 cum
1356 2890 1422 2929 his
1448 2888 1644 2940 apostatis
1674 2888 1741 2928 vel
1775 2888 1977 2939 religiosis
2006 2888 2263 2940 dispensare.

1233 2951 1329 2998 Quis
1344 2954 1454 2991 enim
1471 2961 1656 3000 unquam
1675 2949 1776 2988 dixit
1793 2961 1916 3001 posse
1936 2949 2183 3001 Episcopum
2196 2950 2266 3000 ju-

1231 3025 1278 3054 re
1296 3012 1506 3052 ordinario
1526 3011 1664 3051 facere
1683 3023 1734 3049 ex
1761 3011 1955 3061 religioso
1985 3023 2070 3049 non
2096 3011 2264 3061 religio-

1233 3086 1325 3114 sum
1343 3087 1417 3126 per
1436 3072 1807 3124 dispensationem,
1840 3076 1911 3111 aut
1931 3083 1981 3111 ex
2000 3071 2263 3111 mendicante

1231 3147 1317 3176 non
1348 3135 1681 3176 mendicantem?
1713 3134 1763 3172 Hi
1781 3135 1919 3172 autem
1949 3137 2045 3172 sunt
2078 3145 2174 3172 vere
2214 3144 2264 3172 ac

1228 3198 1402 3251 proprie
1422 3197 1615 3250 religiosi,
1637 3201 1681 3236 ut
1700 3198 1913 3235 ostensum
1935 3199 1998 3235 est
2015 3199 2100 3234 toto
2127 3194 2262 3246 capite

1229 3259 1510 3311 praecedenti;
1539 3270 1653 3309 ergo.
1688 3257 1846 3297 Deinde
1864 3287 1879 3307 ‚
1908 3257 2003 3296 licet
2034 3257 2261 3307 Episcopus

1230 3321 1360 3372 possit
1378 3321 1622 3372 dispensare
1636 3319 1678 3358 in
1695 3324 1789 3358 voto
1810 3318 1999 3370 simplici,
2014 3329 2100 3357 non
2118 3321 2261 3357 tamen

1228 3382 1274 3421 in
1289 3381 1511 3422 traditione
1533 3384 1574 3421 et
1591 3380 1813 3420 donatione
1841 3381 1925 3419 Deo
1959 3379 2067 3418 facta
2095 3382 2136 3417 et
2165 3377 2261 3416 reli-

1230 3443 1344 3495 gioni
1364 3446 1531 3494 propter
1550 3442 1715 3494 ipsum;
1740 3445 1779 3481 et
1799 3441 1893 3480 ideo
1913 3441 1955 3479 in
1974 3439 2063 3478 aliis
2094 3437 2261 3489 religio-

1227 3505 1352 3544 nibus
1371 3516 1453 3543 non
1475 3506 1610 3555 potest
1629 3503 1870 3555 dispensare
1889 3513 1983 3540 cum
2002 3500 2162 3548 oblatis,
2184 3511 2260 3540 seu
2276 3515 2285 3528 0

1230 3566 1463 3613 conversis,
1486 3566 1558 3616 qui
1589 3577 1635 3606 se
1665 3577 1764 3605 vere
1795 3576 1843 3603 ac
1871 3562 2038 3614 proprie
2068 3561 2259 3613 religioni

1228 3626 1451 3676 donarunt,
1472 3626 1632 3667 etiamsi
1660 3625 1826 3680 proprie
1846 3622 2029 3675 religiosi
2061 3633 2147 3662 non
2176 3621 2268 3674 sint'
2305 3673 2316 3690 ²
