2352 3880
31 26 34 27 ’
50 17 99 59 35:2⁵²

187 224 274 270 ¹162

188 307 262 336 sua
298 297 498 348 potestate
530 298 686 343 utatur,
717 304 760 335 et
794 293 966 337 materia
1002 293 1056 334 sit
1087 305 1218 346 capax

187 357 402 410 utriusque
431 356 706 407 obligationis,
738 355 1101 408 transgressionem
1130 354 1217 408 eius

185 430 330 460 revera
356 418 458 457 duas
486 417 664 458 malitias
693 417 848 459 habere
872 419 1129 471 conjunctas,
1155 416 1216 456 di-

185 482 311 520 versis
329 479 547 520 virtutibus
564 481 802 530 contrarias,
822 492 906 520 non
922 484 1109 532 oportere
1139 491 1216 518 au-

184 545 267 582 tem
287 546 369 582 tres
389 541 655 594 distinguere,
677 543 774 597 quia
793 542 865 582 illa
883 542 1094 594 obligatio,
1124 553 1216 594 quae

182 603 315 644 oritur
333 615 383 644 ex
402 603 665 658 professione,
680 617 727 645 00
747 608 843 645 voto
862 604 1123 653 obedientiae,
1144 615 1217 656 per

180 665 351 705 modum
370 666 493 707 unius
509 670 737 719 reputatur,
764 679 812 707 eo
840 666 949 719 quod
968 669 1055 706 tam
1074 668 1216 709 votum

179 738 305 783 quam
324 727 491 767 traditio
507 728 787 781 principaliter
805 729 886 769 Deo
902 728 988 769 fiat.

233 790 275 830 5.
305 788 576 831 Corollarium
597 790 821 840 secandum,
837 793 1072 843 potestatem
1091 790 1216 832 domi-

177 851 361 893 nativum
391 852 466 892 huo
493 852 622 892 solam
650 856 842 905 spectare.
869 874 920 882 —-
938 852 1124 891 Secundo
1154 852 1216 892 in-

177 912 379 965 telligitur
398 925 449 953 ex
467 913 599 962 dictis,
620 914 671 953 ad
703 917 944 966 praesentem
976 913 1216 967 disputatio-

177 986 276 1015 nem
306 987 391 1015 non
410 975 616 1027 pertinere
636 979 878 1028 potestatem
904 975 1212 1028 jurisdictionis,

179 1048 315 1089 neque
333 1040 489 1086 actum,
510 1041 580 1076 aut
601 1036 896 1089 obligationem
914 1037 965 1078 ab
985 1038 1057 1079 illa
1077 1050 1215 1090 proce-

179 1097 362 1147 dentem,
380 1098 477 1150 quia
496 1097 564 1137 hie
583 1099 716 1138 solum
738 1099 901 1150 agimus
919 1099 970 1138 de
1003 1103 1098 1138 voto
1121 1099 1215 1139 obe-

178 1159 358 1208 dientiae,
377 1163 416 1199 et
433 1165 727 1211 consequenter
743 1161 793 1200 de
812 1164 1009 1213 potestate
1033 1161 1084 1200 ad
1109 1161 1217 1200 illius

179 1221 472 1272 obligationem
487 1222 705 1274 requisita:
723 1222 953 1274 jurisdictio
970 1226 1109 1262 autem
1129 1226 1216 1262 tota

179 1295 264 1323 esse
285 1287 420 1335 posset
439 1283 528 1323 sine
544 1288 661 1334 voto,
682 1288 722 1323 et
740 1288 883 1323 votum
904 1296 998 1323 cum
1018 1295 1091 1323 sua
1112 1283 1216 1322 obli-

178 1345 343 1396 gatione
369 1357 454 1385 esse
481 1349 614 1397 posset
650 1346 737 1384 sine
758 1345 1075 1397 jurisdictione3
1110 1345 1216 1384 sicut

178 1405 225 1446 in
259 1406 416 1446 Abbate
451 1406 636 1446 saeculari
671 1411 861 1458 exempto
892 1411 953 1446 est
987 1406 1215 1459 jurisdictio

178 1469 294 1520 quasi
310 1468 572 1520 EpiscopaliS‚
592 1469 750 1507 ratione
767 1469 883 1519 cujus
901 1467 1056 1507 subditi
1075 1472 1216 1508 tenen-

177 1533 248 1570 tur
278 1530 443 1570 obedire
480 1530 697 1583 praeceptis
725 1530 832 1582 ejus,
858 1530 1046 1582 quamvis
1071 1535 1215 1570 votum

178 1603 262 1631 non
286 1591 491 1641 habeant3
510 1596 558 1631 et
573 1603 598 1631 e
617 1604 812 1633 converso
833 1591 1098 1642 congregatio
1120 1604 1216 1632 vere

177 1653 368 1704 religiosa
399 1657 534 1704 posset
563 1664 650 1692 esse
680 1654 769 1692 sine
797 1653 1096 1704 jurisdictione,
1122 1665 1217 1694 cum

178 1714 264 1754 sola
283 1718 482 1766 potestate
504 1714 759 1754 dominativa
780 1718 869 1754 orta
888 1727 938 1753 ex
957 1720 1052 1754 voto
1072 1719 1113 1754 et
1133 1720 1217 1755 tra-

178 1775 348 1824 ditione,
371 1780 417 1815 ut
436 1777 480 1815 in
513 1776 713 1828 superiori
741 1780 854 1815 tomo
873 1776 1030 1815 dictum
1050 1780 1128 1826 est;
1151 1788 1216 1816 so-

177 1835 266 1876 lum
286 1842 455 1889 possunt
474 1837 546 1876 illa
562 1838 659 1886 duo,
679 1838 843 1889 quando
863 1842 959 1876 sunt
978 1839 1212 1889 conjuncta,

178 1909 266 1938 sese
292 1903 436 1938 mutuo
452 1900 611 1950 J‘uvare,
627 1899 693 1937 vel
710 1899 898 1950 augendo
909 1899 1135 1947 vinculum,
1150 1900 1216 1940 vel

179 1960 277 2013 quia
295 1972 381 1999 una
398 1960 607 1999 interdum
626 1960 739 1998 addit
755 1960 864 2011 quod
891 1960 1020 1999 altera
1043 1973 1127 1999 non
1146 1973 1215 2012 po-

178 2026 272 2062 test.
293 2021 466 2062 Possunt
485 2022 611 2061 etiam
631 2021 708 2060 sibi
728 2022 780 2060 ad
804 2022 980 2061 invicem
1000 2022 1216 2062 materiam

176 2085 378 2134 tribuere,
403 2088 450 2124 ut
485 2085 520 2124 si
554 2088 697 2124 votum
717 2084 959 2124 obedientiae
978 2084 1134 2135 obliget
1164 2085 1217 2124 ad

178 2147 427 2191 servandum
446 2152 695 2199 praeceptum
723 2159 774 2188 ex
795 2147 1079 2199 jurisdictione
1109 2147 1217 2200 posi-

177 2213 267 2250 tum
280 2241 291 2258 ,
311 2209 379 2248 vel
407 2209 637 2260 jurisdictio
671 2208 817 2260 puniat
848 2209 1216 2259 transgressionem

178 2272 264 2312 voti
282 2269 622 2319 obedientiae,vel
644 2282 716 2322 per
742 2270 1215 2310 excommunicationem

178 2333 396 2385 compellat
411 2332 461 2371 ad
472 2332 580 2371 illius
595 2333 892 2372 executionem.
905 2332 954 2370 Et
967 2332 1043 2371 hac
1057 2333 1215 2373 ratione

178 2395 328 2453 poterit
342 2394 431 2434 haee
443 2394 732 2445 jurisdictioni
749 2393 919 2432 Praelato
938 2393 1150 2432 Societatis
1164 2395 1215 2433 ad

177 2458 299 2513 plura
318 2456 501 2505 extendi,
522 2456 717 2507 adjuncta
735 2455 809 2495 tali
839 2455 964 2494 statui
989 2461 1030 2494 et
1048 2455 1119 2495 tali
1147 2469 1215 2497 vo-

177 2523 222 2563 to
240 2518 500 2566 obedientiae,
524 2529 649 2570 quam
679 2518 724 2556 in
743 2517 824 2556 alio
847 2517 1036 2564 Praelat0‚
1068 2517 1134 2557 vel
1157 2530 1216 2558 se-

178 2580 318 2629 culari,
343 2579 409 2619 vel
427 2580 597 2620 alterius
614 2578 841 2630 religionis,
856 2580 1044 2630 quamvis
1065 2579 1219 2620 forma-

178 2642 273 2684 liter
293 2646 334 2682 et
362 2641 590 2681 secundum
625 2653 667 2680 se
702 2640 885 2691 ejusdem
904 2641 1074 2680 rationis
1106 2642 1217 2681 sitin

178 2709 354 2756 utroque
375 2703 611 2755 Superiore,
629 2701 670 2740 id
691 2707 766 2749 est,
785 2702 990 2742 sufficiens
1006 2703 1058 2743 ad
1078 2704 1218 2743 omnia

178 2777 272 2818 quae
293 2765 346 2804 ad
372 2765 528 2803 bonum
557 2763 767 2814 spirituale
805 2763 957 2803 subditi
991 2766 1216 2804 necessaria

179 2832 290 2875 sunt,
309 2825 374 2865 vel
396 2824 607 2864 moraliter
634 2824 944 2872 convenientia,
966 2837 1058 2876 quae
1077 2830 1211 2865 mate-

179 2887 336 2928 rialiter
353 2887 398 2925 in
429 2885 597 2924 diversis
631 2884 803 2925 subditis
833 2885 1061 2934 variantur,
1094 2886 1214 2937 juxta

179 2947 431 2999 exigentiam
465 2949 594 2985 status
624 2945 690 2985 vel
726 2945 903 2996 regulae,
942 2951 1014 2986 aut
1039 2946 1213 2987 aliarum

177 3009 493 3060 obligationum.
511 3007 640 3057 Igitur
658 3006 890 3047 ohedientia
903 3007 1041 3047 debita
1056 3010 1213 3049 ratione

162 3071 302 3124 ,11111115
346 3069 639 3122 jurisdictionis
654 3098 667 3118 ,
710 3068 938 3109 formaliter
976 3068 1182 3121 loquendo
1196 3101 1210 3122 ,

179 3132 364 3185 ejusdem
390 3130 563 3170 rationis
591 3133 651 3169 est
668 3129 717 3168 ad
747 3130 1045 3170 Ecclesiasticos
1070 3131 1213 3171 Praela-

178 3198 258 3245 tos,
277 3192 418 3234 etideo
431 3192 481 3232 de
498 3190 570 3231 illa
589 3190 695 3230 nihil
714 3191 889 3243 amplius
906 3191 1126 3237 dicendum
1144 3192 1212 3233 1110

179 3261 255 3298 est.

233 3319 274 3359 6.
303 3317 399 3362 Non
419 3317 616 3373 quoericur
637 3328 693 3359 aa
708 3316 837 3370 possit
856 3317 1008 3361 malam
1026 3318 1210 3371 praecipi.

181 3381 324 3426 -Nec
339 3380 432 3423 item
449 3392 502 3422 aa
513 3379 643 3432 possit
659 3380 797 3421 bonum
807 3378 976 3433 proeoipz‘
991 3381 1062 3420 aab
1077 3381 1210 3433 culpa,

182 3445 251 3486 sed
268 3455 321 3484 aa
338 3442 466 3495 possit
488 3440 661 3496 praecipi
690 3440 868 3494 quodvis.
890 3461 941 3470 —
958 3441 1013 3480 De
1050 3443 1215 3498 propria

182 3516 281 3556 ergo
300 3503 546 3555 obedientia,
567 3514 659 3557 quae
689 3501 742 3543 ad
770 3508 913 3546 votum
930 3503 1123 3555 pertinet,
1140 3503 1214 3545 du-

183 3563 301 3606 bium
320 3565 574 3622 praecipuum
592 3568 666 3614 est,
683 3567 885 3618 quantum
903 3565 1067 3608 extendi
1082 3565 1127 3607 in
1145 3566 1214 3606 So-

185 3626 331 3671 cietate
347 3627 490 3683 possit,
509 3625 648 3683 quoad
661 3625 887 3683 1130105001
903 3626 1097 3684 praecepti
1115 3626 1215 3672 obli-

539 226 608 265 un
640 227 696 265 w.
717 227 771 266 ΒΕ
791 225 911 264 vous
931 223 1182 268 smucnm's
1201 225 1440 268 emmaus
1460 226 1515 267 ΕΤ
1534 225 1829 270 ΡΑΠΡΕΒΤΑἨδ.
1851 225 1941 268 mc

1264 294 1492 349 gationem,
1512 293 1556 333 id
1572 297 1647 342 est,
1676 305 1732 336 an
1765 293 1811 333 in
1839 293 1954 334 omni
1970 293 2157 350 materia,
2183 295 2224 345 01
2276 286 2279 287 ’

1268 353 1590 409 quibuscumque
1620 353 1875 407 actionibus,
1899 354 2036 401 locum
2053 351 2215 402 habeat.
2248 340 2303 403 In

1269 427 1350 471 quo
1369 428 1453 456 non
1471 416 1698 471 inquiritur
1725 415 1776 457 de
1810 413 2037 462 actionibus
2053 414 2302 462 habentibus

1269 478 1491 528 malitiam,
1515 479 1580 521 vel
1614 479 1817 523 rationem
1853 479 2010 532 peccati
2043 478 2327 555 adjunctam,

1269 553 1367 583 nam
1387 553 1460 594 per
1486 553 1528 583 se
1550 546 1722 589 constat.
1744 547 1784 582 et
1806 553 1943 596 supra,
1963 540 2008 581 in
2033 542 2059 583 2
2087 543 2206 590 tom,
2237 551 2301 584 os-
2319 524 2352 594 ἑῖξ

1268 606 1432 647 tensum
1450 607 1525 650 est.
1543 602 1618 645 has
1638 616 1723 647 non
1742 615 1858 657 posse
1877 601 2019 643 cadere
2034 601 2108 646 sub
2122 598 2352 654 promis-

1269 666 1426 707 sionem
1445 665 1543 715 voti,
1566 677 1662 706 cum
1678 666 1759 707 Deo
1776 664 2033 718 displiceant,
2054 676 2101 705 ac
2128 663 2299 716 proinde

1270 740 1346 770 nec
1364 727 1439 767 suh
1451 731 1594 768 votum
1613 727 1871 770 obedientiae.
1895 728 1996 767 Item
2012 726 2108 780 quia
2126 725 2299 768 manda-

1269 794 1360 830 tum
1386 788 1606 839 inferioris,
1639 788 1684 829 id
1715 792 1790 838 est,
1826 787 2020 838 hominis,
2053 799 2139 828 non
2167 790 2301 840 potest

1270 851 1452 903 obligare
1472 854 1612 890 contra
1627 850 1870 892 mandatum
1890 849 2133 902 SuperioriS,
2151 860 2301 902 nempe

1269 915 1357 959 Dei.
1379 915 1467 953 Non
1493 913 1739 965 inquirimus
1758 912 1882 953 etiam
1901 912 2064 966 quando
2082 913 2170 952 haec
2198 911 2302 952 ohli-

1268 976 1379 1028 30110
1399 975 1523 1029 possit
1534 986 1619 1015 esse
1636 973 1711 1014 sub
1723 974 1842 1027 culpa
1862 974 2026 1019 mortali
2042 979 2112 1015 aut
2126 973 2276 1015 veniali
2283 984 2299 1025 ;

1268 1037 1346 1079 hoc
1367 1038 1479 1077 enim
1498 1035 1688 1088 generale
1706 1040 1781 1084 est,
1800 1039 1840 1076 et
1855 1047 1906 1077 ex
1921 1036 2072 1081 eisdem
2092 1035 2302 1090 principiis

1270 1100 1314 1139 in
1334 1099 1410 1139 hac
1429 1099 1625 1150 religione
1638 1129 1651 1147 ,
1676 1110 1727 1137 ex
1746 1097 1893 1149 quibus
1917 1094 1962 1137 in
1989 1098 2079 1138 aliis
2096 1098 2302 1139 definien-

1272 1162 1386 1208 dum,
1410 1166 1456 1200 ut
1474 1166 1586 1200 tomo
1606 1160 1805 1212 superiori
1825 1163 2043 1200 tractatum
2059 1164 2140 1213 est;
2160 1161 2230 1201 sed
2241 1161 2303 1201 in-

1272 1223 1472 1276 quirimus
1492 1235 1545 1262 an
1568 1235 1618 1262 ex
1650 1225 1765 1274 parte
1795 1221 1978 1261 materiae
2014 1222 2067 1262 sit
2095 1222 2184 1262 haec
2204 1222 2303 1264 obe-

1272 1285 1427 1324 dientia
1446 1284 1646 1336 generalis
1658 1283 1842 1333 omnino,
1854 1283 1921 1323 vel
1940 1284 2120 1337 aliquam
2131 1284 2304 1338 recipiat

1270 1346 1575 1388 limitationem.

1321 1411 1363 1448 7.
1395 1408 1521 1450 Ratio
1542 1408 1754 1450 dubitandi
1769 1420 1843 1461 pro
1854 1412 1972 1462 parte
1987 1408 2240 1459 affirmativa
2257 1418 2304 1451 σω

1271 1471 1402 1513 variis
1421 1470 1799 1513 Constitutioaibus.
1829 1492 1882 1501 -—
1904 1471 1950 1511 In
1970 1471 2061 1510 aliis
2081 1471 2192 1510 enim
2208 1468 2305 1511 reli-

1270 1533 1461 1584 gionibus
1488 1537 1649 1585 recepta
1674 1537 1715 1573 et
1739 1537 1928 1572 constans
1955 1536 2016 1574 est
2042 1533 2227 1572 doctrina
2254 1530 2302 1574 D.

1271 1595 1484 1644 Bernardi,
1510 1594 1582 1635 lib.
1611 1594 1662 1635 de
1688 1595 1892 1647 Praecepto
1919 1599 1961 1635 et
1987 1594 2303 1647 dispensatione,

1272 1661 1411 1698 versu's
1431 1656 1557 1696 finem
1573 1686 1587 1706 ,
1618 1659 1658 1697 et
1682 1657 1727 1696 D.
1757 1656 1903 1696 Thom.
1922 1659 1963 1696 2.
1985 1658 2026 1706 2,
2046 1659 2187 1708 quaest.
2209 1657 2303 1706 104,

1272 1723 1348 1759 art.
1372 1720 1412 1768 5,
1430 1719 1481 1758 ad
1503 1719 1540 1768 3,
1560 1722 1601 1758 01
1621 1718 1806 1765 Quodlib.
1830 1720 1895 1768 10,
1916 1718 2034 1758 artic.
2057 1719 2122 1767 10,
2140 1723 2182 1759 et
2198 1718 2243 1760 in
2260 1719 2303 1768 2,

1270 1780 1312 1820 d.
1331 1782 1399 1829 44,
1432 1783 1509 1821 art.
1532 1780 1626 1829 ult„
1657 1785 1698 1820 et
1714 1780 1772 1821 ibi
1790 1781 1967 1820 aliorum
1985 1779 2302 1832 Theologorum,

1269 1845 1412 1882 votum
1446 1841 1687 1882 obedientiae
1719 1854 1803 1883 esse
1831 1843 2055 1883 limitatum
2079 1842 2306 1884 secundum

1268 1903 1455 1955 regulam
1472 1933 1485 1953 ,
1515 1904 1740 1944 secundum
1760 1916 1883 1956 quam
1908 1903 2122 1954 religiosus
2140 1903 2307 1943 obedire

1272 1967 1474 2018 promittit
1479 1981 1491 2015 3
1507 1970 1546 2006 et
1559 1966 1593 2005 si
1608 1966 1760 2019 aliquid
1776 1978 1899 2017 supra
1911 1965 2040 2014 illam,
2058 1965 2124 2005 vel
2136 1965 2306 2005 omnino

1271 2032 1387 2067 extra
1402 2028 1531 2077 illam,
1552 2028 1593 2067 id
1613 2032 1688 2077 est,
1709 2028 1761 2068 ad
1775 2028 1889 2068 illam
1906 2040 1989 2067 non
2007 2027 2249 2076 conducens,
2267 2027 2307 2066 ei

1270 2090 1545 2142 praecipiatur,
1564 2101 1649 2129 non
1664 2093 1827 2129 tenetur
1844 2089 2022 2129 obedire.
2044 2090 2090 2128 In
2107 2089 2306 2128 Societate

1270 2156 1410 2191 autem
1443 2163 1528 2191 non
1557 2151 1717 2191 videtur
1742 2151 1892 2191 habere
1918 2150 2055 2189 locum
2082 2150 2168 2190 haec
2195 2150 2306 2190 limi-

1270 2214 1371 2253 tatio
1390 2243 1403 2262 ,
1441 2212 1506 2253 vel
1538 2213 1573 2252 si
1606 2224 1700 2254 cum
1726 2213 1990 2265 proportione
2023 2212 2066 2251 in
2104 2212 2306 2252 Societate

1270 2278 1455 2314 sumatur
1469 2305 1482 2324 ‚
1510 2286 1557 2314 eo
1579 2277 1667 2326 ipso
1693 2274 1921 2316 excluditur
1944 2274 2077 2313 omnis
2095 2273 2303 2323 limitatio,

1269 2337 1366 2388 quia
1386 2337 1430 2375 in
1459 2337 1631 2388 ipsamet
1655 2336 1797 2387 regula
1820 2335 2029 2376 Societatis
2048 2335 2139 2376 talis
2157 2347 2306 2388 propo-

1270 2399 1383 2440 nitur
1401 2399 1574 2438 materia
1592 2398 1676 2438 voti
1700 2398 1957 2446 obedientiae,
1985 2397 2094 2450 quod
2114 2398 2158 2436 in
2176 2409 2224 2438 ea
2242 2397 2303 2446 fit,

1270 2464 1318 2500 ut
1345 2472 1429 2499 non
1459 2460 1592 2499 solum
1620 2460 1672 2500 ad
1697 2460 1930 2511 generalem
1956 2460 2050 2500 vitae
2076 2459 2306 2511 dispositio-

1271 2532 1368 2562 nem
1388 2522 1450 2572 (ut
1468 2521 1602 2561 verbis
1622 2523 1667 2564 D.
1690 2523 1858 2563 Thomas
1876 2521 1995 2573 utar),
2023 2521 2092 2563 sed
2111 2521 2234 2561 etiam
2252 2521 2306 2561 ad

1272 2596 1552 2636 quoscumque
1569 2588 1680 2624 actus
1700 2584 1964 2636 particulares
1981 2584 2107 2634 ipsius
2124 2582 2304 2633 religiosi
2331 2627 2335 2630 ,

1272 2657 1314 2684 50
1343 2646 1538 2685 extendat
1553 2676 1564 2692 ‚
1588 2657 1669 2697 qua
1691 2636 1806 2684 nulla
1828 2657 1915 2684 esse
1943 2647 2073 2695 potest
2097 2644 2304 2686 universa-

1269 2706 1348 2746 lior
1361 2707 1540 2749 materiae
1556 2706 1797 2758 amplitudo.
1808 2706 2072 2757 Assumptum
2086 2710 2223 2745 autem
2234 2718 2304 2758 pa-

1269 2772 1330 2808 tet
1345 2780 1395 2807 ex
1412 2768 1788 2814 Constitutionihus‚
1807 2779 1903 2810 narn
1923 2767 2044 2808 tertia
2062 2772 2191 2819 parte,
2209 2780 2299 2820 cap.

1267 2829 1414 2880 primo,
1432 2828 1456 2880 ξ
1472 2829 1510 2873 3,
1527 2828 1677 2869 dicitur
1689 2828 1963 2867 obediendum
1980 2840 2066 2868 esse
2079 2829 2301 2881 Superiori,

1266 2889 1357 2929 licet
1374 2889 1563 2940 difficilia
1583 2893 1618 2929 et
1640 2890 1852 2930 secundam
1872 2891 2165 2935 sensualitatem
2184 2903 2301 2945 repu-

1265 2952 1434 3005 mzaatia
1450 2952 1607 3003 jubeat.
1641 2953 1691 2991 Et
1711 2951 1818 2992 infra
1838 2952 1988 2993 dicitur
2014 2964 2024 2995 ;
2050 2954 2104 2995 In
2124 2955 2303 2998 omnibus

1267 3013 1397 3061 rebus,
1418 3014 1485 3053 abi
1497 3017 1700 3066 peccatum
1716 3025 1793 3054 noa
1812 3018 2047 3056 cerneretur.
2075 3016 2171 3065 Quae
2188 3012 2301 3056 exce-

1267 3074 1352 3128 ptio
1370 3074 1562 3123 declarat,
1585 3087 1750 3117 omnem
1769 3076 1970 3116 actionem
1989 3077 2204 3118 honestam
2225 3077 2300 3118 sub

1267 3136 1440 3176 materia
1469 3135 1591 3189 hujus
1622 3136 1707 3177 voti
1739 3138 2030 3190 comprehendi
2044 3149 2058 3190 ;
2089 3142 2130 3180 et
2157 3139 2215 3180 ita
2242 3138 2301 3179 ibi
2336 3151 2339 3162 ²

1267 3198 1539 3248 concluditur,
1554 3198 1808 3240 voluntatem
1827 3201 2054 3253 Superioris
2066 3213 2140 3253 pro
2155 3201 2301 3253 regula.

1265 3261 1441 3313 propriae
1461 3260 1680 3304 voluntatis
1698 3261 1928 3303 habendam
1949 3275 2033 3304 esse
2053 3276 2066 3312 3
2094 3274 2192 3314 ergo
2214 3263 2300 3305 11010

1266 3321 1500 3362 0110111οη110
1511 3334 1595 3367 non
1611 3322 1810 3365 limitatur
1827 3337 1899 3377 per
1916 3324 2096 3377 aliquam
2111 3324 2300 3376 regulam

1266 3383 1473 3435 scriptam,
1492 3384 1561 3427 sed
1578 3397 1650 3436 per
1668 3386 1852 3437 regulam
1868 3385 2021 3435 vivam,
2043 3398 2134 3438 quae
2149 3389 2209 3427 ost
2228 3397 2300 3425 vo-
2328 3422 2330 3426 .

1266 3443 1401 3484 luntas
1431 3445 1656 3497 Superioris
1685 3447 1795 3487 intra
1823 3448 2086 3491 latitudinem
2115 3447 2299 3489 materiae
2330 3450 2332 3455 ’

1267 3506 1462 3547 honestae.
1484 3508 1595 3547 1110111
1617 3510 1793 3550 sumitur
1811 3522 1861 3555 ex
1875 3513 1988 3551 sexta
2008 3513 2122 3561 parte
2139 3509 2301 3557 Consti-

1266 3569 1490 3620 tutionum,
1510 3582 1599 3623 cap.
1619 3574 1660 3621 1,
1680 3571 1705 3624 ἓ
1724 3574 1765 3623 1,
1790 3572 1877 3615 ihi:
1901 3570 1974 3614 Ita
1988 3573 2034 3612 ut
2056 3571 2236 3612 omnibus
2255 3564 2302 3611 ἐκ
2327 3570 2330 3574 ’

1267 3631 1400 3681 rebus,
1419 3632 1472 3673 ad
1487 3643 1588 3686 quas
1601 3636 1731 3686 potest
1748 3643 1839 3679 oum
1854 3632 2052 3677 enaritate
2067 3642 2108 3677 se
2125 3632 2300 3680 obediu-
