2352 3880
0 0 106 36 Ιιὶη-Ὕ.
127 18 139 42 ἵ
184 19 186 21 ,
222 20 245 34 ,¹
268 14 281 26 i,
308 11 317 25 ι
414 18 435 32 n„

23 30 36 44 .·
57 44 65 50 ¹
84 27 118 50 1-4
139 39 148 47 .
202 32 207 38 ·
267 36 269 38 ·
394 35 399 42 ι

71 57 82 67 u
143 54 152 64 ι
235 62 238 69 ,
331 57 334 64 .

120 0 151 17 ω·
207 0 259 18 -Ἳυι
282 0 412 23 τ--γσιξητ
439 3 446 6 ⁴·
471 0 590 27 sifts..
614 15 615 19 ,
639 11 645 13 .
663 0 697 17 ι’,
720 3 733 23 ².
758 0 763 8 ¹
781 0 838 26 '²''',
855 0 977 26 ‚wri-xst541.
991 0 1062 27 *jz-w
1111 0 1136 18 qv

179 24 181 28 ¹
373 27 463 42 .'⁶-⁴.
510 23 556 27 ”
756 32 764 36 <
812 26 859 38 =›·'
943 22 1076 42 ἰ”ιι,

192 243 273 286 972

190 315 329 367 potest
341 309 410 350 hic
430 312 472 350 et
490 322 603 350 nunc
619 321 707 350 non
725 311 921 363 expedire
941 315 989 352 ut
1012 312 1220 365 praedicet.

189 373 378 423 Denique
398 382 490 410 cum
511 370 693 411 Concilia
725 376 768 411 et
797 371 1019 426 Gregorius
1037 374 1126 414 XIII
1155 374 1226 415 ab-

192 434 324 474 solute
335 432 547 484 postulent
565 432 774 474 licentiam
791 434 1017 483 obtentam,
1030 447 1226 487 quacum-

190 504 272 545 que
307 493 468 532 ratione
505 493 673 534 obtenta
707 507 793 535 non
831 496 896 542 sit,
917 508 1002 536 non
1031 497 1226 549 impletur

122 585 132 595 .
189 553 371 595 conditio
402 555 655 604 necessaria,
679 560 720 596 et
738 556 832 596 ideo
864 558 1065 598 nonlicet
1087 558 1146 597 uti
1163 557 1224 597 fa-

188 615 357 656 cultate.
380 615 473 655 Haec
495 621 636 656 autem
658 619 796 657 omnia
820 618 958 659 locum
993 619 1150 659 habent
1179 620 1223 661 in

185 676 288 717 locis
303 676 501 728 subjectis
523 678 759 730 Episcopis;
782 680 875 731 quia
890 693 988 720 vero
1009 681 1139 720 nostri
1159 692 1222 720 re-

185 736 320 788 ligiosi
343 738 562 778 mittuntur
585 739 710 779 etiam
730 741 782 780 ad
807 753 877 780 eas
908 742 1100 793 regiones
1127 741 1222 781 infi-

187 797 356 846 delium,
379 799 449 838 ubi
470 800 570 839 nulli
592 805 687 840 sunt
703 802 907 853 Episcopi,
926 802 1019 841 ideo
1039 803 1094 842 ibi
1107 803 1222 842 nulla

186 859 266 899 alia
287 860 469 900 conditio
497 861 733 911 requiritur,
759 863 836 900 nisi
859 863 1127 915 Superiorum
1149 864 1221 905 So·

187 921 346 963 cietatis
363 922 607 975 approbatio
627 927 668 962 et
684 923 911 978 deputati0.

245 1024 475 1068 observatio
493 1026 664 1067 secunda
684 1035 759 1076 pro
779 1028 905 1067 eodem
922 1028 1154 1080 privileqio.

239 1112 303 1151 10.
325 1110 486 1150 Dictum
504 1109 764 1161 privileyz'um
782 1112 837 1151 ad
849 1115 1061 1163 professos,
1085 1115 1219 1156 deinde

185 1171 240 1212 ad
258 1171 358 1211 alios
377 1173 615 1211 extenditur.
630 1193 684 1202 —
705 1172 895 1219 Quamvis
909 1185 986 1214 non
1007 1175 1089 1214 sint
1104 1188 1219 1227 pres-

185 1232 326 1284 byteri.
349 1253 402 1262 —
427 1233 615 1272 Secundo
647 1234 928 1285 principaliter
962 1235 1071 1275 eirca
1107 1249 1219 1276 eam·

182 1292 277 1333 dem
297 1293 536 1333 facultatem
557 1295 857 1334 advertendum
881 1300 957 1343 est,
975 1296 1100 1348 quod,
1122 1297 1218 1338 licet

181 1353 269 1393 haec
290 1354 465 1395 facultas
495 1368 569 1406 per
598 1368 642 1396 se
675 1357 809 1408 primo
847 1357 942 1396 data
974 1359 1029 1398 sit
1063 1359 1215 1398 intuitu

181 1415 396 1455 Societatis
434 1418 630 1469 professae
648 1448 658 1465 ‚
692 1422 738 1458 ut
776 1419 1026 1469 significavit
1060 1420 1217 1472 Grego-

179 1477 264 1516 rius
278 1479 382 1525 XIII,
403 1479 446 1517 in
470 1479 577 1518 dicta
608 1480 724 1519 Bulla
758 1480 827 1520 Ad
863 1486 1111 1534 perpetuam,
1135 1482 1214 1520 illis

179 1539 316 1578 verbis
336 1552 346 1579 :
367 1539 469 1587 Quia
489 1543 581 1591 ipsa
603 1541 801 1589 Societas,
825 1544 933 1582 inter
966 1544 1099 1583 omnia
1123 1545 1217 1583 reli-

177 1599 338 1654 qionum
355 1601 560 1650 instituta,
583 1614 630 1642 ea·
647 1603 846 1655 peculiari
876 1607 911 1644 et
939 1604 1104 1643 solemni
1130 1608 1216 1645 voto

177 1663 386 1714 specialem
407 1675 544 1703 curam
583 1664 697 1703 habet
730 1665 879 1704 salutis
915 1667 1213 1714 proximorum,

172 1733 248 1775 per
266 1727 390 1764 totum
408 1725 536 1764 orbem
552 1725 816 1769 discurrendi,
831 1729 928 1772 etc„
947 1726 1216 1766 nihilominus

175 1784 351 1825 facultas
372 1787 459 1837 ipsa
482 1799 581 1826 non·
602 1787 701 1826 solis
728 1788 923 1838 professis
956 1789 1211 1838 conceditur,

177 1846 251 1886 sed
288 1847 330 1885 in
350 1846 534 1886 favorem
552 1848 620 1887 vel
655 1849 907 1900 adjutorium
939 1850 1123 1901 ipsorum
1161 1850 1213 1889 ad

178 1919 324 1947 omnes
360 1908 411 1947 de
448 1909 651 1948 Societate
674 1910 924 1958 extenditur,
955 1916 1000 1949 ut
1033 1912 1213 1963 probant

175 1968 246 2008 illa
266 1969 391 2009 verba
418 1970 532 2008 Pauli
565 1971 617 2009 III
636 1981 645 2008 ε
667 1970 838 2011 Cuilibet
857 1976 1049 2020 vestrum,
1077 1975 1146 2024 qui
1162 1974 1216 2013 ad

174 2029 247 2071 hoo
263 2030 424 2071 idoneus
437 2035 630 2082 repertus,
645 2035 741 2078 etc.;
756 2032 939 2082 loquitur
957 2038 1096 2072 autem
1119 2046 1214 2072 cum

175 2090 402 2143 Praeposito
425 2097 465 2131 et
484 2093 603 2131 sociis
625 2094 841 2133 Societatis
860 2095 980 2141 Jesu;
1006 2096 1213 2134 sociorum

174 2157 315 2192 autem
334 2154 504 2192 nomine
520 2155 677 2194 clarum
693 2159 755 2194 est
775 2168 920 2195 omnes
938 2158 1214 2208 comprehen-

174 2213 231 2254 di.
254 2214 476 2266 Gregorius
509 2220 649 2256 autem
683 2216 835 2255 clarius
871 2217 999 2257 dixit:
1021 2217 1212 2257 Omnibus

173 2279 211 2317 et
235 2277 414 2327 sinqulis
442 2278 575 2328 ipsius
606 2276 824 2318 Societatz's
859 2278 1209 2331 praedicatoribus.

172 2337 412 2377 Dubitatum
430 2343 569 2378 autem
592 2338 683 2386 suit,
702 2343 747 2378 ut
768 2340 876 2379 idem
897 2341 1119 2389 Gregorius
1146 2352 1213 2379 re·-

172 2398 253 2439 fert
290 2400 333 2438 in
356 2400 473 2439 Bulla
495 2401 642 2441 Dilecti
658 2401 753 2451 filii,
772 2403 871 2440 anni
899 2403 1015 2449 4584,
1041 2414 1091 2442 an
1128 2403 1215 2441 haec

173 2460 348 2500 facultas
368 2462 464 2500 solis
483 2462 737 2513 presbyteris
771 2463 1043 2511 concedatur,
1065 2463 1130 2502 vel
1150 2463 1214 2502 in-

172 2520 408 2570 ferioribus,
433 2524 557 2561 etiam
590 2535 675 2562 non
695 2523 894 2563 ordinatis
925 2524 970 2563 in
999 2524 1141 2571 sacris,
1161 2536 1210 2563 ea

173 2583 232 2623 uti
263 2584 401 2623 liceat.
424 2585 472 2623 Et
491 2584 664 2635 quidem
683 2586 793 2636 quod
813 2598 896 2624 non
924 2588 1085 2625 tantum
1116 2597 1211 2624 con-

173 2644 346 2685 cedatur
364 2646 632 2697 presbyteris,
657 2659 707 2685 ex
729 2648 845 2686 Bulla
867 2648 983 2686 Pauli
1009 2649 1062 2687 III
1096 2647 1211 2686 vide·

172 2709 240 2745 tur
281 2707 382 2746 mihi
413 2708 513 2746 satis
546 2708 730 2758 potuisse
766 2709 932 2759 coliigi3
965 2721 1059 2748 nam
1097 2708 1210 2760 prius

173 2767 300 2808 habet
319 2769 389 2808 illa
407 2769 534 2808 verba
550 2770 815 2817 universalia,
836 2771 995 2812 cuilibet
1016 2777 1210 2816 cestriam

174 2834 320 2881 postea
340 2842 438 2869 vero
452 2833 704 2871 tractaturus
726 2832 777 2871 de
798 2832 993 2871 facultate
1012 2831 1209 2871 audiendi

174 2889 473 2939 confessiones,
499 2892 659 2942 inquit:
679 2893 767 2935 Nec
792 2904 870 2933 non
907 2893 993 2933 illis
1021 2906 1068 2933 ea*
1085 2894 1209 2942 vobis,

174 2952 244 3004 qui
266 2953 486 3003 presbyteri
519 2953 691 3002 fuerint,
714 2957 815 3001 etc.;
838 2965 939 3004 ergo
972 2965 1066 2994 cum
1095 2954 1210 3006 prius

175 3011 412 3052 indistincte
441 3013 603 3052 locutus
640 3013 779 3062 fuerit,
810 3014 1086 3055 universalius
1119 3014 1208 3055 sine

177 3073 302 3116 dubio
315 3074 478 3114 locutus
493 3078 568 3114 est.

231 3138 297 3177 11.
328 3137 533 3188 Arguitur
547 3135 676 3177 debere
690 3137 833 3177 saltem
847 3149 928 3178 esse
943 3137 1144 3179 diaconos.
1155 3159 1210 3170 —

177 3196 404 3239 Resolvitur
421 3198 467 3238 id
479 3208 556 3237 non
575 3196 743 3248 requiri,
767 3200 852 3238 tum
866 3211 914 3239 eat
927 3199 1207 3248 Pontificibus,

178 3261 260 3300 tum
279 3270 328 3300 em
343 3270 421 3299 usu
440 3257 673 3299 Societatz’s.
685 3279 738 3289 —-
753 3258 893 3298 videi-i
908 3263 1048 3298 autem
1069 3263 1208 3310 posset

178 3318 315 3367 alicui,
340 3319 582 3358 facultatem
608 3318 718 3359 hanc
753 3319 887 3360 solum
928 3320 983 3360 ad
1009 3319 1207 3361 diaconos

180 3391 273 3420 esse
290 3380 612 3429 extendendam,
642 3380 739 3432 quia
762 3380 842 3421 illis
871 3381 972 3421 solis
997 3380 1205 3432 convenit,

178 3442 339 3482 ratione
371 3441 548 3490 Ordinis,
590 3444 634 3482 et
658 3441 779 3493 quasi
803 3453 856 3482 ex
893 3441 1044 3490 officio,
1084 3454 1206 3494 posse

171 3502 450 3553 {Evangelium
467 3503 732 3551 annuntiare,
750 3504 869 3552 juxta
888 3502 1115 3544 doctrinam
1135 3505 1209 3545 Isi-

171 3562 288 3613 dori,
308 3565 352 3605 in
369 3576 408 3606 c.
439 3565 481 3614 1,
500 3563 544 3605 d.
563 3564 640 3611 25;
665 3567 707 3605 et
735 3563 939 3614 Gregorii,
955 3564 998 3604 in
1026 3576 1066 3606 c.
1093 3566 1137 3613 2,
1154 3566 1208 3607 92

181 3621 254 3674 ἀς
275 3625 487 3669 concessio
504 3629 646 3667 autem
687 3623 926 3677 simpliciter
946 3624 1056 3667 facta
1084 3624 1211 3672 debet

530 244 610 279 un.
630 243 688 279 1x.
709 244 765 280 ne
783 245 934 288 uenus,
955 245 1037 281 seu
1053 247 1312 290 umis-remis,
1333 247 1481 290 onmes
1501 247 1558 282 An
1577 203 1858 291 νιιοιιιιιοιιιιιι,
1877 240 1979 285 ure.
2055 222 2075 255 ‘¹
2122 213 2254 314 ,²³34

1278 313 1540 354 secundum·
1523 313 1628 364 Juris
1643 313 1911 354 idoneitatem
1923 292 2164 386 intelligi.·

1277 374 1479 421 firmatur,
1498 386 1595 413 nam
1605 373 1855 426 Gregorius'
1842 386 1886 414 ιιι
1898 375 2032 426 priori
2047 377 2207 421 Bulla

1280 435 1472 477 Omnibus
1493 434 1710 476 Societatis
1742 435 2100 488 praedicator-ioan
2129 447 2223 482 nen*
2215 388 2280 487 , ,’
2324 431 2345 460 ”·

1279 496 1433 536 dentur
1465 501 1606 536 autem
1624 497 1789 548 proprie
1811 509 1932 548 posse
1961 496 2040 537 dici
2068 500 2243 550 prs—dim
2323 549 2326 554 ³

1278 569 1360 606 res,-
1397 557 1477 596 nisi
1514 558 1659 597 saltem
1698 558 1863 598 diaconi
1898 557 1991 598 sint.
2034 554 2275 602 Nihilomi
2319 562 2343 591 ι’

1278 619 1388 658 idem
1403 619 1621 670 Gregorius
1638 620 1682 658 in
1700 619 1844 658 ultima
1863 620 1979 658 Bulla
2000 620 2123 660 citata
2140 633 2229 663 non
2315 648 2318 652 ‹

1274 680 1362 719 lum
1379 681 1580 728 concedit,
1595 680 1669 720 sed
1686 681 1812 720 etiam
1829 681 2024 728 declarat,
2047 693 2098 721 ex
2125 682 2162 720 vi
2182 692 2209 734 p
2226 683 2242 693 '
2259 704 2269 717 η.

1276 741 1373 793 legii
1397 741 1513 781 Pauli
1530 743 1597 790 111,
1619 754 1740 794 posse
1759 754 1939 794 semper,
1963 746 2004 782 et
2038 743 2092 782 ab
2119 742 2188 782 illo
2205 747 2236 783 t
2258 770 2262 779 .
2282 743 2283 746 ’

1275 815 1376 855 pore
1417 803 1599 854 potuisse
1632 803 1856 850 scholares,
1878 807 1920 843 et
1953 803 2056 842 alios
2092 797 2297 853 religio*

1277 865 1505 911 Societatis,
1527 865 1655 903 sacris
1673 864 1886 904 ordinibus
1902 865 2089 904 nondum
2109 865 2224 904 initia
2236 883 2257 899 ιι

1276 926 1354 965 hac
1385 925 1569 978 gaudere
1602 925 1813 965 facultate.
1849 926 1997 976 Sisque
2031 926 2108 966 hoc
2139 926 2240 978 priv'
2267 931 2271 933 ’
2316 967 2326 980 ,⁴

1276 989 1388 1040 gium
1421 988 1678 1027 intellexerat
1705 986 1800 1038 ipsa
1833 987 2029 1034 Societas,
2050 987 2095 1026 in
2125 998 2281 1027 secun
2323 1037 2326 1042 Ι

1273 1049 1603 1100 Congregatione
1646 1047 1855 1099 generali,
1890 1061 1982 1088 can.
2014 1050 2081 1095 27,
2117 1049 2186 1089 ubi
2221 1060 2288 1088 nv

1275 1111 1408 1150 solum
1429 1111 1480 1150 de
1504 1109 1725 1150 Ordinibus
1750 1109 1877 1149 sacris
1902 1109 2100 1161 loquitur,
2130 1109 2205 1150 sed
2242 1126 2247 1145 ι
2270 1110 2298 1143 .’
2320 1159 2321 1163 ¹

1273 1173 1405 1211 solute
1439 1172 1561 1211 dicit:
1595 1171 1836 1212 Retineatur
1867 1170 2128 1224 privileqium
2156 1183 2182 1211 a
2207 1170 2243 1211 S
2318 1222 2324 1227 „

1272 1233 1505 1286 Apostolica
1525 1236 1816 1280 concessum,ut
1835 1234 1963 1272 nostri
1975 1233 2136 1283 possint
2158 1232 2288 1273 conci
2328 1275 2330 1278 ,

1272 1296 1381 1341 nari,
1397 1295 1555 1334 etiamsi
1574 1307 1650 1333 non
1667 1293 1749 1334 sint
1765 1295 1818 1334 ad
1837 1293 2005 1334 Ordines
2022 1295 2209 1344 promoti.
2229 1293 2258 1334 C
2325 1302 2338 1352 fl

1266 1356 1336 1407 jus
1359 1357 1463 1395 ratio
1483 1355 1598 1395 reddi
1621 1359 1770 1406 potest,
1792 1355 1888 1406 quia
1917 1355 2043 1395 verba
2075 1353 2275 1394 Pontifici
2325 1355 2337 1406 i,

1272 1418 1500 1468 cuicumque
1525 1421 1713 1465 vestrum,
1736 1416 1987 1455 universalia
2014 1421 2124 1463 sunt,
2145 1425 2185 1456 et
2211 1427 2277 1454 su·
2298 1421 2302 1443 f
2328 1420 2336 1471 ἰ

1270 1478 1396 1517 verba
1412 1478 1597 1516 favorem
1620 1478 1887 1523 continentia,
1911 1481 1996 1516 tam
2023 1478 2207 1528 ipsorum
2241 1489 2297 1516 ru
2326 1480 2336 1511 ‘a

1272 1539 1530 1590 ligiosorum,
1554 1551 1677 1589 quam
1697 1539 1930 1577 animarum
1948 1539 1991 1577 in
2011 1539 2161 1590 quibus
2178 1537 2291 1578 maxi'
2326 1529 2335 1594 1

1272 1613 1339 1640 me
1360 1601 1497 1639 locum
1530 1600 1656 1639 habet
1690 1599 1788 1638 illud
1812 1600 1999 1638 axioma:
2029 1601 2103 1640 Ubi
2133 1601 2195 1640 lex
2228 1611 2271 1639 n
2298 1603 2307 1646 ζ»

1272 1663 1505 1713 distinguit,
1535 1674 1603 1702 nec
1636 1674 1706 1702 nos
1751 1660 1990 1713 distinguere
2037 1661 2233 1709 debemus,
2262 1671 2288 1700 ο
2326 1658 2334 1701 ,³

1271 1724 1398 1775 quod,
1431 1724 1657 1772 beneficium
1691 1722 1890 1774 principis
1924 1722 2054 1772 ample
2085 1722 2260 1773 intellige
2322 1726 2333 1775 ¹j.

1268 1786 1360 1827 dam
1390 1788 1465 1833 est,
1498 1785 1526 1825 l.
1557 1784 1652 1832 ult„
1678 1784 1722 1823 ff.
1756 1783 1811 1823 de
1843 1783 2014 1822 Constit.
2046 1783 2243 1837 princip„
2301 1793 2334 1855 τ

1266 1847 1432 1896 Dilecta,
1456 1846 1506 1886 de
1525 1845 1839 1895 Donationibus,
1856 1857 1950 1885 cum
1974 1845 2193 1885 similibus.
2295 1837 2333 1908 ’ξ

1311 1911 1384 1949 42.
1426 1908 1632 1959 Aryuitur
1665 1911 1803 1948 contra
1835 1907 2074 1959 cajetanum
2098 1910 2289 1958 putant*-

1267 1970 1426 2010 diaconi
1441 1981 1524 2010 esse
1539 1970 1779 2009 concionari.
1795 1991 1847 1997 —
1858 1970 1940 2008 Nec
1965 1981 2117 2007 munus
2136 1968 2274 2009 conci

1268 2031 1395 2070 nandi
1413 2032 1469 2070 ita
1490 2035 1553 2071 est
1576 2043 1788 2070 annexum
1806 2031 1946 2082 aliquo
1964 2032 2060 2082 jure
2081 2030 2219 2070 divino
2234 2042 2276 2071 v

1267 2094 1451 2132 humano
1465 2093 1603 2132 Ordini
1626 2093 1885 2140 diaconatus,
1900 2097 1945 2131 ut
1960 2095 2180 2144 propterea
2199 2089 2293 2131 11η·4

1268 2155 1394 2193 tanda
1412 2155 1492 2194 siut
1511 2154 1763 2193 universalia
1774 2154 1901 2193 verba
1922 2154 2033 2193 Pauli
2056 2155 2106 2192 ΙΙΙ
2123 2154 2175 2192 ad
2190 2152 2271 2192 sol·
2288 2171 2291 2185 :
2326 2183 2327 2186 η

1266 2217 1479 2265 diaconos,
1516 2217 1612 2268 quia
1653 2215 1906 2269 praedicandi
1940 2227 2093 2254 munus
2134 2214 2330 2267 propri

1266 2290 1351 2316 non
1385 2282 1446 2317 est
1477 2282 1594 2317 actus
1625 2278 1801 2328 alicujus
1833 2276 2012 2325 Ordinis,
2037 2278 2079 2316 ut
2104 2276 2189 2314 dixi
2212 2276 2258 2314 in
2284 2306 2285 2309 η
2323 2310 2326 2314 Α

1267 2342 1377 2378 tomo
1398 2338 1529 2378 tertiae
1554 2339 1695 2391 partis,
1715 2339 1820 2390 disp.
1857 2339 1924 2386 16,
1951 2341 2050 2376 sect
2081 2337 2122 2384 3,
2138 2337 2180 2376 in
2198 2336 2299 2384 fine

1267 2413 1363 2440 cum
1395 2402 1508 2448 Soio,
1531 2402 1571 2448 4,
1607 2401 1703 2440 dist.
1745 2403 1783 2448 1,
1809 2412 1852 2451 q.
1885 2403 1922 2449 1,
1948 2399 2119 2439 articulo
2158 2402 2289 2441 sexto
2322 2416 2323 2434 1

1265 2463 1472 2510 Corduba,
1494 2462 1565 2500 lib.
1585 2461 1921 2508 lOuaestionarii,
1938 2472 1978 2512 q.
2002 2463 2068 2507 50,
2087 2462 2281 2512 punt-„102

1267 2526 1408 2563 contra
1426 2524 1683 2575 CaJetauum‚
1701 2523 1800 2562 ibid.
1809 2535 1876 2573 ‚.q
1899 2524 1965 2564 61
1977 2522 2148 2561 articulo
2165 2533 2237 2560 sex
2264 2537 2271 2555 ι

1265 2589 1307 2625 et
1324 2588 1362 2625 2.
1383 2589 1425 2632 2,
1446 2598 1486 2637 q.
1510 2586 1605 2633 187,
1629 2589 1703 2625 art.
1737 2588 1775 2632 1,
1795 2554 2019 2632 dicentem,
2041 2587 2178 2622 actum
2197 2595 2290 2634 prr-1

1266 2647 1431 2687 dicandi
1448 2659 1540 2686 esse
1560 2659 1770 2686 annexum
1791 2647 1935 2686 saltem
1959 2658 2009 2686 ex
2043 2644 2284 2684 institution
2319 2643 2323 2646 ’

1262 2708 1454 2748 Ecclesiae
1480 2709 1614 2747 ordini
1641 2720 1757 2747 sacro
1777 2707 1983 2758 Episcopi,
2003 2705 2069 2745 vel
2104 2704 2280 2753 sacerd.
2320 2746 2323 2754 ,Ἰ

1264 2769 1334 2818 tis,
1348 2769 1414 2809 vel
1432 2769 1618 2815 diaconi;
1643 2769 1732 2820 ipse
1749 2773 1888 2808 autem
1907 2768 2020 2807 nullo
2036 2768 2130 2819 jure
2150 2766 2254 2818 prob
2276 2783 2294 2792 ..

1266 2831 1374 2869 hanc
1391 2830 1711 2869 ecclesiasticam
1743 2829 2045 2869 institutionem
2069 2841 2143 2868 seu
2171 2839 2268 2867 aun

1266 2891 1446 2930 xionem.
1487 2891 1658 2930 Videtur
1689 2894 1830 2929 autem
1870 2890 2008 2930 favere
2044 2890 2124 2929 Leo
2168 2890 2282 2940 Pap

1266 2952 1384 3003 epist.
1410 2952 1670 3002 sexagesima
1703 2951 1853 3002 prima,
1885 2951 1988 2990 alias
2019 2951 2085 2990 63.
2116 2950 2285 2991 dicen

1264 3015 1422 3055 Proeter
1440 3015 1606 3054 Domini
1630 3015 1849 3055 sacerdotes
1866 3014 2003 3054 nullus
2023 3014 2166 3054 audeat

1263 3074 1410 3123 dicare,
1431 3075 1512 3115 sive
1526 3075 1757 3124 monachus,
1778 3076 1862 3116 sive
1881 3075 2011 3116 laicus
2041 3074 2109 3114 ille
2134 3074 2204 3121 sit,
2233 3092 2238 3104 ι
2263 3081 2265 3084 ·

1260 3136 1471 3188 cujuslibet
1486 3137 1664 3177 scientiae
1683 3137 1839 3177 nomine
1856 3136 2066 3187 ylarietur.
2085 3133 2249 3174 Nihilorr
2269 3161 2277 3197 Α,
2315 3182 2318 3188 ¹

1261 3210 1342 3240 nus
1362 3199 1522 3239 nullum
1538 3203 1600 3238 est
1611 3198 1929 3240 ecclesiasticum
1945 3201 2195 3250 praeceptum
2218 3212 2225 3240 ·,
2316 3199 2320 3234 ζ·

1261 3261 1560 3314 prohibeantur
1577 3259 1795 3302 inferiores
1814 3259 1953 3300 clerici
1981 3259 2204 3311 praedicare
2236 3290 2265 3309 ,Ι
2315 3282 2319 3314 3

1259 3321 1445 3373 legitima
1463 3320 1658 3363 facultate
1687 3322 1779 3372 ejus
1795 3321 1867 3372 qui
1893 3324 2024 3372 possit
2046 3321 2160 3362 illam
2202 3335 2231 3351 ν
2315 3326 2319 3334 “

1257 3383 1428 3431 cedere,
1447 3386 1495 3422 ut
1527 3393 1724 3434 expresse
1751 3381 1936 3423 declarat
1956 3382 2109 3433 glossa,
2135 3381 2176 3420 lo
2228 3397 2247 3457 κέ
2313 3420 2318 3432 ,

1259 3444 1505 3498 Adjioimus,
1525 3445 1591 3490 16,
1609 3455 1651 3495 q.
1673 3445 1710 3490 1,
1728 3441 1827 3484 etin
1848 3455 1890 3482 c.
1914 3443 1970 3485 In
1986 3441 2235 3489 εαιισία,ὀ;“
2241 3472 2252 3484 Δ,
2312 3434 2317 3486 2

1259 3504 1419 3556 dicens,
1453 3505 1632 3545 Leonem
1665 3515 1795 3551 supra
1824 3504 1948 3544 citata
1974 3503 2101 3544 verba
2138 3498 2221 3548 dij
2314 3501 2317 3543 ἶ

1260 3571 1403 3607 contra
1431 3566 1635 3617 quosdam
1668 3566 1896 3608 monachos
1927 3566 2173 3616 usurpantes
2310 3555 2317 3611 1

1259 3626 1375 3669 cium
1388 3626 1659 3680 praedicandi,
1672 3637 1770 3670 eum
1787 3637 1839 3668 eo
1853 3629 2041 3686 tempore
2053 3634 2133 3665 nec
2152 3667 2173 3670 ,,
2190 3666 2205 3674 ,1
2212 3646 2216 3652 ν-
2239 3668 2241 3670 ,
2304 3644 2307 3646 -

2311 3745 2314 3764 l

2308 3779 2313 3789 ι
