2352 3880
75 336 81 357 ²
178 342 333 383 habent
351 340 594 391 magistros,
614 342 699 378 tam
716 337 933 388 religiosos
949 367 961 387 ,
982 347 1108 390 qnam

4 402 15 460 'U
48 398 324 450 ἐ“,·’,.Ῐ;011101·οεν,
346 402 401 442 ad
426 401 538 441 hanc
559 404 700 441 autem
726 411 954 451 puerorum
972 399 1107 440 erudi·

0 467 19 513 j
54 465 235 519 ‘nemg2-22
261 464 399 516 pauci,
423 463 568 515 quales
595 473 710 502 num.
739 461 858 501 tertio
890 466 932 501 et
957 464 1105 514 quarto

15 526 437 587 wropoiiebamus,
465 523 732 564 inveniuntur
750 527 820 562 aut
839 523 1102 571 inclinantur,

56 591 123 653 pt
135 600 187 630 ex
200 587 280 626 hac
297 590 412 637 parte
430 585 578 636 majori
599 584 788 624 Ecclesiae
810 585 1046 625 necessitati
1061 584 1104 626 in

55 662 129 699 20⁰
145 647 399 694 subvenitur,
422 651 462 686 et
477 646 571 685 ideo
591 646 687 685 licet
705 646 817 696 apud
837 647 1029 687 homines
1045 645 1106 686 vi-

11 731 14 733 *
61 702 404 757 deaturminoris
423 707 649 758 dignitatis,
665 708 778 758 apud
792 708 917 747 Deum
929 708 1104 748 fortasse

29 807 32 812 .
46 778 137 829 ¹'qest
154 770 322 822 majoris
355 769 504 808 meliti.
536 768 755 815 Praeterea,
789 770 979 820 quamvis
999 779 1105 820 opus

6 869 11 871 .
62 834 150 890 {hoc
175 833 227 872 ad
250 845 324 871 eas
343 842 543 882 personas
563 835 849 881 comparatum
874 831 927 870 ab
950 830 1104 870 altiori·

60 895 150 939 ,bus
180 893 418 933 ministeriis
444 903 515 932 eas
538 892 753 943 impediat,
776 897 918 932 tamen
937 905 1022 932 non
1046 891 1103 932 ibi

58 956 300 998 *sistendum
330 959 407 1002 est,
434 953 508 993 sed
535 965 629 992 cum
658 958 744 993 toto
771 954 984 1005 religionis
1016 965 1103 993 cor-

72 1029 172 1072 pore
205 1021 269 1055 est
295 1014 622 1064 conferendum3
644 1027 743 1053 nam
764 1021 809 1054 ut
840 1016 891 1054 de
920 1015 1104 1054 Ecclesia

71 1079 172 1122 dixit
191 1078 358 1124 Paulus,
388 1078 411 1118 ³1
441 1077 622 1116 Corinth.
653 1079 730 1116 12:
760 1076 914 1128 Corpus
941 1087 1021 1116 non
1048 1079 1106 1118 est

66 1143 190 1198 ,unum
218 1141 445 1186 membrum,
474 1141 546 1180 sed
568 1139 711 1184 multa,
741 1141 781 1177 ec
807 1149 895 1188 quoe
921 1138 1106 1178 videntur

42 1200 242 1264 ‘sssmembra
280 1202 459 1252 corporis
491 1200 717 1250 infirmiora
749 1211 851 1246 esse,
881 1200 1106 1241 necessaria

67 1266 178 1310 Sum,
201 1267 242 1301 et
269 1274 320 1300 ex
340 1261 504 1300 illorum
524 1260 752 1299 ministerio
774 1272 858 1298 non
878 1260 1107 1311 impeditur

64 1315 233 1400 ΙΙ00111115,
261 1322 484 1373 quominus
514 1321 786 1373 perfectiores
816 1319 1002 1359 actiones
1030 1333 1107 1370 per

65 1370 237 1425 'altiores
278 1385 499 1423 facultates
528 1382 658 1432 possit
697 1381 877 1419 efficere.
910 1381 973 1419 Ita
1004 1392 1105 1431 ergo

65 1422 269 1501 {contingit
298 1446 337 1484 in
367 1454 541 1494 corpore
563 1439 803 1493 religionis·
825 1453 922 1480 nam
950 1441 983 1480 si
1013 1441 1107 1481 haec

66 1508 263 1548 infeiiora
294 1505 521 1544 ministeria
546 1516 640 1543 cum
675 1503 814 1542 debita
837 1515 1036 1542 mensura
1065 1506 1108 1543 et

65 1568 357 1611 ,moderatione
385 1567 617 1613 sumantur,
636 1577 720 1603 non
742 1565 974 1615 impediunt
991 1564 1105 1604 altio-

65 1622 116 1671 Jfra
133 1644 148 1680 ς
165 1630 238 1671 sed
251 1631 388 1680 potius
403 1628 456 1667 ad
470 1628 539 1666 illa
550 1628 713 1677 juvant,
732 1630 818 1666 tum
835 1625 1107 1677 praeparando

65 1689 303 1738 fmateriam,
324 1695 367 1729 ut
381 1691 438 1728 sic
451 1690 604 1736 dicam,
624 1701 675 1726 ex
695 1692 810 1739 parte
830 1688 1105 1736 audientium,

66 1758 118 1804 jut
138 1753 277 1792 idonei
299 1752 380 1791 sint
401 1751 455 1790 ad
478 1749 747 1802 perfectiores
777 1749 1016 1800 disciplinas
1041 1761 1106 1789 ca-

70 1815 330 1867 pessendas,
365 1816 455 1852 tum
488 1823 539 1851 ex
572 1818 691 1862 parte
727 1811 1027 1859 ministrorum,
1060 1814 1107 1850 ut

71 1876 270 1929 paulatim
301 1875 353 1913 ab
378 1873 643 1912 inferioribus
660 1873 713 1911 ad
732 1873 978 1922 perfectiora
1012 1885 1108 1923 pro·

73 1938 327 1990 grediantnr‚
362 1939 405 1974 et
435 1935 489 1973 ita
518 1934 562 1972 in
595 1934 787 1972 omnibus
817 1934 951 1985 magis
982 1933 1109 1984 profi-

73 2000 209 2045 ciant;
230 2009 326 2036 nam
348 1996 487 2036 omnia
514 1999 681 2045 tempus
710 1995 890 2044 habent,
918 1999 960 2034 et
992 2007 1109 2045 quae-

73 2059 168 2100 dam
202 2058 430 2097 ministeria
466 2056 691 2108 quamdam
730 2061 893 2097 aetatem
927 2060 969 2096 et
1009 2067 1108 2095 con-

74 2120 246 2161 ditiones
279 2118 512 2169 requirunt,
547 2117 737 2169 quaedam
774 2131 871 2157 vero
910 2118 1041 2159 alias;
1067 2122 1110 2155 et

75 2185 160 2222 tota
196 2180 286 2219 11ωο
325 2180 500 2218 varietas
526 2179 570 2217 in
602 2191 774 2229 corpore
812 2179 1024 2229 religionis
1048 2179 1108 2216 in·

75 2244 208 2283 veniri
232 2245 383 2294 potest,
408 2241 443 2280 si
479 2253 574 2281 eum
613 2242 861 2280 dexteritate
900 2245 940 2280 et
971 2240 1109 2292 provi-

75 2303 211 2345 dentia
252 2303 536 2356 gubernetur;
575 2303 688 2353 quod
723 2303 891 2353 quidem
919 2314 1003 2340 non
1035 2314 1109 2341 ne-

75 2378 222 2419 gamus
271 2378 360 2405 esse
406 2364 572 2404 difficile
601 2376 651 2403 ac
692 2364 975 2409 laboriosum,
1010 2363 1107 2402 inde

74 2431 214 2468 tamen
262 2437 479 2477 speramus
520 2426 714 2464 meritum
755 2427 913 2475 augeri.
952 2426 1071 2465 Unde
1095 2455 1107 2473 ,

75 2501 150 2542 per
189 2500 234 2527 se
267 2487 505 2537 loquendo,
538 2486 606 2525 hic
643 2486 760 2524 labor
800 2490 839 2525 et
877 2486 1106 2526 sollicitudo

75 2561 159 2588 non
203 2553 338 2599 potest
386 2547 587 2598 impedire
630 2547 911 2585 substantialis
954 2548 1110 2598 perfee-

76 2610 198 2650 tionis
223 2614 517 2660 augmentum3
542 2612 630 2647 tum
658 2608 754 2657 quia
785 2612 848 2647 est
879 2620 982 2658 opus
1015 2609 1110 2647 insi-

76 2673 168 2725 gnis
195 2673 402 2711 charitatis
422 2702 431 2716 ‚
459 2675 570 2710 etex
599 2671 836 2709 obedientia
870 2676 1111 2722 susceptum

77 2734 206 2785 ipsam
228 2733 472 2771 charitatem
491 2731 668 2769 multum
694 2735 819 2781 auget
839 2743 887 2769 ae
917 2731 1105 2782 perficit3

28 2833 30 2835 ,
79 2797 163 2834 tum
190 2794 312 2833 etiam
333 2794 428 2842 quia
448 2792 698 2844 sperandum
733 2797 808 2839 est,
830 2794 990 2832 ratione
1018 2793 1111 2832 talis

80 2859 220 2900 status,
244 2858 284 2894 et
304 2855 430 2893 totius
458 2854 670 2904 religionis
693 2854 746 2893 ad
776 2854 854 2892 hoc
880 2867 1032 2892 munus
1053 2855 1112 2892 in-

70 2920 141 2960 ,ter
160 2917 238 2955 alia
260 2917 471 2964 institutae,
490 2927 575 2954 non
605 2917 693 2954 sine
718 2916 886 2967 speciali
916 2917 986 2955 Dei
1015 2928 1111 2968 pro—

72 2962 256 3065 lvidentia
295 2983 335 3017 et
369 2978 668 3030 approbatione
691 2991 701 3025 ;
740 2978 991 3028 sperandum
1012 3008 1024 3026 ‚
1047 2978 1112 3016 in-

82 3051 220 3091 quam,
243 3042 304 3079 est
324 3052 407 3078 non
424 3040 660 3079 defuturum
682 3040 890 3091 peculiare
911 3039 1112 3078 auxilium

34 3130 37 3131 γ
81 3101 154 3140 Dei
182 3101 234 3139 ad
254 3101 353 3139 illud
385 3113 553 3146 munus,
576 3113 670 3141 cum
693 3101 870 3140 aliorum
895 3101 1046 3148 fructu,
1071 3104 1112 3139 et

84 3161 172 3201 sine
202 3162 365 3212 proprio
402 3166 682 3209 nocumento,
715 3163 799 3200 imo
830 3174 923 3200 eum
957 3173 1110 3214 magno

3 3208 36 3255 'V

82 3222 210 3261 etium
250 3222 435 3272 profectu
467 3223 742 3263 efficiendum.
782 3223 1041 3274 Quapropter
1082 3221 1116 3261 si

85 3281 187 3334 quid
207 3287 266 3321 cst
287 3282 472 3333 periculi,
495 3285 640 3324 eadem
662 3285 799 3325 divina
822 3286 953 3336 gratia
971 3288 1012 3324 et
1044 3285 1116 3324 Su·

28 3349 41 3405 }
84 3367 90 3386 1
118 3344 297 3383 eriorum
319 3345 542 3396 vigilantia,
564 3350 605 3386 et
627 3347 716 3387 aliis
737 3347 931 3399 operibus
955 3346 1116 3398 religio-

11 3670 48 3728 ἴῖς..

12 3735 42 3744 ..a

25 3752 57 3771 41

48 3773 55 3785 n

31 3787 65 3824 cg

0 3826 13 3850 ὃ

6 3403 40 3442 ”’.
70 3447 75 3451 ,
117 3405 168 3452 15,
190 3409 231 3444 et
250 3405 300 3444 iis
320 3406 547 3461 praesertim
571 3418 663 3458 quae
694 3409 748 3447 ad
775 3409 899 3447 vitam
931 3412 1117 3447 contem·

118 3465 285 3505 lativam
306 3467 525 3517 pertinent,
547 3470 735 3518 superari
754 3481 839 3508 non
860 3469 1023 3508 difficile
1047 3481 1118 3520 po-

93 3527 189 3566 terit
203 3557 217 3577 ,
238 3528 467 3579 generatim
500 3528 991 3579 loquendo.Prae-se11im
1025 3541 1120 3569 cum

59 3587 175 3628 tale
190 3588 419 3640 periculum
431 3600 518 3630 non
533 3589 585 3628 sit
599 3600 675 3642 per
686 3600 731 3630 se
746 3591 1014 3643 conjunctum
1025 3589 1123 3630 huic

395 213 486 250 cAP.
506 213 549 247 V.
569 212 627 248 AN
646 210 868 246 russnonnm
887 210 1083 248 Eunomo
1099 211 1416 249 coquNIENTER
1434 216 1515 250 PER
1533 215 1785 261 Rssuelosos,
1805 216 1901 252 mc.

63 287 66 296 ’
85 286 98 298 ”
157 291 161 294 ·
189 287 298 322 11111.
310 278 479 320 Accedit
496 277 610 329 quod
631 276 798 317 altiores
817 277 998 319 scientiae
1015 275 1110 329 plu-

1161 276 1402 328 ministerio,
1428 279 1501 318 sed
1514 280 1566 319 sit
1579 281 1700 321 valde
1718 280 2043 323 accidentariu'm
2059 287 2103 324 et
2121 297 2189 327 ex-

1159 339 1410 386 trinsecum:
1439 339 1592 391 vixque
1623 343 1782 394 possint
1814 344 1986 395 cogitari
2006 346 2192 387 actiones

1160 397 1400 449 humanae,
1388 411 1432 439 111
1450 401 1603 452 quibus
1620 402 1770 444 similia
1786 406 1858 445 vel
1884 407 2050 458 majora}
2079 406 2190 460 peri-

1158 459 1284 500 cula
1273 460 1447 500 mveniri
1466 473 1552 500 non
1570 464 1744 512 possint.

1212 522 1279 560 13.
1310 520 1489 563 Fructus
1507 523 1743 564 eruditionis
1760 535 1972 576 puerorum
1989 528 2096 570 inter
2113 528 2192 573 Ga-

1159 581 1337 624 molinos.
1357 603 1412 614 -—
1429 583 1533 623 Item
1551 584 1657 624 inter
1675 585 1895 627 koereticos.
1916 611 1969 619 —-—
1986 591 2188 641 Tandem,

1159 643 1272 693 quod
1297 644 1376 683 hoc
1394 648 1598 695 tempore,
1621 648 1664 685 et
1698 645 1742 684 in
1772 647 1852 686 hac
1885 650 2084 701 religione
2103 663 2192 693 me·

1159 704 1275 744 dium
1291 705 1370 744 hoc
1383 705 1602 756 (quidquid
1620 706 1671 744 sit
1684 705 1736 746 de
1754 707 2023 758 religionibus
2043 712 2133 751 aliis
2149 716 2192 753 et

1157 765 1440 816 temporibus)
1460 767 1583 806 fuerit
1603 767 1723 807 valde
1755 774 2036 819 opportunum
2056 773 2193 813 Eccle-

1159 827 1246 874 siae,
1269 831 1311 866 et
1326 839 1411 866 non
1430 825 1521 866 5100
1540 829 1739 878 peculiari
1759 830 1829 869 Dei
1849 831 2110 881 providentia
2129 833 2195 871 in-

1156 892 1343 935 ventum,
1373 888 1578 940 intelliget
1603 889 1747 938 facile,
1780 890 1854 940 qui
1892 892 2194 934 animadvertat

1158 959 1250 1000 quae
1274 949 1379 989 libro
1398 950 1529 1000 primo
1558 949 1737 989 diximus
1765 951 1816 990 de
1840 952 2099 992 institutione
2121 954 2195 993 So·

1159 1011 1343 1058 cietatis;
1362 1022 1547 1062 namque
1576 1012 1759 1051 rationes
1779 1024 1925 1052 omnes
1951 1019 1992 1053 et
2022 1015 2195 1054 circum-

1159 1073 1334 1121 stantiae,
1351 1084 1458 1124 quas
1478 1073 1536 1113 ibi
1562 1074 1871 1114 observavimus
1895 1075 2004 1114 circa
2036 1076 2196 1115 institu-

1159 1134 1317 1174 tionem
1336 1134 1551 1174 Societatis
1568 1135 1621 1173 ad
1640 1135 1870 1175 ministeria
1895 1136 2194 1187 proximorum,

1161 1196 1215 1235 ad
1234 1197 1312 1234 hoc
1334 1196 1544 1246 peculiare
1570 1196 1846 1236 ministerium
1877 1198 2073 1248 applicari
2102 1210 2196 1249 pos-

1160 1262 1271 1305 sunt,
1289 1261 1329 1296 et
1345 1258 1614 1309 experientia,
1625 1269 1751 1310 quam
1767 1258 1944 1297 diximus
1961 1260 2197 1298 institutum

1159 1320 1296 1368 ipsum
1322 1320 1629 1370 comprobasse,
1654 1332 1739 1359 non
1759 1321 1898 1360 minus
1925 1322 2128 1372 approbat
2157 1325 2199 1361 et

1160 1378 1379 1418 confirmat
1398 1382 1476 1417 1100
1500 1382 1790 1421 ministerium.
1811 1384 1869 1421 Re
1894 1383 2003 1421 enim
2025 1395 2124 1421 vera
2138 1384 2199 1421 in-

1160 1440 1368 1480 credibilis
1396 1444 1458 1479 est
1478 1440 1650 1488 fructus,
1672 1443 1742 1490 qui
1765 1453 1814 1480 ex
1835 1444 1905 1480 illo
1926 1444 2196 1490 redundavit3

1160 1501 1201 1540 in
1216 1502 1444 1553 provinciisv
1456 1502 1659 1552 siquidem
1674 1502 1990 1550 Catholicorum,
2009 1504 2080 1542 ubi
2096 1505 2199 1544 fides

1160 1564 1290 1602 illaesa
1309 1569 1596 1611 conservatur,
1610 1575 1695 1602 non
1716 1565 1848 1602 solum
1866 1578 2106 1616 puerorum,
2126 1566 2200 1605 sed

1163 1626 1289 1666 etiam
1323 1626 1508 1664 omnium
1529 1629 1710 1665 statuum
1731 1637 1869 1665 mores
1893 1639 1968 1678 per
1998 1627 2076 1666 hoc
2112 1639 2200 1667 me-

1163 1686 1277 1726 dium
1300 1685 1512 1725 reformati
1550 1691 1660 1735 sunt,
1684 1699 1781 1725 nam
1804 1700 1853 1726 ex
1879 1688 1945 1726 his
1967 1689 2122 1738 pueris,
2159 1690 2201 1728 et

1161 1748 1302 1799 plures
1316 1747 1511 1798 religiosi,
1535 1752 1575 1786 et
1593 1748 1691 1787 boni
1708 1749 1860 1798 cleriei,
1882 1753 1921 1788 et
1936 1749 2034 1798 justi
2051 1750 2196 1800 guber-

1162 1814 1329 1848 natores
1349 1809 1598 1859 Reipublicae
1623 1810 1879 1859 prodierunt.
1902 1811 2003 1848 Cum
2035 1811 2145 1849 enim
2175 1823 2200 1849 a

1161 1875 1305 1910 tenera
1328 1873 1447 1908 aetate
1470 1870 1543 1909 Dei
1572 1870 1764 1909 timorem
1786 1872 2040 1921 concipiant,
2076 1875 2116 1910 et
2139 1871 2200 1909 di-

1161 1931 1267 1970 vinis
1290 1931 1414 1970 rebus
1448 1943 1494 1969 ac
1531 1932 1794 1970 sermonibus
1829 1933 2069 1979 assuefiant,
2093 1945 2201 1971 sem-

1162 2005 1237 2043 per
1250 1993 1421 2030 odorem
1441 1992 1556 2029 illum
1571 1993 1766 2038 retinent,
1782 1994 2011 2043 generatim
2031 1995 2201 2044 loquen-

1162 2054 1230 2100 do,
1244 2054 1363 2103 juxta
1381 2053 1631 2091 sententiam
1652 2053 1873 2104 Sapientis,
1903 2056 2095 2094 Proverb.
2119 2057 2198 2095 22:

1162 2116 1397 2155 Adolescens
1414 2115 1541 2165 juoeca
1561 2116 1669 2153 viam
1687 2127 1799 2154 suam
1820 2116 1940 2155 etiam
1964 2129 2050 2155 cum
2067 2128 2201 2156 senue-

1162 2177 1232 2222 rit,
1255 2187 1331 2215 non
1364 2176 1509 2215 recedet
1540 2175 1586 2214 ab
1623 2187 1680 2215 ea.
1718 2177 1764 2214 In
1797 2177 2039 2227 regionibus
2060 2182 2200 2216 autem

1162 2237 1437 2277 haeresislabe
1457 2236 1632 2283 inseetis,
1645 2248 1719 2286 per
1733 2237 1840 2276 hanc
1857 2250 2080 2287 puerorum
2100 2240 2199 2278 edu-

1162 2300 1370 2340 cationem
1390 2311 1473 2336 000
1495 2299 1629 2336 5011110
1647 2298 1735 2344 filii,
1766 2299 1839 2337 sed
1860 2300 1983 2338 etiam
2006 2304 2198 2350 parentes

1163 2373 1271 2412 saepe
1291 2360 1344 2398 ab
1365 2360 1513 2398 haeresi
1533 2361 1771 2410 praeservati
1794 2365 1902 2408 sunt,
1926 2366 1967 2400 et
1986 2363 2038 2400 ab
2057 2363 2123 2400 illa
2142 2364 2200 2401 in-

1163 2423 1326 2463 terdum
1342 2422 1396 2460 ad
1411 2421 1536 2460 fidem
1553 2422 1746 2461 revocati.
1769 2422 1880 2461 Sicut
1898 2423 2007 2461 enim
2022 2423 2205 2475 legimus

1163 2485 1385 2535 principes,
1409 2488 1449 2522 et
1468 2483 1571 2522 alios
1595 2483 1803 2522 haeresum
1823 2490 2020 2535 patronos
2046 2486 2099 2524 ad
2129 2498 2200 2525 eas

1164 2545 1495 2584 disseminandas
1511 2549 1552 2583 et
1567 2546 1872 2596 propagandas,
1895 2559 2137 2596 procurasse
2158 2551 2200 2587 ut

1164 2607 1284 2659 pueri
1317 2606 1453 2644 statim
1491 2605 1544 2643 ab
1564 2605 1679 2644 initio
1708 2618 1802 2644 cum
1836 2607 1938 2657 ipsis
1969 2608 2200 2647 litterarum

1164 2667 1374 2720 principiis
1395 2679 1554 2706 errores
1568 2667 1771 2715 biberent,
1792 2671 1838 2707 ut
1851 2668 1902 2706 de
1916 2669 2122 2708 Maxentio
2137 2681 2205 2708 re-·

1163 2731 1243 2769 fert
1263 2729 1466 2768 Eusebius
1481 2759 1490 2775 ‚
1513 2729 1583 2767 lib.
1606 2732 1630 2769 9
1654 2730 1856 2776 Historiae,
1876 2742 1911 2769 0.
1936 2731 1981 2779 5,
2005 2734 2045 2769 et
2066 2731 2202 2770 Theo—

1167 2793 1292 2831 dorus
1311 2791 1543 2842 presbyter,
1567 2790 1608 2828 in
1625 2791 1816 2841 Isagoge‚
1843 2803 1917 2829 seu
1941 2793 2201 2842 expositione

1166 2852 1331 2893 unionis
1356 2852 1534 2890 duarum
1557 2856 1801 2891 naturarum
1827 2852 1870 2890 in
1889 2853 2049 2892 Christo
2071 2853 2098 2900 ¹,
2122 2857 2201 2893 sta-

1165 2916 1238 2955 tim
1254 2914 1384 2962 initio,
1397 2914 1448 2953 de
1468 2914 1737 2952 sectatoribus
1754 2915 1950 2965 Eutychis
1966 2919 2006 2954 et
2022 2915 2202 2954 Dioscori

1165 2977 1292 3017 refert
1310 2980 1423 3015 tanta
1438 2975 1667 3026 pertinacia
1682 2975 1907 3014 Ecclesiam
1920 2988 2200 3027 oppugnasse,

1166 3043 1211 3078 ut
1229 3050 1333 3088 quos
1354 3038 1556 3076 haberent
1574 3038 1773 3088 puerulos
1793 3037 1973 3076 necdum
1993 3042 2204 3088 compotes

1166 3100 1280 3152 plani
1300 3098 1453 3149 eloquii
1474 3103 1739 3148 exacuerent,
1760 3102 1885 3149 atque
1904 3099 2205 3150 persuaderent

1166 3161 1403 3201 inducendo
1437 3172 1518 3211 quo
1546 3160 1706 3211 possint
1736 3164 1776 3200 et
1799 3161 1943 3200 audire
1977 3165 2017 3199 et
2046 3161 2203 3198 discere

1171 3236 1263 3276 quae
1296 3235 1371 3276 pro
1408 3234 1484 3262 suo
1520 3222 1715 3274 dogmate
1752 3222 1908 3261 tuendo
1946 3222 2202 3265 afferebant,

1170 3297 1275 3336 quos
1302 3289 1444 3324 nostra
1473 3283 1599 3323 etiam
1629 3286 1749 3322 aetate
1770 3283 2028 3322 Lutheranos
2056 3279 2202 3319 imitari

1170 3347 1402 3387 audivimus
1415 3360 1426 3394 3
1465 3345 1652 3384 scribunt
1680 3344 1791 3383 enim
1826 3343 2022 3388 carmina,
2053 3344 2092 3378 et
2125 3339 2206 3378 ele·

1172 3411 1317 3461 gantes
1338 3407 1547 3446 orationes
1574 3409 1717 3446 contra
1748 3404 1986 3443 Pontificem
2008 3404 2047 3438 et
2067 3399 2205 3438 Eccle-

1173 3469 1279 3510 siam
1312 3468 1580 3517 Catholicam,
1614 3470 1661 3506 ut
1689 3466 1810 3517 pueri
1839 3476 1909 3503 eas
1930 3464 2118 3512 legentes
2137 3471 2204 3499 eo-

1230 3588 1245 3621 θ
1266 3588 1510 3636 Theodorus
1528 3588 1574 3626 in
1591 3590 1706 3626 tomo
1722 3585 1747 3622 ,2
1767 3579 1959 3621 Biblioth.
1981 3579 2165 3619 Patrum.
