2352 3880
199 76 308 119 ·...r‘·⁹'‚‘
370 84 403 108 '·
440 68 451 76 ⁴

165 196 220 223 „L
312 215 316 217 ‚

56 256 58 267 =
111 227 146 272 ’τ-
172 224 394 273 ‘emmam
409 230 975 276 corollarium.denecessitate
989 231 1112 284 hujus

86 286 236 333 ''lsntef
265 294 303 333 et
323 292 412 341 ejvs
442 304 576 332 eausa.
597 315 650 321 —-
666 292 797 344 Atque
831 292 929 332 hinc
956 294 1112 333 constat

83 344 216 409 ‘fl'imo
238 364 329 404 quae
355 352 477 392 fuerit
503 354 719 393 necessitas
737 353 860 404 hujus
888 354 1038 404 gradus
1064 353 1109 392 in

83 399 306 468 έόοἰεῑειῐες
347 417 433 453 tota
458 414 568 454 enim
602 414 654 454 ad
674 414 750 454 boc
777 413 964 458 retertur,
982 419 1029 454 ut
1047 426 1108 454 sa-

55 474 275 525 joerdotes,
289 474 352 514 vel
366 476 435 526 qui
451 476 503 514 ad
523 475 792 514 sacerdotium
812 480 1105 526 praeparantur,

52 531 244 586 imerius
268 539 308 574 et
326 536 549 587 impensius
573 536 728 586 possint
762 536 806 574 in
830 537 1108 587 spiritualibus

53 611 63 641 i
81 597 305 645 &tionibus
323 610 419 648 erga
433 599 564 637 Deum
578 602 619 636 et
639 598 803 648 seipsos,
824 602 866 637 et
884 600 926 638 in
947 599 1102 647 studiis,

54 674 61 709 .¹
79 659 127 708 §e
147 658 382 697 ministeriis
415 670 512 709 erga
545 659 750 710 proximos
781 661 984 711 occupari.
1016 659 1105 700 Tria

54 734 59 754 ⁴
80 716 187 766 enim
208 719 405 769 praecipue
423 722 533 767 sunt,
554 719 596 758 in
615 719 762 770 quibus
782 722 958 771 operarii
972 721 1106 760 Socie-

52 780 170 823 'tatis
201 791 225 818 a
247 780 548 829 coadjutoribus
578 781 874 832 temporalibus
890 783 1101 834 Juvantur.

48 846 54 847 ’
78 840 227 886 Prim0‚
245 841 285 878 in
302 841 365 879 his
385 853 476 892 quae
497 842 547 880 ad
568 843 745 893 corporis
767 845 1103 883 sustentationem

51 922 54 923 ⁷
74 902 298 943 necessaria
322 906 429 950 sunt,
452 903 495 941 in
515 903 664 953 quibus
684 905 837 952 omnia,
854 916 943 955 quae
957 904 1007 942 ad
1022 905 1104 944 vic-

74 966 176 1007 tum,
198 964 404 1009 vestitum,
425 964 739 1009 habitationem,
761 970 801 1005 et
832 978 969 1004 rerum
998 970 1103 1004 tem-

73 1024 274 1079 poralium
325 1026 647 1075 negotiationem
692 1039 738 1066 ao
775 1027 1100 1077 procurationem

71 1087 277 1139 pertinent
292 1116 303 1134 ‚
325 1088 740 1138 comprehenduntur.
769 1087 963 1135 Quamvis
990 1089 1101 1127 enim

71 1145 115 1189 in
134 1146 196 1185 his
218 1148 372 1198 possint
395 1149 520 1187 etiam
541 1149 766 1187 sacerdotes
787 1153 826 1187 et
846 1149 1100 1199 coadjutores

69 1207 298 1260 spirituales
334 1209 539 1248 interdum
564 1210 774 1260 occupari,
808 1209 850 1248 id
876 1210 1006 1248 solum
1040 1216 1101 1250 est

70 1270 281 1322 dirigendo
297 1276 336 1311 et
354 1272 595 1319 ordinando,
611 1284 656 1311 ac
667 1271 920 1323 praesidendo
936 1272 1100 1324 hisquae

67 1333 256 1386 graviora
266 1338 376 1382 sunt,
390 1335 665 1384 majoremque
676 1334 1011 1372 auctoritatemin
1024 1335 1100 1372 mi·

67 1393 194 1434 nistro
223 1395 464 1444 requirunt;
492 1396 676 1433 executio
696 1399 834 1433 autem
862 1396 949 1434 sine
978 1396 1098 1434 coad-

66 1453 246 1494 ³utoru1n
267 1455 552 1506 temporalium
588 1456 739 1494 auxilio
773 1455 862 1494 fieri
884 1457 1096 1496 commode

64 1525 147 1556 non
170 1519 314 1567 potest.
337 1517 522 1556 Secundo
537 1518 702 1568 juvatur
722 1518 901 1556 maxime
921 1519 1097 1558 Societas

64 1576 116 1618 ab
150 1577 214 1616 his
247 1577 455 1626 fratribus,
477 1579 519 1616 in
539 1579 601 1616 his
634 1591 722 1629 quae
752 1579 801 1616 ad
823 1579 975 1617 cultum
996 1580 1097 1618 divi-

61 1639 166 1679 'num
194 1640 414 1690 pertinent,
449 1639 493 1678 in
513 1639 669 1678 sacellis
689 1643 729 1678 et
748 1640 947 1687 Ecclesiis,
967 1653 1097 1680 sacra-

63 1711 158 1739 rum
181 1701 353 1739 vestium
369 1705 408 1739 et
428 1713 565 1740 rerum
586 1701 788 1750 omnium,
809 1713 900 1751 quae
922 1702 972 1740 ad
991 1710 1096 1741 tem-

63 1760 225 1813 plorum
255 1766 444 1801 ornatum
472 1767 512 1801 et
541 1767 804 1802 sacrosanctae
828 1762 1094 1802 Eucharistiae

61 1821 391 1862 decentissimam
425 1824 651 1862 custodiam
683 1823 948 1874 sacrificiique
983 1825 1095 1864 obla-

60 1883 213 1925 tionem
239 1885 460 1934 pertinent,
482 1884 840 1934 diligentissimam
862 1897 1002 1923 ouram
1023 1898 1093 1935 ge-

59 1944 200 1985 rendo.
234 1946 369 1984 Tertio
386 1976 399 1994 ,
426 1945 625 1997 adjuvant
654 1946 697 1983 in
720 1946 958 1984 ministeriis
997 1959 1092 1997 erga

55 1999 280 2060 ¹proximos,
315 2007 381 2046 vel
400 2007 511 2046 domi
529 2019 597 2046 eos
633 2019 728 2046 cum
761 2007 959 2046 charitate
989 2008 1093 2047 reci-

59 2067 229 2120 pientes,
246 2080 468 2119 eorumque
488 2068 812 2115 necessitatibus,
833 2069 1092 2120 quantumin

59 2125 155 2182 ipsis
179 2133 251 2175 est,
275 2130 645 2177 subministrantes,
671 2134 711 2168 et
729 2134 845 2168 extra
862 2130 1003 2167 domos
1029 2141 1091 2168 so-

59 2189 111 2230 eii
135 2190 414 2241 operariorum
434 2191 672 2239 existente53
687 2202 763 2228 nec
784 2190 895 2228 enim
915 2190 1030 2229 decet
1045 2194 1092 2228 ut

56 2233 132 2292 boli
156 2252 369 2300 incedant,
402 2264 478 2291 nec
498 2257 667 2303 possunt
686 2252 911 2290 sacerdotes
930 2251 1007 2290 sibi
1026 2251 1090 2290 in-

56 2311 188 2354 vicem
222 2314 388 2353 comites
405 2318 444 2353 et
463 2314 561 2352 socii
588 2325 672 2352 esse
685 2342 700 2361 ,
732 2312 829 2364 quia
848 2312 1027 2353 multum
1043 2312 1090 2351 in

57 2365 291 2417 ministeriis
316 2374 630 2425 impedirentur.

109 2436 149 2475 3.
181 2437 322 2486 Hujus
340 2437 491 2488 yradus
506 2437 724 2487 exemplum
740 2447 788 2476 eoe
805 2435 896 2476 Act.
915 2436 1013 2474 6.—
1026 2433 1085 2474 Ob

55 2491 130 2536 has
141 2507 238 2546 ergo
249 2508 387 2535 causas
399 2497 597 2536 necessari
605 2509 649 2535 us
659 2497 737 2536 fuit
749 2498 792 2535 in
810 2497 1007 2535 Societate
1018 2495 1086 2534 hie

55 2566 321 2610 personarum
341 2558 504 2608 gradus.
531 2559 653 2608 Cujus
682 2558 925 2598 nonnullum
944 2569 1084 2596 exem-

55 2617 169 2672 plum
185 2630 396 2669 possumus
414 2631 572 2658 sumere
587 2631 635 2658 ex
653 2621 791 2660 Actor.
809 2621 849 2667 6,
872 2619 942 2657 ubi
962 2619 1084 2669 Apos-

56 2678 129 2719 toli
148 2680 362 2719 dixerunt:
381 2680 476 2722 Non
490 2685 546 2720 est
561 2693 715 2733 aequum
732 2693 804 2721 ‘nos
823 2680 1085 2732 derelinquere

57 2741 213 2796 verbum
232 2742 324 2787 Dei,
345 2746 381 2781 et
400 2743 636 2782 ministrare
654 2744 804 2782 mensis
819 2759 835 2788 ,·
853 2746 894 2780 et
910 2742 1002 2780 ideo
1022 2753 1083 2779 or-

56 2797 248 2841 dinarunt
258 2807 410 2854 septem
425 2803 631 2853 diaconos,
650 2804 798 2855 quibus
809 2803 1084 2841 ministerium

101 2862 156 2902 ud
193 2865 509 2903 committerent.
560 2865 608 2904 In
649 2877 729 2917 quo
776 2864 962 2915 exemplo
999 2876 1083 2902 non

54 2859 265 2979 &qualitas
284 2924 326 2962 in
347 2925 552 2975 omnibus,
586 2926 654 2964 sed
687 2926 895 2977 proportio
920 2928 1082 2963 tantum

53 2985 301 3165 ffiendenda
317 2990 376 3024 est
391 2998 403 3036 ;
418 2986 477 3025 illi
496 2987 605 3026 enim
621 2987 797 3025 ministri
810 2986 977 3025 fuerunt
996 2986 1082 3023 dia-

104 3045 147 3083 ni
167 3046 341 3084 ordinati
357 3047 408 3085 ad
424 3048 695 3086 ministerium
712 3048 865 3095 altaris,
883 3047 966 3085 sive
984 3051 1082 3085 tunc

118 3106 209 3154 tim,
242 3118 335 3145 cum
371 3107 487 3147 electi
519 3109 686 3147 fuerunt
718 3109 770 3147 ad
808 3108 1082 3147 ministerium

101 3177 306 3206 ensarum.
324 3167 407 3207 sive
426 3169 633 3221 aliquanto
647 3174 752 3222 post,
768 3169 877 3221 quod
892 3168 989 3208 alibi
1005 3169 1084 3208 dis·

52 3170 245 3329 Ξιὲεῒιιτί
258 3237 271 3277 ;
300 3230 429 3269 nostri
454 3235 590 3270 autem
627 3231 882 3283 coadjutores
913 3230 963 3268 ad
992 3230 1084 3269 nul-

183 3287 394 3329 clericatus
416 3290 588 3340 gradum
621 3304 694 3344 per
723 3304 766 3332 se
796 3293 1082 3340 assumuntur3

0 3381 1 3390 ’
58 3420 67 3434 -
110 3407 131 3438 ι
156 3407 257 3447 vide
275 3407 399 3448 Salm.
428 3412 468 3448 et
483 3409 618 3450 Loriu.
633 3421 647 3460 ;
665 3411 832 3461 aenan,
854 3411 906 3452 de
925 3410 1083 3461 οικᾱιῑιι,7

28 3523 31 3526 ¹
75 3513 82 3523 ,Δ
114 3467 156 3516 6,
177 3481 202 3509 a
221 3469 246 3522 §
265 3469 334 3510 Aa
350 3471 683 3522 confirmationem
696 3489 716 3522 ;
735 3474 919 3527 Vasques
946 3472 998 3514 de
1013 3472 1085 3513 Ot-

87 3525 100 3537 ⁸
135 3557 165 3581 .,
182 3530 376 3582 disputat.
394 3533 489 3582 236,
506 3542 533 3572 a
550 3544 586 3573 c.
605 3534 648 3573 4.

313 133 371 201 0
435 160 526 201 car.
548 165 606 201 ιιι.
627 165 685 200 ΑΝ
705 165 961 202 conveniens
979 163 1129 201 rosan*
1150 167 1436 205 cvoJm'oREs
1457 156 1739 219 remonitus,
1758 160 1850 210 err..

1169 233 1268 284 quia
1287 235 1447 276 diaconi
1466 251 1550 278 non
1573 240 1816 282 ordinantur
1837 250 1913 293 per
1929 254 1972 283 se
1991 243 2127 294 primo
2147 247 2201 289 ad

1167 296 1391 346 temporale
1408 298 1702 351 ministerium,
1716 302 1787 342 sed
1802 302 1853 342 ad
1872 302 2096 354 spirituale,
2115 309 2203 349 tam

1165 353 1209 393 in
1225 357 1424 396 sacrificio
1437 358 1674 400 solemniter
1691 366 1733 401 et
1748 363 1984 404 immediate
2004 367 2203 410 sacerdoti

1164 416 1450 467 ministrando,
1481 431 1603 469 quam
1625 421 1668 460 in
1693 423 1816 462 verbo
1838 425 1922 472 Dei,
1945 430 1986 466 et
2004 427 2200 469 adminis-

1162 477 1336 516 tratione
1351 477 1583 529 aliquorum
1596 481 1971 535 Sacramentorum,
1981 488 2016 526 si
2031 500 2196 532 necesse

1160 536 1308 586 fuerit3
1330 538 1572 578 secundario
1591 546 1728 581 autem
1750 545 1830 584 illis
1849 549 2115 590 commissum
2135 555 2197 592 est

1161 598 1435 638 ministerium
1467 600 1739 641 distribuendi
1763 617 2000 648 communes
2021 611 2197 652 eleemo-

1162 671 1285 710 synas
1304 660 1414 699 inter
1438 673 1642 712 pauperes
1658 667 1700 702 et
1719 664 1863 704 viduas
1880 680 1890 714 ;
1909 672 2036 709 nostri
2056 679 2196 715 autem

1161 721 1413 771 coadjutores
1445 722 1685 763 immediate
1722 736 1806 763 non
1841 735 2106 771 assumuntur
2141 734 2195 775 ad

1159 782 1368 832 spirituale
1386 783 1678 830 ministerium,
1700 789 1741 824 et
1756 786 1848 827 ideo
1862 789 2020 828 nullam
2035 793 2198 834 ordina-

1157 843 1311 881 tionem
1331 845 1561 895 requirunt.
1586 846 1796 897 Proportio
1822 860 1919 898 ergo
1946 851 2078 891 solum
2099 866 2197 894 con-

1158 903 1263 942 sistit
1284 905 1328 943 in
1345 905 1436 953 hoc,
1453 906 1565 957 quod
1587 907 1692 946 sicut
1708 908 1906 959 Apostoli,
1925 917 1970 949 ut
1986 913 2109 952 verbo
2125 916 2197 956 Dei

1157 970 1362 1012 vacarent,
1376 979 1401 1005 a
1421 968 1622 1019 corporali
1644 970 1888 1019 ministerio,
1912 973 2073 1013 etiamsi
2093 982 2197 1017 esset

1157 1026 1366 1066 charitatis
1379 1032 1419 1067 et
1433 1030 1739 1080 misericordiae,
1760 1032 2062 1083 abstinuerunt,
2081 1049 2197 1078 assu-

1157 1088 1308 1127 mendo
1328 1089 1502 1140 aliquos,
1519 1091 1590 1141 qui
1607 1103 1675 1130 eos
1690 1092 1735 1131 in
1749 1092 1820 1132 illo
1836 1106 1956 1146 opere
1972 1097 2193 1150 juvarent;

1155 1149 1213 1188 ita
1233 1149 1410 1189 Societas
1428 1156 1624 1191 exonerat
1637 1155 1842 1204 operarios
1861 1160 1901 1194 et
1917 1158 2122 1199 scholares
2139 1161 2193 1200 ab

1154 1208 1219 1249 his
1252 1212 1490 1250 ministeriis
1524 1214 1818 1264 temporalibus
1849 1223 2013 1269 propter
2044 1220 2199 1270 altiora¹

1155 1283 1294 1322 opera,
1313 1277 1352 1312 et
1372 1274 1630 1323 coadjutores
1650 1277 1791 1323 sumit,
1811 1278 1959 1328 quibus
1974 1274 2200 1342 juventur,

1154 1336 1195 1371 et
1213 1333 1316 1371 sicut
1349 1333 1407 1372 illi
1436 1335 1693 1385 coadjutores
1714 1337 2000 1388 Apostolorum
2017 1353 2067 1380 ex
2083 1342 2192 1382 clero

1153 1395 1351 1444 assumpti
1372 1398 1482 1442 sunt,
1505 1396 1562 1434 ita
1585 1395 1659 1435 hos
1679 1401 1838 1437 nostros
1857 1401 2110 1451 coadjutores
2128 1416 2192 1444 re-

1153 1453 1318 1505 ligiosos
1335 1468 1432 1501 esse,
1452 1461 1491 1495 et
1508 1468 1559 1496 ex
1576 1457 1721 1498 eadem
1736 1459 1935 1510 religione
1955 1464 2108 1502 assumi
2122 1465 2186 1505 de-

1152 1517 1429 1555 centissimum
1450 1517 1541 1557 fuit.

1204 1579 1244 1616 4.
1278 1578 1449 1628 objectio
1469 1583 1607 1620 contra
1619 1580 1766 1620 dictum
1781 1583 2187 1637 madum—Regum

1151 1638 1372 1678 Benedicti.
1392 1662 1445 1667 —
1464 1641 1513 1678 Et
1548 1640 1644 1679 hinc
1677 1641 1796 1681 facile
1825 1644 2006 1692 solvitur,
2031 1645 2065 1684 si
2093 1648 2185 1697 quis

1151 1699 1318 1748 objiciat
1347 1700 1445 1739 olim
1477 1701 1521 1739 in
1548 1702 1778 1741 reformatis
1808 1705 2074 1754 religionibus
2100 1720 2184 1749 non

1150 1759 1274 1799 fuisse
1291 1774 1334 1800 1n
1356 1774 1430 1800 usu
1451 1762 1557 1801 hanc
1574 1764 1814 1802 divisionem
1832 1766 2061 1806 officiorum
2078 1768 2185 1809 inter

1149 1821 1373 1871 religiosos,
1400 1823 1468 1862 sed
1489 1835 1631 1862 omnes
1651 1825 1774 1864 fuisse
1794 1826 1933 1865 solitos
1950 1828 1994 1866 in
2022 1828 2086 1868 his
2107 1829 2185 1869 hu-

1150 1883 1379 1922 milioribus
1395 1890 1435 1922 et
1454 1885 1731 1935 corporalibus
1742 1886 1978 1926 ministeriis
1994 1891 2185 1929 successi·

1148 1954 1196 1980 ve
1220 1955 1291 1982 seu
1313 1945 1491 1982 vicissim
1512 1957 1586 1995 per
1610 1945 1887 1984 hebdomadas
1905 1948 2113 1999 inservire,
2137 1956 2184 1991 ut

1148 2009 1306 2042 constat
1326 2017 1376 2042 ex
1403 2005 1567 2053 Basilio,
1595 2005 1644 2043 de
1666 2006 1794 2044 Instit.
1817 2007 2025 2057 Monach„
2056 2024 2180 2052 serm.

1147 2066 1186 2112 1,
1209 2066 1313 2103 circa
1330 2064 1479 2104 finem:
1501 2066 1632 2105 Porro
1653 2067 1834 2118 (inquit)
1856 2081 1943 2120 quoe
1962 2075 2181 2114 necessario

1147 2126 1190 2165 in
1231 2126 1427 2166 commum·
1476 2131 1665 2166 conventu
1702 2131 1915 2170 tractanda
1950 2132 2181 2175 ministeria

1145 2189 1255 2233 sunt,
1278 2198 1322 2227 ea
1342 2186 1510 2227 mutatis
1526 2189 1570 2226 in
1583 2188 1710 2227 orbem
1727 2191 1882 2230 vicibus
1901 2190 2179 2245 circumaqzm-

1146 2251 1228 2295 tur,
1247 2248 1404 2299 binique
1421 2248 1596 2301 siizyulis
1607 2249 2179 2296 hebdomadibusnecessarium

1145 2320 1254 2349 omne
1270 2310 1315 2348 in
1335 2309 1405 2348 lzoe
1418 2321 1554 2362 yenere
1571 2321 1713 2350 munus
1733 2312 1904 2362 explent,
1925 2317 1971 2353 ut
1990 2318 2028 2355 et
2046 2316 2179 2357 leumi-

1143 2370 1278 2411 litatis
1310 2381 1453 2410 merces
1489 2372 1710 2411 communis
1727 2371 1783 2411 sit
1798 2402 1808 2419 ‚
1839 2384 1961 2425 neque
1992 2378 2179 2428 cuiquam

1139 2432 1316 2478 facultas
1334 2436 1495 2472 caeteros
1510 2433 1728 2482 superandi
1740 2434 1783 2472 in
1800 2435 1932 2483 rebuS,
1951 2438 2071 2476 etiam
2086 2438 2178 2479 lxm-

1140 2493 1352 2539 debilibus,
1373 2493 1546 2543 amplior
1563 2493 1692 2541 detur,
1712 2497 1750 2534 et
1772 2499 1819 2535 ut
1837 2497 2047 2547 (equaliter
2065 2510 2090 2537 a
2119 2500 2175 2540 la-

1140 2554 1298 2593 boribus
1314 2552 1553 2604 requiescere
1571 2565 1702 2594 omnes
1717 2557 1890 2604 possint,
1906 2561 1981 2597 etc.
2003 2559 2052 2597 Et
2068 2560 2174 2599 hanc

1139 2615 1475 2653 consuetudinem
1499 2627 1571 2665 per
1598 2620 1788 2654 cunctam
1821 2618 2172 2670 Mesopotamiam,

1139 2675 1396 2714 Palaestinam
1417 2680 1457 2714 et
1475 2675 1788 2726 Cappadociam,
1809 2681 1850 2716 et
1868 2682 2000 2717 totum
2032 2680 2174 2720 Orien-

1138 2741 1221 2775 tem
1241 2741 1442 2775 servatam
1460 2749 1544 2775 esse
1561 2742 1732 2776 testatur
1750 2738 1977 2788 Cassianus,
1991 2740 2061 2780 lib.
2083 2743 2108 2779 4
2122 2743 2173 2782 de

1139 2799 1335 2837 Institutis
1356 2810 1644 2849 renunc.‚cap.
1657 2798 1818 2839 decimo
1834 2812 1967 2839 nono:
1988 2802 2172 2852 Singulis

1139 2861 1309 2911 (inquit)
1323 2860 1648 2898 hebdomadibus
1662 2860 1840 2899 vicissim
1855 2861 2003 2900 fratres
2019 2863 2070 2901 ad
2085 2863 2171 2903 haec

1138 2922 1271 2961 officia
1284 2921 1360 2960 sibi
1381 2921 1589 2960 reddenda
1612 2922 1850 2970 succedunt,
1869 2923 1927 2961 ita
1946 2930 2006 2971 ut,
2025 2936 2170 2963 secun-

1136 2984 1234 3022 dum
1251 2982 1423 3022 coenobii
1439 2983 1760 3031 multitudinem,
1774 2985 2055 3023 ministrorum
2070 2998 2172 3037 quo-V

1136 3057 1216 3096 que
1236 3055 1429 3082 numerus
1444 3043 1674 3094 deputetur.
1687 3045 1884 3083 Eamdem
1898 3046 2050 3084 servari
2067 3039 2172 3096 prae-¹

1136 3106 1235 3157 cipit
1260 3106 1301 3144 S.
1318 3105 1573 3154 Benedictus,
1590 3117 1678 3157 cap.
1699 3106 1910 3157 trigesimo
1928 3107 2072 3158 quinto
2090 3089 2173 3146 Re-1

1137 3166 1257 3218 gulae.

1191 3229 1230 3267 5.
1261 3227 1373 3279 Ejus
1394 3227 1554 3268 dilutio.
1567 3248 1622 3256 —
1637 3226 1941 3278 Respondemus
1958 3227 2069 3266 enim
2091 3227 2166 3265 im-

1138 3290 1282 3342 primis
1295 3289 1499 3328 diversum
1518 3288 1642 3327 fuisse
1659 3290 1892 3327 institutum
1904 3289 2165 3339 antiquarum

1138 3350 1385 3402 religionum
1405 3354 1446 3390 et
1460 3353 1632 3399 nostrae;
1648 3349 1726 3388 illae
1743 3349 1854 3388 enim
1871 3353 1989 3388 erant
2005 3348 2164 3396 religio-

1138 3424 1212 3452 nes
1229 3411 1538 3460 monachorum,
1561 3411 1633 3462 qui
1648 3415 1747 3449 tunc
1765 3422 1850 3448 non
1872 3407 2163 3447 ordinabantur

1137 3474 1377 3520 sacerdotes,
1399 3474 1479 3512 nisi
1493 3473 1714 3519 rarissime,
1733 3476 1778 3509 ut
1797 3482 1901 3519 saepe
1921 3469 2074 3506 dictum
2087 3471 2163 3516 est,

1137 3535 1275 3575 necin
1291 3533 1572 3584 spiritualibus
1592 3532 1715 3582 alicuj
1723 3543 1767 3570 us
1784 3529 1947 3569 Ordinis
1977 3528 2164 3569 ministe-
