2352 3880
176 289 235 322 re.
265 279 344 321 Ubi
363 277 605 334 adverbium
625 277 733 319 azias
751 277 1052 331 amplissimum
1073 285 1151 330 est,
1170 289 1212 323 et

148 373 153 378 .
171 338 608 382 'extenditfacultatem
623 338 675 378 ad
693 351 860 395 omnem
874 341 1044 380 modum
1061 341 1212 382 decen-

176 404 241 442 ter
268 399 531 439 ministrandi
569 400 648 439 hoc
680 406 985 441 sacramentum
1003 415 1014 450 ς
1050 403 1212 443 nullum

177 472 277 512 ergo
297 460 435 499 locum
451 473 527 511 per
542 473 587 500 se
603 461 796 502 excludit.
814 463 1000 514 Denique
1019 476 1095 515 per
1110 464 1213 503 anti-

181 533 264 573 qua
278 521 489 574 privilegia
504 534 700 562 concessa
722 523 846 564 etiam
862 525 1210 575 mendicantibus,

179 583 332 623 Nicolai
345 584 395 632 V,
410 587 448 622 et
461 583 560 623 Sixti
575 585 691 632 IV,et
701 585 849 624 Leonis
858 587 908 633 X,
926 587 1069 626 eadem
1086 586 1212 626 sacul-

178 647 241 683 tas
272 643 512 683 conceditur
541 644 629 684 sine
663 645 907 686 limitatione
939 648 991 686 ad
1023 648 1215 699 proprias

176 705 395 752 Ecclesias,
414 706 478 744 vel
499 705 554 744 ad
570 706 738 758 aliquod
752 708 964 758 templum.
984 709 1042 746 Ex
1063 709 1215 759 quibus

176 765 308 805 obiter
334 766 588 818 intelligetur
612 780 695 806 non
719 781 841 818 posse
871 768 1117 806 Societatem
1151 768 1213 807 in·

171 826 346 879 dulgere
366 828 547 867 externis
563 828 856 875 sacerdotibus,
871 829 970 867 utin
988 841 1060 867 sua
1074 830 1213 869 Eccle-

174 888 234 928 sia
266 889 566 929 Eucharistiam
593 890 826 929 ministrent
857 889 1061 936 fidelibus,
1091 902 1212 941 repu-

172 953 326 1000 gnante
357 963 502 990 eorum
534 954 715 1001 pastore,
753 962 846 990 cum
879 951 1139 1004 privilegium
1159 952 1212 993 sit

171 1012 476 1064 religiosorum,
498 1022 582 1049 non
602 1011 697 1059 loci,
719 1015 763 1050 ut
783 1011 934 1052 dictum
958 1018 1032 1053 est.

226 1075 290 1113 12.
321 1072 386 1112 An,
409 1073 526 1112 liceat
544 1071 696 1112 nostris
719 1074 873 1124 deferre
901 1075 1208 1116 Eucharistiam

170 1134 225 1176 ad
242 1138 435 1184 ‹eqo-otum
452 1145 526 1183 per
544 1133 714 1174 vlateas.
734 1155 790 1163 —-
808 1135 952 1173 Dices:
985 1148 1082 1187 ergo
1111 1137 1209 1176 lice-

168 1195 228 1234 bit
248 1195 442 1246 religioso
465 1206 515 1233 ex
534 1194 574 1232 vi
591 1194 716 1245 hujus
731 1194 935 1234 facultatis
954 1195 1115 1236 deferre
1130 1209 1209 1248 pu-

167 1256 274 1296 blice
302 1268 381 1306 per
409 1255 495 1294 vias
525 1259 566 1294 et
584 1255 743 1306 plateas
774 1257 1044 1297 Eucharistiae
1070 1270 1206 1298 sacra·

166 1320 352 1356 mentum
373 1316 425 1355 ad
445 1319 636 1368 aegro'tOS,
654 1316 821 1367 quando
842 1330 923 1356 non
946 1323 1114 1370 propter
1133 1330 1207 1358 ne-

167 1379 417 1423 cessitatem,
442 1378 514 1416 sed
535 1384 704 1429 propter
733 1379 996 1418 devotionem
1020 1393 1209 1419 commu-

166 1440 320 1479 nicant.
351 1440 598 1490 Respondeo
630 1440 823 1491 negando
857 1441 1084 1492 sequelam,
1109 1442 1207 1493 quia

165 1502 267 1541 illud
288 1505 350 1540 est
374 1505 517 1540 contra
543 1513 808 1540 communem
842 1504 1204 1552 consuetudinem,

165 1575 256 1614 quae
280 1562 377 1601 satis
398 1562 580 1601 declarat
610 1562 725 1600 illum
746 1563 917 1602 modum
945 1563 1205 1604 administra-

164 1625 286 1664 tionis
307 1626 517 1675 pertinere
531 1624 582 1663 ad
601 1625 813 1676 proprium
826 1626 896 1676 jus
910 1627 1204 1676 parochorum,

163 1686 342 1737 ideoque
359 1686 459 1725 illud
472 1687 745 1725 ministerium
764 1687 918 1737 optime
936 1689 1204 1738 comprehcn-

163 1747 203 1787 di
218 1748 295 1786 sub
310 1748 379 1786 illa
396 1752 649 1797 exceptione,
663 1749 746 1787 sine
757 1748 931 1799 alicujus
940 1750 1197 1800 praejudicio.

162 1810 279 1849 Ratio
302 1812 443 1848 autem
467 1821 556 1848 0330
578 1813 730 1860 potest,
753 1810 819 1848 vel
844 1811 939 1860 quia
963 1811 1031 1849 ille
1055 1811 1206 1851 modus

162 1871 406 1921 regulariter
428 1883 510 1908 non
532 1874 593 1909 est
609 1873 651 1909 in
670 1883 763 1917 usu,
782 1871 860 1909 nisi
876 1871 928 1910 ad
943 1872 1201 1922 implendum

161 1932 346 1971 divinum
367 1936 641 1982 praeceptum;
666 1932 782 1982 leges
802 1935 941 1972 autem
961 1938 996 1972 et
1013 1934 1110 1984 jura
1141 1939 1200 1974 at-

165 1993 337 2033 tendunt
360 2005 450 2044 quae
471 1993 719 2044 regulariter
738 2006 810 2032 seu
831 1994 1071 2045 frequenter
1093 1996 1201 2034 acci—

162 2053 289 2101 dunt;
311 2054 378 2092 vel
398 2055 494 2104 quia
514 2059 612 2092 tunc
630 2055 905 2094 ministerium
923 2055 968 2094 fit
988 2068 1081 2094 cum
1104 2069 1199 2107 spe-

159 2116 251 2154 ciali
285 2115 543 2154 solemnitate
578 2115 763 2166 publica,
804 2117 856 2155 ad
889 2129 1015 2167 quam
1045 2118 1199 2158 debent

159 2188 407 2216 concurrere
427 2176 497 2214 alii
515 2175 674 2222 fideles,
705 2181 750 2216 ut
772 2177 967 2216 decenter
986 2179 1072 2227 fiat,
1093 2183 1132 2218 et
1153 2180 1199 2220 fit

158 2249 236 2290 per
253 2238 343 2276 loca
365 2250 455 2287 quae
482 2238 526 2275 in
551 2238 696 2276 ordine
722 2238 776 2277 ad
808 2238 918 2277 hunc
949 2252 1071 2278 usum
1102 2240 1199 2279 sub-

159 2299 546 2350 suntjurisdictioni
578 2299 894 2350 Episcoporum,
926 2304 968 2338 et
988 2300 1080 2339 ideo
1113 2313 1198 2340 non

159 2360 523 2411 comprehenditur
543 2360 647 2398 illud
675 2361 951 2399 ministerium
973 2362 1049 2399 sub
1072 2374 1198 2413 gene-

159 2421 237 2462 rali
261 2421 552 2466 concessione,
579 2421 651 2459 sed
674 2422 896 2471 requiritur
926 2422 1114 2473 specialis
1138 2423 1199 2462 fa-

159 2483 291 2522 cultas
311 2482 375 2520 vel
390 2482 595 2533 Episcopi,
614 2482 681 2521 vel
696 2484 880 2533 parochi.
905 2484 1042 2522 Potest
1059 2489 1199 2524 autem

158 2544 277 2585 aliter
296 2544 521 2582 ministrari
540 2548 845 2583 sacramentum
867 2549 1042 2596 aegroto,
1063 2546 1197 2596 priva·

158 2606 231 2646 tim
251 2605 441 2643 faciendo
468 2618 630 2644 sacrum
657 2606 700 2643 in
733 2607 900 2657 proprio
936 2608 1114 2646 oratorio
1142 2608 1196 2647 ad

156 2666 237 2706 hoc
253 2666 495 2717 approbato,
521 2667 586 2705 vel
607 2666 647 2704 in
668 2666 749 2705 alio
778 2667 869 2706 loco
902 2668 1090 2718 ejusdem
1123 2668 1196 2709 do-

156 2740 250 2767 mus
278 2727 329 2766 de
356 2727 519 2766 licentia
540 2727 767 2777 Ordinarii;
800 2728 911 2766 unde
946 2729 1085 2779 quoad
1117 2730 1197 2769 hoc

157 2801 323 2839 semper
338 2789 417 2827 hoc
432 2789 706 2827 ministerium
722 2789 876 2840 pendet
889 2790 941 2828 ab
953 2791 1193 2830 Ordinario·
1180 2822 1192 2840 ,

158 2849 325 2889 obtenta
345 2853 485 2888 tamen
505 2849 698 2888 facultate
714 2850 765 2888 ad
777 2850 1016 2889 faciendum
1031 2863 1194 2890 sacrum

157 2910 203 2950 in
235 2910 326 2949 loco
364 2911 690 2957 accommodato,
727 2923 811 2949 non
847 2912 922 2950 erit
958 2914 1194 2952 necessaria

159 2971 349 3023 specialis
381 2972 545 3010 licentia
580 2972 633 3011 ad
665 2971 846 3010 dandam
876 2972 1191 3024 Eucharistiam,

159 3032 235 3073 sed
254 3044 304 3072 ex
319 3032 358 3071 vi
375 3033 575 3084 privilegii
599 3033 752 3072 licebit.

210 3094 274 3134 13.
289 3093 494 3141 Secundo,
511 3093 622 3132 idem
637 3093 857 3134 dicendum
871 3106 1038 3144 censeo,
1051 3095 1195 3135 etiam-

158 3153 195 3196 si
213 3159 394 3207 aegrotus
410 3155 463 3194 sit
480 3155 524 3194 in
543 3155 726 3206 periculo
748 3157 905 3206 mortis,
928 3159 1089 3208 quoties
1109 3170 1194 3198 non

158 3217 436 3257 communicat
459 3215 510 3256 ad
539 3218 789 3268 praeccptum
812 3218 999 3257 divinum
1016 3219 1192 3270 implen-

159 3276 276 3326 dum,
307 3278 381 3317 sed
412 3290 462 3318 ex
491 3277 780 3318 abundantiori
801 3279 1043 3327 devotione;
1065 3284 1193 3330 atque

158 3338 216 3379 ita
234 3338 281 3378 fit
295 3342 341 3378 ut
359 3339 445 3378 sola
461 3339 528 3378 illa
547 3339 798 3388 communio,
815 3351 890 3392 per
907 3339 1191 3392 quamimple-

116 3405 120 3408 ’
158 3402 230 3439 tur
246 3404 498 3452 praeceptum
531 3400 577 3439 in
613 3400 785 3440 articulo
822 3401 981 3450 mortis,
1017 3404 1190 3454 excepta

157 3466 392 3503 censeatur.
429 3463 506 3501 Pro
537 3473 621 3514 quo
658 3465 722 3501 est
750 3461 1066 3511 advertendum,
1086 3475 1192 3515 prae-

164 3527 332 3574 ceptum
359 3523 463 3563 illud
481 3535 565 3563 uno
586 3526 684 3563 actu
710 3523 882 3576 expleri,
901 3523 1008 3564 intra
1026 3528 1192 3577 tempus

159 3581 271 3624 illius
285 3585 460 3639 periculi
477 3585 604 3636 facto,
623 3584 721 3638 quia
741 3585 847 3627 nihil
873 3585 987 3626 aliud
1007 3586 1193 3642 praecipit

521 210 598 248 ΗΒ.
618 207 675 247 IX.
697 212 752 248 m:
772 212 1023 254 1100113300
1041 214 1303 258 nummum,
1323 212 1470 257 QUIBUS
1489 214 1551 253 Al)
1599 207 1601 209 ¹
1626 211 1628 213 ’

1264 281 1344 322 nisi
1363 280 1556 322 viaticum
1571 290 1736 320 sumere
1748 279 1793 320 in
1806 258 1917 336 illd,
2090 300 2096 306 ·

1264 342 1316 383 tis
1341 341 1387 381 fit
1415 353 1491 393 per
1520 353 1650 381 unum
1669 343 1821 385 actum.
1841 341 2184 396 Βοιιιᾱειιςμιιιι

1262 403 1366 443 illud
1395 402 1549 443 habeat
1567 401 1828 446 latitudinem
1859 401 2072 451 interdum
2095 402 2216 500 plu?

1265 476 1358 504 rum
1377 463 1562 512 dierum,
1586 467 1627 503 et
1646 466 1900 514 praeceptum
1918 462 1971 502 sit
1989 455 2175 510 affirma

1265 538 1350 565 non
1369 525 1523 576 obligat
1542 537 1616 577 pro
1633 523 1806 576 singulis
1829 523 2050 564 momentis
2067 524 2165 565 vel·
2221 569 2225 581 v

1264 587 1372 627 illius
1390 586 1604 638 temporis,
1633 586 1708 626 sed
1727 585 2015 625 determinatio
2033 585 2142 626 illius
2172 577 2246 630 2153*

1267 661 1358 689 esse
1380 647 1609 687 arbitraria.
1636 646 1839 694 Quamdiu
1859 658 1958 698 ergo
1978 646 2134 686 status
2125 660 2185 686 ιιι-
2172 629 2241 692 iffi*

1265 711 1363 750 tatis
1393 714 1435 750 et
1466 708 1637 761 periculi
1667 708 1854 748 nondum
1884 707 2072 759 pervenit
2099 707 2153 747 ad
2194 702 2239 754 ,θ’

1268 776 1435 820 statum,
1466 775 1512 810 ut
1540 770 1691 819 statim,
1714 773 1755 809 et
1786 781 1861 821 pro
1884 769 2030 808 eodem
2054 768 2120 807 (110
2143 752 2209 818 0141
2234 789 2237 795 =

1266 833 1319 874 ad
1339 831 1743 881 communicandum,
1755 830 1790 870 si
1807 835 1986 882 aegrotus
2002 830 2100 869 velit
2112 842 2204 878 0001
2213 823 2244 872 m

1266 896 1436 935 nionem
1470 893 1656 944 recipere
1686 891 1917 932 devotionis
1954 890 2108 943 gratia,
2138 903 2205 930 3ο.

1263 958 1402 998 animo
1422 955 1622 1008 implendi
1641 957 1908 1006 praeceptum,
1925 956 2071 992 etcum
2087 964 2226 1005 prope.
2222 940 2246 996 ἐξ

1263 1018 1498 1073 postulandi
1518 1017 1598 1056 alio
1619 1016 1684 1055 die
1705 1015 1898 1054 viaticum
1917 1013 2152 1082 aparocho,
2173 1013 2238 1053 si

1262 1082 1441 1123 riculum
1472 1078 1659 1125 creverit,
1692 1080 1733 1116 et
1760 1075 1954 1127 obligatio
1986 1074 2117 1126 magis
2146 1086 2262 1127 urg·-

1261 1144 1348 1184 visa
1371 1141 1509 1188 fuerit,
1529 1143 1628 1178 tunc
1647 1137 1806 1176 licitum
1837 1140 1899 1175 est
1928 1135 2146 1187 religiosis,
2176 1147 2239 1181 ex,

1261 1206 1386 1256 hujus
1406 1200 1624 1254 privilegii,
1641 1198 1874 1237 ministrare
1894 1196 1951 1235 illi
1972 1199 2260 1235 sacramenta·

1261 1267 1357 1318 quia
1377 1265 1446 1304 ille
1467 1261 1653 1302 noudum
1672 1259 1752 1298 dici
1773 1262 1904 1310 potest
1916 1257 2110 1296 articulus
2127 1268 2195 1296 mo
2235 1254 2245 1265 '

1260 1327 1447 1370 manebit
1470 1329 1610 1364 tamen
1630 1321 1790 1372 integra
1821 1319 2015 1370 obligatio
2046 1318 2171 1357 divini
2190 1329 2256 1370 p

1260 1389 1367 1441 cepti
1393 1399 1468 1439 pro
1493 1386 1562 1424 illo
1593 1382 1765 1422 articulo
1794 1392 1867 1420 seu
1899 1380 2098 1432 periculo,
2126 1378 2271 1429 quan-t

1258 1451 1315 1491 ad
1349 1447 1449 1488 illud
1487 1448 1732 1499 perventum
1768 1441 1904 1481 fuerit.
1938 1441 2070 1481 Simili
2097 1440 2222 1482 modo
2258 1481 2270 1484 ,,

1257 1516 1439 1562 aegrotus
1467 1507 1554 1555 jam
1581 1503 1896 1545 communicavit
1923 1508 2106 1554 tempore
2126 1505 2251 1553 apto:

1259 1570 1518 1624 implendum
1541 1568 1726 1608 divinum
1753 1568 2018 1616 praeceptum,
2045 1568 2086 1603 et
2112 1575 2206 1602 cum
2233 1562 2274 1597 ἰ.

1259 1635 1442 1674 tentione
1463 1628 1662 1682 implendi
1682 1626 1797 1672 illud,
1820 1626 2006 1677 quamvis
2023 1626 2181 1676 postea,
2198 1635 2249 1675 pe
2262 1639 2275 1666 ι’

1260 1698 1478 1735 severante
1513 1691 1662 1731 eodem
1696 1688 1893 1740 periculo,
1925 1699 2001 1738 per
2036 1686 2175 1738 plures
2202 1685 2270 1725 (11:³5

1255 1755 1514 1797 Eucharistia
1534 1765 1585 1793 ex
1601 1751 1821 1792 devotione
1842 1748 2082 1800 accipiatur,
2101 1746 2250 1798 poterit
2272 1774 2274 1780 .

1255 1819 1448 1870 religioso
1470 1812 1691 1854 ministrari
1708 1811 1858 1851 iterum
1879 1814 2002 1861 atque
2022 1810 2185 1848 11010111
2207 1807 2266 1865 Μ
2277 1859 2281 1862 Δ

1252 1879 1381 1919 refert
1397 1877 1508 1929 quod
1526 1876 1593 1914 ille
1609 1874 1798 1914 videatur
1815 1884 1904 1912 esse
1920 1871 2115 1910 articulus
2129 1868 2248 1909 mor*

1257 1945 1319 1980 est
1333 1940 1444 1979 enim
1458 1949 1561 1989 quas
1575 1934 1874 1982 imaterialiter,
1888 1944 1970 1971 non
1990 1932 2087 1983 quia
2104 1939 2277 1973 commu

1254 2002 1322 2042 nio
1351 2000 1424 2039 fiat
1447 1999 1500 2038 ad
1536 1994 1873 2036 satisfaciendum
1910 1993 2149 2043 obligationi
2181 1990 2266 2032 illi·

1254 2062 1429 2108 articuli,
1456 2060 1560 2099 sicut
1586 2058 1686 2096 alias
1715 2056 1767 2096 de
1789 2055 2080 2095 communione
2103 2053 2246 2093 Pasch
2268 2064 2273 2084 t

1255 2136 1351 2163 cum
1371 2121 1634 2174 proportione
1655 2118 1912 2166 dicebamus,
1933 2116 2250 2171 ind1cavimusq
2317 2135 2319 2138 ·

1253 2196 1393 2237 supra,
1410 2184 1452 2221 in
1469 2194 1584 2221 num.
1609 2183 1652 2220 7.
2262 2207 2266 2224 ,

1304 2248 1372 2285 14.
1386 2239 1923 2285 Discutiunturvarz‘icasus
1933 2240 1978 2280 de
1991 2236 2170 2291 periculo
2185 2246 2239 2280 m
2270 2250 2274 2256 ·

1253 2305 1404 2348 1222—
1426 2306 1486 2345 De
1517 2303 1825 2355 suscipientibus
1862 2301 2001 2342 bellum
2032 2301 2093 2340 vel
2127 2301 2260 2352 lonqa

1254 2365 1562 2417 παυίραίίοηεηι
1587 2365 1716 2404 —De
1749 2363 1935 2415 proxima
1962 2362 2120 2415 partui.
2146 2382 2199 2393 --
2256 2391 2275 2417 ,

1253 2427 1384 2467 terius
1411 2424 1660 2478 interrogari
1692 2427 1828 2476 potest
1858 2435 1912 2462 an
1941 2423 2139 2462 articulus
2159 2426 2266 2474 etp
2258 2460 2271 2474 y

1252 2488 1427 2528 riculum
1448 2488 1592 2526 mortis
1613 2486 1724 2525 idem
1744 2486 1837 2532 sint,
1854 2485 1909 2524 ita
1923 2487 1968 2523 ut
1989 2484 2076 2523 haec
2098 2494 2225 2534 excep
2269 2524 2271 2527 ,

1253 2549 1307 2589 3(1
1339 2549 1570 2601 periculum
1608 2548 1751 2586 mortis
1771 2545 2032 2586 extendenda
2065 2545 2130 2586 sit.
2171 2545 2265 2585 Um

1249 2611 1440 2650 oriuntur
1460 2609 1739 2648 dubitationes
1767 2608 1927 2658 aliquae,
1954 2605 2122 2652 scilicet,
2148 2616 2203 2643 an
2233 2602 2265 2645 “ἱ,;
2311 2621 2315 2650 3

1250 2672 1322 2723 qui
1342 2671 1620 2712 communicat
1640 2682 1688 2709 eo
1719 2668 1831 2720 quod
1861 2667 2167 2717 navigationem
2196 2663 2263 2703 1⁸51
2311 2699 2313 2701 .

1250 2745 1346 2784 gam
1365 2737 1413 2772 et
1430 2732 1714 2799 periculosam
1729 2731 1996 2769 inchoaturus
2014 2728 2078 2775 sit,
2099 2727 2165 2766 vel
2185 2738 2229 2778 q
2250 2740 2256 2766 5

1249 2794 1410 2834 actuale
1439 2793 1595 2832 bellum
1619 2796 1678 2830 est
1703 2791 1982 2842 ingressurus,
2014 2789 2046 2827 si
2067 2788 2108 2826 in
2141 2786 2231 2826 sim'
2243 2782 2264 2820 2?

1247 2855 1327 2894 bus
1346 2853 1508 2893 casibus
1528 2852 1658 2921 possit
1677 2864 1698 2890 a
1716 2851 1867 2890 nostris
1891 2862 1942 2889 ex
1960 2849 2000 2888 vi
2018 2848 2144 2900 hujus
2158 2846 2262 2899 pri„
2304 2852 2308 2855 ’

1247 2915 1343 2967 legii
1365 2913 1676 2961 communicari,
1706 2913 1770 2951 vel
1797 2912 1946 2951 debeat
1973 2910 2026 2949 ad
2053 2907 2251 2961 parochw

1247 2977 1415 3016 remitti.
1439 2975 1520 3015 Sed
1550 2975 1601 3014 de
1626 2974 1757 3026 primo
1787 2973 1911 3012 dubio
1933 2971 2089 3011 dictum
2109 2973 2171 3009 est
2187 2962 2231 3009 m

1247 3041 1376 3085 tomo,
1410 3036 1624 3077 tractando
1657 3036 1709 3075 de
1745 3033 2003 3074 absolutione
2033 3032 2076 3071 in
2107 3029 2225 3074 artie·
2247 3038 2261 3055 ³

1247 3099 1411 3148 mortis,
1445 3098 1515 3138 ubi
1549 3097 1657 3147 dixi,
1696 3108 1787 3148 quae
1818 3107 1892 3146 pro
1928 3093 2098 3134 articulo
2134 3102 2238 3161 con
2299 3106 2310 3135 ,ν

1247 3160 1427 3209 duntur,
1469 3159 1523 3199 ad
1559 3157 1788 3211 periculum
1825 3155 2006 3196 extendi.
2052 3155 2148 3202 Quae
2171 3178 2174 3180 v
2198 3168 2244 3211 ‹ijv
2299 3136 2311 3218 1

1245 3220 1342 3261 dem
1369 3221 1514 3273 regula
1547 3220 1593 3260 in
1623 3218 1834 3259 favoribus
1863 3221 1975 3257 certa
1997 3219 2080 3263 est;
2101 3214 2192 3267 haec-
2213 3235 2228 3256 -;

1243 3286 1330 3322 tem
1365 3282 1573 3333 exceptio,
1614 3280 1667 3322 de
1701 3291 1784 3332 qua
1821 3278 2010 3331 agimus,
2044 3275 2237 3331 potius‘.
2294 3283 2298 3290 “

1243 3341 1396 3384 favoris
1424 3341 1630 3391 limitatio,
1663 3346 1704 3382 et
1722 3341 1816 3382 ideo
1839 3341 1894 3381 ad
1921 3339 2032 3381 vocis
2050 3348 2186 3402 prop

1244 3409 1329 3446 tem
1361 3409 1404 3446 et
1435 3404 1618 3457 rigorem
1648 3403 1782 3443 videri
1810 3405 1947 3455 potest
1971 3395 2199 3468 10311103ῃέ-

1243 3464 1519 3507 Nihilominus
1538 3469 1692 3514 tamen,
1719 3465 1754 3505 si
1773 3463 2003 3516 applicetur
2017 3455 2184 3517 ;ρι’100“·ῑ

1243 3529 1358 3580 prius
1367 3528 1549 3580 positum
1565 3527 1618 3568 de
1629 3526 1918 3567 observatione
1926 3521 2146 3572 diviuiprz·
2191 3575 2205 3583 „

1243 3589 1349 3630 nihil
1367 3589 1493 3630 etiam
1517 3587 1723 3642 oportebit
1754 3586 1867 3630 inter
1887 3583 1960 3628 illa
1992 3580 2090 3623 duo
2095 3578 2143 3630 in
2181 3580 2195 3600 Γ·

2143 3702 2161 3720 f
2184 3702 2187 3715 ἲ

2160 3732 2175 3742 ’.ι

2081 3750 2092 3768 .
2150 3771 2155 3775 .

2108 3782 2119 3788 ι.
2137 3786 2139 3795 4
