2352 3880
125 227 236 276 {1¹1⁸

319 322 497 360 =mtstte3
514 325 558 354 n
574 319 702 353 amm
718 317 955 352 {mmmm

124 393 351 436 conveniens
368 401 446 428 esse
464 393 633 438 religioni
652 393 837 430 societatis
854 391 987 430 habere
1005 392 1160 437 potesta-

166 442 239 478 tem
252 436 472 484 dimittendi,
493 447 537 478 tr.
554 439 647 487 10,l.
664 447 695 485 s,
710 451 742 478 c.
758 440 791 478 2.

123 488 258 528 Dimitti
275 498 378 536 posse
394 490 582 536 religiosos
600 501 674 528 non
691 490 872 536 professos
887 495 910 527 e
924 482 1113 536 Societate,
1125 494 1162 531 si

165 543 287 578 minus
303 543 426 578 idonei
446 544 530 586 sint,
552 545 690 580 nullam
710 544 819 581 habet
833 543 1069 588 injustitiam.
1092 552 1160 581 ne-

163 597 236 636 que
254 594 309 628 est
324 596 449 628 contra
467 593 691 636 charitatem,
715 589 766 630 ib.

121 638 243 686 Neque
261 644 314 678 est
329 640 594 683 inconveniens
617 640 717 688 quod
742 643 847 682 multi
866 651 892 679 e
909 641 1083 682 societate
1099 645 1161 682 di·

164 693 256 727 mitti
277 693 428 736 possint,
454 693 503 728 ib.

121 741 207 785 Quae
237 750 356 780 causae
373 741 554 780 sufficiant
567 740 616 781 ad
635 740 895 781 dimittendum
915 753 938 779 e
963 744 1137 782 societate

164 800 196 828 c.
217 797 250 828 9.

120 840 233 885 Quam
246 839 439 887 iustificata
454 848 490 880 et
504 847 599 881 certa
614 843 743 880 debeat
761 844 839 879 esse
853 851 960 879 causa
975 843 1157 883 dimissio-

164 894 223 928 nis
243 894 450 930 scholastici
474 894 675 939 approbati.
700 893 795 935 l.-10‚
819 901 851 927 c.
871 894 925 928 13.

120 939 268 988 Propter
286 949 476 989 parentum
497 943 736 988 indigentiam
755 943 937 980 dimittere
958 946 1075 988 potest
1093 943 1159 982 So·

163 995 272 1029 cietas
290 1002 364 1030 non
384 995 575 1038 professos,
591 994 619 1029 l.
634 997 669 1035 ⁴.
687 1001 720 1029 c.
737 995 774 1032 6.

116 1047 176 1082 ΛΛΠ
189 1045 235 1080 ad
252 1046 289 1080 id
303 1049 478 1086 teneatur,
497 1043 548 1079 ib.

120 1092 289 1131 Dimissio
314 1096 564 1138 coadjutorum
588 1092 825 1130 formatorum
843 1103 864 1128 e
882 1092 1057 1130 Societata
1076 1104 1160 1140 gra-

161 1147 281 1181 viores
302 1146 457 1188 requirit
478 1154 604 1182 causas
620 1174 628 1187 ,
652 1154 762 1189 quam
785 1144 1093 1182 scholasticorum.
1120 1148 1162 1183 Et

162 1202 330 1240 quaenam
348 1193 419 1230 iliae
436 1201 514 1230 esse
534 1195 686 1239 possint,
710 1195 733 1230 i.
751 1196 784 1236 7,
802 1204 835 1230 c.
858 1196 892 1229 2.

119 1246 190 1287 An,
212 1250 334 1329 etlcur
354 1245 513 1282 societas
533 1246 766 1284 scholasticos
787 1244 943 1281 dimittat
957 1241 1050 1281 votis
1061 1245 1160 1284 solu-

160 1298 229 1336 tos,
268 1319 277 1328 .
297 1298 329 1337 3,
348 1302 380 1330 c.
402 1299 435 1330 2.

120 1343 253 1381 Caetera
267 1353 331 1389 pro
345 1345 524 1381 solutione
537 1343 702 1381 votorum
720 1345 759 1381 in
773 1343 988 1382 dimissione
1001 1344 1162 1391 religiosi

162 1400 235 1430 non
253 1393 401 1439 professi
418 1405 438 1430 e
455 1396 640 1434 societate,
658 1395 743 1431 vide
762 1395 904 1431 votum.

115 1441 243 1480 ¹Utrum
257 1445 412 1481 societas
428 1445 550 1489 ejusve
564 1445 703 1480 Praeiati
723 1445 863 1489 possint
884 1453 951 1489 pro
967 1452 1034 1482 sua
1049 1445 1163 1483 liber-

161 1500 243 1534 tate.
272 1501 307 1531 et
325 1497 462 1541 absque
485 1497 582 1540 iusta
607 1504 715 1535 causa
741 1496 860 1531 valide
885 1496 1068 1532 dimittere
1087 1506 1161 1535 non

161 1545 353 1589 professos,
370 1555 402 1581 c.
417 1549 454 1582 9.

116 1590 315 1631 Laudabile
339 1594 553 1640 regulariter
579 1601 654 1632 non
673 1597 728 1632 est
744 1603 821 1631 suae
842 1592 1049 1633 dimissioni
1071 1603 1162 1635 con·-

160 1646 305 1685 sentire,
321 1648 428 1681 etiam
442 1646 589 1691 quando
603 1646 759 1681 Societas
774 1654 992 1684 consensum
1003 1645 1163 1692 religiosi

161 1699 321 1739 expectat
335 1697 382 1732 ad
398 1705 481 1732 eum
504 1697 774 1738 dimittendum,
800 1697 848 1731 ib.

116 1743 231 1780 Licite
264 1749 386 1787 tamen
419 1746 503 1784 talis
542 1744 733 1789 religiosus
769 1746 976 1782 consentire
1010 1747 1126 1791 potest
1150 1775 1160 1793 .

163 1796 212 1830 ib.

118 1842 286 1881 Dimissio
300 1843 372 1882 tam
395 1845 640 1891 professorum
659 1852 768 1889 quam
788 1852 862 1881 non
882 1845 1126 1890 professorum
1141 1858 1164 1884 e

162 1896 346 1938 societate,
364 1905 411 1931 an
427 1897 505 1931 fieri
522 1896 634 1940 possit
656 1897 791 1940 absque
807 1896 972 1939 judiciali
994 1906 1162 1941 processu

163 1947 201 1980 in
225 1947 422 1989 probandis
443 1947 586 1982 delictis
606 1947 664 1982 vel
682 1947 802 1985 causis
820 1948 868 1982 ob
887 1956 978 1991 quas
997 1946 1162 1985 dimissio

121 1995 199 2030 fieri
224 1997 346 2039 possit,
371 1997 394 2030 l.
411 1999 464 2037 1ο,
481 2004 511 2031 c.
529 2000 582 2030 13.

120 2047 288 2082 Dimissio
318 2046 478 2093 religiosi
507 2044 661 2091 professi
693 2056 716 2082 e
740 2045 943 2089 societate,
961 2046 1047 2084 vide
1074 2049 1163 2086 Pro·

164 2097 291 2132 fessus.

120 2144 290 2183 nimissio
313 2143 566 2191 religiosorum
581 2145 827 2190 professorum
841 2146 1044 2185 universim
1055 2148 1164 2187 esuis

163 2197 416 2242 religionibus.
434 2197 520 2235 vide
534 2197 751 2242 Religiosus.

548 2296 739 2337 viscomis.

122 2381 309 2421 Discordia
329 2383 370 2419 tn
390 2379 633 2427 religionibus
656 2388 767 2426 quam
794 2379 1022 2425 perniciosa,
1039 2384 1086 2417 tr.
1108 2384 1163 2425 υ,

123 2435 310 2521 ἓίξὲοξᾶἰθᾶ
324 2483 363 2520 in
378 2481 615 2528 opinionibus
629 2484 665 2519 et
683 2488 804 2517 rerum
818 2480 1058 2525 gerendarum
1072 2481 1168 2523 judi-

167 2538 227 2573 cio
246 2543 321 2581 qua
340 2536 482 2576 ratione
501 2534 651 2573 vitanda
674 2533 733 2576 sit,
763 2538 812 2570 ne
838 2531 1003 2569 charitati
1023 2529 1166 2574 officiat,

127 2590 377 2684 vige-'opium

535 2719 754 2747 niseniturloa

129 2794 354 2844 Dispensatlo
381 2790 423 2832 in
448 2803 522 2841 quo
542 2794 685 2832 differat
706 2795 753 2830 ab
778 2790 1027 2835 absolutione,
1045 2796 1092 2831 tr.
1115 2794 1172 2836 10,

172 2850 196 2883 i.
214 2852 245 2883 9.
266 2858 298 2883 c.
315 2851 350 2882 Ξ.

130 2899 172 2935 in
191 2907 263 2942 quo
278 2900 362 2933 item
376 2895 517 2932 differat
530 2902 553 2931 a
570 2895 718 2931 licentia
733 2892 952 2939 Superioris,
974 2897 1019 2928 tr.
1039 2894 1071 2935 8,
1091 2890 1116 2928 l.
1134 2897 1170 2937 2,

174 2955 206 2984 c.
224 2949 276 2982 12.

131 2996 256 3035 Utrum
271 2991 467 3041 aliquando
482 2992 629 3031 licentia
645 2993 806 3030 involvat
819 2990 980 3038 aliquam
993 2991 1171 3029 rationem

174 3046 464 3093 dispensationis,
487 3045 538 3080 ib.

132 3099 357 3144 Dispensatio
377 3104 450 3131 non
465 3093 618 3137 requirit
630 3091 901 3132 distinctionem
916 3094 1012 3130 inter
1024 3089 1173 3137 dispen-

176 3155 303 3190 satum,
328 3151 364 3182 et
384 3145 667 3190 dispensantem.
682 3153 713 3179 c.
729 3147 781 3179 14.

134 3197 372 3243 Dispensandi
398 3198 606 3241 potestatem
638 3193 862 3229 ordinariam
889 3190 1027 3229 habent
1048 3198 1176 3229 omnes

177 3250 315 3285 Praelati
342 3247 560 3290 religionum
579 3247 826 3288 exemptarum
845 3251 929 3289 erga
948 3250 1031 3279 suos
1046 3243 1178 3278 subdi-

180 3303 236 3335 tos
254 3299 454 3342 religiosos,
471 3305 503 3331 c.
518 3295 570 3330 12.
1097 3338 1104 3350 .

134 3352 193 3386 ‘An
210 3350 349 3394 possint
365 3349 573 3390 dispensare
588 3352 670 3380 cum
686 3341 762 3379 suis
776 3338 932 3378 subditis
950 3342 990 3377 in
1006 3340 1178 3379 omnibus

183 3399 325 3434 casibus
344 3399 382 3432 in
405 3397 538 3440 quibus
556 3394 722 3439 Episcopi
737 3395 886 3438 possunt
904 3396 987 3428 cum
1002 3391 1077 3428 suis
1089 3392 1178 3429 sub-

184 3447 279 3489 ditis,
304 3451 339 3483 et
352 3451 486 3491 quanta
506 3446 552 3481 sit
572 3443 778 3488 hujusmodi
796 3446 958 3487 potestas,
976 3443 1024 3477 ib.

135 3501 197 3535 'An
217 3501 355 3534 ratione
373 3506 521 3533 suorum
541 3495 814 3543 privilegiorum
831 3492 987 3528 habeant
1005 3493 1179 3537 majorem

185 3553 392 3594 potestatem
418 3543 654 3592 dispensandi
677 3552 762 3581 cum
784 3544 860 3580 suis
879 3543 1046 3587 subditis,
1069 3553 1180 3588 quam

186 3598 353 3643 Episcopi
375 3606 458 3633 cum
473 3597 560 3638 suis,
578 3596 629 3631 ib.

143 3646 428 3694 Dispensationis
447 3645 597 3684 materia
612 3645 658 3682 ad
677 3646 831 3690 quatuor
850 3642 967 3688 capita
982 3640 1176 3686 reducitur,

1192 383 1198 387 ,
1254 342 1332 380 suis
1351 337 1508 388 subditis
1522 336 1747 390 dispensare,
1761 345 1816 386 ib.
1895 367 1913 387 ,μ

1255 301 1292 332 et
1313 303 1360 330 an
1386 294 1426 329 in
1447 295 1619 333 omnibus
1641 295 1787 340 possint,
1801 295 1943 339 From
1960 297 2142 344 regulares
2158 305 2245 334 cum
2272 276 2286 284 ἢ

1212 388 1336 430 mrum
1353 391 1492 437 possint
1504 394 1591 430 dicti
1604 391 1743 431 Praeiati
1759 395 1970 440 dispensare
1980 386 2065 440 eum
2073 398 2151 439 uuis
2161 397 2248 434 sub-
2304 433 2312 437 ,

1253 445 1342 501 ditis
1363 444 1403 479 in
1421 445 1594 481 omnibus
1605 445 1710 488 votis.
1727 454 1775 482 aa
1793 447 1917 490 alique
1932 447 2007 482 sint
2019 448 2244 492 eximenda,

1213 495 1337 592 Utlrlum
1362 539 1567 589 specialiter
1584 537 1795 590 dispensare
1812 545 1951 589 possint
1966 547 2006 581 in
2026 546 2121 587 vetio
2135 554 2247 591 pecu-
2315 571 2320 578 .

1255 591 1411 677 liaribuls¹
1422 603 1506 679 sutri)
1510 591 1712 640 religionis,
1727 605 1792 632 seu
1805 599 1927 638 status.
1942 599 2072 640 praeter
2085 597 2156 632 tria
2165 597 2248 634 suh-

1215 648 1449 739 Disstgnsitliz'
1461 654 1500 743 iln
1510 671 1604 731 'voto
1620 695 1699 731 sine
1714 697 1811 739 justa
1833 703 1941 731 causa
1957 703 2099 739 semper
2118 698 2174 732 est
2191 694 2249 732 in·

1258 742 1390 787 valida,
1404 744 1545 782 etiamsi
1560 746 1778 783 concedatur
1788 754 1812 781 a
1821 746 1970 782 Summo
1982 745 2164 787 Pontinos,
2177 742 2203 781 l.
2214 749 2248 790 s,

1257 798 1506 880 ss'icig'votum.
1912 888 1915 889 ⁷

1214 893 1478 938 Dispensarene
1498 893 1639 938 possint
1659 893 1795 930 Praeiati
1819 894 2004 939 regulares
2034 895 2074 929 in
2100 898 2250 931 suorum

1255 944 1483 1030 ῗυξᾱὲιοζὲω
1498 940 1842 990 irregularitatibus3
1857 949 1894 980 et
1906 952 2074 989 quaenam
2092 945 2165 980 iilae
2175 945 2252 982 sint
2330 961 2352 1022 λ,

1213 1020 1422 1089 An'possint
1435 1019 1594 1090 religiosi
1617 1045 1770 1090 exempti
1792 1044 1994 1090 dispensari
2009 1045 2055 1080 ab
2066 1044 2252 1089 Episcopis
2332 1030 2352 1083 2

1258 1095 1297 1129 in
1321 1095 1646 1139 irregularitatibus
1667 1096 1867 1134 reservatis.
1889 1096 1927 1131 in
1948 1096 2084 1140 quibus
2103 1095 2251 1139 speciali
2336 1089 2352 1133 ’ἓ

1255 1146 1347 1188 jure,
1363 1150 1398 1181 et
1410 1146 1559 1181 seclusis
1581 1146 1833 1190 religiosorum
1847 1146 2060 1191 privilegiis,
2072 1145 2140 1182 soli
2152 1146 2251 1190 Epis-
2336 1136 2352 1196 1³.

1256 1196 1336 1240 copi
1361 1196 1753 1253 possunt-dispensare,
1777 1196 1828 1231 ib.
1878 1247 1886 1254 ‚
2040 1246 2048 1253 ·
2332 1209 2352 1255 ‚g

1255 1244 1299 1279 Et
1319 1254 1365 1281 an
1389 1246 1435 1281 ad
1458 1247 1666 1290 hujusmodi
1689 1247 1999 1290 dispensationem
2019 1249 2068 1282 sit
2086 1251 2252 1282 necessa-
2349 1256 2352 1257 ⁷

1256 1294 1312 1329 ria
1333 1294 1478 1329 lieentia
1494 1296 1631 1330 Praelati
1655 1295 1844 1341 regularis,
1856 1297 1914 1332 vel
1932 1296 2059 1333 saitem
2076 1303 2125 1331 ne
2145 1295 2191 1331 ab
2208 1301 2255 1329 eo

1260 1342 1519 1387 prohibeatur?
1542 1345 1592 1380 ib.

1215 1395 1271 1429 An
1295 1394 1408 1436 possit
1428 1394 1619 1438 religiosus
1639 1395 1843 1439 dispensari
1871 1396 1910 1431 in
1932 1393 2255 1439 irregularitatibus

1259 1445 1321 1478 aut
1343 1443 1380 1478 in
1400 1443 1481 1479 aliis
1499 1444 1660 1480 materiis
1681 1446 1727 1480 ab
1746 1445 1934 1490 Episcopo,
1951 1445 1982 1482 si
1998 1446 2076 1489 ejus
2087 1445 2255 1482 Praelatus

1259 1492 1434 1579 mauliaigig
1455 1494 1615 1579 islimilem
1639 1495 1768 1532 habeat
1788 1499 1996 1540 potestatem
2017 1496 2059 1530 in
2078 1495 2157 1531 suis
2175 1496 2255 1539 pri.-

1215 1550 1356 1633 Utrumg,
1372 1598 1407 1629 et
1423 1593 1460 1628 in
1484 1572 1618 1639 ‹inibus
1639 1594 1828 1640 praeceptis
1847 1594 2098 1637 ecclesiasticis
2117 1593 2256 1639 possint

1259 1642 1397 1728 Pgaelati
1431 1642 1608 1689 regularis
1637 1643 1847 1690 dispensare
1867 1653 1952 1683 eum
1973 1646 2051 1682 suis
2067 1645 2223 1683 subditis
2236 1646 2257 1680 ?

1216 1702 1271 1779 At:
1292 1721 1432 1787 possint
1454 1745 1492 1781 in
1515 1743 1688 1783 omnibus
1707 1750 1744 1782 et
1757 1746 1844 1782 solis
1865 1743 2054 1789 praeceptis
2073 1742 2258 1782 ecclesias-

1259 1794 1341 1829 ticis
1371 1796 1604 1840 dispensare.
1639 1798 1678 1832 in
1710 1798 1845 1844 quibus
1869 1795 2036 1843 Episcopi
2053 1795 2136 1838 iure
2156 1799 2260 1832 com·
2329 1822 2333 1827 ⁴

1260 1845 1363 1879 muni
1387 1845 1593 1890 dispensare
1610 1849 1789 1891 possunt?
1807 1847 1868 1882 ib.»

1213 1895 1271 1931 An
1295 1895 1403 1930 etiam
1440 1897 1479 1931 in
1516 1898 1563 1933 iis
1593 1898 1633 1932 in
1667 1898 1804 1942 quibus
1831 1904 1876 1932 ex
1903 1895 1983 1934 solo
2007 1895 2091 1939 iure
2110 1892 2258 1940 speciali

1259 1943 1426 1988 Episcopi
1449 1942 1660 1990 dispensare
1683 1948 1858 1991 possunt?
1879 1946 1932 1981 ib.
2335 1953 2352 1990 e

1216 1995 1271 2030 An
1286 1996 1436 2029 seclusis
1452 1997 1654 2040 privilegiis
1668 1997 1809 2041 possint
1823 1996 2035 2039 dispensare
2044 1994 2086 2030 in
2100 1992 2261 2030 intersti-

1261 2045 1323 2079 tiis
1338 2045 1514 2081 ordinum
1536 2055 1619 2082 cum
1642 2049 1719 2083 suis
1735 2047 1923 2093 subditis?
1940 2046 1995 2081 ib.
2340 2055 2349 2073 t

1215 2091 1433 2138 oispensare
1455 2095 1494 2131 in
1516 2097 1640 2141 regula
1659 2106 1707 2133 an
1730 2098 1871 2141 possint
1883 2094 2096 2141 Superiores
2110 2091 2259 2138 reguia-

1260 2154 1318 2179 res
1340 2154 1422 2180 cum
1441 2147 1517 2182 suis
1531 2147 1720 2182 subditis?
1740 2148 1791 2182 ib.

1215 2193 1260 2230 ln
1282 2194 1418 2240 regulis
1439 2198 1739 2234 substantialibus
1759 2204 1834 2233 suae
1851 2194 2050 2241 religionis,
2072 2202 2146 2239 qua
2169 2191 2263 2232 tales

1260 2251 1355 2285 sunt,
1374 2244 1584 2289 dispensare
1607 2255 1681 2282 non
1705 2252 1854 2290 possunt
1873 2248 1959 2283 dicti
1978 2244 2114 2290 praeiati
2144 2244 2196 2279 ib.

1218 2294 1371 2331 Possunt
1391 2299 1513 2331 tamen
1536 2297 1749 2340 dispensare
1772 2299 1810 2332 in
1833 2297 1970 2334 eisdem
1989 2305 2056 2340 pro
2076 2295 2262 2339 aliquibus

1261 2346 1406 2380 casibus
1419 2349 1481 2381 aut
1495 2348 1660 2390 personis
1675 2348 1714 2382 in
1730 2347 1950 2391 particulari,
1967 2346 2017 2381 ib.

1219 2391 1446 2439 Dispensatio
1464 2397 1502 2430 in
1523 2398 1658 2441 regulis
1677 2398 1865 2441 religionis
1884 2404 2054 2434 concessa
2070 2393 2262 2432 ePraelatis

1263 2447 1343 2480 sine
1357 2447 1453 2488 justa
1471 2455 1589 2488 causa,
1604 2447 1725 2482 valida
1747 2456 1821 2482 non
1844 2451 1908 2490 est,
1926 2447 1976 2482 ib.

1220 2492 1263 2531 Et
1285 2493 1337 2529 sic
1360 2494 1587 2539 dispensatus
1609 2506 1683 2532 non
1703 2499 1931 2533 excusabitur
1945 2507 1966 2532 a
1981 2496 2088 2541 culpa
2100 2499 2137 2531 et
2151 2501 2262 2540 poena

1266 2553 1421 2586 annexa,
1438 2544 1508 2580 nisi
1523 2547 1621 2582 bona
1635 2548 1724 2582 tides
1736 2557 1819 2583 eum
1833 2552 1987 2589 excuset,
2001 2547 2057 2582 ib.

1223 2592 1421 2636 Quomodo,
1437 2599 1506 2631 eta
1525 2606 1597 2640 quo
1619 2598 1666 2632 sit
1688 2599 1921 2642 puniendus?
1943 2599 1992 2632 ib.

1223 2645 1299 2680 Erit
1322 2650 1441 2679 tamen
1464 2647 1584 2681 valida
1607 2647 1841 2691 dispensatio,
1868 2649 1944 2683 sive
1966 2649 2006 2682 in
2034 2645 2168 2691 regula,
2184 2645 2263 2681 sive

1267 2695 1307 2729 in
1329 2696 1491 2738 qualibet
1513 2697 1762 2740 ordinatione,
1792 2699 1900 2732 etiam
1927 2698 2005 2733 sine
2024 2698 2119 2740 justa
2139 2705 2261 2740 causa,
2325 2694 2331 2702 ‘

1267 2745 1297 2781 si
1322 2747 1541 2782 concedatur
1572 2749 1618 2782 ab
1643 2748 1720 2792 ipso
1742 2749 1953 2792 conditore.
1981 2751 2045 2786 eut
2075 2755 2099 2784 a
2118 2750 2263 2791 potente
2320 2759 2323 2761 ·

1268 2804 1348 2830 eam
1371 2797 1527 2831 condere
1549 2798 1606 2831 vei
1625 2798 1810 2841 abrogare,
1828 2799 1878 2832 ib.
2019 2835 2022 2837 ,
2060 2833 2067 2836 ,

1225 2843 1440 2889 Dispensare
1463 2847 1501 2880 in
1525 2846 1602 2889 lege
1625 2851 1739 2890 potest
1760 2856 1867 2890 saepe,
1881 2847 1944 2891 qui
1962 2854 2037 2882 non
2054 2848 2170 2892 potest
2181 2854 2266 2882 eam

1267 2897 1414 2937 tollere;
1438 2896 1477 2930 in
1499 2900 1583 2931 voto
1610 2901 1729 2931 autem
1748 2905 1853 2932 secus
1878 2898 2080 2942 contingit3
2103 2901 2143 2934 et
2164 2897 2265 2934 uude

1269 2946 1344 2979 haec
1363 2942 1566 2979 differentia
1586 2947 1804 2989 proveniat?
1819 2947 1869 2982 ib.

1225 2995 1437 3039 Superiores
1469 2996 1651 3039 regulares
1682 3000 1837 3034 tantum.
1858 2996 2067 3040 dispensare
2098 3000 2263 3042 possunt,
2296 3006 2305 3012 ‘

1268 3050 1446 3088 quantum
1461 3055 1504 3080 ex
1521 3047 1602 3090 J'ure
1630 3049 1836 3091 communi,
1850 3048 2043 3093 privilegio
2059 3051 2123 3085 aut
2141 3048 2268 3093 regula

1269 3094 1324 3130 eis
1344 3105 1554 3131 concessum
1570 3100 1635 3140 est,
1651 3106 1682 3132 c.
1697 3101 1749 3132 13.

1226 3144 1467 3189 Dispensandi
1489 3151 1643 3190 potestas
1667 3148 1800 3191 duplex
1821 3155 1898 3183 esse
1919 3149 2034 3191 potest
2047 3147 2088 3182 in
2110 3145 2269 3183 Praelatis

1272 3196 1477 3239 religionis;
1493 3197 1603 3232 altera
1620 3197 1854 3240 dominativa,
1870 3199 1980 3233 altera
1989 3197 2266 3241 jurisdictionis.
2286 3232 2291 3238 ,

1270 3246 1314 3280 Et
1328 3246 1511 3281 undenam
1531 3251 1683 3292 utraque
1703 3248 1915 3291 proveniat?
1929 3248 1981 3282 ib.
2047 3285 2053 3289 ‚

1229 3292 1386 3331 Praelatae
1411 3300 1447 3332 et
1478 3298 1613 3341 praelati
1637 3306 1711 3332 non
1730 3298 1884 3341 exempti
1913 3298 2026 3333 solam
2044 3297 2180 3332 habent
2198 3295 2268 3333 do-
2291 3332 2294 3340 ,

1273 3346 1498 3389 minativain,
1515 3356 1596 3391 quae
1612 3347 1758 3382 resultat
1783 3355 1826 3382 ex
1850 3352 1931 3384 voto
1946 3347 2163 3384 obedientie
2178 3347 2267 3384 sub·
2284 3346 2290 3361 '

1273 3397 1445 3436 dilorum.
1461 3397 1511 3431 ib.
2171 3421 2174 3424 ›
2236 3420 2238 3422 -

1231 3445 1285 3482 An
1318 3443 1474 3481 dicenda
1504 3445 1552 3481 sit
1583 3445 1728 3490 proprie
1758 3449 1914 3490 potestas
1948 3442 2208 3491 dispensative,
2231 3446 2277 3481 et>

1274 3502 1451 3538 quantum
1475 3498 1714 3532 extendatur?
1730 3497 1777 3530 ib.
2255 3535 2258 3538 ⁴

1230 3547 1371 3582 Praeiati
1395 3555 1480 3581 vero
1511 3547 1666 3591 exempti
1692 3551 1884 3591 utramque
1906 3548 2114 3592 potestatem
2133 3545 2227 3582 habe

1275 3593 1525 3640 dispensandi.
1542 3595 1595 3631 ib.
2260 3615 2262 3625 v

1231 3644 1358 3683 (itt-um
1380 3647 1536 3691 Abbates
1549 3646 1691 3694 antiqui
1709 3654 1793 3690 nen,
1803 3643 2136 3693 campitellum
2153 3644 2174 3688 i.
