<?xml version="1.0" encoding="UTF-8"?>
<!DOCTYPE html PUBLIC "-//W3C//DTD XHTML 1.0 Transitional//EN"
    "http://www.w3.org/TR/xhtml1/DTD/xhtml1-transitional.dtd">
<html xmlns="http://www.w3.org/1999/xhtml" xml:lang="en" lang="en">
 <head>
  <title>
</title>
<meta http-equiv="Content-Type" content="text/html;charset=utf-8" />
  <meta name='ocr-system' content='tesseract 3.04.00' />
  <meta name='ocr-capabilities' content='ocr_page ocr_carea ocr_par ocr_line ocrx_word'/>
</head>
<body>
  <div class='ocr_page' id='page_1' title='image "./operaomnia16suaauoft_0533.png"; bbox 0 0 2352 3880; ppageno 0'>
   <div class='ocr_carea' id='block_1_1' title="bbox 0 0 113 388">
    <p class='ocr_par' dir='ltr' id='par_1_1' title="bbox 0 0 113 388">
     <span class='ocr_line' id='line_1_1' title="bbox 0 0 113 388; baseline 0 3492"><span class='ocrx_word' id='word_1_1' title='bbox 0 0 113 388; x_wconf 95' lang='lat' dir='ltr'><strong> </strong></span> 
     </span>
    </p>
   </div>
   <div class='ocr_carea' id='block_1_2' title="bbox 1016 232 2252 293">
    <p class='ocr_par' dir='ltr' id='par_1_2' title="bbox 1016 232 2252 293">
     <span class='ocr_line' id='line_1_2' title="bbox 1016 232 2252 293; baseline 0.009 -12"><span class='ocrx_word' id='word_1_2' title='bbox 1016 254 1018 257; x_wconf 54' lang='grc'>’</span> <span class='ocrx_word' id='word_1_3' title='bbox 1035 246 1162 282; x_wconf 68' lang='grc'><strong>010011</strong></span> <span class='ocrx_word' id='word_1_4' title='bbox 1181 248 1338 286; x_wconf 72' lang='grc'><strong>00001.</strong></span> <span class='ocrx_word' id='word_1_5' title='bbox 2144 232 2252 293; x_wconf 69' lang='lat' dir='ltr'><strong>wia</strong></span> 
     </span>
    </p>
   </div>
   <div class='ocr_carea' id='block_1_3' title="bbox 168 309 1176 2211">
    <p class='ocr_par' dir='ltr' id='par_1_3' title="bbox 172 309 1158 405">
     <span class='ocr_line' id='line_1_3' title="bbox 172 309 1158 353; baseline -0.004 -7"><span class='ocrx_word' id='word_1_6' title='bbox 172 310 352 346; x_wconf 71' lang='lat' dir='ltr'><strong>concessis</strong></span> <span class='ocrx_word' id='word_1_7' title='bbox 366 319 388 345; x_wconf 91' lang='lat' dir='ltr'><strong>a</strong></span> <span class='ocrx_word' id='word_1_8' title='bbox 401 310 613 345; x_wconf 75' lang='lat' dir='ltr'><strong>Tridentino</strong></span> <span class='ocrx_word' id='word_1_9' title='bbox 627 309 824 353; x_wconf 65' lang='lat' dir='ltr'><strong>episcopis.</strong></span> <span class='ocrx_word' id='word_1_10' title='bbox 840 309 912 344; x_wconf 67' lang='lat' dir='ltr'><strong>nisi</strong></span> <span class='ocrx_word' id='word_1_11' title='bbox 926 309 1006 346; x_wconf 73' lang='lat' dir='ltr'><strong>baec</strong></span> <span class='ocrx_word' id='word_1_12' title='bbox 1015 313 1158 344; x_wconf 74' lang='lat' dir='ltr'><strong>conces-</strong></span> 
     </span>
     <span class='ocr_line' id='line_1_4' title="bbox 173 360 1011 405; baseline -0.002 -9"><span class='ocrx_word' id='word_1_13' title='bbox 173 360 230 397; x_wconf 84' lang='lat' dir='ltr'><strong>sio</strong></span> <span class='ocrx_word' id='word_1_14' title='bbox 244 367 309 405; x_wconf 84' lang='lat' dir='ltr'><strong>per</strong></span> <span class='ocrx_word' id='word_1_15' title='bbox 325 361 490 395; x_wconf 85' lang='lat' dir='ltr'><strong>eamdem</strong></span> <span class='ocrx_word' id='word_1_16' title='bbox 502 360 639 395; x_wconf 85' lang='lat' dir='ltr'><strong>bullam</strong></span> <span class='ocrx_word' id='word_1_17' title='bbox 652 363 817 395; x_wconf 84' lang='lat' dir='ltr'><strong>revocata</strong></span> <span class='ocrx_word' id='word_1_18' title='bbox 832 363 937 403; x_wconf 85' lang='lat' dir='ltr'><strong>esset,</strong></span> <span class='ocrx_word' id='word_1_19' title='bbox 961 361 1011 396; x_wconf 85' lang='lat' dir='ltr'><strong>ib.</strong></span> 
     </span>
    </p>

    <p class='ocr_par' dir='ltr' id='par_1_4' title="bbox 171 409 1166 701">
     <span class='ocr_line' id='line_1_5' title="bbox 171 409 1166 455; baseline -0.002 -9"><span class='ocrx_word' id='word_1_20' title='bbox 171 411 239 446; x_wconf 82' lang='lat' dir='ltr'><strong>Per</strong></span> <span class='ocrx_word' id='word_1_21' title='bbox 258 411 447 455; x_wconf 87' lang='lat' dir='ltr'><strong>privilegia</strong></span> <span class='ocrx_word' id='word_1_22' title='bbox 478 410 695 453; x_wconf 84' lang='lat' dir='ltr'><strong>religionum</strong></span> <span class='ocrx_word' id='word_1_23' title='bbox 720 410 920 452; x_wconf 86' lang='lat' dir='ltr'><strong>praesertim</strong></span> <span class='ocrx_word' id='word_1_24' title='bbox 950 409 1166 446; x_wconf 88' lang='lat' dir='ltr'><strong>mendican-</strong></span> 
     </span>
     <span class='ocr_line' id='line_1_6' title="bbox 171 460 1165 505; baseline 0 -10"><span class='ocrx_word' id='word_1_25' title='bbox 171 461 276 500; x_wconf 84' lang='lat' dir='ltr'><strong>tium,</strong></span> <span class='ocrx_word' id='word_1_26' title='bbox 307 465 457 505; x_wconf 91' lang='lat' dir='ltr'><strong>possunt</strong></span> <span class='ocrx_word' id='word_1_27' title='bbox 486 461 625 495; x_wconf 85' lang='lat' dir='ltr'><strong>Praelati</strong></span> <span class='ocrx_word' id='word_1_28' title='bbox 656 460 836 503; x_wconf 82' lang='lat' dir='ltr'>regulares</span> <span class='ocrx_word' id='word_1_29' title='bbox 869 461 1055 496; x_wconf 86' lang='lat' dir='ltr'><strong>absolvere</strong></span> <span class='ocrx_word' id='word_1_30' title='bbox 1080 468 1165 495; x_wconf 88' lang='lat' dir='ltr'><strong>suos</strong></span> 
     </span>
     <span class='ocr_line' id='line_1_7' title="bbox 171 510 1165 554; baseline 0 -9"><span class='ocrx_word' id='word_1_31' title='bbox 171 511 337 546; x_wconf 88' lang='lat' dir='ltr'><strong>subditos</strong></span> <span class='ocrx_word' id='word_1_32' title='bbox 357 512 403 547; x_wconf 89' lang='lat' dir='ltr'><strong>ab</strong></span> <span class='ocrx_word' id='word_1_33' title='bbox 424 511 595 546; x_wconf 87' lang='lat' dir='ltr'><strong>omnibus</strong></span> <span class='ocrx_word' id='word_1_34' title='bbox 619 510 782 544; x_wconf 83' lang='lat' dir='ltr'><strong>censuris</strong></span> <span class='ocrx_word' id='word_1_35' title='bbox 804 519 825 544; x_wconf 92' lang='lat' dir='ltr'><strong>a</strong></span> <span class='ocrx_word' id='word_1_36' title='bbox 845 511 926 554; x_wconf 80' lang='lat' dir='ltr'><strong>iure</strong></span> <span class='ocrx_word' id='word_1_37' title='bbox 946 512 1003 545; x_wconf 91' lang='lat' dir='ltr'><strong>vel</strong></span> <span class='ocrx_word' id='word_1_38' title='bbox 1025 511 1070 546; x_wconf 88' lang='lat' dir='ltr'><strong>ab</strong></span> <span class='ocrx_word' id='word_1_39' title='bbox 1096 510 1165 545; x_wconf 80' lang='lat' dir='ltr'><strong>ho-</strong></span> 
     </span>
     <span class='ocr_line' id='line_1_8' title="bbox 172 560 1164 604; baseline -0.001 -9"><span class='ocrx_word' id='word_1_40' title='bbox 172 562 273 596; x_wconf 89' lang='lat' dir='ltr'><strong>mine</strong></span> <span class='ocrx_word' id='word_1_41' title='bbox 295 562 396 600; x_wconf 81' lang='lat' dir='ltr'><strong>latis,</strong></span> <span class='ocrx_word' id='word_1_42' title='bbox 416 561 525 595; x_wconf 90' lang='lat' dir='ltr'><strong>etiam</strong></span> <span class='ocrx_word' id='word_1_43' title='bbox 552 560 661 595; x_wconf 84' lang='lat' dir='ltr'><strong>bullae</strong></span> <span class='ocrx_word' id='word_1_44' title='bbox 693 561 826 601; x_wconf 75' lang='lat' dir='ltr'><strong>Cumae,</strong></span> <span class='ocrx_word' id='word_1_45' title='bbox 859 565 1006 604; x_wconf 88' lang='lat' dir='ltr'><strong>excepto</strong></span> <span class='ocrx_word' id='word_1_46' title='bbox 1027 563 1164 596; x_wconf 84' lang='lat' dir='ltr'><strong>tantum</strong></span> 
     </span>
     <span class='ocr_line' id='line_1_9' title="bbox 172 610 1165 653; baseline -0.001 -6"><span class='ocrx_word' id='word_1_47' title='bbox 172 619 257 647; x_wconf 83' lang='lat' dir='ltr'><strong>casu</strong></span> <span class='ocrx_word' id='word_1_48' title='bbox 275 612 459 650; x_wconf 84' lang='lat' dir='ltr'><strong>simoniae,</strong></span> <span class='ocrx_word' id='word_1_49' title='bbox 474 612 513 645; x_wconf 90' lang='lat' dir='ltr'><strong>in</strong></span> <span class='ocrx_word' id='word_1_50' title='bbox 536 610 763 653; x_wconf 82' lang='lat' dir='ltr'><strong>susceptione</strong></span> <span class='ocrx_word' id='word_1_51' title='bbox 783 610 841 646; x_wconf 88' lang='lat' dir='ltr'><strong>vel</strong></span> <span class='ocrx_word' id='word_1_52' title='bbox 858 611 1050 646; x_wconf 90' lang='lat' dir='ltr'><strong>collatione</strong></span> <span class='ocrx_word' id='word_1_53' title='bbox 1064 610 1165 646; x_wconf 85' lang='lat' dir='ltr'><strong>Ordi-</strong></span> 
     </span>
     <span class='ocr_line' id='line_1_10' title="bbox 172 662 709 701; baseline -0.006 -5"><span class='ocrx_word' id='word_1_54' title='bbox 172 662 232 696; x_wconf 89' lang='lat' dir='ltr'><strong>nis</strong></span> <span class='ocrx_word' id='word_1_55' title='bbox 252 662 429 701; x_wconf 74' lang='lat' dir='ltr'><strong>admissae,</strong></span> <span class='ocrx_word' id='word_1_56' title='bbox 451 662 515 701; x_wconf 71' lang='lat' dir='ltr'><strong>ib„</strong></span> <span class='ocrx_word' id='word_1_57' title='bbox 530 669 560 695; x_wconf 94' lang='grc'><strong>0.</strong></span> <span class='ocrx_word' id='word_1_58' title='bbox 581 664 634 700; x_wconf 75' lang='grc'><strong>20,</strong></span> <span class='ocrx_word' id='word_1_59' title='bbox 656 663 709 694; x_wconf 76' lang='lat'><strong>21.</strong></span> 
     </span>
    </p>

    <p class='ocr_par' dir='ltr' id='par_1_5' title="bbox 170 709 1165 847">
     <span class='ocr_line' id='line_1_11' title="bbox 170 709 1165 755; baseline 0 -10"><span class='ocrx_word' id='word_1_60' title='bbox 170 711 307 752; x_wconf 79' lang='lat' dir='ltr'><strong>Quibus</strong></span> <span class='ocrx_word' id='word_1_61' title='bbox 326 711 485 745; x_wconf 85' lang='lat' dir='ltr'><strong>Praelatis</strong></span> <span class='ocrx_word' id='word_1_62' title='bbox 505 709 693 753; x_wconf 81' lang='lat' dir='ltr'><strong>religionis</strong></span> <span class='ocrx_word' id='word_1_63' title='bbox 710 710 757 744; x_wconf 91' lang='lat' dir='ltr'><strong>sit</strong></span> <span class='ocrx_word' id='word_1_64' title='bbox 777 710 968 745; x_wconf 91' lang='lat' dir='ltr'><strong>commissa</strong></span> <span class='ocrx_word' id='word_1_65' title='bbox 995 711 1165 755; x_wconf 83' lang='lat' dir='ltr'><strong>praedicta</strong></span> 
     </span>
     <span class='ocr_line' id='line_1_12' title="bbox 171 760 1165 805; baseline 0 -11"><span class='ocrx_word' id='word_1_66' title='bbox 171 764 324 804; x_wconf 84' lang='lat' dir='ltr'><strong>potestas</strong></span> <span class='ocrx_word' id='word_1_67' title='bbox 344 761 567 799; x_wconf 82' lang='lat' dir='ltr'><strong>absolvendi,</strong></span> <span class='ocrx_word' id='word_1_68' title='bbox 583 760 779 801; x_wconf 82' lang='lat' dir='ltr'><strong>infinisme,</strong></span> <span class='ocrx_word' id='word_1_69' title='bbox 796 768 844 795; x_wconf 90' lang='lat' dir='ltr'><strong>an</strong></span> <span class='ocrx_word' id='word_1_70' title='bbox 857 761 974 796; x_wconf 91' lang='lat' dir='ltr'><strong>solum</strong></span> <span class='ocrx_word' id='word_1_71' title='bbox 988 760 1165 805; x_wconf 86' lang='lat' dir='ltr'><strong>supremis</strong></span> 
     </span>
     <span class='ocr_line' id='line_1_13' title="bbox 171 811 646 847; baseline -0.004 -3"><span class='ocrx_word' id='word_1_72' title='bbox 171 811 227 844; x_wconf 89' lang='lat' dir='ltr'><strong>vel</strong></span> <span class='ocrx_word' id='word_1_73' title='bbox 249 811 358 844; x_wconf 89' lang='lat' dir='ltr'><strong>etiam</strong></span> <span class='ocrx_word' id='word_1_74' title='bbox 373 811 515 847; x_wconf 86' lang='lat' dir='ltr'><strong>mediis.</strong></span> <span class='ocrx_word' id='word_1_75' title='bbox 539 819 570 844; x_wconf 90' lang='lat' dir='ltr'><strong>c.</strong></span> <span class='ocrx_word' id='word_1_76' title='bbox 594 814 646 843; x_wconf 79' lang='lat'><strong>22.</strong></span> 
     </span>
    </p>

    <p class='ocr_par' dir='ltr' id='par_1_6' title="bbox 170 860 1164 1050">
     <span class='ocr_line' id='line_1_14' title="bbox 170 860 1162 904; baseline 0 -10"><span class='ocrx_word' id='word_1_77' title='bbox 170 860 237 895; x_wconf 85' lang='lat' dir='ltr'><strong>Per</strong></span> <span class='ocrx_word' id='word_1_78' title='bbox 252 861 442 904; x_wconf 87' lang='lat' dir='ltr'><strong>privilegia</strong></span> <span class='ocrx_word' id='word_1_79' title='bbox 463 861 678 903; x_wconf 84' lang='lat' dir='ltr'><strong>religionum</strong></span> <span class='ocrx_word' id='word_1_80' title='bbox 699 868 773 894; x_wconf 91' lang='lat' dir='ltr'><strong>non</strong></span> <span class='ocrx_word' id='word_1_81' title='bbox 792 860 930 895; x_wconf 86' lang='lat' dir='ltr'><strong>tollitur</strong></span> <span class='ocrx_word' id='word_1_82' title='bbox 944 861 1087 904; x_wconf 82' lang='lat' dir='ltr'><strong>proprie</strong></span> <span class='ocrx_word' id='word_1_83' title='bbox 1104 868 1162 894; x_wconf 83' lang='lat' dir='ltr'><strong>re-</strong></span> 
     </span>
     <span class='ocr_line' id='line_1_15' title="bbox 170 910 1161 952; baseline 0 -8"><span class='ocrx_word' id='word_1_84' title='bbox 170 911 326 945; x_wconf 74' lang='lat' dir='ltr'><strong>servatio</strong></span> <span class='ocrx_word' id='word_1_85' title='bbox 359 919 590 945; x_wconf 89' lang='lat' dir='ltr'><strong>censurarum</strong></span> <span class='ocrx_word' id='word_1_86' title='bbox 628 913 662 944; x_wconf 89' lang='lat' dir='ltr'><strong>et</strong></span> <span class='ocrx_word' id='word_1_87' title='bbox 701 918 848 944; x_wconf 88' lang='lat' dir='ltr'><strong>casuum</strong></span> <span class='ocrx_word' id='word_1_88' title='bbox 879 910 1161 952; x_wconf 74' lang='lat' dir='ltr'><strong>pontificiorum.</strong></span> 
     </span>
     <span class='ocr_line' id='line_1_16' title="bbox 171 960 1164 1004; baseline 0.002 -10"><span class='ocrx_word' id='word_1_89' title='bbox 171 961 337 1003; x_wconf 88' lang='lat' dir='ltr'><strong>quamvis</strong></span> <span class='ocrx_word' id='word_1_90' title='bbox 350 961 487 995; x_wconf 87' lang='lat' dir='ltr'><strong>Praelati</strong></span> <span class='ocrx_word' id='word_1_91' title='bbox 502 960 690 1003; x_wconf 84' lang='lat' dir='ltr'><strong>religionis</strong></span> <span class='ocrx_word' id='word_1_92' title='bbox 707 960 753 995; x_wconf 84' lang='lat' dir='ltr'><strong>ab</strong></span> <span class='ocrx_word' id='word_1_93' title='bbox 767 960 821 994; x_wconf 88' lang='lat' dir='ltr'><strong>eis</strong></span> <span class='ocrx_word' id='word_1_94' title='bbox 834 961 972 1004; x_wconf 80' lang='lat' dir='ltr'><strong>possint</strong></span> <span class='ocrx_word' id='word_1_95' title='bbox 985 969 1068 996; x_wconf 89' lang='lat' dir='ltr'><strong>suos</strong></span> <span class='ocrx_word' id='word_1_96' title='bbox 1081 961 1164 996; x_wconf 87' lang='lat' dir='ltr'><strong>sub-</strong></span> 
     </span>
     <span class='ocr_line' id='line_1_17' title="bbox 171 1010 558 1050; baseline -0.003 -5"><span class='ocrx_word' id='word_1_97' title='bbox 171 1010 266 1045; x_wconf 87' lang='lat' dir='ltr'><strong>ditos</strong></span> <span class='ocrx_word' id='word_1_98' title='bbox 287 1011 484 1050; x_wconf 84' lang='lat' dir='ltr'><strong>absolvere,</strong></span> <span class='ocrx_word' id='word_1_99' title='bbox 510 1011 558 1045; x_wconf 93' lang='lat' dir='ltr'><strong>ib.</strong></span> 
     </span>
    </p>

    <p class='ocr_par' dir='ltr' id='par_1_7' title="bbox 169 1060 1165 1250">
     <span class='ocr_line' id='line_1_18' title="bbox 169 1060 1165 1104; baseline 0.001 -9"><span class='ocrx_word' id='word_1_100' title='bbox 169 1062 198 1096; x_wconf 75' lang='lat' dir='ltr'>A</span> <span class='ocrx_word' id='word_1_101' title='bbox 219 1069 371 1095; x_wconf 86' lang='lat' dir='ltr'><strong>censura</strong></span> <span class='ocrx_word' id='word_1_102' title='bbox 392 1065 489 1095; x_wconf 88' lang='lat' dir='ltr'><strong>extra</strong></span> <span class='ocrx_word' id='word_1_103' title='bbox 511 1060 778 1095; x_wconf 79' lang='lat' dir='ltr'><strong>confessionem</strong></span> <span class='ocrx_word' id='word_1_104' title='bbox 801 1060 986 1095; x_wconf 85' lang='lat' dir='ltr'><strong>absolvere</strong></span> <span class='ocrx_word' id='word_1_105' title='bbox 1008 1068 1055 1095; x_wconf 87' lang='lat' dir='ltr'><strong>an</strong></span> <span class='ocrx_word' id='word_1_106' title='bbox 1079 1067 1165 1104; x_wconf 87' lang='lat' dir='ltr'><strong>pos·</strong></span> 
     </span>
     <span class='ocr_line' id='line_1_19' title="bbox 170 1109 1165 1155; baseline -0.001 -9"><span class='ocrx_word' id='word_1_107' title='bbox 170 1112 244 1146; x_wconf 89' lang='lat' dir='ltr'><strong>sint</strong></span> <span class='ocrx_word' id='word_1_108' title='bbox 264 1112 326 1155; x_wconf 86' lang='lat' dir='ltr'><strong>qui</strong></span> <span class='ocrx_word' id='word_1_109' title='bbox 348 1113 482 1146; x_wconf 88' lang='lat' dir='ltr'><strong>habent</strong></span> <span class='ocrx_word' id='word_1_110' title='bbox 499 1110 730 1155; x_wconf 85' lang='lat' dir='ltr'><strong>privilegium</strong></span> <span class='ocrx_word' id='word_1_111' title='bbox 745 1113 795 1150; x_wconf 90' lang='lat' dir='ltr'><strong>ut,</strong></span> <span class='ocrx_word' id='word_1_112' title='bbox 815 1110 949 1144; x_wconf 90' lang='lat' dir='ltr'><strong>auditis</strong></span> <span class='ocrx_word' id='word_1_113' title='bbox 965 1109 1165 1145; x_wconf 83' lang='lat' dir='ltr'><strong>consessio·</strong></span> 
     </span>
     <span class='ocr_line' id='line_1_20' title="bbox 170 1159 1165 1205; baseline 0.001 -11"><span class='ocrx_word' id='word_1_114' title='bbox 170 1162 279 1196; x_wconf 85' lang='lat' dir='ltr'><strong>nibus</strong></span> <span class='ocrx_word' id='word_1_115' title='bbox 298 1162 565 1205; x_wconf 82' lang='lat' dir='ltr'><strong>poenitentium,</strong></span> <span class='ocrx_word' id='word_1_116' title='bbox 589 1169 651 1196; x_wconf 91' lang='lat' dir='ltr'><strong>eos</strong></span> <span class='ocrx_word' id='word_1_117' title='bbox 668 1170 690 1195; x_wconf 90' lang='lat' dir='ltr'><strong>a</strong></span> <span class='ocrx_word' id='word_1_118' title='bbox 703 1160 867 1195; x_wconf 85' lang='lat' dir='ltr'><strong>censuris</strong></span> <span class='ocrx_word' id='word_1_119' title='bbox 888 1162 924 1195; x_wconf 87' lang='lat' dir='ltr'><strong>et</strong></span> <span class='ocrx_word' id='word_1_120' title='bbox 943 1159 1086 1195; x_wconf 85' lang='lat' dir='ltr'><strong>casibus</strong></span> <span class='ocrx_word' id='word_1_121' title='bbox 1107 1168 1165 1196; x_wconf 86' lang='lat' dir='ltr'><strong>re·</strong></span> 
     </span>
     <span class='ocr_line' id='line_1_21' title="bbox 170 1210 860 1250; baseline -0.004 -4"><span class='ocrx_word' id='word_1_122' title='bbox 170 1212 320 1247; x_wconf 88' lang='lat' dir='ltr'><strong>servatis</strong></span> <span class='ocrx_word' id='word_1_123' title='bbox 345 1212 543 1246; x_wconf 89' lang='lat' dir='ltr'><strong>absolvant.</strong></span> <span class='ocrx_word' id='word_1_124' title='bbox 561 1214 604 1246; x_wconf 90' lang='lat' dir='ltr'><strong>tr.</strong></span> <span class='ocrx_word' id='word_1_125' title='bbox 621 1210 711 1250; x_wconf 84' lang='grc'><strong>10,1.</strong></span> <span class='ocrx_word' id='word_1_126' title='bbox 731 1214 763 1250; x_wconf 82' lang='lat'><strong>9,</strong></span> <span class='ocrx_word' id='word_1_127' title='bbox 778 1218 809 1244; x_wconf 89' lang='lat' dir='ltr'><strong>c.</strong></span> <span class='ocrx_word' id='word_1_128' title='bbox 830 1212 860 1243; x_wconf 74' lang='lat'><strong>2.</strong></span> 
     </span>
    </p>

    <p class='ocr_par' dir='ltr' id='par_1_8' title="bbox 168 1260 1166 1406">
     <span class='ocr_line' id='line_1_22' title="bbox 168 1260 1164 1305; baseline -0.003 -8"><span class='ocrx_word' id='word_1_129' title='bbox 168 1262 293 1297; x_wconf 82' lang='lat' dir='ltr'><strong>Utrum</strong></span> <span class='ocrx_word' id='word_1_130' title='bbox 316 1270 380 1305; x_wconf 90' lang='lat' dir='ltr'><strong>per</strong></span> <span class='ocrx_word' id='word_1_131' title='bbox 401 1262 470 1297; x_wconf 88' lang='lat' dir='ltr'><strong>tale</strong></span> <span class='ocrx_word' id='word_1_132' title='bbox 493 1261 723 1305; x_wconf 89' lang='lat' dir='ltr'><strong>privilegium</strong></span> <span class='ocrx_word' id='word_1_133' title='bbox 754 1260 863 1303; x_wconf 87' lang='lat' dir='ltr'><strong>possit</strong></span> <span class='ocrx_word' id='word_1_134' title='bbox 884 1267 945 1294; x_wconf 90' lang='lat' dir='ltr'><strong>eos</strong></span> <span class='ocrx_word' id='word_1_135' title='bbox 967 1260 1164 1302; x_wconf 83' lang='lat' dir='ltr'><strong>absolvere,</strong></span> 
     </span>
     <span class='ocr_line' id='line_1_23' title="bbox 170 1311 1166 1352; baseline -0.002 -3"><span class='ocrx_word' id='word_1_136' title='bbox 170 1321 246 1349; x_wconf 88' lang='lat' dir='ltr'><strong>non</strong></span> <span class='ocrx_word' id='word_1_137' title='bbox 267 1317 408 1350; x_wconf 85' lang='lat' dir='ltr'><strong>tantum</strong></span> <span class='ocrx_word' id='word_1_138' title='bbox 424 1314 463 1349; x_wconf 90' lang='lat' dir='ltr'><strong>in</strong></span> <span class='ocrx_word' id='word_1_139' title='bbox 485 1313 566 1349; x_wconf 77' lang='lat' dir='ltr'><strong>roro</strong></span> <span class='ocrx_word' id='word_1_140' title='bbox 579 1312 821 1352; x_wconf 80' lang='lat' dir='ltr'><strong>conscientiae,</strong></span> <span class='ocrx_word' id='word_1_141' title='bbox 836 1311 900 1346; x_wconf 84' lang='lat' dir='ltr'><strong>sed</strong></span> <span class='ocrx_word' id='word_1_142' title='bbox 917 1311 1026 1346; x_wconf 90' lang='lat' dir='ltr'><strong>etiam</strong></span> <span class='ocrx_word' id='word_1_143' title='bbox 1042 1312 1080 1347; x_wconf 89' lang='lat' dir='ltr'><strong>in</strong></span> <span class='ocrx_word' id='word_1_144' title='bbox 1102 1320 1166 1347; x_wconf 81' lang='lat' dir='ltr'><strong>ex·</strong></span> 
     </span>
     <span class='ocr_line' id='line_1_24' title="bbox 169 1361 352 1406; baseline 0.005 -8"><span class='ocrx_word' id='word_1_145' title='bbox 169 1361 285 1406; x_wconf 77' lang='lat' dir='ltr'><strong>terno,</strong></span> <span class='ocrx_word' id='word_1_146' title='bbox 300 1364 352 1399; x_wconf 87' lang='lat' dir='ltr'><strong>ib.</strong></span> 
     </span>
    </p>

    <p class='ocr_par' dir='ltr' id='par_1_9' title="bbox 170 1412 1164 1502">
     <span class='ocr_line' id='line_1_25' title="bbox 170 1412 1164 1456; baseline -0.003 -5"><span class='ocrx_word' id='word_1_147' title='bbox 170 1415 363 1453; x_wconf 82' lang='lat' dir='ltr'><strong>Absolvere</strong></span> <span class='ocrx_word' id='word_1_148' title='bbox 375 1423 398 1450; x_wconf 85' lang='lat' dir='ltr'><strong>a</strong></span> <span class='ocrx_word' id='word_1_149' title='bbox 414 1422 568 1451; x_wconf 77' lang='lat' dir='ltr'><strong>censura</strong></span> <span class='ocrx_word' id='word_1_150' title='bbox 579 1412 619 1449; x_wconf 87' lang='lat' dir='ltr'><strong>in</strong></span> <span class='ocrx_word' id='word_1_151' title='bbox 640 1412 722 1449; x_wconf 87' lang='lat' dir='ltr'><strong>t&#39;oro</strong></span> <span class='ocrx_word' id='word_1_152' title='bbox 740 1413 989 1454; x_wconf 83' lang='lat' dir='ltr'><strong>conscientiae,</strong></span> <span class='ocrx_word' id='word_1_153' title='bbox 999 1412 1091 1456; x_wconf 87' lang='lat' dir='ltr'><strong>quid</strong></span> <span class='ocrx_word' id='word_1_154' title='bbox 1105 1413 1164 1455; x_wconf 87' lang='lat' dir='ltr'><strong>sit,</strong></span> 
     </span>
     <span class='ocr_line' id='line_1_26' title="bbox 172 1466 222 1502; baseline 0 -1"><span class='ocrx_word' id='word_1_155' title='bbox 172 1466 222 1502; x_wconf 85' lang='lat' dir='ltr'><strong>ib.</strong></span> 
     </span>
    </p>

    <p class='ocr_par' dir='ltr' id='par_1_10' title="bbox 170 1513 1169 1605">
     <span class='ocr_line' id='line_1_27' title="bbox 170 1513 1169 1557; baseline -0.003 -5"><span class='ocrx_word' id='word_1_156' title='bbox 170 1517 212 1553; x_wconf 82' lang='lat' dir='ltr'><strong>Et</strong></span> <span class='ocrx_word' id='word_1_157' title='bbox 222 1523 270 1551; x_wconf 84' lang='lat' dir='ltr'><strong>an</strong></span> <span class='ocrx_word' id='word_1_158' title='bbox 285 1514 462 1552; x_wconf 83' lang='lat' dir='ltr'><strong>absolutio</strong></span> <span class='ocrx_word' id='word_1_159' title='bbox 474 1525 496 1551; x_wconf 86' lang='lat' dir='ltr'><strong>a</strong></span> <span class='ocrx_word' id='word_1_160' title='bbox 514 1523 668 1550; x_wconf 88' lang='lat' dir='ltr'><strong>censura</strong></span> <span class='ocrx_word' id='word_1_161' title='bbox 685 1517 782 1548; x_wconf 88' lang='lat' dir='ltr'><strong>extra</strong></span> <span class='ocrx_word' id='word_1_162' title='bbox 801 1513 1070 1549; x_wconf 84' lang='lat' dir='ltr'><strong>confessionem</strong></span> <span class='ocrx_word' id='word_1_163' title='bbox 1086 1521 1169 1557; x_wconf 84' lang='lat' dir='ltr'><strong>pos-</strong></span> 
     </span>
     <span class='ocr_line' id='line_1_28' title="bbox 172 1564 950 1605; baseline -0.008 -3"><span class='ocrx_word' id='word_1_164' title='bbox 172 1567 220 1603; x_wconf 74' lang='lat' dir='ltr'><strong>sit</strong></span> <span class='ocrx_word' id='word_1_165' title='bbox 236 1575 312 1602; x_wconf 89' lang='lat' dir='ltr'><strong>esse</strong></span> <span class='ocrx_word' id='word_1_166' title='bbox 324 1570 464 1601; x_wconf 89' lang='lat' dir='ltr'><strong>tantum</strong></span> <span class='ocrx_word' id='word_1_167' title='bbox 485 1567 523 1600; x_wconf 88' lang='lat' dir='ltr'><strong>in</strong></span> <span class='ocrx_word' id='word_1_168' title='bbox 537 1566 615 1599; x_wconf 83' lang='lat' dir='ltr'><strong>foro</strong></span> <span class='ocrx_word' id='word_1_169' title='bbox 631 1565 875 1605; x_wconf 76' lang='lat' dir='ltr'><strong>conscientiae,</strong></span> <span class='ocrx_word' id='word_1_170' title='bbox 900 1564 950 1599; x_wconf 89' lang='lat' dir='ltr'><strong>ib.</strong></span> 
     </span>
    </p>

    <p class='ocr_par' dir='ltr' id='par_1_11' title="bbox 171 1614 1170 1911">
     <span class='ocr_line' id='line_1_29' title="bbox 171 1614 1167 1660; baseline -0.002 -8"><span class='ocrx_word' id='word_1_171' title='bbox 171 1615 214 1652; x_wconf 73' lang='lat' dir='ltr'><strong>Et</strong></span> <span class='ocrx_word' id='word_1_172' title='bbox 229 1617 319 1660; x_wconf 89' lang='lat' dir='ltr'><strong>quid</strong></span> <span class='ocrx_word' id='word_1_173' title='bbox 341 1620 510 1659; x_wconf 84' lang='lat' dir='ltr'><strong>operetur</strong></span> <span class='ocrx_word' id='word_1_174' title='bbox 528 1615 705 1650; x_wconf 86' lang='lat' dir='ltr'><strong>absolutio</strong></span> <span class='ocrx_word' id='word_1_175' title='bbox 725 1622 887 1649; x_wconf 87' lang='lat' dir='ltr'><strong>censurae</strong></span> <span class='ocrx_word' id='word_1_176' title='bbox 908 1621 977 1658; x_wconf 89' lang='lat' dir='ltr'><strong>pro</strong></span> <span class='ocrx_word' id='word_1_177' title='bbox 999 1614 1078 1650; x_wconf 80' lang='lat' dir='ltr'><strong>foro</strong></span> <span class='ocrx_word' id='word_1_178' title='bbox 1103 1623 1167 1650; x_wconf 88' lang='lat' dir='ltr'><strong>ex·</strong></span> 
     </span>
     <span class='ocr_line' id='line_1_30' title="bbox 172 1665 1166 1711; baseline 0 -10"><span class='ocrx_word' id='word_1_179' title='bbox 172 1671 289 1710; x_wconf 86' lang='lat' dir='ltr'><strong>terno,</strong></span> <span class='ocrx_word' id='word_1_180' title='bbox 309 1675 420 1711; x_wconf 84' lang='lat' dir='ltr'><strong>supra</strong></span> <span class='ocrx_word' id='word_1_181' title='bbox 442 1666 705 1703; x_wconf 86' lang='lat' dir='ltr'><strong>absolutionem</strong></span> <span class='ocrx_word' id='word_1_182' title='bbox 728 1673 793 1709; x_wconf 89' lang='lat' dir='ltr'><strong>pro</strong></span> <span class='ocrx_word' id='word_1_183' title='bbox 816 1665 896 1702; x_wconf 82' lang='lat' dir='ltr'><strong>foro</strong></span> <span class='ocrx_word' id='word_1_184' title='bbox 920 1665 1166 1707; x_wconf 84' lang='lat' dir='ltr'><strong>conscientiae.</strong></span> 
     </span>
     <span class='ocr_line' id='line_1_31' title="bbox 174 1765 1169 1810; baseline 0 -8"><span class='ocrx_word' id='word_1_185' title='bbox 174 1767 335 1803; x_wconf 79' lang='lat' dir='ltr'><strong>Facultas</strong></span> <span class='ocrx_word' id='word_1_186' title='bbox 357 1767 536 1810; x_wconf 81' lang='lat' dir='ltr'><strong>generalis</strong></span> <span class='ocrx_word' id='word_1_187' title='bbox 562 1765 773 1801; x_wconf 85' lang='lat' dir='ltr'><strong>absolvendi</strong></span> <span class='ocrx_word' id='word_1_188' title='bbox 804 1773 826 1800; x_wconf 89' lang='lat' dir='ltr'><strong>a</strong></span> <span class='ocrx_word' id='word_1_189' title='bbox 852 1765 1028 1805; x_wconf 76' lang='lat' dir='ltr'><strong>censuris,</strong></span> <span class='ocrx_word' id='word_1_190' title='bbox 1045 1768 1169 1802; x_wconf 82' lang='lat' dir='ltr'><strong>utrum</strong></span> 
     </span>
     <span class='ocr_line' id='line_1_32' title="bbox 177 1816 1170 1861; baseline -0.001 -9"><span class='ocrx_word' id='word_1_191' title='bbox 177 1817 411 1861; x_wconf 82' lang='lat' dir='ltr'><strong>intelligenda</strong></span> <span class='ocrx_word' id='word_1_192' title='bbox 437 1818 483 1852; x_wconf 88' lang='lat' dir='ltr'><strong>sit</strong></span> <span class='ocrx_word' id='word_1_193' title='bbox 504 1825 570 1861; x_wconf 90' lang='lat' dir='ltr'><strong>pro</strong></span> <span class='ocrx_word' id='word_1_194' title='bbox 599 1817 678 1852; x_wconf 82' lang='lat' dir='ltr'><strong>foro</strong></span> <span class='ocrx_word' id='word_1_195' title='bbox 698 1819 838 1851; x_wconf 87' lang='lat' dir='ltr'><strong>tantum</strong></span> <span class='ocrx_word' id='word_1_196' title='bbox 854 1816 1099 1858; x_wconf 78' lang='lat' dir='ltr'><strong>conscientiae,</strong></span> <span class='ocrx_word' id='word_1_197' title='bbox 1121 1824 1170 1851; x_wconf 90' lang='lat' dir='ltr'><strong>an</strong></span> 
     </span>
     <span class='ocr_line' id='line_1_33' title="bbox 175 1867 626 1911; baseline -0.002 -9"><span class='ocrx_word' id='word_1_198' title='bbox 175 1869 284 1903; x_wconf 82' lang='lat' dir='ltr'><strong>etiam</strong></span> <span class='ocrx_word' id='word_1_199' title='bbox 308 1877 371 1911; x_wconf 90' lang='lat' dir='ltr'><strong>pro</strong></span> <span class='ocrx_word' id='word_1_200' title='bbox 395 1873 554 1907; x_wconf 84' lang='lat' dir='ltr'><strong>externo,</strong></span> <span class='ocrx_word' id='word_1_201' title='bbox 576 1867 626 1902; x_wconf 89' lang='lat' dir='ltr'><strong>ib.</strong></span> 
     </span>
    </p>

    <p class='ocr_par' dir='ltr' id='par_1_12' title="bbox 175 1916 1173 2060">
     <span class='ocr_line' id='line_1_34' title="bbox 176 1916 1173 1960; baseline -0.002 -7"><span class='ocrx_word' id='word_1_202' title='bbox 176 1919 215 1953; x_wconf 86' lang='lat' dir='ltr'><strong>ln</strong></span> <span class='ocrx_word' id='word_1_203' title='bbox 252 1919 402 1952; x_wconf 90' lang='lat' dir='ltr'><strong>articulo</strong></span> <span class='ocrx_word' id='word_1_204' title='bbox 425 1918 561 1956; x_wconf 86' lang='lat' dir='ltr'><strong>mortis,</strong></span> <span class='ocrx_word' id='word_1_205' title='bbox 589 1916 744 1960; x_wconf 82' lang='lat' dir='ltr'><strong>quilibet</strong></span> <span class='ocrx_word' id='word_1_206' title='bbox 758 1916 912 1951; x_wconf 80' lang='lat' dir='ltr'><strong>clericus</strong></span> <span class='ocrx_word' id='word_1_207' title='bbox 930 1920 1044 1959; x_wconf 90' lang='lat' dir='ltr'><strong>potest</strong></span> <span class='ocrx_word' id='word_1_208' title='bbox 1056 1916 1173 1951; x_wconf 90' lang='lat' dir='ltr'><strong>absol-</strong></span> 
     </span>
     <span class='ocr_line' id='line_1_35' title="bbox 175 1965 1173 2010; baseline -0.002 -8"><span class='ocrx_word' id='word_1_209' title='bbox 175 1976 259 2002; x_wconf 86' lang='lat' dir='ltr'><strong>vere</strong></span> <span class='ocrx_word' id='word_1_210' title='bbox 275 1977 296 2002; x_wconf 90' lang='lat' dir='ltr'><strong>a</strong></span> <span class='ocrx_word' id='word_1_211' title='bbox 312 1967 486 2008; x_wconf 87' lang='lat' dir='ltr'><strong>censuris,</strong></span> <span class='ocrx_word' id='word_1_212' title='bbox 505 1966 674 2010; x_wconf 90' lang='lat' dir='ltr'><strong>quamvis</strong></span> <span class='ocrx_word' id='word_1_213' title='bbox 694 1972 770 2000; x_wconf 90' lang='lat' dir='ltr'><strong>non</strong></span> <span class='ocrx_word' id='word_1_214' title='bbox 783 1965 832 2000; x_wconf 92' lang='lat' dir='ltr'><strong>sit</strong></span> <span class='ocrx_word' id='word_1_215' title='bbox 852 1965 1039 2000; x_wconf 89' lang='lat' dir='ltr'><strong>ordinatus</strong></span> <span class='ocrx_word' id='word_1_216' title='bbox 1057 1965 1095 1999; x_wconf 89' lang='lat' dir='ltr'><strong>in</strong></span> <span class='ocrx_word' id='word_1_217' title='bbox 1115 1974 1173 2000; x_wconf 89' lang='lat' dir='ltr'><strong>sa·</strong></span> 
     </span>
     <span class='ocr_line' id='line_1_36' title="bbox 176 2017 326 2060; baseline -0.007 -7"><span class='ocrx_word' id='word_1_218' title='bbox 176 2018 260 2060; x_wconf 89' lang='lat' dir='ltr'><strong>cris,</strong></span> <span class='ocrx_word' id='word_1_219' title='bbox 275 2017 326 2052; x_wconf 89' lang='lat' dir='ltr'><strong>ib.</strong></span> 
     </span>
    </p>

    <p class='ocr_par' dir='ltr' id='par_1_13' title="bbox 175 2064 1176 2211">
     <span class='ocr_line' id='line_1_37' title="bbox 175 2064 1176 2111; baseline -0.002 -8"><span class='ocrx_word' id='word_1_220' title='bbox 175 2068 269 2109; x_wconf 84' lang='lat' dir='ltr'><strong>Quid</strong></span> <span class='ocrx_word' id='word_1_221' title='bbox 285 2068 423 2111; x_wconf 88' lang='lat' dir='ltr'><strong>possint</strong></span> <span class='ocrx_word' id='word_1_222' title='bbox 442 2067 614 2110; x_wconf 84' lang='lat' dir='ltr'><strong>religiosi,</strong></span> <span class='ocrx_word' id='word_1_223' title='bbox 636 2065 834 2109; x_wconf 84' lang='lat' dir='ltr'><strong>praesertim</strong></span> <span class='ocrx_word' id='word_1_224' title='bbox 853 2064 1059 2104; x_wconf 87' lang='lat' dir='ltr'><strong>societatis,</strong></span> <span class='ocrx_word' id='word_1_225' title='bbox 1078 2066 1176 2101; x_wconf 83' lang='lat' dir='ltr'><strong>circa</strong></span> 
     </span>
     <span class='ocr_line' id='line_1_38' title="bbox 178 2115 1173 2154; baseline -0.001 -2"><span class='ocrx_word' id='word_1_226' title='bbox 178 2118 441 2153; x_wconf 87' lang='lat' dir='ltr'><strong>absolutionem</strong></span> <span class='ocrx_word' id='word_1_227' title='bbox 464 2127 486 2151; x_wconf 93' lang='lat' dir='ltr'><strong>a</strong></span> <span class='ocrx_word' id='word_1_228' title='bbox 508 2116 688 2154; x_wconf 87' lang='lat' dir='ltr'><strong>censuris,</strong></span> <span class='ocrx_word' id='word_1_229' title='bbox 713 2116 821 2150; x_wconf 89' lang='lat' dir='ltr'><strong>etiam</strong></span> <span class='ocrx_word' id='word_1_230' title='bbox 839 2115 987 2150; x_wconf 88' lang='lat' dir='ltr'><strong>Summo</strong></span> <span class='ocrx_word' id='word_1_231' title='bbox 1009 2116 1173 2152; x_wconf 79' lang='lat' dir='ltr'><strong>Pontifici</strong></span> 
     </span>
     <span class='ocr_line' id='line_1_39' title="bbox 179 2166 1030 2211; baseline -0.004 -8"><span class='ocrx_word' id='word_1_232' title='bbox 179 2169 379 2211; x_wconf 84' lang='lat' dir='ltr'><strong>reservatis,</strong></span> <span class='ocrx_word' id='word_1_233' title='bbox 399 2167 483 2203; x_wconf 85' lang='lat' dir='ltr'><strong>vide</strong></span> <span class='ocrx_word' id='word_1_234' title='bbox 503 2166 729 2202; x_wconf 84' lang='lat' dir='ltr'><strong>Poenitentiae</strong></span> <span class='ocrx_word' id='word_1_235' title='bbox 748 2166 1030 2201; x_wconf 84' lang='lat' dir='ltr'><strong>Sacramentum.</strong></span> 
     </span>
    </p>
   </div>
   <div class='ocr_carea' id='block_1_4' title="bbox 569 2250 740 2276">
    <p class='ocr_par' dir='ltr' id='par_1_14' title="bbox 569 2250 740 2276">
     <span class='ocr_line' id='line_1_40' title="bbox 569 2250 740 2276; baseline 0 0"><span class='ocrx_word' id='word_1_236' title='bbox 569 2250 740 2276; x_wconf 73' lang='lat' dir='ltr'><strong>ennius.</strong></span> 
     </span>
    </p>
   </div>
   <div class='ocr_carea' id='block_1_5' title="bbox 136 2313 1175 2354">
    <p class='ocr_par' dir='ltr' id='par_1_15' title="bbox 136 2313 1175 2354">
     <span class='ocr_line' id='line_1_41' title="bbox 136 2313 1175 2354; baseline -0.003 0"><span class='ocrx_word' id='word_1_237' title='bbox 136 2316 298 2354; x_wconf 83' lang='lat' dir='ltr'><strong>Charitas</strong></span> <span class='ocrx_word' id='word_1_238' title='bbox 310 2316 470 2351; x_wconf 78' lang='lat' dir='ltr'><strong>fraterna</strong></span> <span class='ocrx_word' id='word_1_239' title='bbox 488 2318 524 2349; x_wconf 87' lang='lat' dir='ltr'><strong>et</strong></span> <span class='ocrx_word' id='word_1_240' title='bbox 535 2314 731 2349; x_wconf 88' lang='lat' dir='ltr'><strong>concordia</strong></span> <span class='ocrx_word' id='word_1_241' title='bbox 744 2314 841 2349; x_wconf 90' lang='lat' dir='ltr'><strong>inter</strong></span> <span class='ocrx_word' id='word_1_242' title='bbox 865 2313 995 2350; x_wconf 82' lang='lat' dir='ltr'><strong>fratres</strong></span> <span class='ocrx_word' id='word_1_243' title='bbox 1018 2315 1175 2351; x_wconf 87' lang='lat' dir='ltr'><strong>maxime</strong></span> 
     </span>
    </p>
   </div>
   <div class='ocr_carea' id='block_1_6' title="bbox 139 2364 1177 2655">
    <p class='ocr_par' dir='ltr' id='par_1_16' title="bbox 178 2364 1175 2507">
     <span class='ocr_line' id='line_1_42' title="bbox 181 2364 1017 2413; baseline -0.005 -10"><span class='ocrx_word' id='word_1_244' title='bbox 181 2368 408 2413; x_wconf 85' lang='lat' dir='ltr'><strong>procuranda</strong></span> <span class='ocrx_word' id='word_1_245' title='bbox 431 2367 469 2400; x_wconf 92' lang='lat' dir='ltr'><strong>in</strong></span> <span class='ocrx_word' id='word_1_246' title='bbox 486 2365 675 2408; x_wconf 85' lang='lat' dir='ltr'><strong>religione.</strong></span> <span class='ocrx_word' id='word_1_247' title='bbox 694 2368 736 2398; x_wconf 88' lang='lat' dir='ltr'><strong>tr.</strong></span> <span class='ocrx_word' id='word_1_248' title='bbox 760 2367 812 2405; x_wconf 92' lang='grc'><strong>10,</strong></span> <span class='ocrx_word' id='word_1_249' title='bbox 833 2364 858 2398; x_wconf 91' lang='grc' dir='ltr'><strong>Ι.</strong></span> <span class='ocrx_word' id='word_1_250' title='bbox 882 2367 914 2404; x_wconf 85' lang='lat'><strong>8,</strong></span> <span class='ocrx_word' id='word_1_251' title='bbox 935 2373 969 2399; x_wconf 91' lang='lat' dir='ltr'><strong>c.</strong></span> <span class='ocrx_word' id='word_1_252' title='bbox 986 2369 1017 2399; x_wconf 88' lang='grc'><strong>6.</strong></span> 
     </span>
     <span class='ocr_line' id='line_1_43' title="bbox 178 2414 1175 2458; baseline -0.005 -5"><span class='ocrx_word' id='word_1_253' title='bbox 178 2418 316 2458; x_wconf 83' lang='lat' dir='ltr'><strong>Quibus</strong></span> <span class='ocrx_word' id='word_1_254' title='bbox 332 2416 462 2451; x_wconf 90' lang='lat' dir='ltr'><strong>mediis</strong></span> <span class='ocrx_word' id='word_1_255' title='bbox 475 2419 626 2457; x_wconf 88' lang='lat' dir='ltr'><strong>utraque</strong></span> <span class='ocrx_word' id='word_1_256' title='bbox 644 2414 807 2450; x_wconf 79' lang='lat' dir='ltr'><strong>foveatur</strong></span> <span class='ocrx_word' id='word_1_257' title='bbox 819 2417 856 2449; x_wconf 82' lang='lat' dir='ltr'><strong>et</strong></span> <span class='ocrx_word' id='word_1_258' title='bbox 871 2418 1124 2458; x_wconf 88' lang='lat' dir='ltr'><strong>promoveatur</strong></span> <span class='ocrx_word' id='word_1_259' title='bbox 1135 2414 1175 2449; x_wconf 92' lang='lat' dir='ltr'><strong>in</strong></span> 
     </span>
     <span class='ocr_line' id='line_1_44' title="bbox 181 2468 583 2507; baseline -0.012 -5"><span class='ocrx_word' id='word_1_260' title='bbox 181 2468 367 2507; x_wconf 85' lang='lat' dir='ltr'><strong>societate,</strong></span> <span class='ocrx_word' id='word_1_261' title='bbox 392 2475 423 2500; x_wconf 90' lang='lat' dir='ltr'><strong>c.</strong></span> <span class='ocrx_word' id='word_1_262' title='bbox 447 2470 478 2504; x_wconf 87' lang='grc'><strong>6,</strong></span> <span class='ocrx_word' id='word_1_263' title='bbox 496 2468 528 2504; x_wconf 82' lang='grc'><strong>’1,</strong></span> <span class='ocrx_word' id='word_1_264' title='bbox 553 2468 583 2498; x_wconf 87' lang='lat'><strong>8.</strong></span> 
     </span>
    </p>

    <p class='ocr_par' dir='ltr' id='par_1_17' title="bbox 139 2514 1177 2606">
     <span class='ocr_line' id='line_1_45' title="bbox 139 2514 1177 2558; baseline -0.002 -6"><span class='ocrx_word' id='word_1_265' title='bbox 139 2518 300 2553; x_wconf 85' lang='lat' dir='ltr'><strong>charitas</strong></span> <span class='ocrx_word' id='word_1_266' title='bbox 321 2517 359 2550; x_wconf 91' lang='lat' dir='ltr'><strong>in</strong></span> <span class='ocrx_word' id='word_1_267' title='bbox 378 2517 488 2551; x_wconf 84' lang='lat' dir='ltr'><strong>Deum</strong></span> <span class='ocrx_word' id='word_1_268' title='bbox 511 2523 583 2558; x_wconf 89' lang='lat' dir='ltr'><strong>qua</strong></span> <span class='ocrx_word' id='word_1_269' title='bbox 604 2515 743 2550; x_wconf 91' lang='lat' dir='ltr'><strong>ratione</strong></span> <span class='ocrx_word' id='word_1_270' title='bbox 764 2514 806 2551; x_wconf 88' lang='lat' dir='ltr'><strong>in</strong></span> <span class='ocrx_word' id='word_1_271' title='bbox 834 2514 1008 2551; x_wconf 86' lang='lat' dir='ltr'><strong>societate</strong></span> <span class='ocrx_word' id='word_1_272' title='bbox 1030 2522 1177 2558; x_wconf 88' lang='lat' dir='ltr'><strong>promo-</strong></span> 
     </span>
     <span class='ocr_line' id='line_1_46' title="bbox 182 2571 412 2606; baseline -0.013 -4"><span class='ocrx_word' id='word_1_273' title='bbox 182 2573 317 2606; x_wconf 87' lang='lat' dir='ltr'><strong>veatur,</strong></span> <span class='ocrx_word' id='word_1_274' title='bbox 332 2575 363 2601; x_wconf 90' lang='grc'><strong>0.</strong></span> <span class='ocrx_word' id='word_1_275' title='bbox 382 2571 412 2600; x_wconf 95' lang='grc'><strong>6.</strong></span> 
     </span>
    </p>

    <p class='ocr_par' dir='ltr' id='par_1_18' title="bbox 141 2617 449 2655">
     <span class='ocr_line' id='line_1_47' title="bbox 141 2617 449 2655; baseline -0.006 -2"><span class='ocrx_word' id='word_1_276' title='bbox 141 2618 230 2655; x_wconf 79' lang='lat' dir='ltr'><strong>vide</strong></span> <span class='ocrx_word' id='word_1_277' title='bbox 251 2617 449 2653; x_wconf 88' lang='lat' dir='ltr'><strong>Proximus.</strong></span> 
     </span>
    </p>
   </div>
   <div class='ocr_carea' id='block_1_7' title="bbox 592 2687 730 2718">
    <p class='ocr_par' dir='ltr' id='par_1_19' title="bbox 592 2687 730 2718">
     <span class='ocr_line' id='line_1_48' title="bbox 592 2687 730 2718; baseline 0 -1"><span class='ocrx_word' id='word_1_278' title='bbox 592 2687 730 2718; x_wconf 69' lang='lat' dir='ltr'><strong>cactus.</strong></span> 
     </span>
    </p>
   </div>
   <div class='ocr_carea' id='block_1_8' title="bbox 141 2765 1180 3261">
    <p class='ocr_par' dir='ltr' id='par_1_20' title="bbox 141 2765 1176 2860">
     <span class='ocr_line' id='line_1_49' title="bbox 141 2765 1176 2805; baseline -0.003 0"><span class='ocrx_word' id='word_1_279' title='bbox 141 2769 297 2805; x_wconf 75' lang='lat' dir='ltr'><strong>eborum</strong></span> <span class='ocrx_word' id='word_1_280' title='bbox 315 2771 353 2804; x_wconf 90' lang='lat' dir='ltr'><strong>et</strong></span> <span class='ocrx_word' id='word_1_281' title='bbox 371 2771 516 2803; x_wconf 88' lang='lat' dir='ltr'><strong>cantum</strong></span> <span class='ocrx_word' id='word_1_282' title='bbox 530 2767 756 2803; x_wconf 88' lang='lat' dir='ltr'><strong>ordinarium</strong></span> <span class='ocrx_word' id='word_1_283' title='bbox 774 2774 841 2803; x_wconf 85' lang='lat' dir='ltr'><strong>cur</strong></span> <span class='ocrx_word' id='word_1_284' title='bbox 853 2765 1010 2801; x_wconf 89' lang='lat' dir='ltr'><strong>Societas</strong></span> <span class='ocrx_word' id='word_1_285' title='bbox 1021 2773 1097 2802; x_wconf 90' lang='lat' dir='ltr'><strong>non</strong></span> <span class='ocrx_word' id='word_1_286' title='bbox 1106 2765 1176 2802; x_wconf 81' lang='lat' dir='ltr'><strong>ha·</strong></span> 
     </span>
     <span class='ocr_line' id='line_1_50' title="bbox 183 2820 675 2860; baseline -0.006 -5"><span class='ocrx_word' id='word_1_287' title='bbox 183 2821 276 2860; x_wconf 88' lang='lat' dir='ltr'><strong>beat,</strong></span> <span class='ocrx_word' id='word_1_288' title='bbox 294 2824 338 2855; x_wconf 88' lang='lat' dir='ltr'><strong>tr.</strong></span> <span class='ocrx_word' id='word_1_289' title='bbox 361 2820 453 2860; x_wconf 91' lang='grc'><strong>10,1.</strong></span> <span class='ocrx_word' id='word_1_290' title='bbox 477 2824 509 2860; x_wconf 82' lang='grc'><strong>1,</strong></span> <span class='ocrx_word' id='word_1_291' title='bbox 532 2827 563 2853; x_wconf 94' lang='grc'><strong>0.</strong></span> <span class='ocrx_word' id='word_1_292' title='bbox 589 2823 620 2859; x_wconf 80' lang='grc'><strong>3,</strong></span> <span class='ocrx_word' id='word_1_293' title='bbox 644 2823 675 2852; x_wconf 84' lang='lat'><strong>8.</strong></span> 
     </span>
    </p>

    <p class='ocr_par' dir='ltr' id='par_1_21' title="bbox 142 2868 1178 3105">
     <span class='ocr_line' id='line_1_51' title="bbox 142 2868 1178 2908; baseline -0.002 -2"><span class='ocrx_word' id='word_1_294' title='bbox 142 2871 248 2908; x_wconf 83' lang='lat' dir='ltr'><strong>Chori</strong></span> <span class='ocrx_word' id='word_1_295' title='bbox 264 2875 299 2905; x_wconf 90' lang='lat' dir='ltr'><strong>et</strong></span> <span class='ocrx_word' id='word_1_296' title='bbox 311 2874 436 2904; x_wconf 90' lang='grc'><strong>000105</strong></span> <span class='ocrx_word' id='word_1_297' title='bbox 455 2869 692 2904; x_wconf 84' lang='lat' dir='ltr'><strong>Ecclesiastici</strong></span> <span class='ocrx_word' id='word_1_298' title='bbox 716 2868 924 2903; x_wconf 86' lang='lat' dir='ltr'><strong>ordinarius</strong></span> <span class='ocrx_word' id='word_1_299' title='bbox 943 2877 1031 2902; x_wconf 86' lang='lat' dir='ltr'><strong>usus</strong></span> <span class='ocrx_word' id='word_1_300' title='bbox 1050 2868 1178 2904; x_wconf 80' lang='lat' dir='ltr'><strong>minis-</strong></span> 
     </span>
     <span class='ocr_line' id='line_1_52' title="bbox 181 2919 1123 2964; baseline -0.005 -9"><span class='ocrx_word' id='word_1_301' title='bbox 181 2921 272 2955; x_wconf 87' lang='lat' dir='ltr'><strong>terio</strong></span> <span class='ocrx_word' id='word_1_302' title='bbox 294 2920 563 2964; x_wconf 79' lang='lat' dir='ltr'><strong>praedicationis</strong></span> <span class='ocrx_word' id='word_1_303' title='bbox 585 2919 851 2963; x_wconf 84' lang='lat' dir='ltr'><strong>praeponendus</strong></span> <span class='ocrx_word' id='word_1_304' title='bbox 874 2926 948 2952; x_wconf 91' lang='lat' dir='ltr'><strong>non</strong></span> <span class='ocrx_word' id='word_1_305' title='bbox 964 2922 1026 2957; x_wconf 87' lang='lat' dir='ltr'><strong>est,</strong></span> <span class='ocrx_word' id='word_1_306' title='bbox 1044 2926 1075 2951; x_wconf 92' lang='lat' dir='ltr'><strong>c.</strong></span> <span class='ocrx_word' id='word_1_307' title='bbox 1091 2921 1123 2951; x_wconf 85' lang='lat'><strong>8.</strong></span> 
     </span>
     <span class='ocr_line' id='line_1_53' title="bbox 180 2966 1176 3013; baseline -0.004 -8"><span class='ocrx_word' id='word_1_308' title='bbox 180 2970 303 3013; x_wconf 78' lang='lat' dir='ltr'><strong>Neque</strong></span> <span class='ocrx_word' id='word_1_309' title='bbox 334 2978 377 3003; x_wconf 86' lang='lat' dir='ltr'><strong>ex</strong></span> <span class='ocrx_word' id='word_1_310' title='bbox 406 2971 485 3012; x_wconf 84' lang='lat' dir='ltr'><strong>ejus</strong></span> <span class='ocrx_word' id='word_1_311' title='bbox 506 2969 647 3003; x_wconf 82' lang='lat' dir='ltr'><strong>defectu</strong></span> <span class='ocrx_word' id='word_1_312' title='bbox 669 2969 818 3011; x_wconf 85' lang='lat' dir='ltr'><strong>praecise</strong></span> <span class='ocrx_word' id='word_1_313' title='bbox 840 2968 997 3002; x_wconf 90' lang='lat' dir='ltr'><strong>Societas</strong></span> <span class='ocrx_word' id='word_1_314' title='bbox 1021 2966 1176 3009; x_wconf 86' lang='lat' dir='ltr'><strong>judicari</strong></span> 
     </span>
     <span class='ocr_line' id='line_1_54' title="bbox 184 3018 1176 3063; baseline -0.004 -8"><span class='ocrx_word' id='word_1_315' title='bbox 184 3022 299 3063; x_wconf 89' lang='lat' dir='ltr'><strong>potest</strong></span> <span class='ocrx_word' id='word_1_316' title='bbox 312 3019 436 3054; x_wconf 86' lang='lat' dir='ltr'><strong>minus</strong></span> <span class='ocrx_word' id='word_1_317' title='bbox 448 3018 605 3062; x_wconf 84' lang='lat' dir='ltr'><strong>perfecta</strong></span> <span class='ocrx_word' id='word_1_318' title='bbox 616 3026 726 3062; x_wconf 88' lang='lat' dir='ltr'><strong>quam</strong></span> <span class='ocrx_word' id='word_1_319' title='bbox 739 3018 820 3054; x_wconf 84' lang='lat' dir='ltr'><strong>aliae</strong></span> <span class='ocrx_word' id='word_1_320' title='bbox 829 3018 1003 3053; x_wconf 89' lang='lat' dir='ltr'><strong>habentes</strong></span> <span class='ocrx_word' id='word_1_321' title='bbox 1013 3018 1176 3059; x_wconf 88' lang='lat' dir='ltr'><strong>chorum,</strong></span> 
     </span>
     <span class='ocr_line' id='line_1_55' title="bbox 186 3070 236 3105; baseline 0.04 -2"><span class='ocrx_word' id='word_1_322' title='bbox 186 3070 236 3105; x_wconf 90' lang='lat' dir='ltr'><strong>ib.</strong></span> 
     </span>
    </p>

    <p class='ocr_par' dir='ltr' id='par_1_22' title="bbox 143 3116 1180 3261">
     <span class='ocr_line' id='line_1_56' title="bbox 143 3116 1180 3155; baseline -0.004 0"><span class='ocrx_word' id='word_1_323' title='bbox 143 3120 251 3155; x_wconf 84' lang='lat' dir='ltr'><strong>Chori</strong></span> <span class='ocrx_word' id='word_1_324' title='bbox 264 3123 299 3154; x_wconf 87' lang='lat' dir='ltr'><strong>et</strong></span> <span class='ocrx_word' id='word_1_325' title='bbox 318 3120 447 3154; x_wconf 89' lang='lat' dir='ltr'><strong>cantus</strong></span> <span class='ocrx_word' id='word_1_326' title='bbox 463 3116 693 3152; x_wconf 85' lang='lat' dir='ltr'><strong>ecclesiastici</strong></span> <span class='ocrx_word' id='word_1_327' title='bbox 707 3126 795 3152; x_wconf 89' lang='lat' dir='ltr'><strong>usus</strong></span> <span class='ocrx_word' id='word_1_328' title='bbox 808 3126 882 3152; x_wconf 93' lang='lat' dir='ltr'><strong>non</strong></span> <span class='ocrx_word' id='word_1_329' title='bbox 898 3121 970 3152; x_wconf 86' lang='lat' dir='ltr'><strong>tam</strong></span> <span class='ocrx_word' id='word_1_330' title='bbox 989 3117 1180 3152; x_wconf 88' lang='lat' dir='ltr'><strong>ordinatur</strong></span> 
     </span>
     <span class='ocr_line' id='line_1_57' title="bbox 186 3166 1179 3213; baseline -0.006 -8"><span class='ocrx_word' id='word_1_331' title='bbox 186 3170 233 3205; x_wconf 84' lang='lat' dir='ltr'><strong>ad</strong></span> <span class='ocrx_word' id='word_1_332' title='bbox 262 3168 446 3213; x_wconf 89' lang='lat' dir='ltr'><strong>propriam</strong></span> <span class='ocrx_word' id='word_1_333' title='bbox 480 3166 738 3211; x_wconf 85' lang='lat' dir='ltr'><strong>perfectionem</strong></span> <span class='ocrx_word' id='word_1_334' title='bbox 774 3170 809 3201; x_wconf 88' lang='lat' dir='ltr'><strong>et</strong></span> <span class='ocrx_word' id='word_1_335' title='bbox 838 3166 1179 3210; x_wconf 87' lang='lat' dir='ltr'><strong>contemplationem</strong></span> 
     </span>
     <span class='ocr_line' id='line_1_58' title="bbox 186 3215 1176 3261; baseline -0.004 -6"><span class='ocrx_word' id='word_1_336' title='bbox 186 3219 410 3260; x_wconf 85' lang='lat' dir='ltr'><strong>canentium,</strong></span> <span class='ocrx_word' id='word_1_337' title='bbox 423 3226 534 3261; x_wconf 89' lang='lat' dir='ltr'><strong>quam</strong></span> <span class='ocrx_word' id='word_1_338' title='bbox 555 3218 602 3253; x_wconf 86' lang='lat' dir='ltr'><strong>ad</strong></span> <span class='ocrx_word' id='word_1_339' title='bbox 622 3217 850 3252; x_wconf 88' lang='lat' dir='ltr'><strong>devotionem</strong></span> <span class='ocrx_word' id='word_1_340' title='bbox 868 3216 1107 3258; x_wconf 87' lang='lat' dir='ltr'><strong>audientium,</strong></span> <span class='ocrx_word' id='word_1_341' title='bbox 1124 3215 1176 3252; x_wconf 89' lang='lat' dir='ltr'><strong>ib.</strong></span> 
     </span>
    </p>
   </div>
   <div class='ocr_carea' id='block_1_9' title="bbox 579 3302 747 3329">
    <p class='ocr_par' dir='ltr' id='par_1_23' title="bbox 579 3302 747 3329">
     <span class='ocr_line' id='line_1_59' title="bbox 579 3302 747 3329; baseline -0.006 0"><span class='ocrx_word' id='word_1_342' title='bbox 579 3302 747 3329; x_wconf 78' lang='lat' dir='ltr'><strong>cnnlsws.</strong></span> 
     </span>
    </p>
   </div>
   <div class='ocr_carea' id='block_1_10' title="bbox 147 3364 1180 3510">
    <p class='ocr_par' dir='ltr' id='par_1_24' title="bbox 147 3364 1180 3510">
     <span class='ocr_line' id='line_1_60' title="bbox 147 3364 1180 3402; baseline -0.003 0"><span class='ocrx_word' id='word_1_343' title='bbox 147 3366 307 3402; x_wconf 83' lang='lat' dir='ltr'><strong>Christus</strong></span> <span class='ocrx_word' id='word_1_344' title='bbox 327 3366 501 3401; x_wconf 87' lang='lat' dir='ltr'><strong>Dominus</strong></span> <span class='ocrx_word' id='word_1_345' title='bbox 518 3373 584 3401; x_wconf 90' lang='lat' dir='ltr'><strong>cur</strong></span> <span class='ocrx_word' id='word_1_346' title='bbox 597 3374 825 3400; x_wconf 90' lang='lat' dir='ltr'><strong>communem</strong></span> <span class='ocrx_word' id='word_1_347' title='bbox 840 3364 986 3399; x_wconf 87' lang='lat' dir='ltr'><strong>vivendi</strong></span> <span class='ocrx_word' id='word_1_348' title='bbox 1003 3364 1180 3399; x_wconf 86' lang='lat' dir='ltr'><strong>rationem</strong></span> 
     </span>
     <span class='ocr_line' id='line_1_61' title="bbox 192 3414 1180 3460; baseline 0 -9"><span class='ocrx_word' id='word_1_349' title='bbox 192 3418 230 3451; x_wconf 91' lang='lat' dir='ltr'><strong>in</strong></span> <span class='ocrx_word' id='word_1_350' title='bbox 253 3417 357 3451; x_wconf 91' lang='lat' dir='ltr'><strong>terris</strong></span> <span class='ocrx_word' id='word_1_351' title='bbox 370 3416 547 3457; x_wconf 86' lang='lat' dir='ltr'><strong>habuerit,</strong></span> <span class='ocrx_word' id='word_1_352' title='bbox 562 3419 599 3451; x_wconf 91' lang='lat' dir='ltr'><strong>et</strong></span> <span class='ocrx_word' id='word_1_353' title='bbox 615 3425 687 3460; x_wconf 86' lang='lat' dir='ltr'><strong>qua</strong></span> <span class='ocrx_word' id='word_1_354' title='bbox 700 3417 838 3452; x_wconf 88' lang='lat' dir='ltr'><strong>ratione</strong></span> <span class='ocrx_word' id='word_1_355' title='bbox 850 3415 890 3450; x_wconf 90' lang='lat' dir='ltr'><strong>id</strong></span> <span class='ocrx_word' id='word_1_356' title='bbox 905 3414 1180 3458; x_wconf 77' lang='lat' dir='ltr'><strong>intelligendum</strong></span> 
     </span>
     <span class='ocr_line' id='line_1_62' title="bbox 191 3466 572 3510; baseline -0.008 -8"><span class='ocrx_word' id='word_1_357' title='bbox 191 3467 249 3509; x_wconf 90' lang='lat' dir='ltr'><strong>sit,</strong></span> <span class='ocrx_word' id='word_1_358' title='bbox 265 3469 311 3505; x_wconf 84' lang='lat' dir='ltr'><strong>tr.</strong></span> <span class='ocrx_word' id='word_1_359' title='bbox 327 3466 422 3510; x_wconf 84' lang='grc'><strong>10,1.</strong></span> <span class='ocrx_word' id='word_1_360' title='bbox 437 3468 472 3509; x_wconf 88' lang='grc'><strong>1,</strong></span> <span class='ocrx_word' id='word_1_361' title='bbox 487 3473 518 3502; x_wconf 88' lang='grc'><strong>0.</strong></span> <span class='ocrx_word' id='word_1_362' title='bbox 537 3469 572 3500; x_wconf 76' lang='lat'><strong>9.</strong></span> 
     </span>
    </p>
   </div>
   <div class='ocr_carea' id='block_1_11' title="bbox 490 3551 838 3578">
    <p class='ocr_par' dir='ltr' id='par_1_25' title="bbox 490 3551 838 3578">
     <span class='ocr_line' id='line_1_63' title="bbox 490 3551 838 3578; baseline 0 0"><span class='ocrx_word' id='word_1_363' title='bbox 490 3551 631 3578; x_wconf 66' lang='lat' dir='ltr'><strong>cmc!</strong></span> <span class='ocrx_word' id='word_1_364' title='bbox 635 3552 724 3578; x_wconf 68' lang='grc'><strong>11118</strong></span> <span class='ocrx_word' id='word_1_365' title='bbox 741 3551 838 3578; x_wconf 68' lang='lat' dir='ltr'><strong>Olbo-</strong></span> 
     </span>
    </p>
   </div>
   <div class='ocr_carea' id='block_1_12' title="bbox 150 3611 1185 3660">
    <p class='ocr_par' dir='ltr' id='par_1_26' title="bbox 150 3611 1185 3660">
     <span class='ocr_line' id='line_1_64' title="bbox 150 3611 1185 3660; baseline -0.005 -10"><span class='ocrx_word' id='word_1_366' title='bbox 150 3613 396 3651; x_wconf 78' lang='lat' dir='ltr'><strong>cisterciensis</strong></span> <span class='ocrx_word' id='word_1_367' title='bbox 409 3614 553 3652; x_wconf 81' lang='lat' dir='ltr'><strong>ordinis</strong></span> <span class='ocrx_word' id='word_1_368' title='bbox 574 3614 691 3660; x_wconf 76' lang='lat' dir='ltr'><strong>origo,</strong></span> <span class='ocrx_word' id='word_1_369' title='bbox 711 3614 848 3658; x_wconf 77' lang='lat' dir='ltr'><strong>regula,</strong></span> <span class='ocrx_word' id='word_1_370' title='bbox 871 3616 957 3655; x_wconf 65' lang='lat' dir='ltr'><strong>etc„</strong></span> <span class='ocrx_word' id='word_1_371' title='bbox 974 3615 1021 3648; x_wconf 90' lang='lat' dir='ltr'><strong>tr.</strong></span> <span class='ocrx_word' id='word_1_372' title='bbox 1039 3614 1073 3655; x_wconf 76' lang='grc' dir='ltr'><strong>ο,</strong></span> <span class='ocrx_word' id='word_1_373' title='bbox 1100 3611 1128 3648; x_wconf 89' lang='grc'><strong>1.</strong></span> <span class='ocrx_word' id='word_1_374' title='bbox 1148 3613 1185 3655; x_wconf 73' lang='lat'><strong>8,</strong></span> 
     </span>
    </p>
   </div>
   <div class='ocr_carea' id='block_1_13' title="bbox 1504 370 1967 405">
    <p class='ocr_par' dir='ltr' id='par_1_27' title="bbox 1504 370 1967 405">
     <span class='ocr_line' id='line_1_65' title="bbox 1504 370 1967 405; baseline 0.004 -5"><span class='ocrx_word' id='word_1_375' title='bbox 1504 370 1706 405; x_wconf 60' lang='lat' dir='ltr'><strong>tumul,</strong></span> <span class='ocrx_word' id='word_1_376' title='bbox 1725 372 1767 400; x_wconf 67' lang='grc' dir='ltr'><strong>Ιῗ</strong></span> <span class='ocrx_word' id='word_1_377' title='bbox 1786 372 1967 403; x_wconf 57' lang='lat' dir='ltr'><strong>Clauum</strong></span> 
     </span>
    </p>
   </div>
   <div class='ocr_carea' id='block_1_14' title="bbox 1216 459 2270 3695">
    <p class='ocr_par' dir='ltr' id='par_1_28' title="bbox 1216 459 2253 603">
     <span class='ocr_line' id='line_1_66' title="bbox 1216 459 2253 504; baseline 0.005 -10"><span class='ocrx_word' id='word_1_378' title='bbox 1216 459 1424 494; x_wconf 78' lang='lat' dir='ltr'><strong>clausuram</strong></span> <span class='ocrx_word' id='word_1_379' title='bbox 1442 469 1583 496; x_wconf 85' lang='lat' dir='ltr'><strong>servare</strong></span> <span class='ocrx_word' id='word_1_380' title='bbox 1597 465 1765 496; x_wconf 89' lang='lat' dir='ltr'><strong>tenentur</strong></span> <span class='ocrx_word' id='word_1_381' title='bbox 1781 462 1953 504; x_wconf 83' lang='lat' dir='ltr'><strong>religiosi,</strong></span> <span class='ocrx_word' id='word_1_382' title='bbox 1975 471 2050 497; x_wconf 90' lang='lat' dir='ltr'><strong>non</strong></span> <span class='ocrx_word' id='word_1_383' title='bbox 2068 462 2187 498; x_wconf 88' lang='lat' dir='ltr'><strong>solum</strong></span> <span class='ocrx_word' id='word_1_384' title='bbox 2208 473 2253 499; x_wconf 84' lang='lat' dir='ltr'><strong>ex</strong></span> 
     </span>
     <span class='ocr_line' id='line_1_67' title="bbox 1259 509 2253 557; baseline 0.006 -13"><span class='ocrx_word' id='word_1_385' title='bbox 1259 511 1393 552; x_wconf 85' lang='lat' dir='ltr'><strong>regula.</strong></span> <span class='ocrx_word' id='word_1_386' title='bbox 1411 512 1474 546; x_wconf 88' lang='lat' dir='ltr'><strong>sed</strong></span> <span class='ocrx_word' id='word_1_387' title='bbox 1493 520 1535 545; x_wconf 87' lang='lat' dir='ltr'><strong>ex</strong></span> <span class='ocrx_word' id='word_1_388' title='bbox 1562 513 1723 555; x_wconf 81' lang='lat' dir='ltr'><strong>rigoroso</strong></span> <span class='ocrx_word' id='word_1_389' title='bbox 1747 509 1933 557; x_wconf 63' lang='lat' dir='ltr'><strong>‘praecepto</strong></span> <span class='ocrx_word' id='word_1_390' title='bbox 1951 514 2133 557; x_wconf 84' lang='lat' dir='ltr'><strong>obligante</strong></span> <span class='ocrx_word' id='word_1_391' title='bbox 2152 514 2253 557; x_wconf 71' lang='lat' dir='ltr'><strong>juxta</strong></span> 
     </span>
     <span class='ocr_line' id='line_1_68' title="bbox 1259 560 1993 603; baseline 0.007 -11"><span class='ocrx_word' id='word_1_392' title='bbox 1259 560 1418 594; x_wconf 76' lang='lat' dir='ltr'><strong>materiae</strong></span> <span class='ocrx_word' id='word_1_393' title='bbox 1432 562 1674 603; x_wconf 82' lang='lat' dir='ltr'><strong>capacitatem,</strong></span> <span class='ocrx_word' id='word_1_394' title='bbox 1691 564 1734 596; x_wconf 85' lang='lat' dir='ltr'><strong>tr.</strong></span> <span class='ocrx_word' id='word_1_395' title='bbox 1758 567 1790 603; x_wconf 86' lang='lat'><strong>8,</strong></span> <span class='ocrx_word' id='word_1_396' title='bbox 1814 563 1838 597; x_wconf 93' lang='lat' dir='ltr'><strong>l.</strong></span> <span class='ocrx_word' id='word_1_397' title='bbox 1863 567 1893 601; x_wconf 68' lang='grc' dir='ltr'><strong>Ξ,</strong></span> <span class='ocrx_word' id='word_1_398' title='bbox 1911 571 1942 597; x_wconf 93' lang='grc'><strong>0.</strong></span> <span class='ocrx_word' id='word_1_399' title='bbox 1961 567 1993 598; x_wconf 89' lang='grc'><strong>6.</strong></span> 
     </span>
    </p>

    <p class='ocr_par' dir='ltr' id='par_1_29' title="bbox 1259 609 2254 751">
     <span class='ocr_line' id='line_1_69' title="bbox 1259 609 2253 656; baseline 0.005 -12"><span class='ocrx_word' id='word_1_400' title='bbox 1259 609 1464 652; x_wconf 86' lang='lat' dir='ltr'><strong>Explicatur</strong></span> <span class='ocrx_word' id='word_1_401' title='bbox 1474 620 1554 652; x_wconf 88' lang='lat' dir='ltr'><strong>quae</strong></span> <span class='ocrx_word' id='word_1_402' title='bbox 1568 613 1615 646; x_wconf 90' lang='lat' dir='ltr'><strong>sit</strong></span> <span class='ocrx_word' id='word_1_403' title='bbox 1626 613 1774 647; x_wconf 89' lang='lat' dir='ltr'><strong>materia</strong></span> <span class='ocrx_word' id='word_1_404' title='bbox 1788 613 1907 656; x_wconf 83' lang='lat' dir='ltr'><strong>gravis</strong></span> <span class='ocrx_word' id='word_1_405' title='bbox 1920 613 1957 646; x_wconf 94' lang='lat' dir='ltr'><strong>in</strong></span> <span class='ocrx_word' id='word_1_406' title='bbox 1977 614 2141 649; x_wconf 85' lang='lat' dir='ltr'><strong>clausura</strong></span> <span class='ocrx_word' id='word_1_407' title='bbox 2152 615 2253 650; x_wconf 84' lang='lat' dir='ltr'><strong>sufli-</strong></span> 
     </span>
     <span class='ocr_line' id='line_1_70' title="bbox 1259 659 2254 709; baseline 0.005 -15"><span class='ocrx_word' id='word_1_408' title='bbox 1259 659 1361 694; x_wconf 89' lang='lat' dir='ltr'><strong>ciens</strong></span> <span class='ocrx_word' id='word_1_409' title='bbox 1373 660 1420 694; x_wconf 88' lang='lat' dir='ltr'><strong>ad</strong></span> <span class='ocrx_word' id='word_1_410' title='bbox 1435 662 1657 702; x_wconf 85' lang='lat' dir='ltr'><strong>peccandum</strong></span> <span class='ocrx_word' id='word_1_411' title='bbox 1672 663 1868 697; x_wconf 87' lang='lat' dir='ltr'><strong>mortaliter</strong></span> <span class='ocrx_word' id='word_1_412' title='bbox 1894 667 2019 698; x_wconf 90' lang='lat' dir='ltr'><strong>contra</strong></span> <span class='ocrx_word' id='word_1_413' title='bbox 2034 664 2133 699; x_wconf 87' lang='lat' dir='ltr'><strong>illius</strong></span> <span class='ocrx_word' id='word_1_414' title='bbox 2157 673 2254 709; x_wconf 81' lang='lat' dir='ltr'><strong>prae-</strong></span> 
     </span>
     <span class='ocr_line' id='line_1_71' title="bbox 1260 709 1483 751; baseline 0.004 -9"><span class='ocrx_word' id='word_1_415' title='bbox 1260 713 1418 751; x_wconf 89' lang='lat' dir='ltr'><strong>ceptum,</strong></span> <span class='ocrx_word' id='word_1_416' title='bbox 1433 709 1483 744; x_wconf 86' lang='lat' dir='ltr'><strong>ib.</strong></span> 
     </span>
    </p>

    <p class='ocr_par' dir='ltr' id='par_1_30' title="bbox 1217 758 2254 852">
     <span class='ocr_line' id='line_1_72' title="bbox 1217 758 2254 804; baseline 0.006 -10"><span class='ocrx_word' id='word_1_417' title='bbox 1217 758 1398 794; x_wconf 84' lang='lat' dir='ltr'><strong>clausurae</strong></span> <span class='ocrx_word' id='word_1_418' title='bbox 1419 759 1567 795; x_wconf 91' lang='lat' dir='ltr'><strong>violatio</strong></span> <span class='ocrx_word' id='word_1_419' title='bbox 1582 763 1697 804; x_wconf 91' lang='lat' dir='ltr'><strong>potest</strong></span> <span class='ocrx_word' id='word_1_420' title='bbox 1705 769 1782 796; x_wconf 86' lang='lat' dir='ltr'><strong>esse</strong></span> <span class='ocrx_word' id='word_1_421' title='bbox 1794 762 1949 797; x_wconf 88' lang='lat' dir='ltr'><strong>venialis</strong></span> <span class='ocrx_word' id='word_1_422' title='bbox 1961 771 2006 797; x_wconf 86' lang='lat' dir='ltr'><strong>ex</strong></span> <span class='ocrx_word' id='word_1_423' title='bbox 2020 763 2161 799; x_wconf 80' lang='lat' dir='ltr'><strong>levitate</strong></span> <span class='ocrx_word' id='word_1_424' title='bbox 2173 773 2254 801; x_wconf 88' lang='lat' dir='ltr'><strong>ma-</strong></span> 
     </span>
     <span class='ocr_line' id='line_1_73' title="bbox 1259 810 1446 852; baseline 0.005 -9"><span class='ocrx_word' id='word_1_425' title='bbox 1259 810 1372 852; x_wconf 90' lang='lat' dir='ltr'><strong>teriae,</strong></span> <span class='ocrx_word' id='word_1_426' title='bbox 1395 810 1446 844; x_wconf 85' lang='lat' dir='ltr'><strong>ib.</strong></span> 
     </span>
    </p>

    <p class='ocr_par' dir='ltr' id='par_1_31' title="bbox 1259 859 2256 951">
     <span class='ocr_line' id='line_1_74' title="bbox 1259 859 2256 904; baseline 0.008 -11"><span class='ocrx_word' id='word_1_427' title='bbox 1259 860 1351 900; x_wconf 82' lang='lat' dir='ltr'><strong>Quin</strong></span> <span class='ocrx_word' id='word_1_428' title='bbox 1372 861 1478 894; x_wconf 88' lang='lat' dir='ltr'><strong>etiam</strong></span> <span class='ocrx_word' id='word_1_429' title='bbox 1498 864 1612 903; x_wconf 88' lang='lat' dir='ltr'><strong>potest</strong></span> <span class='ocrx_word' id='word_1_430' title='bbox 1626 859 1674 897; x_wconf 89' lang='lat' dir='ltr'><strong>ab</strong></span> <span class='ocrx_word' id='word_1_431' title='bbox 1694 860 1795 896; x_wconf 90' lang='lat' dir='ltr'><strong>omni</strong></span> <span class='ocrx_word' id='word_1_432' title='bbox 1818 860 1926 904; x_wconf 88' lang='lat' dir='ltr'><strong>culpa</strong></span> <span class='ocrx_word' id='word_1_433' title='bbox 1942 863 2118 904; x_wconf 88' lang='lat' dir='ltr'><strong>excusari,</strong></span> <span class='ocrx_word' id='word_1_434' title='bbox 2142 864 2176 900; x_wconf 91' lang='lat' dir='ltr'><strong>si</strong></span> <span class='ocrx_word' id='word_1_435' title='bbox 2193 864 2256 901; x_wconf 80' lang='lat' dir='ltr'><strong>flat</strong></span> 
     </span>
     <span class='ocr_line' id='line_1_75' title="bbox 1259 911 1625 951; baseline 0.005 -9"><span class='ocrx_word' id='word_1_436' title='bbox 1259 917 1301 942; x_wconf 89' lang='lat' dir='ltr'><strong>ex</strong></span> <span class='ocrx_word' id='word_1_437' title='bbox 1322 911 1415 951; x_wconf 89' lang='lat' dir='ltr'><strong>justa</strong></span> <span class='ocrx_word' id='word_1_438' title='bbox 1439 918 1556 948; x_wconf 88' lang='grc'><strong>00050,</strong></span> <span class='ocrx_word' id='word_1_439' title='bbox 1575 911 1625 945; x_wconf 89' lang='lat' dir='ltr'><strong>ib.</strong></span> 
     </span>
    </p>

    <p class='ocr_par' dir='ltr' id='par_1_32' title="bbox 1259 959 2256 1104">
     <span class='ocr_line' id='line_1_76' title="bbox 1259 959 2256 1007; baseline 0.005 -14"><span class='ocrx_word' id='word_1_440' title='bbox 1259 959 1387 1002; x_wconf 76' lang='lat' dir='ltr'><strong>Egredi</strong></span> <span class='ocrx_word' id='word_1_441' title='bbox 1408 961 1561 995; x_wconf 87' lang='lat' dir='ltr'><strong>claustro</strong></span> <span class='ocrx_word' id='word_1_442' title='bbox 1584 961 1663 995; x_wconf 89' lang='lat' dir='ltr'><strong>sine</strong></span> <span class='ocrx_word' id='word_1_443' title='bbox 1678 961 1827 996; x_wconf 89' lang='lat' dir='ltr'><strong>licentia</strong></span> <span class='ocrx_word' id='word_1_444' title='bbox 1844 960 1983 995; x_wconf 84' lang='lat' dir='ltr'><strong>Praelati</strong></span> <span class='ocrx_word' id='word_1_445' title='bbox 1999 988 2006 999; x_wconf 87' lang='lat'><strong>.</strong></span> <span class='ocrx_word' id='word_1_446' title='bbox 2022 962 2146 996; x_wconf 89' lang='lat' dir='ltr'><strong>saltem</strong></span> <span class='ocrx_word' id='word_1_447' title='bbox 2161 964 2256 1007; x_wconf 90' lang='lat' dir='ltr'><strong>peti-</strong></span> 
     </span>
     <span class='ocr_line' id='line_1_77' title="bbox 1260 1010 2256 1054; baseline 0.006 -12"><span class='ocrx_word' id='word_1_448' title='bbox 1260 1012 1306 1050; x_wconf 90' lang='lat' dir='ltr'><strong>ta,</strong></span> <span class='ocrx_word' id='word_1_449' title='bbox 1322 1010 1444 1044; x_wconf 90' lang='lat' dir='ltr'><strong>animo</strong></span> <span class='ocrx_word' id='word_1_450' title='bbox 1458 1012 1668 1046; x_wconf 84' lang='lat' dir='ltr'><strong>transeundi</strong></span> <span class='ocrx_word' id='word_1_451' title='bbox 1692 1012 1737 1046; x_wconf 90' lang='lat' dir='ltr'><strong>ad</strong></span> <span class='ocrx_word' id='word_1_452' title='bbox 1750 1011 1858 1045; x_wconf 85' lang='lat' dir='ltr'><strong>aliam</strong></span> <span class='ocrx_word' id='word_1_453' title='bbox 1875 1011 2087 1054; x_wconf 81' lang='lat' dir='ltr'><strong>religionem</strong></span> <span class='ocrx_word' id='word_1_454' title='bbox 2100 1013 2256 1048; x_wconf 89' lang='lat' dir='ltr'><strong>strictio-</strong></span> 
     </span>
     <span class='ocr_line' id='line_1_78' title="bbox 1262 1061 2003 1104; baseline 0.001 -11"><span class='ocrx_word' id='word_1_455' title='bbox 1262 1068 1349 1100; x_wconf 88' lang='lat' dir='ltr'><strong>rem,</strong></span> <span class='ocrx_word' id='word_1_456' title='bbox 1365 1069 1410 1094; x_wconf 92' lang='lat' dir='ltr'><strong>an</strong></span> <span class='ocrx_word' id='word_1_457' title='bbox 1425 1061 1637 1104; x_wconf 86' lang='lat' dir='ltr'><strong>sitlicitum‚</strong></span> <span class='ocrx_word' id='word_1_458' title='bbox 1652 1065 1695 1096; x_wconf 91' lang='lat' dir='ltr'><strong>tr.</strong></span> <span class='ocrx_word' id='word_1_459' title='bbox 1715 1065 1766 1102; x_wconf 88' lang='grc'><strong>10,</strong></span> <span class='ocrx_word' id='word_1_460' title='bbox 1792 1062 1815 1094; x_wconf 92' lang='lat' dir='ltr'><strong>l.</strong></span> <span class='ocrx_word' id='word_1_461' title='bbox 1839 1065 1871 1100; x_wconf 84' lang='lat'><strong>7,</strong></span> <span class='ocrx_word' id='word_1_462' title='bbox 1896 1070 1926 1095; x_wconf 90' lang='grc'><strong>0.</strong></span> <span class='ocrx_word' id='word_1_463' title='bbox 1951 1065 2003 1095; x_wconf 88' lang='grc'><strong>11.</strong></span> 
     </span>
    </p>

    <p class='ocr_par' dir='ltr' id='par_1_33' title="bbox 1219 1108 2257 1201">
     <span class='ocr_line' id='line_1_79' title="bbox 1219 1108 2257 1192; baseline 0.006 -49"><span class='ocrx_word' id='word_1_464' title='bbox 1219 1108 1350 1192; x_wconf 68' lang='lat' dir='ltr'><strong>colntra</strong></span> <span class='ocrx_word' id='word_1_465' title='bbox 1369 1119 1458 1153; x_wconf 89' lang='lat' dir='ltr'><strong>quas</strong></span> <span class='ocrx_word' id='word_1_466' title='bbox 1471 1112 1620 1146; x_wconf 89' lang='lat' dir='ltr'><strong>virtutes</strong></span> <span class='ocrx_word' id='word_1_467' title='bbox 1641 1116 1763 1154; x_wconf 89' lang='lat' dir='ltr'><strong>peccet</strong></span> <span class='ocrx_word' id='word_1_468' title='bbox 1779 1111 1932 1146; x_wconf 86' lang='lat' dir='ltr'><strong>violator</strong></span> <span class='ocrx_word' id='word_1_469' title='bbox 1958 1111 2203 1154; x_wconf 78' lang='lat' dir='ltr'><strong>clausurae.tr.</strong></span> <span class='ocrx_word' id='word_1_470' title='bbox 2218 1110 2257 1158; x_wconf 63' lang='lat' dir='ltr'><strong>u</strong></span> 
     </span>
     <span class='ocr_line' id='line_1_80' title="bbox 1279 1163 1477 1201; baseline 0.01 -8"><span class='ocrx_word' id='word_1_471' title='bbox 1279 1186 1286 1192; x_wconf 83' lang='lat'><em>.</em></span> <span class='ocrx_word' id='word_1_472' title='bbox 1310 1163 1340 1201; x_wconf 77' lang='lat'><strong>2,</strong></span> <span class='ocrx_word' id='word_1_473' title='bbox 1366 1169 1396 1194; x_wconf 79' lang='lat' dir='ltr'><strong>c.</strong></span> <span class='ocrx_word' id='word_1_474' title='bbox 1423 1165 1477 1195; x_wconf 79' lang='lat'><strong>3⁰.</strong></span> 
     </span>
    </p>

    <p class='ocr_par' dir='ltr' id='par_1_34' title="bbox 1261 1209 2257 1302">
     <span class='ocr_line' id='line_1_81' title="bbox 1261 1209 2257 1254; baseline 0.004 -9"><span class='ocrx_word' id='word_1_475' title='bbox 1261 1210 1314 1245; x_wconf 73' lang='lat' dir='ltr'><strong>Ad</strong></span> <span class='ocrx_word' id='word_1_476' title='bbox 1349 1210 1489 1245; x_wconf 90' lang='lat' dir='ltr'><strong>licitum</strong></span> <span class='ocrx_word' id='word_1_477' title='bbox 1510 1211 1646 1246; x_wconf 88' lang='lat' dir='ltr'><strong>exitum</strong></span> <span class='ocrx_word' id='word_1_478' title='bbox 1667 1211 1820 1245; x_wconf 89' lang='lat' dir='ltr'><strong>claustro</strong></span> <span class='ocrx_word' id='word_1_479' title='bbox 1842 1210 1961 1254; x_wconf 89' lang='lat' dir='ltr'><strong>qualis</strong></span> <span class='ocrx_word' id='word_1_480' title='bbox 1988 1209 2137 1247; x_wconf 88' lang='lat' dir='ltr'><strong>licentia</strong></span> <span class='ocrx_word' id='word_1_481' title='bbox 2155 1211 2257 1248; x_wconf 78' lang='lat' dir='ltr'><strong>sum-</strong></span> 
     </span>
     <span class='ocr_line' id='line_1_82' title="bbox 1262 1260 1518 1302; baseline 0 -8"><span class='ocrx_word' id='word_1_482' title='bbox 1262 1260 1344 1299; x_wconf 86' lang='lat' dir='ltr'><strong>ciat,</strong></span> <span class='ocrx_word' id='word_1_483' title='bbox 1364 1260 1387 1294; x_wconf 90' lang='lat' dir='ltr'><strong>l.</strong></span> <span class='ocrx_word' id='word_1_484' title='bbox 1412 1264 1443 1302; x_wconf 88' lang='lat'><strong>1,</strong></span> <span class='ocrx_word' id='word_1_485' title='bbox 1468 1261 1518 1296; x_wconf 87' lang='lat' dir='ltr'><strong>ib.</strong></span> 
     </span>
    </p>

    <p class='ocr_par' dir='ltr' id='par_1_35' title="bbox 1260 1310 2259 1454">
     <span class='ocr_line' id='line_1_83' title="bbox 1261 1310 2256 1354; baseline 0.002 -10"><span class='ocrx_word' id='word_1_486' title='bbox 1261 1310 1473 1352; x_wconf 86' lang='lat' dir='ltr'><strong>llujusmodi</strong></span> <span class='ocrx_word' id='word_1_487' title='bbox 1494 1311 1642 1346; x_wconf 90' lang='lat' dir='ltr'><strong>licentia</strong></span> <span class='ocrx_word' id='word_1_488' title='bbox 1656 1318 1730 1345; x_wconf 90' lang='lat' dir='ltr'><strong>non</strong></span> <span class='ocrx_word' id='word_1_489' title='bbox 1753 1314 1806 1344; x_wconf 91' lang='lat' dir='ltr'><strong>est</strong></span> <span class='ocrx_word' id='word_1_490' title='bbox 1823 1319 1888 1353; x_wconf 87' lang='lat' dir='ltr'><strong>per</strong></span> <span class='ocrx_word' id='word_1_491' title='bbox 1903 1310 2051 1345; x_wconf 87' lang='lat' dir='ltr'><strong>modum</strong></span> <span class='ocrx_word' id='word_1_492' title='bbox 2069 1311 2256 1354; x_wconf 78' lang='lat' dir='ltr'><strong>dispensa-</strong></span> 
     </span>
     <span class='ocr_line' id='line_1_84' title="bbox 1261 1361 2259 1405; baseline 0.004 -11"><span class='ocrx_word' id='word_1_493' title='bbox 1261 1361 1373 1395; x_wconf 90' lang='lat' dir='ltr'><strong>tionis</strong></span> <span class='ocrx_word' id='word_1_494' title='bbox 1395 1361 1433 1394; x_wconf 89' lang='grc'><strong>10</strong></span> <span class='ocrx_word' id='word_1_495' title='bbox 1447 1362 1529 1403; x_wconf 82' lang='lat' dir='ltr'><strong>jure</strong></span> <span class='ocrx_word' id='word_1_496' title='bbox 1547 1361 1745 1402; x_wconf 88' lang='lat' dir='ltr'><strong>communi,</strong></span> <span class='ocrx_word' id='word_1_497' title='bbox 1761 1369 1842 1403; x_wconf 87' lang='lat' dir='ltr'><strong>quae</strong></span> <span class='ocrx_word' id='word_1_498' title='bbox 1857 1364 1897 1395; x_wconf 90' lang='lat' dir='ltr'><strong>ut</strong></span> <span class='ocrx_word' id='word_1_499' title='bbox 1914 1361 1962 1395; x_wconf 90' lang='lat' dir='ltr'><strong>sit</strong></span> <span class='ocrx_word' id='word_1_500' title='bbox 1973 1361 2094 1395; x_wconf 88' lang='lat' dir='ltr'><strong>valida</strong></span> <span class='ocrx_word' id='word_1_501' title='bbox 2106 1363 2259 1405; x_wconf 86' lang='lat' dir='ltr'><strong>requirit</strong></span> 
     </span>
     <span class='ocr_line' id='line_1_85' title="bbox 1260 1411 1674 1454; baseline -0.002 -9"><span class='ocrx_word' id='word_1_502' title='bbox 1260 1411 1392 1454; x_wconf 76' lang='lat' dir='ltr'><strong>justam</strong></span> <span class='ocrx_word' id='word_1_503' title='bbox 1414 1419 1572 1453; x_wconf 87' lang='lat' dir='ltr'><strong>causam,</strong></span> <span class='ocrx_word' id='word_1_504' title='bbox 1596 1420 1627 1446; x_wconf 92' lang='lat' dir='ltr'><strong>c.</strong></span> <span class='ocrx_word' id='word_1_505' title='bbox 1642 1415 1674 1445; x_wconf 91' lang='grc'><strong>6.</strong></span> 
     </span>
    </p>

    <p class='ocr_par' dir='ltr' id='par_1_36' title="bbox 1261 1459 2260 1551">
     <span class='ocr_line' id='line_1_86' title="bbox 1261 1459 2260 1504; baseline 0 -8"><span class='ocrx_word' id='word_1_506' title='bbox 1261 1460 1306 1496; x_wconf 76' lang='lat' dir='ltr'><strong>tlt</strong></span> <span class='ocrx_word' id='word_1_507' title='bbox 1334 1468 1419 1497; x_wconf 90' lang='lat' dir='ltr'><strong>vero</strong></span> <span class='ocrx_word' id='word_1_508' title='bbox 1445 1461 1493 1495; x_wconf 92' lang='lat' dir='ltr'><strong>sit</strong></span> <span class='ocrx_word' id='word_1_509' title='bbox 1523 1461 1638 1501; x_wconf 88' lang='lat' dir='ltr'><strong>licita,</strong></span> <span class='ocrx_word' id='word_1_510' title='bbox 1661 1467 1704 1495; x_wconf 86' lang='lat' dir='ltr'><strong>ex</strong></span> <span class='ocrx_word' id='word_1_511' title='bbox 1725 1468 1798 1503; x_wconf 89' lang='lat' dir='ltr'><strong>qua</strong></span> <span class='ocrx_word' id='word_1_512' title='bbox 1819 1468 1925 1495; x_wconf 85' lang='lat' dir='ltr'><strong>causa</strong></span> <span class='ocrx_word' id='word_1_513' title='bbox 1946 1460 2096 1494; x_wconf 90' lang='lat' dir='ltr'><strong>concedi</strong></span> <span class='ocrx_word' id='word_1_514' title='bbox 2118 1459 2260 1504; x_wconf 82' lang='lat' dir='ltr'><strong>debeat.</strong></span> 
     </span>
     <span class='ocr_line' id='line_1_87' title="bbox 1262 1510 1458 1551; baseline -0.01 -7"><span class='ocrx_word' id='word_1_515' title='bbox 1262 1510 1287 1544; x_wconf 84' lang='lat' dir='ltr'><strong>i.</strong></span> <span class='ocrx_word' id='word_1_516' title='bbox 1313 1512 1344 1551; x_wconf 73' lang='grc'><strong>3,</strong></span> <span class='ocrx_word' id='word_1_517' title='bbox 1368 1518 1399 1545; x_wconf 92' lang='lat' dir='ltr'><strong>c.</strong></span> <span class='ocrx_word' id='word_1_518' title='bbox 1424 1514 1458 1543; x_wconf 80' lang='grc'><strong>7,</strong></span> 
     </span>
    </p>

    <p class='ocr_par' dir='ltr' id='par_1_37' title="bbox 1262 1558 2259 1645">
     <span class='ocr_line' id='line_1_88' title="bbox 1262 1558 2259 1603; baseline 0 -8"><span class='ocrx_word' id='word_1_519' title='bbox 1262 1560 1357 1601; x_wconf 81' lang='lat' dir='ltr'><strong>Quid</strong></span> <span class='ocrx_word' id='word_1_520' title='bbox 1377 1561 1424 1595; x_wconf 87' lang='lat' dir='ltr'><strong>de</strong></span> <span class='ocrx_word' id='word_1_521' title='bbox 1446 1560 1594 1595; x_wconf 90' lang='lat' dir='ltr'><strong>licentia</strong></span> <span class='ocrx_word' id='word_1_522' title='bbox 1623 1560 1671 1596; x_wconf 90' lang='lat' dir='ltr'><strong>ad</strong></span> <span class='ocrx_word' id='word_1_523' title='bbox 1691 1559 1890 1595; x_wconf 84' lang='lat' dir='ltr'><strong>vivendum</strong></span> <span class='ocrx_word' id='word_1_524' title='bbox 1926 1562 2022 1594; x_wconf 89' lang='lat' dir='ltr'><strong>extra</strong></span> <span class='ocrx_word' id='word_1_525' title='bbox 2052 1558 2259 1603; x_wconf 84' lang='lat' dir='ltr'><strong>claustrum,</strong></span> 
     </span>
     <span class='ocr_line' id='line_1_89' title="bbox 1262 1610 1481 1645; baseline -0.005 -1"><span class='ocrx_word' id='word_1_526' title='bbox 1262 1610 1347 1645; x_wconf 87' lang='lat' dir='ltr'><strong>vide</strong></span> <span class='ocrx_word' id='word_1_527' title='bbox 1368 1610 1481 1644; x_wconf 81' lang='lat' dir='ltr'><strong>Infra.</strong></span> 
     </span>
    </p>

    <p class='ocr_par' dir='ltr' id='par_1_38' title="bbox 1263 1657 2263 1752">
     <span class='ocr_line' id='line_1_90' title="bbox 1263 1657 2263 1703; baseline 0 -9"><span class='ocrx_word' id='word_1_528' title='bbox 1263 1660 1434 1695; x_wconf 87' lang='lat' dir='ltr'><strong>Praelatus</strong></span> <span class='ocrx_word' id='word_1_529' title='bbox 1455 1663 1495 1694; x_wconf 88' lang='lat' dir='ltr'><strong>ut</strong></span> <span class='ocrx_word' id='word_1_530' title='bbox 1513 1659 1612 1694; x_wconf 91' lang='lat' dir='ltr'><strong>licite</strong></span> <span class='ocrx_word' id='word_1_531' title='bbox 1625 1658 1779 1693; x_wconf 86' lang='lat' dir='ltr'><strong>elaustro</strong></span> <span class='ocrx_word' id='word_1_532' title='bbox 1793 1657 1915 1700; x_wconf 87' lang='lat' dir='ltr'><strong>egredi</strong></span> <span class='ocrx_word' id='word_1_533' title='bbox 1936 1658 2058 1702; x_wconf 89' lang='lat' dir='ltr'><strong>possit,</strong></span> <span class='ocrx_word' id='word_1_534' title='bbox 2073 1658 2174 1694; x_wconf 92' lang='lat' dir='ltr'><strong>nulla</strong></span> <span class='ocrx_word' id='word_1_535' title='bbox 2185 1663 2263 1703; x_wconf 82' lang='lat' dir='ltr'><strong>eget</strong></span> 
     </span>
     <span class='ocr_line' id='line_1_91' title="bbox 1264 1708 2053 1752; baseline -0.003 -8"><span class='ocrx_word' id='word_1_536' title='bbox 1264 1709 1411 1744; x_wconf 84' lang='lat' dir='ltr'><strong>licentia</strong></span> <span class='ocrx_word' id='word_1_537' title='bbox 1426 1719 1467 1743; x_wconf 89' lang='lat' dir='ltr'><strong>ex</strong></span> <span class='ocrx_word' id='word_1_538' title='bbox 1487 1710 1523 1743; x_wconf 93' lang='lat' dir='ltr'><strong>vi</strong></span> <span class='ocrx_word' id='word_1_539' title='bbox 1539 1709 1632 1752; x_wconf 83' lang='lat' dir='ltr'><strong>juris</strong></span> <span class='ocrx_word' id='word_1_540' title='bbox 1647 1709 1864 1750; x_wconf 85' lang='lat' dir='ltr'><strong>communis,</strong></span> <span class='ocrx_word' id='word_1_541' title='bbox 1880 1708 1905 1742; x_wconf 90' lang='lat' dir='ltr'><strong>l.</strong></span> <span class='ocrx_word' id='word_1_542' title='bbox 1922 1712 1955 1751; x_wconf 83' lang='grc'><strong>1,</strong></span> <span class='ocrx_word' id='word_1_543' title='bbox 1971 1717 2002 1742; x_wconf 89' lang='lat' dir='ltr'><strong>c.</strong></span> <span class='ocrx_word' id='word_1_544' title='bbox 2023 1712 2053 1742; x_wconf 82' lang='grc'><strong>6.</strong></span> 
     </span>
    </p>

    <p class='ocr_par' dir='ltr' id='par_1_39' title="bbox 1264 1758 2264 1899">
     <span class='ocr_line' id='line_1_92' title="bbox 1264 1758 2263 1801; baseline 0 -8"><span class='ocrx_word' id='word_1_545' title='bbox 1264 1759 1349 1800; x_wconf 85' lang='lat' dir='ltr'><strong>Quae</strong></span> <span class='ocrx_word' id='word_1_546' title='bbox 1380 1767 1464 1793; x_wconf 87' lang='lat' dir='ltr'><strong>vero</strong></span> <span class='ocrx_word' id='word_1_547' title='bbox 1498 1759 1644 1793; x_wconf 90' lang='lat' dir='ltr'><strong>licentia</strong></span> <span class='ocrx_word' id='word_1_548' title='bbox 1678 1759 1882 1801; x_wconf 82' lang='lat' dir='ltr'><strong>requiratur</strong></span> <span class='ocrx_word' id='word_1_549' title='bbox 1908 1759 2007 1800; x_wconf 72' lang='lat' dir='ltr'><strong>Juxta</strong></span> <span class='ocrx_word' id='word_1_550' title='bbox 2035 1758 2263 1801; x_wconf 89' lang='lat' dir='ltr'><strong>particularia</strong></span> 
     </span>
     <span class='ocr_line' id='line_1_93' title="bbox 1264 1808 2264 1855; baseline 0.001 -11"><span class='ocrx_word' id='word_1_551' title='bbox 1264 1810 1347 1852; x_wconf 82' lang='lat' dir='ltr'><strong>jura</strong></span> <span class='ocrx_word' id='word_1_552' title='bbox 1360 1809 1577 1852; x_wconf 84' lang='lat' dir='ltr'><strong>religionum</strong></span> <span class='ocrx_word' id='word_1_553' title='bbox 1588 1809 1644 1855; x_wconf 83' lang='lat' dir='ltr'><strong>,id</strong></span> <span class='ocrx_word' id='word_1_554' title='bbox 1662 1816 1706 1843; x_wconf 86' lang='lat' dir='ltr'><strong>ex</strong></span> <span class='ocrx_word' id='word_1_555' title='bbox 1717 1808 1852 1852; x_wconf 84' lang='lat' dir='ltr'><strong>regulis</strong></span> <span class='ocrx_word' id='word_1_556' title='bbox 1865 1808 2090 1851; x_wconf 88' lang='lat' dir='ltr'><strong>singularum</strong></span> <span class='ocrx_word' id='word_1_557' title='bbox 2106 1817 2264 1852; x_wconf 88' lang='lat' dir='ltr'><strong>pensan·-</strong></span> 
     </span>
     <span class='ocr_line' id='line_1_94' title="bbox 1267 1860 1504 1899; baseline -0.008 -4"><span class='ocrx_word' id='word_1_558' title='bbox 1267 1860 1355 1895; x_wconf 88' lang='lat' dir='ltr'><strong>dum</strong></span> <span class='ocrx_word' id='word_1_559' title='bbox 1373 1863 1437 1899; x_wconf 88' lang='lat' dir='ltr'><strong>est,</strong></span> <span class='ocrx_word' id='word_1_560' title='bbox 1456 1860 1504 1893; x_wconf 92' lang='lat' dir='ltr'><strong>ib.</strong></span> 
     </span>
    </p>

    <p class='ocr_par' dir='ltr' id='par_1_40' title="bbox 1267 1907 2268 2146">
     <span class='ocr_line' id='line_1_95' title="bbox 1267 1907 2266 1950; baseline -0.002 -6"><span class='ocrx_word' id='word_1_561' title='bbox 1267 1910 1411 1945; x_wconf 82' lang='lat' dir='ltr'><strong>Furtive</strong></span> <span class='ocrx_word' id='word_1_562' title='bbox 1435 1913 1544 1943; x_wconf 87' lang='lat' dir='ltr'><strong>noctu</strong></span> <span class='ocrx_word' id='word_1_563' title='bbox 1560 1915 1582 1942; x_wconf 92' lang='lat' dir='ltr'><strong>e</strong></span> <span class='ocrx_word' id='word_1_564' title='bbox 1614 1907 1768 1943; x_wconf 89' lang='lat' dir='ltr'><strong>claustro</strong></span> <span class='ocrx_word' id='word_1_565' title='bbox 1787 1907 1936 1950; x_wconf 87' lang='lat' dir='ltr'><strong>egredi,</strong></span> <span class='ocrx_word' id='word_1_566' title='bbox 1961 1915 2035 1942; x_wconf 90' lang='lat' dir='ltr'><strong>non</strong></span> <span class='ocrx_word' id='word_1_567' title='bbox 2061 1907 2179 1942; x_wconf 90' lang='lat' dir='ltr'><strong>solum</strong></span> <span class='ocrx_word' id='word_1_568' title='bbox 2204 1908 2266 1943; x_wconf 89' lang='lat' dir='ltr'><strong>ille</strong></span> 
     </span>
     <span class='ocr_line' id='line_1_96' title="bbox 1270 1957 2266 2002; baseline -0.001 -8"><span class='ocrx_word' id='word_1_569' title='bbox 1270 1964 1436 1994; x_wconf 87' lang='lat' dir='ltr'><strong>censetur</strong></span> <span class='ocrx_word' id='word_1_570' title='bbox 1460 1959 1536 2001; x_wconf 86' lang='lat' dir='ltr'><strong>qui,</strong></span> <span class='ocrx_word' id='word_1_571' title='bbox 1562 1957 1676 1991; x_wconf 89' lang='lat' dir='ltr'><strong>inscio</strong></span> <span class='ocrx_word' id='word_1_572' title='bbox 1692 1961 1752 1991; x_wconf 90' lang='lat' dir='ltr'><strong>aut</strong></span> <span class='ocrx_word' id='word_1_573' title='bbox 1771 1957 1886 1992; x_wconf 90' lang='lat' dir='ltr'><strong>invito</strong></span> <span class='ocrx_word' id='word_1_574' title='bbox 1906 1959 2054 1992; x_wconf 85' lang='lat' dir='ltr'><strong>Praelato</strong></span> <span class='ocrx_word' id='word_1_575' title='bbox 2072 1959 2266 2002; x_wconf 84' lang='lat' dir='ltr'><strong>egreditur,</strong></span> 
     </span>
     <span class='ocr_line' id='line_1_97' title="bbox 1270 2007 2265 2051; baseline -0.002 -7"><span class='ocrx_word' id='word_1_576' title='bbox 1270 2010 1335 2044; x_wconf 86' lang='lat' dir='ltr'><strong>sed</strong></span> <span class='ocrx_word' id='word_1_577' title='bbox 1358 2009 1465 2042; x_wconf 86' lang='lat' dir='ltr'><strong>etiam</strong></span> <span class='ocrx_word' id='word_1_578' title='bbox 1489 2008 1551 2050; x_wconf 87' lang='grc'><strong>001</strong></span> <span class='ocrx_word' id='word_1_579' title='bbox 1575 2015 1618 2042; x_wconf 85' lang='grc'><strong>00</strong></span> <span class='ocrx_word' id='word_1_580' title='bbox 1646 2007 1771 2049; x_wconf 85' lang='grc'><strong>101000</strong></span> <span class='ocrx_word' id='word_1_581' title='bbox 1799 2008 2046 2041; x_wconf 83' lang='lat' dir='ltr'><strong>consentiente</strong></span> <span class='ocrx_word' id='word_1_582' title='bbox 2067 2008 2265 2051; x_wconf 83' lang='lat' dir='ltr'><strong>egreditur;</strong></span> 
     </span>
     <span class='ocr_line' id='line_1_98' title="bbox 1270 2057 2268 2100; baseline 0.001 -8"><span class='ocrx_word' id='word_1_583' title='bbox 1270 2062 1306 2093; x_wconf 90' lang='lat' dir='ltr'><strong>et</strong></span> <span class='ocrx_word' id='word_1_584' title='bbox 1316 2058 1596 2092; x_wconf 85' lang='lat' dir='ltr'><strong>reservationem</strong></span> <span class='ocrx_word' id='word_1_585' title='bbox 1612 2057 1776 2098; x_wconf 91' lang='lat' dir='ltr'><strong>incurrit,</strong></span> <span class='ocrx_word' id='word_1_586' title='bbox 1790 2057 1855 2091; x_wconf 90' lang='grc'><strong>001</strong></span> <span class='ocrx_word' id='word_1_587' title='bbox 1873 2058 2004 2091; x_wconf 86' lang='grc' dir='ltr'><strong>10111νο</strong></span> <span class='ocrx_word' id='word_1_588' title='bbox 2017 2057 2172 2100; x_wconf 85' lang='lat' dir='ltr'><strong>egressio</strong></span> <span class='ocrx_word' id='word_1_589' title='bbox 2184 2066 2268 2093; x_wconf 89' lang='lat' dir='ltr'><strong>noc·</strong></span> 
     </span>
     <span class='ocr_line' id='line_1_99' title="bbox 1270 2107 1840 2146; baseline -0.005 -3"><span class='ocrx_word' id='word_1_590' title='bbox 1270 2111 1379 2143; x_wconf 81' lang='grc'><strong>10100</strong></span> <span class='ocrx_word' id='word_1_591' title='bbox 1401 2111 1612 2142; x_wconf 87' lang='lat' dir='ltr'><strong>reservatur.</strong></span> <span class='ocrx_word' id='word_1_592' title='bbox 1638 2107 1661 2139; x_wconf 95' lang='lat' dir='ltr'><strong>l.</strong></span> <span class='ocrx_word' id='word_1_593' title='bbox 1679 2110 1710 2146; x_wconf 80' lang='lat'><strong>2,</strong></span> <span class='ocrx_word' id='word_1_594' title='bbox 1733 2115 1762 2140; x_wconf 87' lang='grc'><strong>0.</strong></span> <span class='ocrx_word' id='word_1_595' title='bbox 1789 2109 1840 2140; x_wconf 89' lang='grc'><strong>17.</strong></span> 
     </span>
    </p>

    <p class='ocr_par' dir='ltr' id='par_1_41' title="bbox 1271 2156 2268 2245">
     <span class='ocr_line' id='line_1_100' title="bbox 1271 2156 2268 2201; baseline 0.001 -9"><span class='ocrx_word' id='word_1_596' title='bbox 1271 2159 1345 2192; x_wconf 81' lang='lat' dir='ltr'><strong>imo</strong></span> <span class='ocrx_word' id='word_1_597' title='bbox 1362 2162 1395 2191; x_wconf 86' lang='lat' dir='ltr'><strong>et</strong></span> <span class='ocrx_word' id='word_1_598' title='bbox 1412 2158 1488 2200; x_wconf 86' lang='lat' dir='ltr'><strong>ipse</strong></span> <span class='ocrx_word' id='word_1_599' title='bbox 1511 2157 1679 2190; x_wconf 72' lang='lat' dir='ltr'><strong>praelatus</strong></span> <span class='ocrx_word' id='word_1_600' title='bbox 1691 2157 1743 2190; x_wconf 87' lang='lat' dir='ltr'><strong>sic</strong></span> <span class='ocrx_word' id='word_1_601' title='bbox 1758 2156 1885 2200; x_wconf 86' lang='lat' dir='ltr'><strong>inique</strong></span> <span class='ocrx_word' id='word_1_602' title='bbox 1902 2157 2092 2201; x_wconf 85' lang='lat' dir='ltr'><strong>egrediens</strong></span> <span class='ocrx_word' id='word_1_603' title='bbox 2103 2157 2268 2193; x_wconf 85' lang='lat' dir='ltr'><strong>eamdem</strong></span> 
     </span>
     <span class='ocr_line' id='line_1_101' title="bbox 1272 2206 1805 2245; baseline -0.006 -3"><span class='ocrx_word' id='word_1_604' title='bbox 1272 2208 1425 2242; x_wconf 86' lang='lat' dir='ltr'><strong>incurrit</strong></span> <span class='ocrx_word' id='word_1_605' title='bbox 1447 2206 1738 2245; x_wconf 84' lang='lat' dir='ltr'><strong>reservationem,</strong></span> <span class='ocrx_word' id='word_1_606' title='bbox 1757 2206 1805 2239; x_wconf 88' lang='lat' dir='ltr'><strong>ib.</strong></span> 
     </span>
    </p>

    <p class='ocr_par' dir='ltr' id='par_1_42' title="bbox 1229 2255 2267 2350">
     <span class='ocr_line' id='line_1_102' title="bbox 1229 2255 2267 2300; baseline -0.002 -7"><span class='ocrx_word' id='word_1_607' title='bbox 1229 2258 1387 2293; x_wconf 81' lang='lat' dir='ltr'><strong>claustra</strong></span> <span class='ocrx_word' id='word_1_608' title='bbox 1410 2258 1659 2300; x_wconf 86' lang='lat' dir='ltr'><strong>religiosorum</strong></span> <span class='ocrx_word' id='word_1_609' title='bbox 1680 2256 1835 2299; x_wconf 88' lang='lat' dir='ltr'><strong>ingredi,</strong></span> <span class='ocrx_word' id='word_1_610' title='bbox 1850 2256 1949 2291; x_wconf 88' lang='lat' dir='ltr'><strong>unde</strong></span> <span class='ocrx_word' id='word_1_611' title='bbox 1966 2258 2002 2290; x_wconf 90' lang='lat' dir='ltr'><strong>et</strong></span> <span class='ocrx_word' id='word_1_612' title='bbox 2021 2259 2197 2299; x_wconf 87' lang='lat' dir='ltr'><strong>quantum</strong></span> <span class='ocrx_word' id='word_1_613' title='bbox 2211 2255 2267 2291; x_wconf 81' lang='lat' dir='ltr'><strong>fe·-</strong></span> 
     </span>
     <span class='ocr_line' id='line_1_103' title="bbox 1272 2307 1855 2350; baseline -0.005 -9"><span class='ocrx_word' id='word_1_614' title='bbox 1272 2308 1383 2341; x_wconf 90' lang='lat' dir='ltr'><strong>minis</strong></span> <span class='ocrx_word' id='word_1_615' title='bbox 1402 2308 1645 2350; x_wconf 83' lang='lat' dir='ltr'><strong>prohibeatur,</strong></span> <span class='ocrx_word' id='word_1_616' title='bbox 1661 2307 1685 2340; x_wconf 90' lang='lat' dir='ltr'><strong>l.</strong></span> <span class='ocrx_word' id='word_1_617' title='bbox 1710 2310 1742 2347; x_wconf 87' lang='lat'><strong>1,</strong></span> <span class='ocrx_word' id='word_1_618' title='bbox 1767 2315 1798 2340; x_wconf 90' lang='lat' dir='ltr'><strong>c.</strong></span> <span class='ocrx_word' id='word_1_619' title='bbox 1823 2310 1855 2338; x_wconf 87' lang='lat'><strong>7.</strong></span> 
     </span>
    </p>

    <p class='ocr_par' dir='ltr' id='par_1_43' title="bbox 1226 2356 2269 2450">
     <span class='ocr_line' id='line_1_104' title="bbox 1226 2356 2269 2400; baseline -0.002 -6"><span class='ocrx_word' id='word_1_620' title='bbox 1226 2360 1317 2394; x_wconf 83' lang='lat' dir='ltr'><strong>Cum</strong></span> <span class='ocrx_word' id='word_1_621' title='bbox 1342 2359 1415 2392; x_wconf 94' lang='lat' dir='ltr'><strong>illis</strong></span> <span class='ocrx_word' id='word_1_622' title='bbox 1438 2359 1654 2400; x_wconf 86' lang='lat' dir='ltr'><strong>permittitur</strong></span> <span class='ocrx_word' id='word_1_623' title='bbox 1677 2357 1818 2399; x_wconf 87' lang='lat' dir='ltr'><strong>ingredi</strong></span> <span class='ocrx_word' id='word_1_624' title='bbox 1846 2357 1884 2390; x_wconf 92' lang='lat' dir='ltr'><strong>in</strong></span> <span class='ocrx_word' id='word_1_625' title='bbox 1901 2356 2170 2396; x_wconf 86' lang='lat' dir='ltr'><strong>Ecclesiam‚an</strong></span> <span class='ocrx_word' id='word_1_626' title='bbox 2196 2363 2269 2394; x_wconf 83' lang='lat' dir='ltr'><strong>no-</strong></span> 
     </span>
     <span class='ocr_line' id='line_1_105' title="bbox 1272 2406 2169 2450; baseline 0 -8"><span class='ocrx_word' id='word_1_627' title='bbox 1272 2409 1371 2442; x_wconf 90' lang='lat' dir='ltr'><strong>mine</strong></span> <span class='ocrx_word' id='word_1_628' title='bbox 1390 2408 1539 2442; x_wconf 85' lang='lat' dir='ltr'><strong>Ecclesia</strong></span> <span class='ocrx_word' id='word_1_629' title='bbox 1562 2407 1783 2450; x_wconf 87' lang='lat' dir='ltr'><strong>intelligatur</strong></span> <span class='ocrx_word' id='word_1_630' title='bbox 1804 2407 1910 2439; x_wconf 86' lang='lat' dir='ltr'><strong>etiam</strong></span> <span class='ocrx_word' id='word_1_631' title='bbox 1926 2406 2097 2446; x_wconf 86' lang='lat' dir='ltr'><strong>sacristia,</strong></span> <span class='ocrx_word' id='word_1_632' title='bbox 2113 2406 2169 2442; x_wconf 85' lang='lat' dir='ltr'><strong>ib.</strong></span> 
     </span>
    </p>

    <p class='ocr_par' dir='ltr' id='par_1_44' title="bbox 1229 2457 2269 2703">
     <span class='ocr_line' id='line_1_106' title="bbox 1229 2457 2268 2502; baseline -0.003 -7"><span class='ocrx_word' id='word_1_633' title='bbox 1229 2460 1390 2496; x_wconf 87' lang='lat' dir='ltr'><strong>Claustra</strong></span> <span class='ocrx_word' id='word_1_634' title='bbox 1423 2460 1675 2502; x_wconf 84' lang='lat' dir='ltr'><strong>religiosorum</strong></span> <span class='ocrx_word' id='word_1_635' title='bbox 1713 2457 1940 2500; x_wconf 81' lang='lat' dir='ltr'><strong>ingrediendi</strong></span> <span class='ocrx_word' id='word_1_636' title='bbox 1964 2457 2131 2498; x_wconf 90' lang='lat' dir='ltr'><strong>licentia,</strong></span> <span class='ocrx_word' id='word_1_637' title='bbox 2158 2466 2268 2499; x_wconf 89' lang='lat' dir='ltr'><strong>quam</strong></span> 
     </span>
     <span class='ocr_line' id='line_1_107' title="bbox 1271 2507 2269 2552; baseline -0.002 -8"><span class='ocrx_word' id='word_1_638' title='bbox 1271 2510 1358 2545; x_wconf 90' lang='lat' dir='ltr'><strong>olim</strong></span> <span class='ocrx_word' id='word_1_639' title='bbox 1374 2510 1504 2552; x_wconf 83' lang='lat' dir='ltr'><strong>aliquae</strong></span> <span class='ocrx_word' id='word_1_640' title='bbox 1522 2518 1647 2551; x_wconf 86' lang='lat' dir='ltr'><strong>graves</strong></span> <span class='ocrx_word' id='word_1_641' title='bbox 1663 2509 1810 2541; x_wconf 85' lang='lat' dir='ltr'><strong>feminae</strong></span> <span class='ocrx_word' id='word_1_642' title='bbox 1828 2507 2020 2548; x_wconf 83' lang='lat' dir='ltr'><strong>habebant,</strong></span> <span class='ocrx_word' id='word_1_643' title='bbox 2039 2507 2190 2541; x_wconf 89' lang='lat' dir='ltr'><strong>omnino</strong></span> <span class='ocrx_word' id='word_1_644' title='bbox 2215 2511 2269 2543; x_wconf 70' lang='lat' dir='ltr'><strong>est</strong></span> 
     </span>
     <span class='ocr_line' id='line_1_108' title="bbox 1272 2558 2268 2601; baseline -0.004 -7"><span class='ocrx_word' id='word_1_645' title='bbox 1272 2564 1447 2596; x_wconf 83' lang='lat' dir='ltr'><strong>revocata,</strong></span> <span class='ocrx_word' id='word_1_646' title='bbox 1466 2559 1590 2601; x_wconf 89' lang='lat' dir='ltr'><strong>paucis</strong></span> <span class='ocrx_word' id='word_1_647' title='bbox 1602 2559 1851 2592; x_wconf 87' lang='lat' dir='ltr'><strong>tantummodo</strong></span> <span class='ocrx_word' id='word_1_648' title='bbox 1864 2559 2035 2601; x_wconf 74' lang='lat' dir='ltr'><strong>exceptis3</strong></span> <span class='ocrx_word' id='word_1_649' title='bbox 2049 2558 2172 2600; x_wconf 87' lang='lat' dir='ltr'><strong>quales</strong></span> <span class='ocrx_word' id='word_1_650' title='bbox 2184 2561 2268 2592; x_wconf 89' lang='lat' dir='ltr'><strong>sunt</strong></span> 
     </span>
     <span class='ocr_line' id='line_1_109' title="bbox 1272 2608 2266 2652; baseline -0.001 -8"><span class='ocrx_word' id='word_1_651' title='bbox 1272 2610 1421 2652; x_wconf 85' lang='lat' dir='ltr'><strong>reginae.</strong></span> <span class='ocrx_word' id='word_1_652' title='bbox 1437 2610 1521 2643; x_wconf 86' lang='lat' dir='ltr'><strong>filiae</strong></span> <span class='ocrx_word' id='word_1_653' title='bbox 1544 2617 1679 2648; x_wconf 80' lang='lat' dir='ltr'><strong>earum,</strong></span> <span class='ocrx_word' id='word_1_654' title='bbox 1699 2611 1734 2641; x_wconf 90' lang='lat' dir='ltr'><strong>et</strong></span> <span class='ocrx_word' id='word_1_655' title='bbox 1754 2609 2012 2642; x_wconf 88' lang='lat' dir='ltr'><strong>monasterium</strong></span> <span class='ocrx_word' id='word_1_656' title='bbox 2033 2608 2266 2650; x_wconf 81' lang='lat' dir='ltr'><strong>fundatrices.</strong></span> 
     </span>
     <span class='ocr_line' id='line_1_110' title="bbox 1272 2658 1985 2703; baseline -0.004 -9"><span class='ocrx_word' id='word_1_657' title='bbox 1272 2668 1337 2703; x_wconf 91' lang='lat' dir='ltr'><strong>pro</strong></span> <span class='ocrx_word' id='word_1_658' title='bbox 1360 2660 1494 2702; x_wconf 89' lang='lat' dir='ltr'><strong>quibus</strong></span> <span class='ocrx_word' id='word_1_659' title='bbox 1517 2659 1610 2692; x_wconf 89' lang='lat' dir='ltr'><strong>nihil</strong></span> <span class='ocrx_word' id='word_1_660' title='bbox 1623 2659 1833 2700; x_wconf 86' lang='lat' dir='ltr'><strong>derogatum</strong></span> <span class='ocrx_word' id='word_1_661' title='bbox 1847 2662 1911 2699; x_wconf 86' lang='lat' dir='ltr'><strong>est,</strong></span> <span class='ocrx_word' id='word_1_662' title='bbox 1935 2658 1985 2691; x_wconf 90' lang='lat' dir='ltr'><strong>ib.</strong></span> 
     </span>
    </p>

    <p class='ocr_par' dir='ltr' id='par_1_45' title="bbox 1270 2706 2268 2898">
     <span class='ocr_line' id='line_1_111' title="bbox 1270 2706 2268 2752; baseline -0.003 -8"><span class='ocrx_word' id='word_1_663' title='bbox 1270 2710 1422 2752; x_wconf 86' lang='lat' dir='ltr'><strong>Insuper</strong></span> <span class='ocrx_word' id='word_1_664' title='bbox 1443 2709 1592 2742; x_wconf 85' lang='grc'><strong>10101015</strong></span> <span class='ocrx_word' id='word_1_665' title='bbox 1605 2708 1802 2751; x_wconf 80' lang='lat' dir='ltr'><strong>praedietis,</strong></span> <span class='ocrx_word' id='word_1_666' title='bbox 1822 2715 1887 2748; x_wconf 90' lang='lat' dir='ltr'><strong>pro</strong></span> <span class='ocrx_word' id='word_1_667' title='bbox 1906 2707 2040 2748; x_wconf 89' lang='lat' dir='ltr'><strong>quibus</strong></span> <span class='ocrx_word' id='word_1_668' title='bbox 2056 2715 2099 2740; x_wconf 92' lang='lat' dir='ltr'><strong>ea</strong></span> <span class='ocrx_word' id='word_1_669' title='bbox 2118 2706 2268 2741; x_wconf 77' lang='lat' dir='ltr'><strong>facultas</strong></span> 
     </span>
     <span class='ocr_line' id='line_1_112' title="bbox 1271 2756 2268 2801; baseline -0.005 -8"><span class='ocrx_word' id='word_1_670' title='bbox 1271 2759 1439 2801; x_wconf 80' lang='lat' dir='ltr'><strong>derogata</strong></span> <span class='ocrx_word' id='word_1_671' title='bbox 1461 2761 1525 2797; x_wconf 90' lang='lat' dir='ltr'><strong>est,</strong></span> <span class='ocrx_word' id='word_1_672' title='bbox 1550 2758 1618 2791; x_wconf 92' lang='lat' dir='ltr'><strong>sub</strong></span> <span class='ocrx_word' id='word_1_673' title='bbox 1634 2756 2008 2790; x_wconf 85' lang='lat' dir='ltr'><strong>excommunicatione</strong></span> <span class='ocrx_word' id='word_1_674' title='bbox 2024 2756 2104 2790; x_wconf 86' lang='lat' dir='ltr'><strong>latae</strong></span> <span class='ocrx_word' id='word_1_675' title='bbox 2120 2761 2268 2789; x_wconf 85' lang='lat' dir='ltr'><strong>senten-</strong></span> 
     </span>
     <span class='ocr_line' id='line_1_113' title="bbox 1271 2805 2267 2851; baseline -0.003 -9"><span class='ocrx_word' id='word_1_676' title='bbox 1271 2809 1331 2842; x_wconf 83' lang='lat' dir='ltr'><strong>tiae</strong></span> <span class='ocrx_word' id='word_1_677' title='bbox 1347 2807 1557 2851; x_wconf 86' lang='lat' dir='ltr'><strong>prohibetur</strong></span> <span class='ocrx_word' id='word_1_678' title='bbox 1573 2814 1619 2840; x_wconf 87' lang='grc'><strong>00</strong></span> <span class='ocrx_word' id='word_1_679' title='bbox 1638 2809 1809 2848; x_wconf 81' lang='lat' dir='ltr'><strong>praetextu</strong></span> <span class='ocrx_word' id='word_1_680' title='bbox 1824 2805 2002 2839; x_wconf 85' lang='lat' dir='ltr'><strong>facultatis</strong></span> <span class='ocrx_word' id='word_1_681' title='bbox 2017 2805 2267 2848; x_wconf 89' lang='lat' dir='ltr'><strong>religiosorum</strong></span> 
     </span>
     <span class='ocr_line' id='line_1_114' title="bbox 1273 2855 1776 2898; baseline -0.006 -7"><span class='ocrx_word' id='word_1_682' title='bbox 1273 2857 1426 2892; x_wconf 87' lang='lat' dir='ltr'><strong>claustra</strong></span> <span class='ocrx_word' id='word_1_683' title='bbox 1448 2856 1709 2898; x_wconf 89' lang='lat' dir='ltr'><strong>ingrediantur,</strong></span> <span class='ocrx_word' id='word_1_684' title='bbox 1728 2855 1776 2889; x_wconf 88' lang='grc'><strong>10.</strong></span> 
     </span>
    </p>

    <p class='ocr_par' dir='ltr' id='par_1_46' title="bbox 1272 2903 2268 3100">
     <span class='ocr_line' id='line_1_115' title="bbox 1272 2903 2267 2948; baseline -0.003 -7"><span class='ocrx_word' id='word_1_685' title='bbox 1272 2907 1360 2942; x_wconf 81' lang='lat' dir='ltr'><strong>Aliae</strong></span> <span class='ocrx_word' id='word_1_686' title='bbox 1373 2914 1457 2940; x_wconf 88' lang='lat' dir='ltr'><strong>vero</strong></span> <span class='ocrx_word' id='word_1_687' title='bbox 1473 2905 1631 2942; x_wconf 84' lang='lat' dir='ltr'><strong>feminae,</strong></span> <span class='ocrx_word' id='word_1_688' title='bbox 1647 2912 1728 2948; x_wconf 79' lang='lat' dir='ltr'><strong>quae</strong></span> <span class='ocrx_word' id='word_1_689' title='bbox 1743 2904 1850 2938; x_wconf 87' lang='lat' dir='ltr'><strong>talem</strong></span> <span class='ocrx_word' id='word_1_690' title='bbox 1864 2903 2067 2937; x_wconf 81' lang='lat' dir='ltr'><strong>facultatem</strong></span> <span class='ocrx_word' id='word_1_691' title='bbox 2080 2912 2267 2945; x_wconf 85' lang='lat' dir='ltr'><strong>nunquam</strong></span> 
     </span>
     <span class='ocr_line' id='line_1_116' title="bbox 1274 2953 2268 2996; baseline -0.006 -5"><span class='ocrx_word' id='word_1_692' title='bbox 1274 2956 1489 2996; x_wconf 86' lang='lat' dir='ltr'><strong>habuerunt,</strong></span> <span class='ocrx_word' id='word_1_693' title='bbox 1505 2954 1575 2996; x_wconf 89' lang='lat' dir='ltr'><strong>vel,</strong></span> <span class='ocrx_word' id='word_1_694' title='bbox 1597 2954 1627 2988; x_wconf 90' lang='lat' dir='ltr'><strong>si</strong></span> <span class='ocrx_word' id='word_1_695' title='bbox 1649 2955 1865 2994; x_wconf 88' lang='lat' dir='ltr'><strong>habuerunt,</strong></span> <span class='ocrx_word' id='word_1_696' title='bbox 1882 2962 1955 2987; x_wconf 93' lang='lat' dir='ltr'><strong>non</strong></span> <span class='ocrx_word' id='word_1_697' title='bbox 1974 2953 2268 2996; x_wconf 79' lang='lat' dir='ltr'><strong>ingrediebantur</strong></span> 
     </span>
     <span class='ocr_line' id='line_1_117' title="bbox 1273 3003 2268 3050; baseline -0.003 -10"><span class='ocrx_word' id='word_1_698' title='bbox 1273 3009 1444 3050; x_wconf 82' lang='lat' dir='ltr'><strong>praetextu</strong></span> <span class='ocrx_word' id='word_1_699' title='bbox 1468 3004 1578 3045; x_wconf 91' lang='lat' dir='ltr'><strong>illius,</strong></span> <span class='ocrx_word' id='word_1_700' title='bbox 1598 3005 1771 3047; x_wconf 86' lang='lat' dir='ltr'><strong>praedicta</strong></span> <span class='ocrx_word' id='word_1_701' title='bbox 1798 3003 2045 3048; x_wconf 85' lang='lat' dir='ltr'><strong>prohibitione</strong></span> <span class='ocrx_word' id='word_1_702' title='bbox 2071 3011 2145 3036; x_wconf 91' lang='lat' dir='ltr'><strong>non</strong></span> <span class='ocrx_word' id='word_1_703' title='bbox 2167 3010 2268 3037; x_wconf 86' lang='lat' dir='ltr'><strong>com·</strong></span> 
     </span>
     <span class='ocr_line' id='line_1_118' title="bbox 1274 3054 1628 3100; baseline -0.008 -10"><span class='ocrx_word' id='word_1_704' title='bbox 1274 3055 1560 3100; x_wconf 86' lang='lat' dir='ltr'><strong>prehenduntur,</strong></span> <span class='ocrx_word' id='word_1_705' title='bbox 1578 3054 1628 3088; x_wconf 92' lang='lat' dir='ltr'><strong>ib.</strong></span> 
     </span>
    </p>

    <p class='ocr_par' dir='ltr' id='par_1_47' title="bbox 1231 3103 2269 3249">
     <span class='ocr_line' id='line_1_119' title="bbox 1231 3103 2268 3151; baseline -0.006 -9"><span class='ocrx_word' id='word_1_706' title='bbox 1231 3109 1276 3145; x_wconf 73' lang='lat' dir='ltr'><strong>At</strong></span> <span class='ocrx_word' id='word_1_707' title='bbox 1293 3115 1356 3151; x_wconf 85' lang='lat' dir='ltr'><strong>per</strong></span> <span class='ocrx_word' id='word_1_708' title='bbox 1368 3106 1438 3140; x_wconf 87' lang='lat' dir='ltr'><strong>alia</strong></span> <span class='ocrx_word' id='word_1_709' title='bbox 1452 3104 1649 3148; x_wconf 89' lang='lat' dir='ltr'><strong>posteriora</strong></span> <span class='ocrx_word' id='word_1_710' title='bbox 1663 3105 1817 3143; x_wconf 90' lang='lat' dir='ltr'><strong>decreta,</strong></span> <span class='ocrx_word' id='word_1_711' title='bbox 1834 3103 1900 3138; x_wconf 89' lang='lat' dir='ltr'><strong>sub</strong></span> <span class='ocrx_word' id='word_1_712' title='bbox 1920 3103 2043 3136; x_wconf 90' lang='lat' dir='ltr'><strong>eadem</strong></span> <span class='ocrx_word' id='word_1_713' title='bbox 2058 3109 2166 3143; x_wconf 86' lang='lat' dir='ltr'><strong>poena</strong></span> <span class='ocrx_word' id='word_1_714' title='bbox 2180 3108 2268 3136; x_wconf 91' lang='lat' dir='ltr'><strong>cau-</strong></span> 
     </span>
     <span class='ocr_line' id='line_1_120' title="bbox 1273 3151 2269 3198; baseline -0.006 -6"><span class='ocrx_word' id='word_1_715' title='bbox 1273 3161 1351 3192; x_wconf 88' lang='lat' dir='ltr'><strong>tum</strong></span> <span class='ocrx_word' id='word_1_716' title='bbox 1370 3160 1480 3191; x_wconf 86' lang='lat' dir='ltr'><strong>estne</strong></span> <span class='ocrx_word' id='word_1_717' title='bbox 1503 3164 1586 3190; x_wconf 89' lang='lat' dir='ltr'><strong>cum</strong></span> <span class='ocrx_word' id='word_1_718' title='bbox 1609 3158 1781 3198; x_wconf 75' lang='lat' dir='ltr'><strong>praetextu</strong></span> <span class='ocrx_word' id='word_1_719' title='bbox 1796 3157 1857 3187; x_wconf 91' lang='lat' dir='ltr'><strong>aut</strong></span> <span class='ocrx_word' id='word_1_720' title='bbox 1877 3153 1956 3186; x_wconf 92' lang='lat' dir='ltr'><strong>sine</strong></span> <span class='ocrx_word' id='word_1_721' title='bbox 1970 3151 2032 3184; x_wconf 92' lang='lat' dir='ltr'><strong>illo</strong></span> <span class='ocrx_word' id='word_1_722' title='bbox 2047 3151 2269 3186; x_wconf 78' lang='lat' dir='ltr'><strong>monasteria</strong></span> 
     </span>
     <span class='ocr_line' id='line_1_121' title="bbox 1272 3204 1940 3249; baseline -0.012 -6"><span class='ocrx_word' id='word_1_723' title='bbox 1272 3208 1435 3243; x_wconf 86' lang='lat' dir='ltr'><strong>virorum</strong></span> <span class='ocrx_word' id='word_1_724' title='bbox 1448 3205 1711 3249; x_wconf 85' lang='lat' dir='ltr'><strong>ingrediantur,</strong></span> <span class='ocrx_word' id='word_1_725' title='bbox 1728 3204 1752 3238; x_wconf 93' lang='lat' dir='ltr'><strong>l.</strong></span> <span class='ocrx_word' id='word_1_726' title='bbox 1777 3206 1808 3243; x_wconf 77' lang='lat'><strong>2,</strong></span> <span class='ocrx_word' id='word_1_727' title='bbox 1833 3211 1862 3236; x_wconf 91' lang='lat' dir='ltr'><strong>c.</strong></span> <span class='ocrx_word' id='word_1_728' title='bbox 1889 3205 1940 3235; x_wconf 84' lang='lat'><strong>18.</strong></span> 
     </span>
    </p>

    <p class='ocr_par' dir='ltr' id='par_1_48' title="bbox 1232 3250 2269 3445">
     <span class='ocr_line' id='line_1_122' title="bbox 1232 3250 2268 3296; baseline -0.013 -1"><span class='ocrx_word' id='word_1_729' title='bbox 1232 3259 1392 3296; x_wconf 84' lang='lat' dir='ltr'><strong>claustra</strong></span> <span class='ocrx_word' id='word_1_730' title='bbox 1418 3257 1571 3291; x_wconf 82' lang='lat' dir='ltr'><strong>fratrum</strong></span> <span class='ocrx_word' id='word_1_731' title='bbox 1588 3256 1764 3290; x_wconf 81' lang='lat' dir='ltr'><strong>Minorum</strong></span> <span class='ocrx_word' id='word_1_732' title='bbox 1787 3251 1927 3294; x_wconf 88' lang='lat' dir='ltr'><strong>ingredi</strong></span> <span class='ocrx_word' id='word_1_733' title='bbox 1951 3253 2101 3293; x_wconf 88' lang='lat' dir='ltr'><strong>possunt</strong></span> <span class='ocrx_word' id='word_1_734' title='bbox 2122 3250 2268 3283; x_wconf 82' lang='lat' dir='ltr'><strong>feminae</strong></span> 
     </span>
     <span class='ocr_line' id='line_1_123' title="bbox 1274 3300 2269 3350; baseline -0.013 -5"><span class='ocrx_word' id='word_1_735' title='bbox 1274 3317 1382 3345; x_wconf 90' lang='lat' dir='ltr'><strong>causa</strong></span> <span class='ocrx_word' id='word_1_736' title='bbox 1395 3307 1551 3350; x_wconf 88' lang='lat' dir='ltr'><strong>alicujus</strong></span> <span class='ocrx_word' id='word_1_737' title='bbox 1568 3306 1683 3340; x_wconf 92' lang='lat' dir='ltr'><strong>divini</strong></span> <span class='ocrx_word' id='word_1_738' title='bbox 1702 3303 1808 3338; x_wconf 73' lang='lat' dir='ltr'><strong>oflicii</strong></span> <span class='ocrx_word' id='word_1_739' title='bbox 1824 3313 1831 3341; x_wconf 80' lang='grc'>;</span> <span class='ocrx_word' id='word_1_740' title='bbox 1856 3309 1936 3344; x_wconf 85' lang='lat' dir='ltr'><strong>quae</strong></span> <span class='ocrx_word' id='word_1_741' title='bbox 1952 3301 2101 3334; x_wconf 85' lang='lat' dir='ltr'><strong>facultas</strong></span> <span class='ocrx_word' id='word_1_742' title='bbox 2122 3300 2167 3333; x_wconf 89' lang='lat' dir='ltr'><strong>ad</strong></span> <span class='ocrx_word' id='word_1_743' title='bbox 2187 3308 2269 3333; x_wconf 91' lang='lat' dir='ltr'><strong>om-</strong></span> 
     </span>
     <span class='ocr_line' id='line_1_124' title="bbox 1274 3348 2267 3401; baseline -0.013 -5"><span class='ocrx_word' id='word_1_744' title='bbox 1274 3361 1339 3396; x_wconf 87' lang='lat' dir='ltr'><strong>nia</strong></span> <span class='ocrx_word' id='word_1_745' title='bbox 1353 3359 1426 3396; x_wconf 86' lang='lat' dir='ltr'><strong>alia</strong></span> <span class='ocrx_word' id='word_1_746' title='bbox 1440 3357 1693 3401; x_wconf 85' lang='lat' dir='ltr'><strong>religiosorum</strong></span> <span class='ocrx_word' id='word_1_747' title='bbox 1714 3354 1869 3387; x_wconf 86' lang='lat' dir='ltr'><strong>claustra</strong></span> <span class='ocrx_word' id='word_1_748' title='bbox 1890 3350 2032 3384; x_wconf 88' lang='lat' dir='ltr'><strong>extendi</strong></span> <span class='ocrx_word' id='word_1_749' title='bbox 2046 3352 2170 3392; x_wconf 89' lang='lat' dir='ltr'><strong>potest,</strong></span> <span class='ocrx_word' id='word_1_750' title='bbox 2186 3348 2210 3383; x_wconf 94' lang='grc'><strong>1.</strong></span> <span class='ocrx_word' id='word_1_751' title='bbox 2235 3351 2267 3390; x_wconf 88' lang='grc'><strong>1,</strong></span> 
     </span>
     <span class='ocr_line' id='line_1_125' title="bbox 1276 3413 1366 3445; baseline -0.033 -1"><span class='ocrx_word' id='word_1_752' title='bbox 1276 3418 1308 3445; x_wconf 80' lang='lat' dir='ltr'><strong>c.</strong></span> <span class='ocrx_word' id='word_1_753' title='bbox 1332 3413 1366 3442; x_wconf 84' lang='grc'><strong>’1.</strong></span> 
     </span>
    </p>

    <p class='ocr_par' dir='ltr' id='par_1_49' title="bbox 1235 3449 2270 3695">
     <span class='ocr_line' id='line_1_126' title="bbox 1274 3449 2270 3503; baseline -0.014 -9"><span class='ocrx_word' id='word_1_754' title='bbox 1274 3457 1446 3503; x_wconf 82' lang='lat' dir='ltr'><strong>Religiosi</strong></span> <span class='ocrx_word' id='word_1_755' title='bbox 1469 3456 1623 3491; x_wconf 84' lang='lat' dir='ltr'><strong>feminas</strong></span> <span class='ocrx_word' id='word_1_756' title='bbox 1643 3454 1682 3487; x_wconf 92' lang='lat' dir='ltr'><strong>in</strong></span> <span class='ocrx_word' id='word_1_757' title='bbox 1705 3452 1858 3486; x_wconf 88' lang='lat' dir='ltr'><strong>claustra</strong></span> <span class='ocrx_word' id='word_1_758' title='bbox 1881 3449 2119 3489; x_wconf 84' lang='lat' dir='ltr'><strong>admittentes,</strong></span> <span class='ocrx_word' id='word_1_759' title='bbox 2142 3450 2270 3491; x_wconf 83' lang='lat' dir='ltr'><strong>praeter</strong></span> 
     </span>
     <span class='ocr_line' id='line_1_127' title="bbox 1276 3499 2269 3553; baseline -0.015 -7"><span class='ocrx_word' id='word_1_760' title='bbox 1276 3510 1367 3545; x_wconf 82' lang='lat' dir='ltr'><strong>alias</strong></span> <span class='ocrx_word' id='word_1_761' title='bbox 1391 3516 1519 3553; x_wconf 86' lang='lat' dir='ltr'><strong>poenas</strong></span> <span class='ocrx_word' id='word_1_762' title='bbox 1541 3513 1605 3549; x_wconf 90' lang='lat' dir='ltr'><strong>per</strong></span> <span class='ocrx_word' id='word_1_763' title='bbox 1626 3502 1840 3538; x_wconf 88' lang='lat' dir='ltr'><strong>sententiam</strong></span> <span class='ocrx_word' id='word_1_764' title='bbox 1869 3500 2052 3538; x_wconf 86' lang='lat' dir='ltr'><strong>serendas.</strong></span> <span class='ocrx_word' id='word_1_765' title='bbox 2082 3499 2269 3532; x_wconf 81' lang='lat' dir='ltr'><strong>incurrunt</strong></span> 
     </span>
     <span class='ocr_line' id='line_1_128' title="bbox 1276 3548 2270 3604; baseline -0.014 -9"><span class='ocrx_word' id='word_1_766' title='bbox 1276 3560 1358 3604; x_wconf 90' lang='lat' dir='ltr'><strong>ipso</strong></span> <span class='ocrx_word' id='word_1_767' title='bbox 1368 3560 1463 3593; x_wconf 86' lang='grc'><strong>10010</strong></span> <span class='ocrx_word' id='word_1_768' title='bbox 1478 3552 1886 3591; x_wconf 88' lang='lat' dir='ltr'><strong>excommunicationem</strong></span> <span class='ocrx_word' id='word_1_769' title='bbox 1898 3552 2111 3583; x_wconf 85' lang='lat' dir='ltr'><strong>reservatam</strong></span> <span class='ocrx_word' id='word_1_770' title='bbox 2123 3548 2270 3582; x_wconf 90' lang='lat' dir='ltr'><strong>Summo</strong></span> 
     </span>
     <span class='ocr_line' id='line_1_129' title="bbox 1276 3597 2197 3649; baseline -0.016 -4"><span class='ocrx_word' id='word_1_771' title='bbox 1276 3609 1456 3649; x_wconf 84' lang='lat' dir='ltr'><strong>Pontifici,</strong></span> <span class='ocrx_word' id='word_1_772' title='bbox 1474 3610 1509 3640; x_wconf 89' lang='lat' dir='ltr'><strong>et</strong></span> <span class='ocrx_word' id='word_1_773' title='bbox 1521 3602 1796 3647; x_wconf 88' lang='lat' dir='ltr'><strong>suspensionem</strong></span> <span class='ocrx_word' id='word_1_774' title='bbox 1810 3608 1882 3634; x_wconf 91' lang='lat' dir='ltr'><strong>non</strong></span> <span class='ocrx_word' id='word_1_775' title='bbox 1908 3602 2135 3639; x_wconf 85' lang='lat' dir='ltr'><strong>reservatam,</strong></span> <span class='ocrx_word' id='word_1_776' title='bbox 2150 3597 2197 3631; x_wconf 89' lang='lat' dir='ltr'><strong>ib.</strong></span> 
     </span>
     <span class='ocr_line' id='line_1_130' title="bbox 1235 3646 2267 3695; baseline -0.014 0"><span class='ocrx_word' id='word_1_777' title='bbox 1235 3660 1408 3695; x_wconf 79' lang='lat' dir='ltr'><strong>clausura</strong></span> <span class='ocrx_word' id='word_1_778' title='bbox 1434 3653 1668 3695; x_wconf 81' lang='lat' dir='ltr'><strong>monialium,</strong></span> <span class='ocrx_word' id='word_1_779' title='bbox 1693 3654 1769 3686; x_wconf 87' lang='lat' dir='ltr'><strong>tam</strong></span> <span class='ocrx_word' id='word_1_780' title='bbox 1802 3649 1924 3693; x_wconf 82' lang='lat' dir='ltr'><strong>quoad</strong></span> <span class='ocrx_word' id='word_1_781' title='bbox 1955 3649 2052 3693; x_wconf 84' lang='lat' dir='ltr'><strong>ipsas</strong></span> <span class='ocrx_word' id='word_1_782' title='bbox 2083 3646 2267 3688; x_wconf 78' lang='lat' dir='ltr'><strong>moniales.</strong></span> 
     </span>
    </p>
   </div>
  </div>
 </body>
</html>
