2352 3880
136 216 247 265 w

136 287 313 329 aliorum
344 278 666 321 considerationi
696 278 948 328 relinquere.
979 276 1171 316 Testatur

137 348 280 392 antem
309 342 462 382 Paulus
487 341 557 388 ΙΙΙ,
576 340 617 380 in
637 340 664 380 2
681 339 847 379 Indulto
869 337 992 377 citato
1005 366 1020 387 ,
1040 348 1088 377 se
1103 336 1170 376 in-

137 405 342 457 tellexisse
362 401 539 453 populos
556 394 783 448 civitatum,
803 403 1024 447 terrarum,
1051 401 1092 438 et
1106 397 1170 438 lo-

136 476 282 519 corum
300 463 413 515 apud
433 475 527 514 quae
550 462 850 502 habitationem
873 460 973 500 socii
995 459 1168 510 habent,

135 527 199 568 vel
216 525 289 565 uhi
307 525 478 565 eosdem
493 524 650 564 versari
666 527 739 564 aut
757 523 932 563 transire
953 522 1166 573 contingit,

136 586 328 639 exemplo
354 586 526 626 allectos
546 590 589 625 et
604 586 797 625 inductos
822 585 1025 636 religiosae
1055 584 1167 632 vitae,

135 661 278 701 quam,
299 648 472 687 Domino
504 648 776 696 concedente,
797 646 971 692 ducunt,
991 645 1171 691 libenter

135 710 190 750 ad
227 709 510 749 confitendum
545 707 703 748 eisdem
728 737 743 757 ,
779 711 822 746 et
849 706 1170 746 sacratissimam

136 771 474 814 communionem
504 769 557 809 dc
581 769 775 807 manibus
796 779 939 807 eorum
961 766 1171 816 accipien-

135 832 233 873 dam
251 831 476 878 confluere,
495 842 620 881 quam
640 829 889 881 populorum
907 827 1171 867 devotionem

134 893 338 933 hactenus
371 892 621 938 conservari,
655 894 695 928 et
723 890 800 928 hac
835 888 1069 938 occasione,
1089 888 1170 928 fre-

137 955 348 1007 quentiam
369 954 493 1004 hujus
512 951 771 991 Sacramenti
785 962 860 1002 per
875 950 1058 991 divinam
1077 962 1171 1002 gra—

136 1017 237 1058 tiam
275 1015 452 1052 multum
492 1013 534 1051 in
569 1013 754 1052 Ecclesia
792 1015 1035 1053 renovatam
1061 1023 1169 1062 esse,

137 1076 331 1118 omnibus
349 1077 496 1114 notum
513 1077 590 1113 est.

517 1209 684 1251 CAPUT
712 1209 782 1251 IV.

136 1334 225 1371 oum
258 1333 373 1364 CIRCA
406 1333 580 1363 ALIORUM
614 1331 958 1364 SAGRAMENTORUM
992 1331 1174 1364 ADMINIS-

200 1396 432 1427 TRATIONEM
459 1395 617 1425 POSSINT
645 1395 838 1443 RELIGIQSI
859 1395 1098 1426 SOGIETATIS.

189 1511 226 1550 1.
256 1509 373 1549 Ratio
395 1506 648 1547 difficultatis
669 1509 746 1553 est,
768 1505 865 1557 quia
890 1505 933 1544 in
951 1506 1090 1545 verbis
1114 1506 1169 1546 ci·

134 1572 227 1610 tatis
242 1571 357 1608 initio
378 1568 604 1619 superioris
625 1567 771 1618 capitis
788 1579 838 1605 ex
858 1568 992 1617 primo
1007 1567 1168 1607 Indulto

141 1632 247 1671 Pauli
268 1632 331 1678 III,
352 1630 498 1669 eodem
516 1635 659 1668 tenore
681 1628 843 1675 dicitur,
868 1627 1025 1667 Clio-isti
1041 1628 1172 1679 fideli·

133 1694 204 1733 bus
222 1693 548 1739 Eucharistiam,
570 1693 606 1730 et
633 1690 717 1730 alia
744 1690 1011 1730 ecclesiastica
1036 1702 1172 1731 sacra-

133 1758 263 1794 menta
281 1753 366 1792 siue
385 1753 559 1804 alicujus
574 1752 681 1802 Μαι]
686 1751 815 1792 udicio
836 1752 1166 1792 administrandi.

133 1815 303 1853 Videtur
320 1826 418 1865 ergo
440 1814 494 1852 ita
516 1813 673 1851 licitum
693 1824 784 1851 esse
806 1812 957 1851 nostris
979 1813 1170 1852 sacerdo-

131 1876 242 1915 tibus
274 1879 420 1914 caetera
456 1877 715 1913 sacramenta
751 1873 881 1911 libere
915 1873 1166 1922 ministrare,

134 1937 240 1976 sicut
258 1935 575 1975 Eucharistiam.
594 1936 641 1973 In
655 1935 909 1973 contrarium
929 1937 1069 1973 autem
1089 1938 1167 1984 est,

133 1998 231 2049 quia
259 1997 338 2036 hoc
359 2008 495 2047 neque
521 2008 601 2034 usu
618 1999 832 2046 receptum
856 1999 931 2042 est,
949 2007 1088 2046 neque
1116 1994 1170 2034 ad

131 2058 260 2099 finem
283 2058 494 2099 Societatis
515 2061 576 2096 est
599 2056 884 2096 necessarium
905 2087 913 2102 ,
943 2068 1084 2106 neque
1117 2055 1172 2096 ad

133 2133 281 2172 pacem
303 2124 342 2159 et
362 2120 560 2158 unionem
581 2130 675 2157 cum
696 2117 915 2157 ordinariis
934 2117 1171 2169 pastoribus

135 2182 382 2227 animarum,
405 2180 471 2219 vel
502 2179 555 2219 ad
589 2179 843 2219 conveniens
873 2180 1062 2229 regimen
1099 2190 1168 2218 ea-

133 2255 224 2281 rum
245 2241 468 2293 expediens
485 2245 547 2280 est
560 2241 652 2279 talis
671 2239 846 2279 facultas
861 2250 874 2288 3
893 2252 979 2278 non
994 2241 1059 2279 est
1069 2250 1170 2293 ergo

133 2303 355 2344 verisimile
377 2303 419 2342 in
441 2315 490 2342 eo
512 2315 638 2341 sensu
658 2314 748 2341 esse
770 2313 1026 2340 concessam.

188 2367 229 2405 2.
260 2364 324 2404 Ad
341 2364 420 2403 hoc
451 2364 629 2403 breviter
662 2363 881 2402 dicendum
916 2367 992 2411 est,
1019 2362 1172 2402 nostris

134 2426 353 2478 religiosis,
374 2437 449 2476 per
466 2437 509 2464 se
526 2424 754 2475 loquendo,
775 2436 859 2463 non
876 2424 1002 2463 licere
1023 2429 1173 2463 caetera

135 2489 396 2527 sacramenta
431 2485 624 2525 fidelibus
657 2485 976 2534 administrare3
997 2484 1072 2523 sed
1103 2497 1171 2524 so-

134 2549 222 2588 lum
250 2547 292 2586 in
322 2547 529 2599 aliquibus
562 2547 742 2595 casibus,
777 2550 818 2586 et
855 2546 1171 2586 occurrentibus

135 2608 384 2661 quibusdam
405 2608 738 2648 circumstantiis.
759 2607 874 2647 Prior
900 2619 999 2659 pars
1023 2611 1173 2659 praeter

128 2671 424 2722 'probationem
456 2670 704 2717 adductam,
736 2682 828 2721 quae
862 2670 1026 2709 videtur
1060 2668 1174 2709 suffi-

136 2732 264 2779 ciens,
287 2731 424 2783 colligi
443 2731 569 2771 etiam
584 2735 721 2782 potest
745 2744 795 2770 ex
823 2731 893 2769 illa
924 2731 1172 2771 limitatione

130 2793 360 2858 ¹§Pontificiffi
378 2793 462 2833 sine
483 2793 657 2844 alicujus
671 2791 907 2843 praejudicio
920 2810 938 2840 ;
956 2804 1052 2831 nam
1071 2792 1173 2831 alio-

138 2865 232 2894 rum
252 2858 608 2893 sacramentorum
627 2852 946 2902 administratio,
965 2865 1040 2904 per
1054 2865 1098 2892 se
1112 2853 1173 2892 lo-

131 2913 321 2964 quendo,
338 2914 532 2965 usurpari
560 2925 646 2952 non
662 2916 799 2964 potest
819 2914 908 2952 sine
933 2914 1173 2964 praeJ‘udicio

137 2974 415 3027 parochorum
430 2980 500 3014 aut
513 2975 824 3026 Episcoporum,
840 2974 998 3025 absque
1010 2975 1174 3014 illorum

138 3035 347 3075 facultate.
380 3035 498 3081 Quod
527 3036 799 3086 explicabitur
825 3036 975 3075 melius
1001 3035 1175 3075 descen-

140 3096 278 3137 dendo
299 3095 352 3135 ad
372 3096 534 3147 singula
557 3101 832 3143 sacramenta,
849 3097 1055 3148 simulque
1076 3097 1173 3137 alte-

139 3168 188 3196 ra
201 3169 297 3209 pars
314 3157 589 3197 conclusionis
610 3157 864 3196 ostendetur.
883 3158 940 3196 De
956 3158 1089 3196 tribus
1109 3170 1173 3197 er-

140 3231 194 3272 go
218 3218 496 3260 Sacramentis
528 3223 691 3258 tantum
722 3223 859 3270 potest
890 3231 982 3258 esse
1017 3231 1172 3269 sermo,

139 3281 371 3333 Baptismo,
402 3280 842 3328 Extrema-Unctione,
874 3279 1170 3319 Matrimonio·
1159 3309 1173 3329 ,

140 3354 241 3382 nam
268 3341 320 3382 de
351 3342 599 3382 Paenitentia
631 3345 672 3380 et
704 3341 959 3380 Eucharistia
975 3341 1064 3392 Jam
1090 3340 1174 3381 dic-

140 3406 230 3444 tum
249 3407 332 3451 est3
351 3402 613 3444 Confirmatio
629 3405 768 3442 autem
784 3405 825 3441 et
842 3401 951 3441 Ordo
972 3414 1057 3442 non
1077 3405 1174 3443 sunt

143 3469 400 3505 sacramenta
421 3464 672 3517 pertinentia
689 3463 744 3503 ad
763 3462 1000 3504 sacerdotes
1023 3468 1070 3503 ut
1097 3464 1172 3514 sic,

145 3526 217 3565 sed
247 3526 300 3565 ad
318 3525 568 3579 Episcopos;
591 3524 680 3565 haec
704 3528 847 3564 autem
874 3523 1051 3565 facultas
1077 3537 1175 3566 con-

146 3585 304 3628 ceditur
331 3585 637 3633 sacerdotibus..
648 3585 702 3629 Et
716 3586 815 3629 licet
830 3585 878 3629 in
891 3586 1034 3641 aliquo
1055 3598 1174 3639 casu,

468 218 548 253 un·
569 216 631 253 18·
649 215 707 250 »Β
723 171 875 255 mus.
894 211 975 248 8811
987 211 1253 255 maternitas,
1273 210 1422 252 ominus
1440 208 1500 246 m
1518 204 1631 245 rm
1650 188 1673 258 j
1821 248 1831 259 .
1862 174 1998 334 “sstg
2017 194 2141 277 *43

1225 275 1290 316 vel
1308 274 1447 326 aliqua
1465 248 1780 318 administratio

1223 335 1464 376 Pontificem
1480 334 1679 375 committi
1699 319 1962 379 sacerdoti„

1222 410 1322 438 men
1344 408 1560 448 nunquam
1579 395 1627 436 fit
1645 409 1720 448 per
1739 394 1993 448 generalem
1997 366 2186 454 dnus

1223 459 1297 499 sed
1317 470 1392 511 per
1408 458 1669 509 privilegium
1688 456 1808 496 valde
1829 457 2035 509 speciale,
2053 449 2132 506 nec
2164 447 2236 535 ς’-

1224 521 1384 561 ceditur
1401 519 1520 570 quasi
1541 519 1752 559 ordinaria
1771 518 2048 570 delegatione,
2073 517 2185 571 sea?
2176 527 2217 559 a.
2217 563 2224 570 .

1223 583 1275 624 de
1300 581 1648 630 extraordinaria,
1679 585 1720 621 et
1747 593 1799 621 ex
1825 592 1951 620 causa
1981 573 2199 630 ιιιιιΙῑιιιῖιῙἾ
2211 613 2246 639 ,

1224 647 1374 697 gente;
1399 646 1440 683 et
1467 642 1563 682 ideo
1592 646 1753 683 certum
1773 646 1835 682 est
1853 641 1920 681 hic
1941 653 2028 681 non
2047 654 2139 683 esse
2176 645 2241 694 -υκξ

1224 717 1393 745 monem
1420 703 1473 744 de
1504 704 1585 743 illis
1617 702 1903 743 sacramentis.
1922 701 2028 749 Quid
2049 706 2210 747 autem
2209 718 2226 739 3
2234 751 2239 757 ⁵

1223 769 1302 807 hoc
1321 778 1475 818 genere
1497 777 1744 807 concessum
1759 765 1813 806 sit
1830 762 2041 814 Societati‚
2060 762 2196 806 dicam
2218 769 2250 824 χῖ,

1223 829 1308 869 fine
1328 828 1456 880 hujus
1478 827 1639 880 capitis.
2243 831 2246 836 ·

1254 923 1372 969 Circa
1389 922 1649 977 Baptismum
1671 922 1987 967 ministrandum
2006 921 2163 966 enuclea
2232 955 2240 959 .

1355 985 1543 1027 resolutio
1570 986 1666 1027 data
1689 996 1851 1028 numero
1870 985 2124 1039 praecedeuti.
2252 981 2255 990 “

1277 1075 1317 1116 3.
1345 1073 1534 1115 Primum
1551 1072 1873 1125 pronuntiatum.
1889 1072 2014 1111 —De
2047 1067 2219 1123 Baptis·
2255 1099 2261 1109 ,

1223 1137 1351 1190 igitur
1367 1140 1525 1175 certum
1541 1138 1705 1173 estnon
1724 1134 1850 1173 licere
1868 1133 2020 1172 nostris
2040 1130 2203 1171 sacerd·
2235 1175 2239 1178 ,
2253 1178 2255 1183 .
2321 1140 2323 1146 ·

1223 1200 1303 1239 bus
1326 1198 1442 1236 illum
1465 1195 1705 1235 solemniter
1724 1195 1960 1234 ministrare
1979 1193 2170 1232 fidelihus
2189 1204 2262 1232 or

1223 1260 1445 1307 dinarie,e
1424 1258 1528 1297 etin
1562 1258 1627 1296 his
1654 1256 1895 1309 regionibus
1925 1256 1969 1295 in
1993 1255 2144 1307 quibus
2180 1253 2274 1299 sin-f
2306 1287 2307 1290 ,

1227 1322 1314 1374 guli
1347 1319 1494 1359 fideles
1526 1319 1683 1357 habent
1710 1318 1942 1357 ordinarios
1973 1320 2177 1368 pastoreS,
2207 1308 2274 1354 ad
2322 1345 2323 1349 ,

1226 1394 1332 1433 quos
1354 1394 1402 1420 ex
1431 1380 1564 1419 officio
1587 1379 1766 1430 pertinet
1791 1379 1885 1418 talis
1915 1375 2164 1418 sacramenti
2189 1373 2270 1415 ad·
2318 1387 2323 1430 'j

1225 1442 1487 1482 ministratio.
1521 1442 1606 1479 Hoc
1633 1440 1911 1479 indubitatum
1942 1443 2003 1478 est
2028 1437 2141 1490 apud
2173 1439 2269 1476 om·

1226 1517 1316 1552 nes,
1336 1504 1433 1555 quia
1455 1503 1549 1553 J'ure
1577 1502 1787 1540 communi
1805 1501 1885 1540 hoc
1909 1500 2161 1553 prohibitum
2181 1499 2263 1547 est,

1225 1578 1319 1616 cap.
1337 1565 1517 1610 Placuit,
1537 1564 1578 1610 2,
1609 1563 1674 1611 16,
1695 1574 1734 1612 q.
1763 1565 1802 1610 1,
1824 1562 1896 1601 ubi
1921 1561 2130 1613 Eugenius
2150 1560 2268 1610 Papa.
2315 1566 2322 1595 J.

1225 1626 1416 1678 prohibet
1430 1623 1634 1662 monacho
1649 1622 1882 1674 baptizare;
1903 1626 1944 1662 et
1959 1622 2054 1661 licet
2073 1620 2153 1660 dici
2171 1621 2278 1671 pos-²
2317 1641 2322 1669 ς

1228 1689 1279 1727 sit
1300 1685 1577 1738 appellatione
1598 1685 1901 1724 monachorum
1917 1696 2004 1723 non
2019 1682 2161 1723 venire
2181 1681 2276 1721 clem

1224 1750 1331 1789 ricos
1356 1747 1600 1799 regulares,
1632 1746 1749 1797 juxta
1782 1745 2012 1785 doctrinam
2049 1741 2277 1796 receptam
2319 1741 2321 1747 ’

1226 1810 1338 1861 apud
1365 1810 1612 1856 Navairum,
1636 1808 1866 1846 Comment.
1895 1808 1941 1855 4,
1963 1806 2015 1845 de
2046 1801 2279 1856 Regulari·
2316 1845 2319 1852 ‚

1223 1872 1319 1919 bus,
1342 1884 1384 1910 n
1406 1872 1460 1909 40
1480 1874 1521 1908 et
1539 1870 1615 1915 41,
1639 1868 1911 1906 nihilominus
1942 1879 2087 1907 omnes
2114 1853 2279 1905 intelli-

1225 1936 1329 1985 gunt
1357 1932 1434 1971 sub
1459 1943 1508 1969 ea
1534 1929 1810 1981 prohibitione
1847 1927 2144 1980 comprehendi
2173 1925 2274 1982 ¹²⁰1ss-

1223 2008 1366 2037 versos
1401 1994 1621 2043 religiosos
1645 2022 1655 2040 ,
1692 1992 1844 2043 quibus
1879 2003 1977 2030 cura
2027 1991 2272 2031 animarum

1226 2055 1447 2097 commissa
1483 2066 1569 2092 non
1605 2057 1697 2099 est3
1729 2048 1841 2103 quod
1871 2053 2009 2121 glossa
2044 2051 2101 2090 ibi
2132 2051 2265 2092 uixit.
2317 2090 2319 2095 ,

1223 2117 1321 2160 Non
1341 2116 1571 2156 habentibus
1588 2115 1797 2167 populum,
1816 2114 1929 2164 quia,
1952 2113 2023 2152 ubi
2041 2113 2146 2152 ratio
2166 2123 2271 2163 pro·
2311 2109 2320 2173 31

1226 2177 1437 2218 bibitionis
1457 2188 1543 2215 non
1560 2176 1758 2215 fundatur
1775 2175 1819 2213 in
1837 2174 2006 2226 speciali
2026 2169 2278 2229 conditione}

1225 2239 1516 2285 monachatus,
1532 2237 1607 2276 sed
1633 2237 1677 2275 in
1705 2237 1889 2288 generali
1911 2240 2042 2276 status
2060 2232 2265 2286 religiosi,
2316 2239 2317 2247 ¹

1226 2301 1506 2353 appellatione
1520 2298 1702 2339 monachi
1717 2310 1860 2338 omnes
1874 2297 2057 2349 religiosi
2073 2296 2265 2345 veniunt,
2313 2288 2318 2327 3

1226 2367 1274 2402 ut
1292 2361 1453 2401 notavit
1471 2360 1583 2400 idem
1604 2361 1826 2407 Navarrus,
1849 2359 1994 2399 consil.
2015 2360 2082 2406 10,
2101 2358 2153 2397 de
2171 2358 2244 2398 Sta
2263 2395 2265 2400 ,
2308 2356 2318 2392 J,

1227 2428 1275 2465 tu
1297 2423 1510 2472 monach„
1533 2435 1584 2462 ex
1603 2424 1816 2470 panorm„
1844 2434 1880 2461 c.
1909 2423 1950 2469 2,
1972 2420 2026 2460 de
2049 2408 2270 2460 Postulan

1226 2486 1296 2526 do.
1319 2486 1406 2525 Hoc
1430 2489 1572 2524 autem
1599 2495 1820 2523 commune
1836 2483 1907 2535 J'us
1927 2480 2096 2534 speciali
2122 2481 2251 2532 aliqu

1226 2547 1440 2601 privilegio
1460 2546 1581 2585 nobis
1599 2557 1795 2584 concesso
1816 2544 2062 2595 derogatum
2078 2554 2164 2583 non
2182 2544 2246 2582 est

1227 2621 1306 2649 nec
1329 2608 1586 2648 credendum
1613 2609 1676 2646 est
1698 2619 1773 2658 per
1795 2606 1865 2645 illa
1896 2604 2108 2658 generalia
2134 2603 2268 2643 verb
2309 2606 2318 2647 t

1227 2670 1435 2722 derogari,
1455 2673 1626 2720 propter
1665 2679 1714 2707 ea
1743 2679 1834 2718 quae
1865 2662 2230 2718 ponderavimus
2304 2635 2318 2752 ³

1227 2744 1402 2772 numero
1421 2733 1568 2782 primo,
1591 2729 1805 2780 arguendo
1818 2740 1893 2779 pro
1916 2731 2034 2779 parte
2051 2725 2245 2777 negativa
2303 2756 2306 2757 ν

1228 2796 1270 2833 et
1303 2791 1403 2843 quia
1436 2791 1723 2842 privilegium,
1750 2793 1957 2840 quatenus
1985 2788 2070 2839 juri
2103 2790 2233 2827 contr·
2252 2842 2257 2845 Π
2306 2773 2317 2844 ἲ

1227 2854 1352 2902 rium,
1374 2852 1513 2891 stricte
1547 2854 1610 2890 est
1639 2849 2013 2902 interpretandum,
2037 2853 2078 2888 et
2094 2860 2219 2888 ιιοιι·
2240 2855 2263 2874 ’Ν
2310 2846 2317 2872 “

1229 2914 1284 2954 ad
1303 2914 1347 2953 id
1365 2912 1690 2961 extendendum,
1712 2912 1748 2950 si
1766 2911 1847 2950 alio
1867 2910 1992 2949 modo
2024 2913 2211 3005 potest
2199 2925 2243 2943 ιτ
2302 2943 2303 2946 ,

1228 2976 1329 3016 bere
1349 2974 1572 3025 effectum,
1561 2983 1570 2993 ·
1591 2973 1660 3014 hic
1685 2977 1827 3014 autem
1851 2975 2005 3026 potest,
2022 2975 2069 3013 ut
2097 2987 2104 2994 ·

1227 3037 1379 3080 bimus.

1277 3099 1320 3137 4.
1349 3097 1590 3150 Baptismus
1620 3100 1736 3139 extra
1764 3107 1900 3139 casum
1929 3094 2179 3137 necessitatis
2225 3058 2316 3175 1

1228 3157 1410 3200 Zcmuiter
1428 3164 1486 3201 est
1505 3158 1814 3200 ministrandus.
1832 3180 1886 3187 -—
1900 3157 2036 3208 Atque
2057 3156 2154 3196 hinc
2212 3173 2218 3189 ι

1228 3220 1383 3272 ligitur,
1405 3225 1522 3261 extra
1543 3231 1688 3261 casum
1709 3218 1984 3266 necessitatis,
2005 3216 2118 3257 nullo
2135 3227 2206 3286 ιιι

1228 3282 1352 3339 licere
1379 3282 1531 3322 nostris
1549 3280 1756 3333 religiosis
1781 3280 1932 3319 virtute
1952 3278 2078 3331 hujus
2095 3277 2206 3338 pris.

1229 3345 1284 3395 gii
1298 3345 1559 3396 Baptismum
1571 3343 1820 3384 ministrare.
1834 3339 2209 3392 Probatur-,quia

1228 3417 1310 3457 que
1348 3405 1597 3446 necessitate
1636 3416 1723 3444 non
1759 3407 1823 3444 est
1855 3401 2089 3454 Baptismus
2131 3417 2153 3433 ¹·
2210 3407 2232 3410 “’

1226 3467 1402 3507 trandus
1418 3466 1499 3506 nisi
1523 3464 1780 3513 solemniter,
1801 3467 1848 3504 ut
1865 3463 2038 3512 tomo3,
2045 3460 2163 3513 disp.
2169 3500 2183 3517 Ξ,
2196 3499 2212 3513 .-

1228 3532 1328 3569 sect.
1350 3530 1392 3578 5,
1414 3528 1468 3568 ad
1490 3527 1621 3567 finem
1635 3556 1648 3576 ‚
1667 3525 1782 3577 dixu
1802 3523 1878 3574 sed
1905 3520 2144 3578 solemniter
2170 3564 2214 3589 ,Ε

1226 3592 1368 3644 potest
1402 3586 1663 3643 ministrari,
1694 3589 1746 3632 ut
1777 3589 1996 3635 ostensum
2026 3583 2117 3636 ⁸³¹¹·
