2352 3880
115 0 144 22 ,Ἂν
158 0 208 17 ¹³⁸·
222 0 260 27 :7-
274 0 290 10 υ,
320 0 402 26 5-v3w

95 35 101 37 -
367 29 376 43 Δ

0 0 109 103 ff

42 84 55 99 N·

0 101 19 117 ,ῆι
34 98 40 107 ,

25 115 30 120 .
52 114 58 122 v

139 251 223 293 'zi-‘8

140 384 388 426 Dissolvitur
405 381 604 422 suadendo
619 383 879 432 posteriorem
894 386 1051 435 partem
1063 383 1175 434 posis

135 451 189 488 tae
208 444 477 486 resolutionis.
502 463 557 473 —-
585 443 806 485 Suadetar.
825 467 878 474 —-
899 444 1173 494 confirmatur

130 506 278 559 primo.
294 526 348 534 —
366 503 636 556 Confirmatur
647 506 897 558 secando.1—
912 506 1056 546 Dicere
1069 519 1169 546 vero

134 569 271 619 potest
286 567 449 618 aliquis,
467 567 546 607 hoc
565 567 755 607 discursu
772 568 938 618 probari
958 567 1069 615 hunc
1087 572 1169 607 sta-

133 633 221 668 tum
239 641 330 668 esse
347 629 516 680 quidem
531 629 786 681 religiosum,
805 630 877 669 sed
890 632 1034 668 tamen
1046 629 1167 669 valde

131 690 437 743 imperfectum,
460 691 606 730 saltem
628 703 679 730 ex
710 691 788 731 hoc
820 691 977 741 capite;
999 690 1104 729 sicut
1123 691 1166 730 in

130 753 333 805 superiori
366 757 481 792 tomo
512 752 754 791 dicebamus
784 752 982 790 militares
1001 752 1170 803 religio-

129 827 213 863 sos,
230 814 302 866 qui
320 814 453 853 solum
473 817 624 853 vovent
638 813 868 851 castitatem
884 813 1166 864 conjugalem,

129 889 220 917 esse
256 889 375 917 veros
398 877 614 927 religiosos
633 886 644 921 ;
666 886 791 914 nemo
823 881 963 914 tamen
995 875 1167 927 negabit

127 940 280 978 statum
305 939 419 977 illum
450 935 589 988 quoad
611 947 704 975 eam
734 940 894 987 partem
921 948 1012 975 esse
1044 937 1166 977 valde

124 999 428 1051 imperfectum.
454 997 516 1036 Ad
537 998 645 1036 hanc
667 1009 766 1049 ergo
800 998 1076 1049 objectionem
1104 1011 1166 1039 re-

123 1061 363 1107 fellendam,
390 1059 653 1111 probandum
674 1059 850 1099 ulterius
879 1064 942 1099 est
973 1060 1072 1099 illud
1091 1073 1165 1100 vo-

122 1127 212 1164 tum
247 1135 337 1163 esse
376 1121 769 1161 sufficientissimum
799 1122 852 1161 ad
875 1135 1041 1162 omnem
1069 1134 1163 1174 per-

121 1186 360 1231 fectionem,
384 1195 476 1234 quae
503 1182 546 1221 in
580 1183 771 1235 religioso
804 1187 929 1230 statu,
956 1188 1164 1236 quatenus

123 1250 185 1286 est
219 1245 359 1284 schola
392 1244 660 1295 perfectionis
688 1245 979 1296 acquirendae,
1002 1246 1165 1286 deside—

120 1307 205 1347 rari
222 1311 372 1359 potest.
393 1307 577 1345 Diximus
593 1307 702 1346 enim
719 1307 760 1345 in
775 1307 880 1346 libro
901 1308 1050 1358 primo,
1067 1320 1159 1360 cap.

119 1373 161 1418 2,
183 1369 296 1420 quod
313 1381 479 1420 semper
493 1380 577 1419 prae
597 1369 726 1408 oculis
749 1369 988 1408 habendum
1008 1374 1082 1414 est,
1101 1370 1161 1405 in-

118 1436 285 1484 tegrum
319 1431 536 1471 Societatis
571 1430 806 1467 institutum
835 1428 1032 1467 eminenti
1062 1441 1162 1480 qua-

118 1493 216 1533 dam
235 1493 395 1531 ratione
416 1490 629 1529 continere
651 1494 691 1529 et
712 1492 862 1528 statum
896 1490 1160 1541 perfectionis

119 1554 329 1605 acquisitae
360 1556 401 1592 et
434 1551 806 1591 communicandae.
837 1552 1034 1591 Fatemur
1057 1565 1158 1605 ergo

117 1618 171 1657 ad
186 1617 296 1655 hunc
317 1614 589 1665 posteriorem
608 1614 786 1666 gradum
805 1626 878 1653 seu
896 1618 1066 1663 statum,
1086 1627 1160 1654 ne·

117 1678 362 1725 cessarium,
383 1677 448 1715 vel
478 1675 600 1715 valde
634 1675 890 1715 conveniens
925 1688 1018 1716 esse
1051 1677 1158 1716 intra

115 1740 377 1782 latitudinem
410 1742 541 1777 status
570 1738 754 1789 religiosi
782 1750 924 1777 carere
951 1739 1062 1777 omni
1084 1739 1159 1778 do-

116 1802 244 1841 minio
267 1805 306 1840 et
327 1800 607 1851 proprietate3
627 1799 738 1838 unde
760 1804 1066 1850 consequenter
1085 1800 1160 1841 ad-

115 1863 318 1903 mittimus
338 1862 550 1900 scholares
573 1861 787 1900 Societatis
801 1861 990 1899 nondum
1012 1874 1159 1912 perve-

115 1925 226 1964 nisse
260 1923 314 1962 ad
347 1923 463 1961 illum
495 1922 670 1973 gradum
688 1935 697 1968 ;
725 1922 994 1960 nihilominus
1014 1927 1154 1962 tamen

114 1986 291 2026 dicimus
326 1983 557 2023 dominium
594 1983 659 2022 vel
692 1984 991 2034 proprietatem
1025 1984 1153 2023 bono-

112 2060 221 2095 rum,
241 2047 274 2085 si
294 2059 394 2084 usus
411 2046 472 2083 rei
491 2057 575 2082 non
591 2046 643 2083 sit
659 2048 859 2095 tanquam
872 2046 1063 2095 propriae,
1078 2045 1153 2087 sed

113 2108 256 2160 (quod
291 2106 463 2159 perinde
495 2109 583 2156 est)
608 2106 641 2145 si
674 2106 775 2145 illud
807 2107 1040 2146 dominium
1068 2120 1153 2147 non

112 2171 163 2211 sit
194 2170 371 2209 liberum
403 2168 542 2219 quoad
581 2167 878 2217 durationem,
908 2169 982 2208 scd
1014 2169 1154 2218 quoad

110 2232 202 2272 haec
223 2231 363 2270 omnia
386 2229 569 2281 pendeat
586 2241 637 2268 ex
656 2230 870 2269 voluntate
892 2230 1070 2278 praelati,
1093 2231 1155 2270 ni·

109 2294 169 2333 hil
201 2293 369 2332 omnino
404 2291 568 2330 obstare
600 2292 866 2341 acquirendae
891 2292 1149 2342 perfectioni,

110 2360 152 2395 et
170 2354 264 2394 ideo
283 2354 385 2392 nihil
406 2353 530 2391 etiam
551 2352 740 2391 minuere
761 2357 913 2391 statum
936 2353 1155 2404 perfectio·

109 2418 175 2456 nis
193 2414 479 2467 requirendae;
501 2413 590 2462 sed,
612 2415 691 2453 hoc
705 2427 787 2453 non
805 2414 1010 2463 obstante,
1028 2428 1150 2466 posse

109 2491 201 2519 esse
222 2477 585 2529 perfectissimum,
604 2477 639 2515 si
656 2488 706 2516 ex
727 2475 810 2515 fino
833 2479 873 2515 et
894 2477 984 2515 aliis
1003 2477 1151 2516 mediis

107 2540 208 2580 nihil
227 2539 286 2578 illi
307 2538 429 2578 desit.
460 2539 678 2587 Probatur,
710 2538 809 2589 quia
843 2542 1068 2590 paupertas
1105 2538 1149 2579 in

106 2606 269 2643 tantum
308 2601 469 2639 confert
500 2599 766 2649 acquirendae
802 2599 1073 2648 perfectioni,
1102 2599 1149 2639 in

106 2667 310 2716 quantum
343 2661 451 2701 tollit
483 2671 627 2699 curam
662 2664 703 2699 et
732 2659 1053 2700 sollicitudinem
1084 2673 1148 2701 re-

105 2737 198 2765 rum
233 2724 531 2770 humanarum,
552 2726 593 2760 et
611 2721 713 2759 vitat
734 2720 975 2759 occasiones
1006 2724 1047 2759 et
1074 2733 1147 2771 pe-

105 2785 234 2826 ricula
259 2796 351 2836 quae
372 2796 422 2823 ex
442 2783 521 2821 hac
537 2794 637 2821 cura
660 2780 756 2820 oriri
779 2782 936 2829 solent3
960 2792 1007 2819 ac
1027 2781 1147 2819 deni·

105 2859 187 2900 que
207 2848 305 2898 quia
327 2845 486 2885 confert
512 2849 557 2883 ut
579 2844 794 2883 minuatur
809 2842 984 2881 affectus
1005 2854 1146 2882 rerum

104 2909 413 2961 temporalium,
435 2909 475 2945 et
490 2905 765 2945 transferatur
795 2904 849 2943 ad
881 2903 1144 2954 spirituales;

105 2970 182 3012 sed
203 2971 288 3008 haec
305 2968 445 3007 omnia
464 2967 587 3008 efficit
606 2966 788 3018 perfecte
818 2965 975 3004 dictum
1004 2969 1145 3005 votum

104 3030 376 3087 paupertatis,
396 3033 437 3068 et
456 3042 478 3068 e
498 3028 703 3068 contrario
720 3028 822 3065 nihil
843 3028 901 3066 eis
923 3028 1057 3066 obstat
1077 3027 1146 3065 illa

105 3092 282 3135 retentio
303 3090 494 3138 dominii,
510 3101 636 3140 quam
655 3089 738 3128 tale
756 3091 895 3127 votum
914 3088 1113 3139 permittit
1130 3102 1145 3137 ;

106 3166 206 3208 ergo
234 3153 327 3193 talis
362 3155 588 3203 paupertas
627 3162 711 3189 non
741 3150 876 3189 solum
907 3149 1057 3189 sufficit
1091 3148 1146 3190 ad

106 3222 259 3259 statum
278 3215 535 3267 religiosum,
558 3218 765 3264 quatenus
790 3215 854 3251 est
887 3216 1015 3251 status
1049 3223 1145 3263 per-

109 3279 296 3320 fectionis
317 3276 581 3328 acquirendae
603 3305 613 3323 ‚
648 3275 722 3314 sed
749 3274 874 3314 etiam
896 3274 950 3313 ad
977 3286 1146 3313 omnem

107 3340 394 3382 excellentiam
445 3340 486 3378 et
525 3336 826 3389 perfectionem
869 3335 972 3387 ejus.
1014 3335 1146 3386 Major

109 3399 338 3443 certissima
360 3403 422 3440 est
449 3412 500 3439 ex
520 3398 705 3438 doctrina
735 3399 783 3437 D.
809 3398 976 3437 Thomae
1004 3398 1143 3446 citata,

109 3468 255 3520 quaest.
276 3463 366 3511 186,
388 3465 464 3502 art.
483 3461 524 3510 3,
540 3473 632 3512 quae
654 3460 697 3499 in
717 3464 830 3500 tomo
851 3459 1053 3511 superiori
1073 3458 1139 3498 de-

109 3526 262 3566 clarata
296 3529 372 3564 est.
401 3523 536 3564 Minor
567 3525 695 3575 patet,
721 3522 818 3573 quia
843 3520 1146 3560 administratio

109 3587 253 3627 talium
269 3587 493 3634 bonorum,
515 3588 558 3625 et
577 3597 676 3624 usus
693 3595 836 3624 eorum
857 3587 902 3622 ut
913 3583 1142 3634 proprium,

109 3660 194 3690 non
228 3652 371 3690 manet
399 3648 443 3689 in
470 3647 682 3691 voluntate
708 3646 803 3687 talis
829 3644 1035 3697 religiosi,
1070 3643 1145 3687 sed

487 254 564 288 Lm.
588 252 644 287 lv.
667 248 720 287 1)ss
741 250 866 288 vo'ns
883 250 1136 289 mmmm
1157 254 1396 290 camuris
1417 252 1786 299 mammarum,
1808 256 1919 294 Em
2308 295 2313 307 .=

195 322 262 364 12.
294 319 467 373 Objectz'o
486 322 626 360 contra
640 319 871 373 proximam
889 321 1102 362 rationem
1117 320 1176 352 ἡ
1227 323 1290 362 sui
1314 321 1548 373 Superioris
1560 334 1576 370 ς’
1594 333 1695 374 ergo
1713 332 1796 373 por
1813 333 1861 362 se
1880 322 2050 365 *minam
2064 326 2272 369 annianus„

1225 383 1380 431 dinem,
1413 395 1552 435 neque
1571 384 1837 424 occasionem
1855 383 2177 437 autperieulum
2200 389 2262 431 at&
2320 399 2323 426 ῑ

1223 444 1333 484 ferre
1366 449 1543 495 possunt
1571 445 1751 494 subdito,
1775 446 1810 485 si
1829 449 1971 485 votum
1993 459 2132 500 suum,
2156 451 2269 494 sicut*

1224 509 1404 554 tenetur,
1428 506 1644 555 observet;
1669 519 1768 560 ergo
1785 507 1888 547 illud
1906 508 2142 550 dominium
2155 512 2265 554 nihi}

1223 572 1358 619 potest
1378 567 1622 619 perfectioni
1651 569 1917 620 acquirendae
1944 571 2123 612 obstare.
2152 573 2261 613 61111-

1223 630 1412 670 firmatur
1430 630 1581 681 primo,
1605 631 1702 682 qnia
1723 632 1801 670 hac
1817 632 1980 672 ratione
2005 633 2264 684 dominium,⁴

1224 691 1336 743 quod
1362 693 1424 730 est
1455 691 1498 731 in
1535 693 1832 732 communitate
1871 693 2010 743 aliqua
2046 695 2254 747 religiosa,

1221 766 1307 793 non
1334 753 1485 792 minuit
1511 754 1808 804 perfectionem
1841 754 2100 807 singulorum
2117 785 2127 805 ,
2158 756 2262 807 quia

1220 827 1305 854 non
1326 818 1500 865 generat
1516 814 1558 853 in
1579 815 1638 854 eis
1658 816 1993 866 sollicitudinem,
2012 821 2084 856 aut
2111 828 2259 858 curam

1220 876 1528 928 particularem,
1549 888 1598 915 eo
1626 877 1739 928 quod
1775 890 1913 929 neque
1951 879 2262 919 administratio

1221 938 1275 978 ad
1295 950 1367 978 eos
1387 939 1580 990 pertinet,
1601 951 1739 990 neque
1761 940 1887 979 etiam
1905 953 2020 989 usus,
2047 940 2135 980 nisi'
2157 953 2260 993 qua-

1219 1003 1341 1039 tenus
1374 1012 1398 1039 a
1418 1000 1641 1051 Superiore
1668 1001 1924 1050 conceditur,
1954 1006 2000 1042 nt
2029 1002 2172 1042 docuit
2202 1004 2264 1044 D.‘

1217 1061 1398 1101 Thomas
1421 1063 1461 1100 2.
1487 1063 1513 1100 2
1530 1092 1540 1108 ‚
1572 1066 1719 1112 quaest.
1744 1063 1971 1101 centesima
1997 1065 2256 1115 octogesima

1219 1126 1375 1172 octava,
1395 1127 1470 1162 art.
1491 1125 1530 1162 7.
1551 1123 1631 1163 Sed
1652 1123 1895 1175 praedictum
1909 1124 2142 1163 dominium
2163 1138 2256 1176 par-

1218 1183 1388 1224 ticulare
1423 1185 1591 1224 omnino
1618 1185 1862 1236 dependens
1890 1198 1916 1224 a
1939 1187 2150 1225 voluntate
2177 1187 2256 1226 Su-

1217 1247 1406 1297 perioris,
1427 1247 1613 1286 similiter
1630 1259 1713 1286 non
1729 1247 1915 1295 impedit,
1933 1252 1977 1286 ut
1995 1247 2255 1287 declaratum

1218 1311 1307 1354 est;
1331 1319 1470 1358 neque
1506 1319 1558 1343 ex
1578 1317 1622 1344 se
1654 1305 1811 1344 inducit
1830 1306 2113 1346 inordinatum
2141 1320 2256 1350 amo-

1215 1376 1306 1405 rem
1325 1366 1614 1416 temporalem,
1633 1377 1727 1405 cum
1747 1367 1910 1407 ratione
1928 1368 2009 1407 voti
2046 1372 2256 1420 supponat

1216 1426 1430 1466 hominem
1465 1432 1656 1478 paratum
1688 1425 1743 1466 ad
1774 1428 2095 1479 relinquendum
2131 1431 2249 1479 illud,

1215 1489 1378 1540 quoties
1401 1488 1600 1541 Superior
1626 1489 1946 1541 praescripserit;
1970 1503 2068 1541 ergo
2104 1492 2252 1531 eadem

1216 1551 1377 1590 ratione
1399 1562 1480 1589 non
1502 1551 1691 1602 impedit,
1711 1563 1848 1602 neque
1869 1553 2016 1591 minuit
2037 1553 2252 1603 perfectio-

1215 1625 1327 1652 nem.
1352 1612 1627 1652 Confirmatnr
1648 1613 1849 1661 secundo,
1879 1615 1974 1664 quia
1998 1614 2099 1652 illud
2120 1615 2254 1654 domi-

1214 1675 1331 1714 nium
1351 1679 1413 1714 est
1431 1675 1559 1713 veluti
1579 1675 1864 1723 materialiter,
1887 1681 1933 1714 ut
1953 1676 2010 1714 sic
2034 1676 2186 1724 dicam,
2206 1677 2251 1715 in

1213 1737 1285 1776 tali
1315 1747 1510 1788 persona,
1539 1747 1610 1776 seu
1639 1737 1695 1775 ita
1727 1736 1900 1788 ligatum
1919 1749 1997 1788 per
2013 1742 2172 1786 votum,
2203 1741 2252 1777 ut:

1213 1810 1299 1838 non
1330 1798 1483 1837 habeat
1517 1799 1601 1837 vim
1632 1798 1788 1848 aliquid
1812 1799 1988 1850 agendi;
2011 1800 2123 1850 quod
2143 1799 2248 1839 adeo

1211 1872 1355 1899 verum
1378 1864 1453 1908 est,
1478 1860 1580 1899 utin
1597 1860 1754 1910 regulis
1783 1860 2046 1899 Provincialis
2068 1862 2251 1901 Societa-

1210 1922 1261 1962 tis
1277 1953 1290 1971 ,
1322 1932 1413 1973 cap.
1447 1922 1607 1961 decimo
1622 1952 1631 1969 ‚
1655 1922 1698 1960 in
1725 1921 1824 1969 fine,
1846 1922 2008 1961 dicatur
2026 1934 2040 1962 t
2060 1923 2248 1965 Etiamsi

1207 1984 1442 2036 quibusdam
1461 1984 1514 2024 ad
1533 1988 1684 2034 tempas
1700 1984 1930 2034 proprietas
1947 1984 2131 2023 bonorum
2150 1989 2248 2026 tem-

1205 2046 1411 2096 poralium
1435 2048 1711 2097 permittatur,
1737 2057 1854 2085 usum
1882 2049 2014 2085 tamen
2037 2057 2171 2086 eorum
2195 2048 2252 2091 ad

1205 2108 1414 2160 propriam
1448 2108 1668 2148 utilitatem
1699 2107 1804 2146 nulli
1829 2118 1910 2147 esse
1946 2108 2244 2148 concedendum.

1208 2169 1288 2208 Cur
1307 2181 1406 2220 ergo
1430 2168 1524 2207 talis
1545 2168 1777 2220 proprietas
1798 2167 2098 2218 perfectionem
2116 2169 2248 2220 impe-

1208 2230 1293 2270 diet
1307 2233 1324 2269 2
1340 2232 1469 2270 Omne
1490 2230 1599 2269 enim
1620 2229 1972 2280 impedimentum
2000 2241 2051 2269 ex
2082 2231 2248 2271 actione

1207 2292 1361 2343 aliqua,
1386 2296 1430 2331 ut
1451 2295 1513 2331 est
1532 2303 1648 2339 usus,
1672 2291 1972 2330 administratio
1987 2321 1996 2338 ‚
2019 2294 2119 2340 etc.,
2150 2303 2248 2343 pro-

1206 2356 1334 2394 venit.
1357 2353 1557 2401 Quocirca
1590 2354 1743 2404 optime
1769 2352 1836 2392 hic
1868 2353 2088 2404 approbari
2109 2357 2245 2405 potest

1206 2416 1308 2455 illud
1328 2415 1528 2466 Apostoli,
1549 2417 1566 2455 t
1593 2415 1645 2453 ad
1666 2414 1848 2454 Corinth.
1867 2417 1890 2454 7
1908 2426 1918 2453 ε
1937 2416 2150 2467 Reliquum
2167 2419 2241 2463 est,

1204 2481 1251 2518 ut
1276 2476 1344 2529 qui
1376 2477 1529 2525 habent,
1560 2480 1751 2529 tanquam
1770 2487 1850 2516 noa
1868 2476 2053 2516 habentes
2081 2476 2191 2524 sint&
2206 2480 2247 2518 et

1204 2541 1272 2593 qui
1305 2542 1465 2586 ornant,
1503 2543 1694 2591 tanquam
1727 2549 1806 2579 non
1830 2539 2073 2591 possidentes
2083 2544 2150 2584 :et
2172 2540 2244 2591 qui

1201 2605 1374 2642 utuntur
1386 2602 1459 2641 hoc
1474 2603 1634 2650 mundo,
1649 2605 1841 2652 tanquam
1860 2611 1939 2639 non
1955 2603 2138 2638 utantur.
2156 2601 2244 2639 Hoc

1201 2664 1315 2703 enim
1343 2662 1562 2702 consilium
1596 2674 1682 2700 non
1713 2661 1850 2699 solnm
1885 2660 1927 2697 in
1956 2659 2138 2708 affectu,
2167 2660 2241 2700 sed

1202 2725 1326 2763 etiam
1346 2724 1389 2761 in
1410 2723 1559 2761 effectu
1583 2722 1772 2771 implent,
1795 2719 1869 2771 qui
1900 2719 1957 2758 ita
1991 2720 2147 2770 aliquid
2167 2721 2243 2762 ha-

1199 2784 1314 2831 bent,
1338 2787 1383 2822 ut
1400 2782 1562 2821 ratione
1583 2782 1666 2819 voti
1684 2781 1753 2819 illo
1772 2780 1830 2819 uti
1852 2791 1936 2819 non
1957 2781 2139 2832 valeant,
2161 2794 2246 2823 neo

1199 2841 1295 2888 frui,
1313 2854 1392 2882 nec
1409 2843 1606 2893 retinere,
1625 2841 1703 2882 nisi
1721 2845 1929 2895 quatenus
1956 2842 2009 2883 ab
2035 2843 2116 2884 alio
2143 2856 2240 2886 oon-

1200 2904 1375 2944 ceditur.

1253 2968 1272 3005 1
1280 2967 1317 3005 3.
1335 2964 1395 3005 Ill
1399 2966 1582 3005 astratur
1591 2964 1766 3006 alterius
1778 2965 1873 3007 data
1884 2965 2076 3008 resolutio
2089 2966 2240 3019 optima

1199 3027 1481 3068 similitudine.
1521 3039 1575 3056 -·
1611 3026 1730 3072 Quod
1777 3028 1949 3066 ulterius
2002 3014 2250 3093 declaratur?

1200 3088 1391 3139 exemplo
1414 3088 1579 3136 uxoris,
1601 3088 1653 3127 de
1673 3100 1755 3139 qua
1774 3088 1816 3127 in
1835 3089 2073 3140 particulari
2094 3090 2238 3141 loque-

1198 3149 1323 3189 batur
1353 3149 1504 3188 Paulus
1531 3150 1573 3189 in
1607 3150 1740 3189 citatis
1769 3150 1923 3198 verbis,
1957 3150 2131 3191 dicens:
2161 3151 2243 3200 Qui*

1199 3213 1343 3253 habent
1366 3223 1509 3252 uxores
1527 3243 1540 3261 ‚
1577 3216 1771 3264 tanquam
1805 3223 1887 3253 non
1921 3213 2104 3254 habentes
2137 3214 2233 3256 sint.

1201 3273 1319 3320 Quod
1340 3274 1495 3313 dictum
1517 3274 1612 3313 licet
1633 3274 1687 3313 ad
1707 3286 1853 3314 omnes
1879 3276 2126 3328 conjugatos
2147 3286 2237 3316 res-

1199 3336 1321 3388 piciat
1338 3337 1472 3386 magis
1492 3336 1685 3375 affectum
1703 3348 1828 3387 quam
1845 3337 2054 3386 effectum,
2069 3337 2238 3389 properie

1200 3398 1383 3447 omnino,
1405 3398 1501 3437 etin
1517 3398 1666 3436 effectu
1683 3398 1922 3438 verificatur
1935 3399 1976 3437 in
1993 3401 2232 3450 conjugato,

1199 3458 1269 3510 qui
1286 3463 1380 3510 post
1394 3464 1728 3499 consummatum
1747 3460 2057 3500 matrimonium
2070 3459 2238 3499 vivente

1199 3532 1330 3560 uxore
1364 3521 1415 3561 de
1447 3521 1631 3571 legitima
1668 3522 1834 3578 licentia)
1862 3522 1955 3573 ejus
1987 3521 2237 3572 hang-ionem
2269 3567 2273 3571 ,

1198 3582 1436 3634 profitetur;
1461 3582 1506 3623 in
1527 3584 1597 3623 illo
1618 3584 1729 3623 enim
1748 3583 1960 3624 vincutum
1979 3579 2238 3623 matrimonii

1198 3643 1406 3697 integrum
1424 3647 1568 3687 manet
1586 3675 1598 3695 ,
1631 3646 1745 3687 etita
1762 3644 2242 3699 quoaoproprietatem,

2338 638 2347 657 ,t

2336 664 2343 680 s,
