2352 3880
450 219 546 261 m.
565 220 609 261 v.
629 219 685 259 111
704 190 1010 260 munituna
1028 217 1271 270 exactum.
1285 219 1347 266 er
1366 219 1523 258 emm
1541 219 1640 263 omn
1659 218 1765 264 sin-r,
1785 219 1877 257 erc.

56 259 73 276 r
94 253 115 274 ’.’
135 252 140 260 “

169 285 307 338 divino
321 284 540 339 obsequio,
559 299 585 345 a
607 287 718 329 bono
735 287 882 339 spiritu
912 298 1078 341 aspere,
1105 297 1133 329 a

59 350 69 398 ἶ
92 346 220 397 thino
229 349 383 391 blande
399 353 441 390 et
454 347 636 390 suaviter
647 352 838 391 movetur
857 360 871 396 ς
897 359 997 391 nam
1020 349 1132 392 utet·-

92 423 191 467 ,que
213 409 380 464 spiritus
409 409 585 452 intendit
602 409 671 454 vel
700 413 863 455 mutare
893 410 1074 466 animum
1105 417 1134 451 ιι

62 484 65 486 ·
96 471 373 526 *dispositione
387 471 464 513 sibi
486 470 706 519 contraria,
725 470 795 512 vel
829 482 1075 522 promovere
1089 469 1133 513 in

63 534 183 587 inibi
203 534 426 581 consor-mh
457 533 632 576 mutatio
665 535 807 574 autem
825 532 895 574 illa
926 532 1132 576 ordinarie

83 590 275 648 r'requirit
288 595 608 636 commotionem
628 597 669 636 ot
684 594 947 645 asperitatem
970 607 981 642 ;
1002 593 1131 638 conti-

57 710 60 711 7
81 651 244 699 ssnuatio
279 660 434 705 sutem,
466 655 533 696 vel
570 655 776 707 promotio
807 655 851 697 in
871 656 956 697 vita
990 655 1129 704 simili,

85 718 268 760 ,suavius
301 716 362 757 fit.
393 717 496 759 Item
527 716 626 768 quia
645 747 659 766 ‚
687 716 790 758 dum
820 716 948 760 homo
977 716 1131 761 resistit

75 781 209 823 'bono
229 779 404 831 spiritui,
426 782 620 832 respectu
649 778 758 819 illius
795 778 956 831 indiget
990 791 1132 833 repre-

84 830 318 890 ¹honsione,
348 844 390 881 et
421 852 570 893 aspera
597 841 812 889 motione;
850 844 991 883 temen
1021 841 1056 882 si
1090 838 1133 883 ei

99 902 279 951 obediat,
300 904 485 942 meretur
520 902 857 949 consolationem,
885 905 928 942 et
956 913 1127 945 suavem

97 964 428 1018 promotionem;
445 967 487 1004 et
503 974 528 1003 e
547 964 753 1004 contrario
788 963 949 1004 daemon
966 964 1011 1003 in
1031 974 1129 1003 eum

98 1026 169 1079 qui
188 1025 336 1067 crescit
352 1026 395 1064 in
413 1025 523 1066 bono
539 1029 740 1076 tanquam
759 1025 801 1064 in
818 1025 978 1065 hostem
996 1025 1130 1065 insur-

97 1091 171 1141 git,
193 1090 233 1128 et
262 1087 308 1127 in
330 1087 583 1127 contrarium
609 1087 768 1128 duriter
790 1086 991 1138 impellit;
1013 1085 1055 1125 in
1076 1097 1129 1126 eo

96 1161 197 1189 vero
223 1150 294 1201 qui
314 1149 532 1201 negligens
553 1153 630 1197 est,
653 1148 842 1199 quiescit,
878 1151 919 1187 et
946 1147 1128 1188 suaviter

98 1210 215 1251 illum
233 1214 388 1260 movet,
406 1215 452 1251 ut
470 1212 514 1251 in
531 1223 582 1251 eo
611 1214 721 1250 statu
742 1213 1011 1261 permaneat;
1034 1221 1127 1259 quae

97 1277 160 1313 est
179 1274 335 1324 optima
354 1274 608 1324 conjectura,
622 1271 718 1311 licet
730 1283 814 1311 non
830 1271 1068 1312 infallibilis.
1082 1272 1129 1311 In

97 1344 180 1386 qua
204 1335 328 1374 etiam
354 1338 416 1374 est
432 1333 748 1380 advertendum,
770 1333 993 1384 quodlicet
1012 1345 1064 1373 ex
1077 1345 1128 1372 ea

97 1396 163 1434 vel
188 1408 238 1434 ex
272 1395 363 1434 aliis
385 1399 547 1436 constet
578 1395 809 1435 motionem
841 1405 932 1434 esse
963 1405 988 1433 a
1015 1393 1126 1434 bono

97 1457 258 1509 spiritu,
283 1461 468 1497 attamen
485 1469 568 1496 non
598 1460 735 1508 potest
765 1456 818 1496 ab
849 1456 1017 1497 homine
1056 1468 1127 1496 co-

97 1520 257 1571 gnosci,
278 1531 332 1558 an
352 1519 404 1558 sit
420 1519 658 1558 immediate
674 1530 699 1557 8
718 1519 820 1568 Deo,
844 1529 898 1557 an
917 1518 1129 1558 mediante

98 1582 276 1634 Ange103
298 1581 397 1632 quia
413 1592 508 1620 cum
529 1581 697 1630 spiritus
713 1584 875 1620 creatus
901 1580 1030 1631 possit
1049 1580 1130 1619 hoc

97 1643 221 1683 modo
241 1644 454 1682 hominem
475 1653 658 1691 movere,
678 1641 780 1681 nihil
799 1641 841 1680 in
861 1653 912 1682 eo
934 1640 1130 1693 relinqui-

97 1708 167 1744 tur
186 1704 314 1758 (quod
329 1703 486 1744 homini
516 1703 664 1744 saltem
693 1707 839 1743 notum
860 1701 925 1754 sit)
949 1703 1008 1745 ita
1034 1714 1127 1756 pro-

97 1767 234 1819 prium
251 1767 348 1815 Deo,
369 1770 415 1806 ut
434 1779 486 1808 ex
505 1765 575 1806 illo
596 1764 835 1806 discernere
853 1764 986 1817 possit
1002 1764 1129 1805 homo

97 1840 152 1868 an
181 1828 295 1868 Deus
313 1829 400 1880 ipse
431 1827 677 1867 immediate
704 1830 883 1867 moveat.
914 1826 1133 1866 Verumta-

97 1900 194 1931 men
211 1888 246 1928 si
263 1888 433 1930 aliunde
449 1892 611 1929 constet
628 1887 855 1928 motionem
873 1898 1002 1928 essee
1018 1887 1131 1927 hono

98 1950 260 2004 spiritu,
300 1949 359 1991 ad
386 1949 569 1991 morales
606 1949 792 1990 actiones
819 1959 971 2001 parum
1004 1948 1134 1989 refert

97 2012 208 2065 quod
223 2012 349 2053 motio
368 2012 421 2052 sit
439 2011 680 2052 immediata
693 2023 718 2050 a
732 2011 833 2057 Deo,
846 2009 911 2050 vel
921 2008 1134 2050 mediante

97 2074 256 2126 Angelo
275 2072 463 2123 custode,
483 2071 584 2123 quia
600 2071 668 2111 hic
686 2082 855 2122 semper
876 2075 1076 2123 operatur
1086 2072 1133 2108 ut

96 2135 284 2176 minister
301 2134 393 2182 Dei,
416 2135 587 2186 etjuxta
604 2133 715 2173 illius
729 2133 986 2174 voluntatem
1004 2132 1034 2171 ¹.

151 2198 215 2237 38.
246 2195 332 2239 Aut
347 2197 468 2237 etiam
486 2206 536 2236 w
546 2199 669 2248 parte
684 2195 790 2235 modi
810 2204 915 2236 mero
933 2191 1134 2245 ipio-itua-

99 2256 231 2298 lis.-—
253 2259 306 2298 At
324 2268 423 2298 vero
443 2269 467 2296 e
489 2267 692 2298 converso
714 2254 915 2308 contingit
933 2254 978 2295 in
995 2258 1133 2306 poste-

97 2318 193 2360 riori
210 2318 350 2369 modo,
366 2330 465 2359 nam
484 2318 519 2358 si
532 2318 603 2358 ille
619 2316 750 2358 semel
768 2320 1058 2368 cognoscatur,
1080 2327 1134 2357 ex

97 2380 168 2421 illo
187 2381 342 2434 optime
361 2379 613 2432 intelligetur
630 2381 762 2420 Deum
779 2389 870 2419 esse
890 2378 961 2430 qui
974 2382 1131 2427 movet;

98 2447 268 2490 nam‚ut
285 2442 623 2494 praenotavimus,
639 2441 735 2482 18115
750 2439 876 2481 motio
892 2440 1133 2481 immediate

99 2506 142 2544 in
165 2505 421 2558 superiorem
440 2509 604 2556 partem
621 2503 787 2551 animae,
804 2501 951 2543 divinoe
971 2501 1134 2543 virtutis

100 2570 161 2607 est
177 2566 370 2618 propria;
395 2566 523 2619 igitur
561 2577 614 2606 ex
642 2565 715 2607 illa
738 2569 940 2617 tanquam
964 2575 1016 2604 ex
1036 2577 1135 2617 pro-

100 2628 188 2682 prio
207 2629 356 2669 effectu
386 2631 663 2681 cognoscetur
703 2632 840 2668 motor
872 2627 1049 2667 divinus.
1070 2628 1136 2668 Di-

100 2702 192 2732 ces:
212 2690 460 2730 illuminatio
471 2690 730 2740 Angelorum
742 2689 852 2729 inter
869 2700 916 2729 se
935 2694 1000 2730 est
1018 2700 1135 2732 mere

101 2750 339 2804 spiritualis,
361 2755 404 2792 et
425 2752 698 2792 nihilominus
734 2762 819 2792 non
843 2751 893 2790 fit
911 2762 935 2790 a
953 2751 1039 2792 Deo
1057 2751 1135 2791 im-

101 2814 302 2864 mediate,
323 2813 400 2854 sed
428 2813 578 2853 mediis
607 2812 890 2866 superioribus
922 2812 1139 2854 descendit

101 2875 156 2916 ad
173 2876 405 2916 inferiores.
428 2875 736 2927 Respondetur‚
757 2875 930 2917 modum
961 2876 1070 2915 illius
1091 2875 1137 2914 il-

100 2937 386 2978 luminationis
410 2937 668 2989 incognitum
704 2936 825 2977 nobis
853 2946 959 2985 esse,
982 2942 1022 2977 et
1042 2937 1137 2978 ideo

101 3011 187 3040 non
206 3011 330 3052 posse
345 2997 399 3038 ah
418 2998 488 3039 illo
504 3000 610 3039 sumi
630 3003 923 3052 argumentum
936 3010 946 3046 ;
960 2999 1136 3040 fortasse

77 3081 80 3084 ⁴
104 3061 217 3102 enim
237 3073 324 3102 non
339 3065 402 3102 est
417 3073 494 3113 per
511 3061 774 3102 efficientiam
792 3061 917 3100 unius
931 3062 1078 3114 Angeli
1094 3063 1137 3102 in

103 3123 256 3173 alium3
276 3123 320 3162 hi
338 3126 478 3163 autem
500 3123 687 3173 effectus,
708 3123 761 3163 de
787 3123 938 3174 quibus
958 3124 1134 3175 agimus,

102 3195 190 3224 non
218 3184 326 3224 fiunt
358 3183 448 3224 sine
474 3184 694 3224 efficientia
729 3184 837 3223 circa
853 3184 991 3235 ipsum
1007 3185 1138 3226 homi-

104 3256 228 3295 1101ος
254 3245 322 3286 vel
354 3249 481 3294 certe,
504 3246 540 3286 si
566 3246 704 3298 aliqua
739 3245 960 3285 efficientia
990 3245 1035 3286 in
1065 3247 1139 3288 illa

107 3305 413 3347 illuminatione
433 3306 669 3356 intervenit,
688 3307 742 3347 ad
757 3319 968 3347 summum
988 3311 1050 3348 est
1066 3309 1140 3350 ali-

107 3369 228 3425 cujus
248 3368 403 3421 speciei
435 3367 719 3420 intelligibilis,
737 3369 908 3409 omnino
927 3368 1141 3412 abstractae

159 3490 175 3518 ¹
192 3492 253 3533 De
271 3492 352 3532 1100
372 3492 623 3532 documento
649 3492 744 3532 vide
763 3504 854 3543 quae
871 3492 995 3533 tradit
1012 3493 1139 3534 Atha-

108 3553 266 3604 nasius,
285 3553 329 3593 in
347 3554 440 3594 Vita
461 3555 503 3594 S.
525 3554 707 3604 Antonii,
726 3554 840 3606 apud
868 3554 962 3595 Sur.
995 3556 1046 3596 17
1071 3556 1140 3597 Ja-

90 3610 256 3664 ''nuarii,
275 3613 302 3668 g
318 3615 554 3667 Nuch'am.

2109 216 2209 261 1031

1187 288 1231 327 et
1241 285 1559 339 independentls
1572 271 1625 327 ab
1635 287 1808 339 obJectis
1823 283 2106 335 sensibilium
2124 297 2213 337 qum

1186 347 1348 398 species
1363 347 1449 389 'non
1466 351 1604 400 potest
1622 348 1715 391 fieri
1747 348 1795 389 in
1822 348 1963 391 anima
1993 347 2214 400 conjuncta

1185 409 1366 461 corpori,
1380 410 1559 453 naturali
1572 410 1737 459 virtute,
1749 413 1792 450 et
1807 410 1902 453 ideo
1921 410 1956 453 si
1971 410 2112 462 aliqua
2127 409 2215 459 illu-

1185 470 1357 514 minatio
1378 471 1444 511 vel
1463 472 1590 513 motio
1613 472 1658 514 in
1687 472 1768 513 hac
1798 472 1884 514 vita
1913 472 2153 516 immediate
2170 471 2217 531 fit

1185 530 1230 574 iu
1247 532 1475 582 intellectu,
1495 533 1562 573 vel
1574 533 1786 575 voluntate
1813 533 2009 582 hominis,
2032 533 2123 577 sine
2141 533 2218 578 du-

1183 591 1253 636 hio
1277 597 1340 634 est
1369 593 1608 634 immediate
1635 594 1690 636 ab
1722 594 1813 647 ipso
1845 596 1948 643 Deo,
1981 595 2216 648 praesertim

1182 655 1282 706 quia
1300 667 1385 695 non
1406 655 1510 697 sistit
1527 655 1572 695 in
1591 654 1691 710 ipsis
1715 655 1948 706 speciebus,
1969 657 2044 697 sed
2073 658 2216 700 immo-

1185 715 1295 758 diate
1322 720 1512 758 versatur
1543 716 1654 762 circa
1690 720 1808 759 actus
1835 717 2042 759 secundos
2067 718 2216 762 intelli-

1183 778 1325 830 gendi,
1333 778 1574 830 judicando,
1587 778 1654 819 vel
1670 778 1818 821 saltem
1837 779 2214 830 apprehendendo;

1182 844 1226 880 et
1247 840 1485 891 voluntatis,
1501 839 1698 888 amande,
1722 839 1923 889 timendo,
1945 843 2042 890 etc.‚
2069 841 2218 886 saltem

1181 913 1260 955 per
1276 906 1391 942 actus
1410 902 1619 954 simplices
1637 913 1712 942 seu
1730 901 2013 954 imperfectos.

1237 962 1304 1004 39.
1335 963 1496 1016 Reyula
1514 964 1568 1005 B.
1594 963 1755 1019 Ignatii
1776 976 1850 1016 pro
1868 959 2125 1008 discernenda
2137 972 2218 1006 mo-

1183 1024 1288 1066 tione
1305 1037 1409 1066 ‘mere
1434 1026 1658 1077 spirituali.
1674 1046 1728 1086 χ·-
1743 1025 1986 1078 Difficultas
2006 1024 2125 1068 dictos
2153 1037 2219 1068 re·

1183 1086 1303 1138 yuloe.
1338 1108 1390 1117 -
1414 1086 1639 1127 Difficultas
1674 1090 1816 1127 autem
1852 1086 1960 1126 circa
1994 1086 2107 1127 hunc
2131 1097 2219 1127 mo-

1183 1147 1284 1187 dum
1307 1152 1369 1188 est
1397 1148 1445 1187 in
1465 1148 1769 1200 cognoscendo,
1795 1147 1962 1200 quando
1981 1147 2073 1188 haec
2091 1148 2219 1190 motio

1181 1212 1265 1250 tarn
1287 1209 1449 1257 intima,
1470 1214 1640 1262 tamque
1656 1210 1946 1250 intellectualis
1968 1213 2009 1250 et
2028 1209 2219 1261 spiritua-

1181 1270 1232 1311 lis
1247 1271 1310 1310 sit.
1325 1272 1372 1320 Et
1386 1272 1479 1311 ideo
1499 1271 1553 1311 ad
1574 1272 1650 1310 hoc
1667 1270 2014 1323 dignoscendum,
2028 1275 2219 1313 octavam

1181 1333 1371 1384 regulam
1386 1333 1579 1384 posuitB.
1593 1333 1724 1383 Ignat.
1742 1333 1805 1372 his
1818 1332 1976 1372 verbis:
1990 1331 2131 1374 Solius
2142 1333 2220 1375 Dei

1181 1398 1242 1436 est
1265 1395 1463 1435 consolari
1478 1396 1672 1442 animam,
1695 1395 1811 1435 nulla
1824 1395 2063 1446 praecedente
2085 1405 2221 1435 conso-

1182 1457 1350 1499 lationis
1365 1468 1501 1503 causa,
1521 1467 1609 1499 oum
1625 1456 1684 1498 sit
1703 1457 1773 1498 hoo
1790 1457 2000 1507 proprium
2018 1454 2221 1497 Creatoris

1180 1530 1296 1559 suum
1316 1519 1473 1569 iuqredi
1503 1523 1745 1562 creaturam,
1780 1522 1817 1558 et
1834 1517 1953 1559 illam
1971 1517 2019 1557 iu
2048 1529 2221 1558 amorem

1181 1581 1249 1621 sui
1270 1584 1394 1621 totam
1415 1583 1651 1628 convertere,
1673 1579 1831 1621 trahere
1862 1582 1899 1620 et
1926 1582 2084 1619 mutare
2094 1594 2111 1624 ‚·
2130 1589 2222 1621 oau-

1177 1653 1269 1682 sam
1315 1652 1406 1683 ‘cero
1447 1642 1670 1695 praecedere
1704 1641 1861 1683 nullam
1896 1643 1990 1681 tunc
2031 1639 2219 1690 dicimus,

1182 1704 1338 1755 quando
1364 1714 1433 1744 nec
1449 1704 1643 1751 sensibus,
1662 1713 1733 1744 neo
1762 1702 2001 1751 intellectui,
2017 1713 2138 1754 neque
2155 1713 2222 1742 vo-

1183 1763 1339 1805 luntati
1375 1767 1521 1806 nostrae
1552 1765 1770 1819 quidquam
1799 1764 1993 1816 objectum
2026 1767 2099 1812 est,
2120 1764 2224 1816 quod

1183 1824 1414 1877 hujusmodi
1433 1828 1735 1868 consolationem
1756 1837 1923 1869 causare
1938 1826 2084 1879 possit.
2114 1825 2223 1872 Quo·-

1185 1898 1280 1927 rum
1311 1887 1536 1927 verborum
1566 1887 1885 1939 intelligentiam
1921 1886 2087 1928 facilem
2128 1897 2222 1928 esse

1186 1959 1271 1988 non
1293 1944 1495 1988 existimo.
1518 1950 1639 1996 Nam,
1651 1953 1698 1988 ut
1711 1949 1836 1999 paulo
1854 1948 2045 1999 superius
2063 1948 2108 1987 in
2121 1959 2223 1999 qua·

1187 2008 1285 2051 dam
1305 2010 1426 2049 tertia
1440 2009 1589 2061 regula
1604 2009 1768 2057 dicitur,
1783 2010 2012 2051 consolatio
2033 2009 2223 2062 spiritua·

1184 2070 1238 2111 lis
1260 2075 1339 2118 est,
1362 2071 1529 2122 quando
1559 2071 1698 2110 anima
1714 2070 1789 2111 Dei
1811 2082 1955 2111 amore
1971 2070 2220 2119 exardescit,

1184 2131 1356 2185 quando
1375 2133 1539 2174 interna
1561 2132 1700 2172 laetitia
1724 2133 2000 2185 perfunditur,
2023 2145 2116 2184 quas
2134 2132 2224 2175 ani-

1185 2206 1303 2235 mum
1320 2193 1375 2236 ad
1405 2194 1588 2244 studium
1614 2195 1774 2243 salutiS,
1794 2195 1861 2234 vel
1889 2194 1944 2234 ad
1977 2195 2159 2246 quietem
2180 2197 2223 2234 et

1179 2267 1334 2310 pacem
1355 2267 1452 2296 cum
1485 2256 1575 2297 Deo
1611 2256 1863 2305 habendam,
1884 2257 2112 2299 faciliorem
2130 2255 2223 2299 red·-

1184 2318 1257 2359 dit.
1281 2319 1378 2359 Haec
1393 2322 1534 2359 81110111
1549 2317 1617 2359 vel
1635 2318 1781 2359 similis
1797 2319 2026 2362 consolatio
2047 2331 2132 2359 non
2149 2329 2223 2369 po-

1179 2384 1268 2422 test
1282 2380 1371 2422 fieri
1390 2380 1434 2419 in
1448 2380 1569 2420 nobis
1582 2380 1670 2421 51110
1687 2391 1829 2428 causa,
1844 2381 1993 2421 saltem
2009 2380 2222 2421 intellectu

1186 2442 1465 2494 apprehensa,
1480 2442 1578 2493 quia
1597 2454 1682 2482 non
1699 2446 1836 2495 potest
1853 2442 2010 2484 moveri
2031 2442 2220 2489 affectus,

1186 2502 1267 2544 nisi
1290 2503 1428 2545 medio
1449 2503 1688 2555 intellectu3
1705 2505 1915 2556 quomodo
1930 2516 2030 2557 ergo
2047 2503 2223 2556 intelligi

1188 2569 1326 2618 potest
1340 2569 1439 2605 tunc
1459 2566 1618 2605 nullam
1634 2566 1869 2617 praecedere
1887 2578 2073 2615 causam,
2091 2577 2224 2618 quun-

1188 2627 1243 2667 do
1262 2639 1342 2668 nec
1361 2626 1566 2675 sensibus,
1585 2639 1664 2668 nec
1677 2628 2008 2677 intellectui‚nec
2022 2626 2223 2669 voluntati

1189 2689 1420 2742 quidquam
1439 2689 1650 2742 objectum
1677 2693 1756 2739 est,
1779 2694 1885 2737 etc.;
1909 2690 1945 2730 si
1977 2689 2089 2730 enim
2122 2687 2224 2728 nihil

1190 2752 1401 2803 objectum
1425 2755 1501 2799 est,
1519 2752 1622 2803 quid
1641 2751 1811 2800 amabit,
1833 2756 1907 2791 aut
1925 2751 1978 2791 de
2006 2762 2090 2802 quo
2110 2751 2223 2790 18018-

1189 2813 1355 2854 bimur?
1372 2813 1583 2864 quomodo
1620 2824 1721 2865 ergo
1753 2814 1904 2865 poterit
1923 2812 2156 2853 consolari?
2174 2811 2224 2851 Et

1191 2880 1367 2929 augetur
1386 2877 1621 2926 difficultas,
1640 2877 1739 2928 quia
1758 2876 1800 2916 in
1819 2878 1899 2917 bac
1919 2876 2004 2916 vita
2035 2887 2122 2915 non
2149 2886 2224 2926 po>-

1190 2943 1271 2979 test
1294 2950 1385 2979 esse
1404 2939 1498 2979 talis
1522 2939 1751 2979 consolatio
1781 2938 1886 2978 adeo
1919 2935 2222 2983 intellectualis,

1192 3000 1294 3053 quin
1318 3000 1458 3052 aliquo
1493 3001 1618 3041 modo
1638 3001 1908 3053 participetur
1925 3012 1951 3040 a
1972 3011 2112 3046 sensu,
2134 3002 2223 3038 tum

1190 3062 1291 3114 quia
1309 3062 1490 3114 cognitio
1515 3063 1558 3102 in
1576 3063 1654 3102 hac
1672 3063 1756 3102 vita
1782 3075 1869 3102 non
1892 3066 1955 3101 est
1985 3061 2074 3100 sine
2093 3058 2223 3110 phan-

1189 3127 1383 3172 tasmate,
1399 3128 1442 3164 et
1460 3124 1690 3164 consolatio
1711 3126 1782 3176 (ut
1802 3124 1906 3175 dixi)
1927 3135 2012 3162 non
2040 3124 2100 3160 est
2133 3119 2222 3159 sine

1191 3185 1453 3237 cognitione;
1482 3190 1573 3226 tum
1603 3187 1729 3226 etiam
1755 3182 1853 3236 quia
1880 3183 2087 3236 appetitus
2105 3181 2223 3237 spiri-

1190 3248 1314 3289 tualis
1334 3252 1376 3288 et
1391 3248 1611 3288 sensitivus
1639 3248 1697 3288 ita
1732 3251 1827 3287 sunt
1859 3247 1903 3285 in
1931 3245 2099 3285 homine
2128 3254 2222 3282 con-

1192 3310 1304 3359 nexi,
1334 3313 1380 3349 ut
1408 3311 1599 3361 superior
1635 3309 1794 3348 moveri
1830 3320 1914 3347 non
1950 3306 2093 3358 possit,
2121 3303 2221 3354 quin

1195 3372 1335 3422 aliquo
1354 3372 1480 3411 modo
1517 3382 1659 3411 secum
1695 3370 1799 3410 ferat
1833 3369 2086 3414 inferiorem,
2103 3365 2222 3416 juxta

1194 3433 1324 3473 illud:
1351 3432 1428 3474 Cor
1460 3445 1590 3475 meum
1612 3436 1651 3475 et
1668 3443 1768 3474 caro
1780 3443 1868 3476 mea
1887 3429 2162 3473 ocultam-unt
2176 3426 2223 3467 iu

1191 3496 1319 3537 Deum
1333 3496 1483 3536 vivum.

1244 3557 1312 3596 40.
1343 3557 1576 3609 Expeditur
1592 3554 1676 3598 Itoec
1694 3553 1992 3604 difficultas.—-
2009 3551 2140 3592 Unum
2159 3549 2223 3592 iot-¹

1191 3617 1345 3660 dicium
1376 3621 1582 3663 sumptum
1608 3626 1659 3658 w
1681 3618 1798 3660 marte
1816 3613 2054 3655 intellectus.
2070 3632 2124 3644 -·-
2143 3611 2224 3654 Al-
