2352 3880
150 258 166 287 ,3
228 267 241 283 ι

148 300 161 327 ,’
182 308 191 324 ι
213 288 316 335 m,
331 285 379 326 ff.
398 285 450 325 de
468 285 585 325 Statu
610 283 681 322 lib.
704 283 796 323 Non
815 285 878 320 est
896 283 1039 320 autem
1059 277 1156 318 sim-

74 335 81 338 ”
109 343 149 389 ’ξι
173 339 287 391 ‘citer
303 335 647 387 necessarium²ut
666 342 813 394 aliquis
828 340 1042 381 familiaris
1062 350 1157 379 cen-

75 398 85 411 ⁴
104 455 107 458 ,
150 414 282 456 tur,
304 408 415 459 quod
433 410 603 458 propter
629 403 879 455 stipendium
913 402 978 442 vel
1001 411 1158 441 merce·

77 505 82 518 2
114 462 222 512 ³·em
244 469 462 515 inserviat;
482 479 594 514 nam,
613 466 709 504 licet
725 464 853 516 gratis
876 464 919 503 id
936 464 1074 511 faciat,
1094 462 1156 502 fa-

71 538 76 543 ”
111 521 117 534 ”
140 531 298 571 wiliaris
315 533 521 574 censetur,
541 529 586 567 ut
606 539 699 566 cum
718 526 879 566 Joanne
900 525 1066 564 Andrea
1084 523 1156 563 do-

73 592 211 633 cuit
230 592 396 632 Felinus
429 601 569 641 supra,
589 588 781 638 favetque
814 586 1042 626 Concilium
1069 584 1156 624 'rri-

71 697 74 699 ,
99 639 359 698 Ἴ(ιιθιιῑίιιιιιῐι,
377 663 480 691 sess.
513 651 578 696 14,
607 661 644 688 c.
675 650 714 696 5,
745 648 796 687 de
831 647 1152 693 Reformatione,

125 715 198 756 ubi
216 704 477 765 prIVilegium
500 711 731 750 litterarum
756 710 1158 749 conservatoriarum

89 774 93 779 ’
122 774 180 817 ad
197 775 302 814 duos
318 773 541 813 familiares
560 772 723 820 limitat,
740 775 780 810 et
799 771 912 810 addit
930 784 938 811 :
960 771 1012 812 Si
1031 774 1158 811 tamen

123 837 191 878 illi
205 836 385 889 propriis
415 834 638 886 sumptibus
658 834 744 884 ejus
771 834 976 879 tia-erint,-
1009 830 1159 883 signifi-

125 909 226 939 cans
263 910 349 936 non
389 908 479 935 esse
518 897 597 934 hoc
642 895 691 934 de
726 895 886 933 ratione
924 893 1156 941 familiaris,

123 959 314 1011 quamvis
336 956 404 996 illa
436 956 615 996 conditio
651 961 803 1008 augeat
832 954 1157 1007 quodammodo,

124 1032 174 1060 ac
206 1019 466 1059 commendet
496 1018 760 1057 familiarium
794 1017 1156 1067 conjunctionem3

123 1081 170 1121 in
190 1082 327 1133 ligore
347 1085 486 1119 autem
502 1080 601 1119 satis
622 1078 808 1129 estquod
827 1078 1068 1121 inserviant,
1083 1089 1158 1115 seu

123 1143 169 1184 in
190 1143 400 1192 obsequiis
420 1142 595 1192 alicujus
615 1145 842 1179 morentur.
865 1140 914 1177 Et
933 1139 1011 1177 hoc
1031 1138 1157 1177 modo

122 1204 308 1254 loquitur
328 1214 438 1254 saepe
477 1202 528 1240 de
566 1201 837 1240 familiaribus
857 1200 1159 1250 Episcoporum

124 1265 353 1304 Concilium
386 1263 688 1310 Tridentinum,
730 1275 830 1301 sess.
870 1264 935 1305 23,
970 1275 1006 1299 c.
1042 1264 1082 1303 9,
1105 1262 1158 1301 de

122 1326 326 1374 Reform„
350 1337 449 1364 sess.
473 1326 538 1371 ⁹25,
562 1336 595 1362 c.
622 1325 659 1371 1,
683 1324 734 1363 de
768 1323 968 1369 Reform.,
992 1323 1064 1361 nbi
1101 1324 1158 1362 fa-

122 1388 306 1427 miliares
350 1399 372 1424 a
406 1385 724 1436 consanguineis
778 1385 1012 1436 distinguit,
1054 1385 1158 1423 indi-

123 1461 224 1488 cans
263 1448 342 1487 dici
379 1460 403 1486 a
436 1447 608 1495 familia,
645 1451 688 1485 ut
732 1447 935 1498 significat
970 1447 1154 1493 domum,

122 1522 208 1549 non
229 1513 272 1549 ut
293 1510 343 1548 de
366 1509 626 1560 cognatione,
651 1521 725 1547 seu
749 1521 901 1559 genere
932 1509 1012 1547 dici
1038 1509 1156 1547 solet.

122 1572 206 1611 Nec
227 1571 400 1610 dubium
421 1576 483 1610 est
503 1571 603 1621 quin
624 1571 665 1608 in
695 1571 890 1621 praesenti
924 1571 1004 1609 hoc
1035 1570 1158 1609 modo

125 1638 335 1679 sumatur,
361 1637 401 1672 et
436 1636 625 1683 respectu
660 1631 872 1682 religionis
908 1645 991 1670 non
1027 1635 1159 1682 potest

124 1695 206 1734 alia
244 1695 407 1734 familiae
429 1695 612 1744 acceptio
648 1693 969 1733 accommodari.
998 1694 1055 1731 Ex
1077 1706 1158 1743 quo

122 1755 267 1796 inferri
287 1757 463 1803 videtur,
479 1756 600 1795 etiam
622 1754 774 1803 requiri
794 1755 833 1791 in
864 1755 927 1792 his
944 1754 1156 1792 familiai-i-

122 1817 216 1863 bus,
235 1817 346 1866 quod
378 1817 485 1854 intra
507 1821 622 1866 septa
662 1815 1012 1853 monasteriorum
1043 1815 1156 1851 habi-

122 1881 226 1925 tent,
240 1890 337 1915 nam
352 1877 394 1915 in
411 1877 481 1915 illa
502 1876 801 1928 significatione
824 1876 976 1913 familia
991 1877 1155 1926 propria

104 1938 207 1980 vnon
241 1939 388 1978 dicitur
423 1951 518 1984 una,
542 1939 622 1976 nisi
643 1950 734 1989 qua:
756 1950 880 1976 unam
913 1940 951 1974 et
973 1949 1157 1974 commu-

121 2012 221 2040 nem
240 2000 366 2039 habet
383 2000 695 2039 habitationem.
715 2000 832 2040 Unde
848 1998 1014 2036 Felinus
1034 2010 1159 2047 supra

122 2062 232 2108 dicit,
248 2074 554 2113 quemcumque
565 2061 810 2100 familiarem
824 2060 1021 2111 appellari
1035 2060 1158 2097 etium

103 2118 410 2169 domesticum,
427 2124 544 2173 juxta
563 2124 658 2173 jura
680 2123 812 2161 civilia
834 2134 925 2172 quae
945 2121 1067 2159 citat:
1089 2120 1158 2158 do-

120 2186 319 2225 mesticus
343 2189 483 2223 autem
502 2185 666 2234 propi-ie
687 2196 771 2222 non
801 2183 962 2227 dicitur,
985 2181 1062 2219 nisi
1090 2181 1161 2230 qui

100 2246 167 2287 ‘in
188 2247 335 2286 eadem
368 2246 490 2284 domo
521 2246 704 2294 hubitat3
730 2257 828 2296 ergo
852 2256 934 2282 non
954 2242 1159 2281 immerito

120 2308 213 2347 haec
237 2307 416 2346 conditio
448 2307 683 2357 postulatur
716 2306 768 2344 ad
798 2317 921 2345 usum
954 2303 1159 2356 praedictae

119 2369 328 2411 facultatis
350 2369 457 2406 circa
472 2367 713 2412 familiares.

177 2433 241 2471 15.
267 2431 446 2470 Tertium
461 2432 671 2475 assertam,
689 2440 736 2468 ex
754 2429 794 2468 vi
809 2428 1021 2481 privileyii
1040 2428 1159 2468 alter-

121 2495 258 2533 utram
292 2491 545 2532 condicionem
582 2491 780 2540 sufficere.
807 2513 859 2518 —
886 2491 1158 2528 Nihilominus

120 2556 263 2594 tamen
294 2563 433 2591 assero
462 2550 598 2597 tertio,
621 2550 732 2599 quod
766 2550 859 2589 licet
894 2551 957 2588 hic
990 2564 1087 2588 usus
1117 2554 1158 2589 et

118 2614 242 2654 valde
281 2612 478 2663 prudens,
501 2613 541 2650 et
575 2613 700 2649 tutior
723 2611 787 2658 sit,
811 2611 1079 2649 nihilominus
1112 2611 1156 2649 in

118 2675 258 2727 rigore
279 2673 587 2725 privilegiorum
614 2685 695 2710 non
727 2673 901 2723 requirit
938 2684 1155 2723 utramque

63 2759 67 2761 >
117 2737 414 2778 conditionem.
437 2735 540 2773 Nam
562 2734 763 2784 imprimis
785 2747 836 2772 ex
866 2735 904 2772 vi
924 2735 1050 2772 nostri
1074 2734 1156 2784 pri-

121 2798 262 2850 vilegii
283 2797 396 2836 Pauli
415 2796 481 2842 111,
507 2799 548 2834 et
585 2796 752 2834 alterius
788 2796 930 2833 similis
970 2795 1153 2834 concessi

63 2895 66 2904 ,
119 2858 400 2906 Minoribus,l.
415 2857 682 2896 Monumenta
699 2857 906 2904 ordinum,
924 2858 1156 2896 concessio-

102 2925 104 2929 ’
121 2933 175 2961 ne
197 2922 288 2969 315,
306 2932 392 2958 non
403 2919 640 2968 requiritur,
661 2919 737 2957 nisi
754 2923 800 2958 ut
818 2921 861 2958 in
882 2920 1076 2970 obsequiis
1096 2932 1156 2959 re-

60 3016 65 3026 ,
114 2981 290 3035 ,ligionis
309 2985 525 3028 morentur,
547 2980 656 3030 quod
684 2984 820 3030 potest
845 2993 935 3019 esse
963 2981 1051 3019 sine
1085 2983 1155 3020 ha-

59 3039 70 3085 ““.
99 3048 101 3050 ’
121 3041 319 3082 bitatione
336 3042 442 3080 intra
456 3043 573 3092 septa
588 3041 842 3087 monasterii,
858 3045 902 3079 ut
918 3054 1044 3091 perse
1060 3055 1154 3081 con-

59 3123 70 3155 ς
102 3107 214 3144 stat.
236 3102 406 3148 Deinde,
429 3102 551 3141 etiam
571 3114 723 3140 nomen
745 3102 1009 3140 familiarium
1027 3104 1071 3142 in
1100 3104 1154 3142 ri-

107 3175 220 3217 tgore
257 3163 299 3202 id
336 3174 420 3201 non
442 3163 638 3213 postulat,
666 3165 709 3201 ut
744 3175 795 3201 ex
826 3164 1038 3202 communi
1074 3177 1154 3203 usu

23 3247 25 3249 ·
75 3226 82 3233 '
102 3228 297 3272 constat,
319 3236 418 3262 nam
437 3224 488 3263 de
502 3224 658 3263 familia
674 3224 863 3274 Episcopi
884 3224 1077 3263 dicuntur
1093 3225 1152 3265 fa-

63 3310 66 3314 *
93 3285 239 3337 ymon,
257 3285 417 3324 etiamsi
434 3296 519 3323 non
529 3285 715 3324 habitent
732 3287 838 3324 intra
855 3285 1024 3323 domum
1045 3287 1148 3338 ejus,

16 3363 25 3369 -’
60 3374 61 3379 ,
82 3339 204 3406 ,ξ’ἱιοο
223 3347 334 3386 enim
355 3346 678 3385 accidentarium
697 3351 773 3386 est.
798 3347 985 3397 Denique
1007 3347 1050 3386 in
1068 3349 1151 3400 pri-

16 3402 24 3439 ἒ
59 3388 272 3463 ,fflegio
291 3407 454 3447 Martini
475 3408 522 3456 V,
547 3419 744 3447 concesso
766 3408 1057 3456 Benedictinis‚
1079 3421 1150 3449 ex-

202 3479 266 3507 sse
283 3468 446 3517 dicitur,
464 3468 576 3508 incra
593 3472 630 3509 et
647 3473 761 3509 extra
771 3474 881 3521 septa
899 3481 1060 3510 suorum
1072 3482 1154 3510 mo-

123 3552 128 3564 =
162 3539 167 3556 ³
188 3530 391 3569 coriorum
437 3531 762 3571 commorantium
781 3559 791 3577 ,
824 3535 870 3568 ut
910 3530 1087 3570 refertur
1110 3532 1152 3570 in

50 3637 56 3645 ·
75 3585 90 3632 ἑ.
131 3626 140 3636 ,
228 3590 380 3642 pendio
395 3589 616 3638 Minorum,
636 3590 699 3630 tit.
715 3590 1012 3644 Familiares-‚¹3¹
1034 3593 1099 3642 10,
1111 3595 1155 3632 et

302 175 311 187 ,
381 220 472 257 «ιιι».
492 219 550 254 iv.
573 217 670 261 Qum
688 215 806 252 nna-u
822 212 1027 251 animost
1039 207 1219 249 'possm
1233 210 1279 247 m
1298 211 1483 247 monim
1502 196 1876 251 mesammones,
1892 206 1988 245 m

1208 277 1253 317 in
1268 281 1426 326 nosti-0,
1438 276 1464 329 ξ
1481 280 1498 318 1
1518 278 1658 324 made
1674 276 1744 318 vel
1756 288 1844 317 non
1859 286 2007 316 omnes
2018 270 2255 319 inmitia-es

1210 342 1308 378 sunt
1333 337 1564 386 domestici,
1583 339 1652 379 vel
1685 338 1809 379 latius
1842 337 2048 378 sumenda
2068 340 2134 378 est
2169 336 2247 390 api

1209 399 1379 451 pellatio
1409 398 1641 448 domestici,
1661 411 1747 438 non
1778 412 1804 439 a
1830 399 1956 439 domo
1981 398 2249 440 materialiter

1212 464 1393 511 sumpta,
1417 458 1492 498 sed
1509 458 1751 507 formaliter,
1771 464 1817 499 ut
1836 461 1933 500 dicit
1959 461 2249 515 congregatio—

1209 533 1306 560 nem
1326 520 1612 568 domesticam,
1634 532 1709 560 seu
1725 520 1974 562 familiarem
1998 533 2050 563 aa
2083 531 2248 564 oeoono-

1209 582 1375 622 micam.
2240 634 2243 635 ⁷

1265 645 1331 683 16.
1351 644 1409 682 De
1430 642 1560 682 altera
1591 653 1691 682 vero
1713 642 1950 683 conditione
1980 643 2248 687 habitationis

1214 707 1257 746 in
1285 706 1435 745 eadem
1455 705 1595 751 domo,
1617 700 1731 756 quod
1763 705 1969 744 interdum
1989 719 2067 758 per
2085 720 2129 748 se
2162 709 2248 748 sola

1214 766 1408 815 sufficiat,
1430 766 1568 817 colligi
1588 769 1724 817 potest
1757 778 1808 805 ex
1839 768 2108 808 concessione
2140 770 2250 809 facta

1213 828 1509 876 Benedictinis,
1532 839 1624 878 quae
1649 827 1727 866 sub
1747 827 1810 866 his
1839 828 1976 867 verbis
2009 829 2188 869 refertur
2206 832 2247 871 in

1214 894 1355 930 nostro
1385 890 1638 941 Compendio
1659 920 1668 935 ,
1703 889 1820 928 verb.
1851 890 2215 932 Extrema-Unctae
2233 908 2250 933 .-

1213 951 1394 992 Possunt
1411 952 1542 991 nostri
1560 952 1629 999 iis,
1643 951 1711 1003 qai
1730 950 1842 991 intra
1862 954 1974 1001 septa
1995 952 2250 1002 colleqiorum

1210 1025 1281 1055 seu
1317 1014 1519 1053 domorum
1548 1013 1751 1061 infirmati
1781 1014 1958 1060 fuerint,
1990 1013 2251 1054 Eoecremam-

1222 1075 1448 1116 [frictionem
1463 1075 1490 1114 A
1498 1074 1689 1125 poslolica
1697 1075 1932 1114 auctoritaie
1946 1074 2063 1114 libere
2077 1078 2114 1114 et
2125 1076 2249 1126 licito,

1211 1137 1460 1187 parochialis
1471 1135 1704 1188 presbyteri,
1719 1136 1778 1175 vel
1791 1136 1959 1176 alterius
1976 1137 2252 1189 cujuscumque

1215 1198 1426 1250 Episcopi,
1448 1198 1508 1237 cel
1538 1197 1774 1248 Superioris
1800 1198 1974 1245 licentia,
2000 1199 2060 1238 vel
2087 1211 2250 1240 assensu

1215 1261 1444 1300 nullatenus
1461 1261 1670 1311 requisitO,
1693 1260 1941 1301 ministrare.
1966 1259 2062 1306 Quae
2084 1273 2248 1300 conces—

1217 1322 1276 1360 sio
1301 1322 1459 1359 videtur
1495 1321 1684 1360 distincta
1707 1321 1759 1358 ab
1780 1321 1858 1359 alia
1893 1322 2082 1371 superius
2110 1323 2247 1371 citata,

1215 1395 1313 1421 nam
1332 1383 1418 1422 haec
1441 1382 1616 1421 liabetur
1632 1383 1672 1420 in
1694 1383 1944 1433 Compendio
1966 1384 2248 1432 Benedictino,

1214 1446 1332 1485 verb.
1356 1446 1734 1489 Unctio-Eoetrema,
1749 1446 1769 1496 ἓ
1787 1448 1822 1493 1;
1844 1446 1911 1484 illa
1927 1450 2064 1484 autem
2080 1447 2232 1492 inverb

1215 1507 1477 1553 Familiares,
1499 1506 1522 1558 ξ
1549 1509 1613 1546 10.
1638 1509 1688 1546 At
1711 1520 1808 1546 vcro
1829 1508 1870 1546 in
1900 1509 1976 1546 hac
2000 1508 2112 1547 nulla
2132 1509 2251 1548 fami«.

1215 1568 1419 1617 liaritatis,
1437 1568 1627 1619 obsequii
1648 1573 1717 1607 aut
1738 1569 1893 1607 servitii
1914 1570 2069 1608 mentio
2088 1570 2156 1618 fit,
2177 1571 2251 1612 sed

1217 1630 1349 1668 solum
1364 1631 1593 1681 postulatur
1608 1634 1651 1669 ut
1666 1631 1771 1669 intra
1787 1632 2086 1670 monasterium
2101 1632 2251 1684 aliquis

1215 1696 1407 1741 aegrotet,
1432 1692 1544 1742 quod
1559 1696 1690 1743 potest
1713 1693 1967 1742 contingere,
1984 1693 2049 1732 vei.
2068 1695 2252 1733 occasio-

1213 1765 1266 1792 ne
1283 1753 1465 1804 hospitii,
1482 1754 1560 1795 vel,
1575 1755 1608 1792 si
1629 1754 1838 1803 contingat
1855 1754 2014 1803 aliquos
2029 1756 2252 1795 saculares

1212 1814 1320 1852 intra
1340 1815 1635 1853 monasterium
1648 1815 1713 1853 vel
1728 1816 1946 1865 collegium
1967 1816 2089 1854 studii
2106 1829 2249 1866 causa,

1213 1876 1280 1914 vel
1315 1888 1391 1925 per
1433 1876 1555 1913 aliam
1584 1875 1761 1914 similem
1794 1875 2055 1914 occasionem
2084 1877 2247 1917 diutius

1215 1937 1476 1974 commorari.
1509 1937 1626 1981 Quod
1663 1936 1760 1974 olim
1794 1941 2038 1975 consuetum
2070 1949 2177 1984 esse,
2200 1951 2250 1978 ex

1214 1997 1368 2047 regulis
1404 1997 1542 2034 Basilii
1578 2002 1618 2035 et
1651 1997 1863 2036 Benedicti
1892 2000 2065 2037 constat.
2094 2001 2248 2040 Nostrae

1215 2060 1341 2097 etiam
1362 2060 1686 2097 Constitutiones
1706 2059 1948 2109 permittunt
1969 2060 2189 2110 aliquando
2205 2063 2249 2102 in

1214 2120 1365 2158 nostris
1386 2121 1569 2170 collegiis
1602 2120 1842 2170 hujusmodi
1866 2122 2042 2170 juvenes
2062 2123 2246 2172 educari,

1215 2186 1332 2231 parte
1369 2187 1533 2231 quarta,
1555 2193 1589 2220 e.
1615 2183 1661 2226 3,
1683 2180 1707 2231 ξ
1734 2182 1773 2228 3,
1793 2182 1833 2218 iu
1860 2181 2033 2229 Declar„
2055 2183 2113 2221 lit.
2141 2185 2187 2232 B,
2208 2187 2249 2224 et

1216 2255 1250 2280 c.
1278 2243 1318 2287 9,
1343 2243 1400 2281 lit.
1425 2244 1472 2281 Α.
1498 2243 1573 2280 Pro
1595 2242 1831 2292 hujusmodi
1859 2254 1958 2294 ergo
1979 2244 2142 2283 casibus
2173 2245 2248 2284 uti-

1215 2305 1418 2343 lissimum
1441 2306 1520 2344 erit
1551 2306 1628 2343 hoc
1648 2305 1908 2356 privilegium
1932 2307 2009 2345 hoc
2043 2308 2166 2346 modo
2186 2309 2247 2347 in-

1215 2366 1444 2414 tellectum,
1471 2370 1511 2406 et
1551 2366 1650 2404 dum
1676 2367 1788 2405 aliud
1806 2367 1846 2404 iu
1882 2370 2133 2407 contrarium
2161 2381 2247 2409 non

1215 2431 1413 2477 occurrit,
1448 2430 1482 2468 is
1516 2430 1679 2468 videtur
1708 2430 1918 2480 legitimus
1950 2443 2097 2470 sensus
2130 2433 2245 2483 ejus,

1213 2491 1295 2529 imo
1315 2492 1356 2528 in
1376 2492 1454 2529 hoc
1465 2503 1590 2529 sensu
1604 2491 1765 2529 videtur
1782 2504 1856 2542 pro
1873 2493 2073 2532 Societate
2093 2494 2246 2533 admis-

1213 2565 1304 2591 sum
1328 2558 1368 2591 et
1388 2554 1639 2602 applicatum
1658 2553 1701 2591 in
1721 2552 1830 2592 dicto
1847 2554 2114 2605 Compendio,
2129 2555 2242 2596 verb.

1212 2615 1432 2653 Eaetrema-
1443 2615 1596 2654 Unctio.

1267 2677 1331 2714 17.
1343 2674 1410 2714 Aa
1424 2676 1732 2716 ministrandam
1742 2677 2013 2724 familiaribus
2022 2679 2244 2720 Eucharis-

1212 2737 1312 2776 tiam
1335 2739 1371 2775 et
1396 2737 1626 2776 Unctionem
1648 2749 1723 2776 non
1756 2740 1980 2788 requiritur
2012 2740 2242 2789 approbatio

1210 2798 1514 2848 Episcoporum.
1529 2799 1743 2838 —Ultimo
1763 2800 1868 2838 circa
1884 2801 2119 2840 facultatem
2133 2803 2241 2844 hanc

1209 2859 1467 2898 ministrandi
1499 2865 1756 2899 sacramenta
1781 2861 2063 2910 familiaribus,
2084 2865 2150 2902 vel
2175 2876 2240 2904 se-

1210 2920 1418 2959 cularibus
1438 2921 1478 2959 in
1487 2921 1678 2960 domibus
1699 2924 1848 2962 nostris
1868 2926 2237 2975 commorantibus,

1210 2981 1386 3021 dubitari
1408 2987 1541 3033 potest
1561 2995 1585 3021 a
1613 2984 1764 3034 quibus
1784 2985 1985 3036 religiosis
2005 2987 2132 3037 possit
2154 2988 2237 3027 herc

1208 3044 1452 3082 ministratio
1471 3043 1575 3091 fieri,
1597 3045 1642 3084 id
1661 3051 1736 3093 est,
1757 3059 1809 3084 an
1828 3048 1880 3086 ab
1900 3049 2092 3086 omnibus
2108 3059 2237 3088 sacerb

1209 3105 1373 3144 dotibus
1399 3106 1651 3156 simplicibus
1672 3108 1832 3146 etiamsi
1855 3110 1906 3147 ab
1930 3110 2139 3160 Episcopis
2170 3121 2237 3160 ap-

1207 3166 1366 3218 probati
1383 3178 1467 3204 non
1487 3166 1580 3213 sint,
1603 3168 1668 3206 vel
1689 3168 2151 3220 indigeanthuJusmodi
2169 3182 2238 3220 ap-

1207 3227 1466 3277 probatione.
1494 3227 1575 3266 Sed
1609 3229 1687 3268 hoc
1718 3230 1874 3267 nullam
1901 3230 1988 3269 fere
2018 3230 2237 3269 dubitatio-

1207 3299 1304 3326 nem
1331 3287 1442 3338 apud
1477 3300 1544 3327 me
1572 3289 1708 3328 habet.
1736 3291 1869 3328 Primo
1898 3291 2007 3329 enim
2030 3292 2081 3329 de
2100 3302 2233 3330 sacra-

1204 3349 1353 3388 mentis
1373 3349 1637 3390 Eucharistiae
1659 3353 1699 3390 et
1719 3352 2149 3393 Extremae-Unetionis
2165 3364 2232 3404 ge-

1206 3410 1405 3449 neraliter
1423 3423 1589 3459 censeo,
1609 3412 1764 3450 nullam
1790 3413 2131 3463 approbationem
2155 3425 2234 3454 no-

1207 3473 1432 3510 cessat-iam
1462 3485 1552 3511 esse
1571 3473 1624 3511 ad
1644 3473 1711 3511 illa
1730 3473 2012 3511 ministranda.
2037 3473 2155 3520 Quod
2181 3473 2233 3517 de

1205 3531 1461 3572 Eucharistia
1478 3533 1637 3572 ostendi
1655 3533 1735 3573 in3
1750 3538 1875 3578 tomo,
1896 3535 1918 3572 3
1938 3545 1996 3583 p„
2009 3533 2117 3586 disp.
2136 3545 2232 3589 sep-

1205 3594 1438 3645 tuagesima
1455 3594 1652 3640 secunda,
1666 3597 1765 3632 sect.
1781 3596 1820 3641 2;
1831 3597 1872 3633 et
1881 3594 2065 3636 rationes
2078 3595 2136 3637 ihi
2153 3597 2242 3647 fam,
