2352 3880
216 437 420 490 religiosis
449 436 750 488 cujuscumque
777 434 934 476 ordinis
963 440 1242 488 exponuntur,

215 511 305 553 quoe
330 503 428 538 tunc
456 497 747 538 universitates
774 498 1050 549 appellantur,
1075 497 1244 550 quando

213 559 437 614 privilegiis
458 558 681 599 Pontificiis
702 571 750 598 ac
769 560 893 611 regiis
915 560 1175 607 muniuntur,
1197 563 1244 601 ut

212 623 254 663 in
274 621 335 662 eis
357 633 490 672 usque
513 620 568 660 ad
583 620 805 660 litterarios
825 620 978 672 gradus
997 632 1243 673 progressus

210 683 300 725 fieri
319 684 464 736 possit.
489 683 709 723 Possemus
726 684 866 722 autem
886 683 966 722 hoc
984 683 1076 722 loco
1098 684 1242 722 contra

207 746 300 787 illos
319 745 537 786 haereticos
561 743 787 795 disputare,
810 744 882 794 qui
914 745 1002 782 haec
1032 743 1168 782 studia
1199 747 1241 783 et

205 808 495 850 universitates
531 805 767 857 improbare
796 805 886 843 ausi
919 809 1028 852 sunt,
1060 815 1240 855 quorum

204 871 399 923 princeps
433 868 580 908 referri
615 870 752 918 potest
782 866 962 905 Licinius
996 866 1236 917 imperator,

205 933 276 984 qui
302 931 407 971 adeo
426 929 574 969 litteris
589 927 764 966 infestus
783 926 873 975 fuit,
890 931 935 966 ut
950 926 1061 966 virus
1081 939 1128 966 ac
1145 939 1239 980 pes—

202 996 288 1034 tem
308 991 518 1044 publicam
547 1001 619 1028 eas
638 987 889 1035 nominaret,
910 991 957 1027 ut
975 988 1018 1026 in
1041 988 1132 1039 ejus
1154 989 1239 1028 vita

203 1053 344 1095 scribit
374 1053 558 1092 Joannes
578 1049 763 1100 Baptista
792 1049 991 1100 Ignatius,
1025 1049 1238 1101 refertque

203 1115 327 1156 etiam
349 1112 577 1158 Prateolus,
605 1110 676 1150 lib.
701 1112 767 1158 10,
790 1111 937 1150 haeres.
967 1111 1007 1158 3,
1030 1114 1071 1150 et
1087 1105 1235 1151 melius

200 1189 252 1218 ex
269 1176 445 1221 Victore,
460 1174 502 1212 in
522 1173 605 1212 vita
619 1172 889 1220 Constantini,
912 1171 1115 1211 Baronius
1132 1176 1232 1213 tom.

199 1239 239 1286 3,
264 1250 362 1278 ann.
386 1237 465 1277 316
494 1235 643 1275 Christi
669 1235 848 1283 Domini,
878 1233 903 1286 ξ
926 1234 1054 1275 Porro
1085 1235 1232 1276 animo.

199 1300 348 1340 Postea
357 1310 455 1339 vero
469 1297 660 1338 Julianus
678 1297 875 1347 Apostata
888 1295 1130 1335 Christianis
1144 1306 1237 1347 spe·

198 1362 357 1402 cialiter
386 1359 599 1412 prohibuit
632 1359 865 1399 litterarum
898 1357 1049 1404 studia,
1088 1366 1234 1407 quam·

198 1435 325 1474 quam
341 1422 408 1460 ille
427 1433 513 1460 non
530 1421 577 1458 in
597 1430 647 1458 eo
670 1419 836 1467 erravit,
854 1417 967 1468 quod
984 1418 1155 1458 sentiret
1167 1417 1235 1456 lit·

195 1489 379 1525 terarum
401 1482 534 1521 studia
556 1480 666 1519 mala
686 1491 776 1519 esse
797 1483 869 1519 aut
884 1480 1045 1519 inutilia
1063 1479 1118 1519 ad
1133 1478 1234 1519 fidei

197 1544 484 1584 defensionem
517 1546 559 1582 et
591 1541 951 1593 propagationem,
974 1539 1050 1582 sed
1076 1541 1230 1593 potius,

196 1608 292 1658 quia
314 1617 457 1645 eorum
476 1603 694 1644 utilitatem
715 1606 756 1642 et
775 1602 1002 1642 efficaciam
1030 1614 1233 1654 agnosce-

195 1669 280 1716 bat,
306 1672 351 1707 ut
371 1666 646 1707 Christianam
666 1663 926 1715 religionem,
948 1676 972 1702 a
990 1675 1071 1714 qua
1102 1664 1231 1716 turpi-

195 1734 257 1770 ter
276 1730 329 1769 ad
348 1728 643 1781 paganismum
664 1726 888 1773 defecerat,
918 1728 959 1765 et
988 1725 1107 1776 cujus
1142 1726 1233 1764 erat

194 1793 420 1832 acerrimus
440 1788 585 1837 hostis,
607 1788 794 1827 funditus
812 1791 1031 1834 everteret,
1051 1787 1121 1826 illa
1141 1786 1230 1826 dia-

191 1853 329 1892 bolica
349 1852 504 1891 malitia
524 1862 625 1889 usus
645 1853 733 1896 est;
757 1853 797 1888 et
815 1849 911 1888 ideo
933 1849 1062 1888 sancti
1087 1849 1230 1889 Patres

193 1915 448 1954 acerbiorem
477 1915 650 1953 censent
667 1911 795 1949 fuisse
815 1911 928 1949 illam
956 1910 1109 1950 Juliani
1137 1921 1230 1960 per·

193 1976 464 2022 secutionem,
486 1984 612 2024 quam
634 1977 924 2024 tyrannorum,
949 1972 1021 2021 qui
1042 1982 1118 2021 per
1143 1970 1230 2010 vim

192 2042 233 2078 et
244 2039 465 2083 tormenta,
483 2035 535 2075 ad
552 2034 790 2085 negandam
806 2032 932 2072 fidem
947 2033 1165 2083 cogebant,
1182 2035 1228 2071 ut

192 2102 353 2139 constat
370 2109 421 2137 ex
439 2096 686 2147 Augustino,
708 2095 780 2134 lib.
803 2097 852 2134 18
867 2094 918 2133 de
931 2094 1113 2141 Civitate,
1132 2104 1223 2145 cap.

192 2160 403 2212 trigesimo
437 2158 651 2204 secundo;
673 2160 713 2196 et
733 2156 1006 2204 Nazianzeno,
1038 2155 1224 2195 oratione

190 2223 323 2274 prima
342 2225 487 2260 contra
501 2220 732 2265 Julianum;
757 2217 1033 2264 Theodoreto,
1057 2227 1147 2268 cap.
1180 2218 1221 2266 7,

193 2284 260 2324 ubi
280 2287 376 2322 sunt
395 2282 467 2321 illa
497 2281 626 2321 verba
646 2280 844 2327 notanda,
867 2291 942 2330 pro
969 2279 1034 2317 his
1063 2290 1156 2328 quae
1180 2278 1224 2317 in

190 2358 282 2396 cap.
305 2347 325 2384 1
350 2344 474 2395 hujus
500 2342 590 2390 lib„
612 2342 742 2389 initio,
765 2341 965 2379 diximus:
1015 2340 1143 2383 Vetuit
1176 2350 1227 2381 ne

191 2407 352 2451 Galiloez‘
384 2406 463 2455 (sie
484 2405 587 2444 enim
606 2404 702 2453 fidei
725 2402 960 2443 Serealorz's
986 2401 1118 2442 nostri
1135 2413 1224 2441 con·

189 2472 364 2510 see-ratos
381 2467 555 2518 vocabat)
575 2467 783 2518 poeticam,
797 2464 1036 2504 rhetoricam
1051 2467 1120 2504 aul
1130 2463 1223 2516 plaz·-

187 2530 406 2582 losopaiam
423 2529 642 2573 discerent;
661 2539 754 2566 nam
768 2526 921 2566 nostris
939 2526 1118 2576 ipsoram
1139 2524 1224 2578 (in-

184 2591 297 2646 quit)
313 2590 455 2642 permis
474 2590 541 2640 (ut
558 2591 616 2629 est
635 2587 681 2627 in
699 2585 926 2639 proverbio)
944 2587 1219 2638 percellimur,

183 2653 375 2706 siquidem
394 2654 621 2691 nostrorum
639 2648 882 2702 scriptoram
912 2648 1101 2689 subsidiis
1133 2660 1223 2691 mu-

184 2716 278 2764 niti,
292 2718 429 2755 contra
441 2725 510 2753 nos
526 2713 666 2752 bellum
678 2710 917 2763 suscipiunt.
931 2710 1115 2750 Similem
1130 2721 1221 2762 per-

186 2775 443 2819 secutionem
462 2773 514 2814 de
535 2772 723 2812 Habdalo
742 2772 1052 2819 Mahometano,
1077 2775 1118 2810 et
1146 2772 1221 2822 Sy·

184 2837 255 2877 riae
275 2841 470 2888 tyranno,
488 2834 612 2874 refert
633 2833 783 2872 Paulus
802 2833 1022 2878 mactmus,
1056 2832 1126 2870 lib.
1152 2832 1217 2880 22,

183 2909 283 2938 nam
303 2897 429 2936 etiam
448 2895 516 2935 ille
548 2895 780 2934 litterarum
808 2893 990 2932 studium
1009 2891 1221 2942 prohibuit

185 2958 379 2999 omnibus
393 2956 631 2996 Christianis
652 2955 728 2994 sub
745 2958 948 3006 potestate
969 2966 1044 2992 sua
1064 2953 1220 3005 degen-

186 3019 309 3060 tibus.
329 3019 376 3059 Et
396 3019 450 3058 ad
467 3019 544 3057 hos
563 3017 726 3056 videtur
743 3016 930 3054 allusisse
951 3016 1092 3055 Glossa
1112 3015 1220 3055 ordi-

186 3081 320 3129 naria,
342 3092 395 3120 ex
408 3080 595 3126 Rabano,
617 3081 636 3117 1
658 3079 758 3129 Reg.
784 3079 847 3126 13,
870 3077 923 3116 ad
938 3077 1016 3115 hoc
1031 3076 1219 3128 proposi-

184 3145 275 3182 tum
293 3140 615 3181 accommodans
628 3138 755 3178 verba
768 3138 837 3177 illa
851 3149 862 3176 ε
877 3138 1007 3178 Faber
1019 3138 1218 3184 ferrarius

183 3203 549 3245 miqzveniebatur
576 3201 621 3241 in
653 3199 760 3240 omni
791 3203 902 3240 terra
930 3199 1064 3239 Israel
1072 3215 1091 3244 ,·
1110 3210 1219 3238 cave-

183 3268 280 3307 rant
295 3264 400 3305 enim
418 3260 660 3310 Philistum,
676 3272 724 3301 ne
737 3262 843 3310 sorte
859 3261 1022 3300 Hebraei
1037 3261 1217 3309 facerent

186 3325 368 3377 eludium
398 3327 468 3365 aut
487 3324 695 3364 lanceam:
719 3321 913 3362 Diabolus
934 3320 1113 3371 (inquit)
1145 3330 1217 3372 per

181 3397 376 3440 payanos,
395 3397 468 3438 per
489 3385 707 3432 haereticos,
722 3386 760 3424 et
773 3394 848 3436 per
866 3382 996 3432 falsos
1017 3380 1217 3422 Christia-

183 3459 272 3500 nos,
290 3449 419 3491 studet
431 3446 638 3502 prohibere
654 3457 702 3488 ne
723 3445 808 3486 sint
825 3444 999 3485 doctores
1015 3444 1061 3484 in
1077 3443 1215 3485 Eccle-

184 3511 266 3561 sia,
284 3511 358 3564 qai
384 3508 624 3562 spiritualia
643 3517 758 3548 arma
773 3506 946 3557 faciant,
977 3508 1013 3546 et
1029 3504 1142 3546 nobis
1163 3505 1218 3546 ad

184 3570 446 3624 fumandum
465 3569 658 3611 tribuant.
680 3568 766 3608 Hoc
786 3566 912 3618 igitur
928 3564 1077 3606 eodem
1096 3563 1215 3617 spiri-

183 3634 234 3673 tu
249 3635 390 3677 motus
404 3630 594 3686 wicleph
610 3629 724 3679 dixit,
736 3627 1041 3676 universitates,
1059 3625 1211 3676 studia,

530 250 606 283 Lm.
627 247 670 280 V.
692 246 746 280 DE
766 245 1050 282 SCIIOLASTICIS
1070 247 1125 282 Ac
1143 248 1303 285 smnus
1323 248 1570 289 Socm'lwrls,
1593 247 1680 282 'rm
1699 247 1900 292 mmm,
1922 233 2012 285 E'i'c.

219 313 387 359 suntad
414 314 603 367 prop1ios
629 312 844 364 religiosos
870 312 1151 363 instruendos,
1171 314 1248 356 sed
1299 316 1490 366 collegia,
1513 315 1822 366 graduationes,
1839 319 1880 355 et
1895 315 2140 368 magisteria
2154 318 2182 359 'a
2196 296 2311 366 ΡηῗῑὶΨ

216 391 292 432 pro
318 375 527 424 omnibus,
549 374 633 414 sive
658 373 774 413 laicis
797 377 837 415 et
862 375 1134 425 secularibus,
1159 375 1247 416 sive
1299 381 1343 418 et
1364 377 1575 428 Episcopis
1594 389 1683 416 esse
1702 389 1811 416 vana
1827 376 2057 429 gentilitate
2077 373 2267 421 introduc
2266 374 2329 413 μθ

1298 441 1341 478 et
1357 449 1442 476 non
1463 437 1555 488 plus
1575 437 1766 477 Ecclesiae
1794 437 2008 490 prodesse,
2029 449 2157 489 quam
2183 438 2297 480 dia'
2326 466 2337 493 ',

1296 498 1398 544 lum,
1409 502 1454 537 ut
1464 499 1663 539 refertur
1650 512 1695 539 111
1707 499 1887 539 Concilio
1896 499 2210 550 Constantiensi,
2220 503 2330 547 sess,
2345 510 2348 516 ’

1295 559 1322 600 8
1332 563 1372 599 et
1382 559 1448 606 29.
1455 559 1585 606 Quem
1598 573 1781 600 errorem
1789 561 1992 600 Lutherus
2004 566 2149 613 postea
2161 568 2352 610 secutus

1296 623 1372 668 est,
1393 619 1500 660 adeo
1518 620 1797 690 impudenter,
1834 626 1882 662 ut
1914 622 2066 663 dixerit
2096 624 2344 682 (referentes

1294 680 1480 722 Adriano
1513 680 1638 734 Papa,
1670 683 1716 722 in
1747 683 1866 723 Bulla
1901 685 2072 723 contra'
2062 697 2198 736 lpsum
2218 674 2352 734 circa]¹

1293 742 1493 790 medium,
1506 754 1597 794 quae
1615 743 1820 784 habetur
1808 757 1852 783 1n
1862 748 1962 784 tom.
1977 747 2001 785 5
2020 746 2352 803 Conciliorum)‚·

1292 803 1457 843 scholas
1477 797 1730 845 christianas
1751 818 1842 846 esse
1864 807 2065 847 Sodomas
2097 813 2137 847 et
2157 809 2327 850 Gomor-
2342 822 2348 839 «⁴

1290 865 1404 913 ihas,
1427 869 1467 905 et
1485 865 1692 905 malorum
1712 867 1898 907 omnium
1918 869 2114 909 sentinas.
2134 870 2252 917 Quod
2263 860 2346 922 re-f'

1291 924 1370 966 fert
1387 926 1512 966 etiam
1533 927 1819 977 Clicthovaeus,
1838 929 1911 970 lib.
1931 929 2023 971 2de
2046 930 2183 973 Missae
2199 932 2326 976 sacri-

1289 985 1399 1036 ficio,
1422 998 1513 1041 cap.
1535 990 1605 1029 29.

1355 1050 1396 1090 2.
1440 1051 1674 1093 Proedictus
1708 1061 1822 1092 error
1856 1054 2086 1104 confutatur
2116 1066 2166 1096 ea·
2197 1065 2327 1109 supra

1290 1109 1422 1153 dictis.
1459 1131 1513 1143 -·
1540 1114 1647 1153 Item
1682 1112 1873 1165 eaemplis
1903 1115 2048 1157 variis.
2085 1135 2139 1147 -—
2170 1114 2325 1161 Studia

1289 1172 1440 1221 Romae,
1475 1173 1671 1214 Parisiis.
1688 1194 1736 1204 —
1753 1175 1808 1214 In
1833 1174 2001 1226 Anylia.
2018 1198 2070 1207 —
2087 1177 2144 1218 In
2162 1177 2325 1222 Lusita·

1288 1234 1371 1276 nia.
1389 1255 1442 1264 -—
1456 1234 1754 1275 Verumtamen
1772 1235 1840 1276 hic
1861 1248 1977 1277 error
1992 1250 2078 1277 non
2096 1239 2228 1279 solum
2262 1244 2326 1282 est

1288 1299 1432 1335 contra
1469 1295 1611 1344 fidem,
1635 1301 1676 1337 et
1703 1297 1982 1338 universalem
2000 1311 2252 1342 consensum
2281 1306 2326 1344 et

1288 1355 1555 1396 traditionem
1579 1357 1785 1406 Ecclesiae,
1808 1362 1853 1399 ut
1883 1359 1965 1399 late
2001 1361 2182 1402 ostendit
2212 1362 2324 1405 Wal-

1288 1415 1444 1466 densis,
1465 1418 1536 1458 lib.
1562 1420 1581 1458 1
1604 1418 1846 1459 Doctrinalis
1864 1419 1979 1469 fidei,
2001 1434 2093 1474 cap.
2114 1424 2323 1476 sexagesi-

1287 1487 1357 1518 mo
1383 1482 1526 1519 octavo
1546 1482 1588 1519 et
1601 1479 1860 1532 sexagesimo
1878 1493 2015 1530 non03
2036 1495 2182 1524 verum
2195 1487 2323 1531 etiam

1287 1543 1352 1582 est
1383 1543 1527 1579 contra
1557 1550 1729 1582 omnem
1761 1541 1969 1582 rationem
1998 1546 2253 1597 naturalem,
2280 1550 2324 1590 et

1286 1605 1431 1641 contra
1452 1600 1689 1643 evidentem
1709 1603 2009 1656 experientiam
2028 1606 2065 1654 ¹,
2083 1606 2322 1659 ideoquein

1285 1674 1337 1704 eo
1365 1662 1620 1703 confutando
1649 1675 1735 1706 non
1764 1665 2108 1713 immorabimur;
2130 1667 2322 1711 sufficere

1286 1723 1398 1765 enim
1416 1724 1536 1764 nobis
1554 1729 1742 1778 possunt,
1773 1736 1865 1777 quae
1883 1726 1935 1766 de
1954 1726 2203 1768 necessitate
2223 1729 2321 1771 doc·-

1283 1784 1417 1833 trinae,
1445 1789 1533 1825 tam
1568 1798 1712 1836 sacrae,
1747 1798 1876 1838 quam
1896 1787 2134 1830 liberalium
2149 1789 2318 1842 artium,

1285 1850 1490 1898 quatenus
1510 1847 1566 1886 illi
1587 1848 1842 1898 deserviunt,
1864 1861 1991 1901 supra
2012 1862 2104 1904 cap.
2130 1855 2169 1900 1,
2187 1865 2213 1893 a
2244 1864 2320 1895 no·

1283 1907 1346 1947 bis
1368 1908 1474 1947 dicta
1496 1913 1619 1958 sunt3
1649 1921 1748 1949 nam
1775 1910 1840 1950 hic
1858 1910 1983 1950 etiam
2002 1911 2055 1952 de
2074 1912 2221 1955 studiis
2240 1914 2320 1957 suh

1281 1967 1361 2010 hac
1380 1970 1645 2020 potissimum
1663 1972 1825 2011 ratione
1843 1973 2172 2017 consideramus·
2187 1975 2319 2016 Gene-

1279 2030 1408 2072 ralius
1428 2036 1571 2071 autem
1597 2032 1824 2084 loquendo,
1854 2033 1990 2075 studia
2009 2039 2050 2075 et
2076 2037 2318 2079 universita-

1279 2094 1344 2133 tes
1371 2091 1646 2133 honestarum
1677 2094 1845 2143 artium,
1874 2106 1961 2136 non
1989 2097 2125 2136 solum
2147 2103 2318 2151 propter

1280 2152 1605 2194 ecclesiasticam
1621 2185 1632 2203 ,
1670 2155 1746 2197 sed
1781 2155 1908 2196 etiam
1951 2162 2121 2209 propter
2155 2161 2317 2201 civilem

1279 2216 1621 2255 communitatem
1635 2220 1676 2256 et
1695 2216 1930 2266 utilitatem,
1950 2220 2187 2259 necessaria
2202 2225 2313 2272 sunt,

1278 2280 1319 2317 et
1340 2277 1398 2316 ita
1414 2277 1456 2316 in
1486 2278 1680 2317 omnibus
1711 2279 1853 2330 regnis
1881 2282 1924 2318 et
1951 2280 2172 2330 provinciis
2202 2290 2315 2325 recte

1276 2337 1488 2387 institutis,
1511 2340 1750 2390 hujusmodi
1769 2340 1982 2392 generalia
2003 2342 2138 2381 studia
2166 2343 2317 2386 florue-

1277 2404 1388 2439 runt.
1414 2401 1531 2441 Unde
1551 2401 1593 2439 in
1616 2401 1685 2440 lib.
1712 2404 1757 2440 11
1783 2402 1942 2441 Codicis
1963 2407 2073 2442 extat
2092 2403 2250 2452 titulus,
2269 2407 2315 2449 de

1279 2461 1446 2503 Studiis
1466 2463 1698 2503 liberalibus
1708 2463 1822 2503 urbis
1834 2464 1985 2512 Romoe,
2005 2476 2110 2515 quos
2125 2469 2313 2518 tempore

1276 2524 1438 2575 Agapiti
1462 2524 1582 2575 Papae
1602 2524 1778 2575 coepisse
1802 2525 2006 2576 significat
2025 2527 2310 2578 Cassiodorus,

1276 2585 1320 2624 in
1352 2585 1423 2624 lib.
1452 2585 1693 2624 Divinarum
1721 2586 2026 2626 institutionum
2051 2588 2094 2626 in
2118 2587 2309 2641 Prologo.

1275 2646 1441 2686 Parisiis
1459 2647 1583 2685 etiam
1611 2646 1779 2686 Carolus
1798 2647 1974 2698 Magnus
1999 2649 2311 2690 celeberrimam

1275 2707 1589 2747 universitatem
1616 2707 1818 2755 fundavit,
1855 2712 1902 2746 ut
1935 2709 2087 2748 Anton.
2119 2709 2262 2758 refert,
2283 2712 2311 2751 2

1274 2772 1380 2820 part.
1406 2767 1631 2816 Historiali‚
1646 2768 1710 2807 tit.
1734 2769 1798 2814 14,
1819 2779 1910 2818 cap.
1933 2769 1973 2815 4,
1995 2768 2019 2820 ἓ
2037 2771 2100 2816 12,
2122 2774 2163 2809 et
2183 2770 2310 2812 sumi-

1273 2833 1341 2868 tur
1372 2840 1423 2869 ex
1457 2829 1636 2868 Concilio
1674 2829 1908 2876 Parisiensi‚
1939 2830 2016 2868 sub
2039 2831 2246 2871 Ludovico
2273 2832 2313 2872 Ι1

1273 2890 1346 2929 lib.
1369 2892 1407 2937 1,
1427 2901 1517 2941 cap.
1542 2891 1607 2938 12,
1630 2890 1748 2941 cujus
1777 2891 1903 2929 verba
1931 2903 2005 2942 pro
2025 2892 2103 2931 hac
2130 2861 2317 2934 material

1271 2951 1456 2991 notanda
1493 2956 1611 2991 sunt:
1645 2951 1790 2991 Obnioee
1819 2964 1866 2993 ac
1897 2953 2136 3004 suppliciter
2165 2957 2309 2997 vestm
2339 2984 2349 2985 ff

1273 3012 1503 3054 celsitudini
1540 3014 1806 3065 sufferimus,
1843 3016 1889 3055 ut
1913 3025 2059 3054 morem
2093 3011 2320 3067 paternum

1273 3077 1475 3126 sequentes
1498 3073 1597 3124 (fuit
1613 3077 1752 3113 autem
1769 3074 2001 3114 Ludovicus
2030 3075 2139 3115 filius
2171 3075 2313 3128 Caroli„

1271 3134 1454 3187 Magni),
1476 3136 1616 3176 saltem
1639 3135 1683 3175 in
1705 3136 1832 3175 tribas
1851 3136 2212 3188 commentis-simis
2229 3138 2309 3179 ima
2336 3183 2339 3185 ,

1267 3197 1374 3248 perii
1394 3198 1518 3238 vestri
1535 3197 1631 3237 locis
1649 3196 1792 3237 scholoe
1812 3197 1981 3248 publicae
1997 3209 2044 3238 esc
2061 3201 2196 3239 vestra
2212 3209 2309 3241 auo*
2332 3192 2339 3205 ⁵

1271 3259 1434 3299 toritate
1451 3259 1570 3308 fiant,
1599 3261 1646 3300 uc
1665 3258 1773 3298 labor
1785 3259 1924 3311 patris
1942 3261 2081 3307 vestri,
2097 3263 2135 3300 et
2158 3262 2318 3316 vester„⁸

1267 3331 1339 3371 per
1352 3319 1548 3371 injuriam
1569 3320 1687 3372 (quod
1703 3320 1823 3372 absit)
1839 3320 2125 3370 labefactando,
2143 3331 2222 3361 non
2238 3311 2341 3364 der*

1264 3384 1404 3433 pereat
1409 3381 1626 3434 ;qaoniam
1641 3393 1689 3423 ex
1706 3382 1775 3422 hoc
1791 3384 1897 3432 facto
1910 3385 1948 3424 et
1960 3394 2107 3436 mayna
2123 3375 2294 3424 utilitas·
2314 3374 2330 3405 Ὗ

1269 3446 1308 3484 et
1322 3444 1445 3484 honor
1460 3446 1608 3484 sanetae
1622 3443 1700 3484 Dei
1712 3443 1922 3491 Ecclesiae,
1938 3447 1976 3484 et
1991 3442 2099 3484 vobis
2112 3452 2278 3495 maenus
2297 3435 2314 3468 ³¹

1267 3503 1456 3548 mercedis
1471 3504 1789 3555 emolumentum,
1802 3509 1842 3546 et
1857 3505 2049 3546 memoria
2060 3503 2203 3556 sempit
2300 3511 2302 3514 ·

1320 3625 1335 3652 ¹
1350 3626 1584 3677 Dum-enus,
1595 3625 1625 3669 1.
1641 3627 1663 3668 1
1678 3626 1731 3670 de
1741 3622 1979 3669 Ecclesiast·
1990 3623 2165 3676 minist,
2178 3635 2216 3669 ο.
2247 3636 2290 3674 *n
