2352 3880
24 303 33 354 ζ
68 292 257 349 &pum
273 293 340 334 vel
360 294 574 335 omittendi
590 296 699 334 hanc
714 295 882 334 tertiam
899 294 1107 346 probatio-

20 386 32 410 ‚¹
175 387 188 406 ,
218 356 320 396 nihil
347 356 508 405 dicitur,
531 356 719 407 quamvis
748 367 884 406 neque
913 357 1101 408 negetur.

20 414 29 418 “
68 418 209 473 >{itque
239 418 345 456 hanc
370 418 667 457 institutionem
691 417 924 468 specialiter
955 427 1103 469 appro—

17 502 26 506 -
70 471 184 521 thevit
201 477 424 530 Gregorius
439 479 543 525 XIIl,
566 478 611 517 in
629 477 746 518 Bulla
763 478 1004 518 Ascendente
1022 479 1103 518 Do-

72 539 200 587 mino,
223 540 264 578 in
283 552 364 591 qua
383 540 442 579 sic
460 540 608 579 dicitur
627 552 638 578 τ
662 539 877 580 Scholares
895 539 1042 580 studiis
1058 540 1102 579 in

75 600 275 646 ssocietate
302 603 516 650 absolutis,
540 605 749 653 antequam
769 603 945 651 professi
964 600 1024 641 vel
1043 612 1102 641 σο-

75 661 274 714 adjutores
300 663 534 712 spirituales
551 662 715 712 formati
729 663 855 713 fiant,
876 674 953 701 non
977 662 1101 712 solum

75 722 228 764 tertium
254 724 379 762 adnue
394 724 643 776 probationis
665 723 872 764 ulterioris
891 735 1039 764 atinum
1057 723 1102 763 in

35 785 54 808 .·
75 783 282 825 devotionis
303 787 341 824 et
362 784 603 825 numilitatis
627 787 830 825 eaeo-cittis
855 782 1099 836 impendunt,

72 848 121 888 ut
140 845 177 886 si
196 857 274 897 qua
298 849 467 894 fortasse
492 847 536 886 in
560 859 603 886 re
626 847 768 886 harum
795 847 991 886 virtutum
1021 850 1102 897 fer-

73 917 143 948 vor
168 918 241 957 per
276 907 502 947 litterarum
536 909 824 959 occupationem
855 908 1098 957 intepuerit,

71 977 140 1021 per
160 969 379 1007 earumdem
409 969 603 1008 virtutum
631 970 937 1020 frequentiorem
957 968 1101 1007 eoeerci-

73 1029 274 1075 tationem,
297 1030 628 1081 ardentioremque
654 1030 784 1069 devini
816 1029 961 1068 auxilii
989 1040 1100 1068 voca-

73 1090 229 1136 tionem,
248 1091 503 1138 recalescant,
538 1092 605 1130 sed
622 1092 762 1138 etiam,
783 1094 854 1130 etc.
878 1090 925 1128 Et
957 1095 1099 1140 postea

71 1150 347 1201 subjungitur,
366 1152 492 1189 totius
513 1151 698 1197 instituti,
722 1156 761 1189 et
782 1151 1012 1201 specialiter
1032 1163 1100 1191 eo-

70 1223 161 1252 rum
180 1223 270 1261 quae
288 1218 452 1251 narrata
470 1213 645 1259 fuerant,
663 1212 935 1251 confirmatio.

124 1275 162 1313 3.
196 1273 419 1314 Corollaria
445 1275 541 1323 tria,
565 1286 611 1314 ece
632 1275 764 1314 dietis.
787 1295 840 1303 —
868 1275 924 1312 Ex
947 1274 1097 1325 quibus

70 1334 298 1385 intelligere
334 1336 442 1383 lieet,
470 1336 581 1374 hunc
619 1347 776 1374 annum
810 1336 978 1374 tertium
1001 1349 1097 1400 pro-

69 1396 246 1436 bationis
266 1409 348 1435 non
377 1398 575 1448 postulari
601 1401 799 1447 tanquam
826 1398 877 1436 de
908 1399 1096 1437 substan-

69 1458 139 1504 tia,
163 1458 228 1496 vel
247 1462 446 1508 tanquam
467 1459 634 1498 omnino
653 1459 934 1498 necessarium
956 1460 1008 1498 ad
1027 1472 1097 1499 va·

68 1518 198 1558 lorem
230 1520 526 1570 professionis,
558 1525 645 1559 tum
673 1521 769 1570 quia
807 1533 885 1560 nec
923 1521 962 1559 in
992 1522 1097 1560 Con-

68 1581 358 1624 stitutionibus,
381 1594 459 1620 nec
490 1583 531 1620 in
558 1581 752 1632 praedicta
784 1583 900 1621 Bulla
934 1583 1101 1633 ponitur

68 1642 236 1692 aliquod
266 1643 452 1689 verbum,
484 1643 595 1693 quod
621 1647 778 1682 tantam
813 1645 1100 1683 necessitatem

66 1703 239 1750 indicet;
264 1708 350 1742 tum
381 1705 504 1742 etiam
531 1705 642 1756 quia,
673 1706 805 1755 capite
831 1705 1096 1755 praecedenti,

67 1766 230 1804 numer.
262 1765 522 1814 duodecimo,
597 1770 708 1804 ctum
730 1770 804 1812 est,
837 1778 971 1816 neque
992 1768 1098 1805 Inte-

67 1837 186 1876 grum
207 1825 417 1863 biennium
445 1838 534 1864 esse
555 1826 607 1865 de
632 1826 860 1864 substantia
883 1826 1098 1876 professio-

64 1887 144 1934 nis,
164 1887 237 1924 sed
258 1888 388 1924 solum
405 1887 612 1937 integrum
630 1899 784 1924 annum
807 1899 857 1925 ex
874 1888 910 1925 vi
929 1888 1098 1927 Concilii

63 1947 289 1988 Tridentini
318 1947 575 1997 requisitum.
600 1948 771 1998 Reliqua
795 1960 910 1998 ergo,
933 1960 1024 1999 quae
1047 1961 1098 1988 ex

64 2009 262 2061 peculiari
281 2010 465 2047 instituto
482 2010 695 2047 Societatis
712 2009 934 2056 adduntur,
957 2011 1007 2048 ad
1028 2023 1098 2049 ne-

65 2071 297 2109 cessitatem
318 2071 471 2120 regulae
499 2071 722 2120 pei-tinent,
744 2075 784 2109 et
805 2075 848 2109 ut
868 2083 934 2109 res
957 2071 1096 2110 debito

63 2133 185 2171 modo
206 2131 300 2180 fiat,
328 2144 411 2170 non
432 2136 571 2170 tamen
600 2136 645 2170 ut
673 2131 781 2170 facta
805 2136 954 2170 teneat.
977 2133 1094 2173 Unde

62 2197 223 2232 certum
254 2197 315 2231 est
342 2204 462 2243 posse
489 2193 758 2243 Praepositum
789 2192 1032 2231 Generalem
1054 2193 1095 2229 in

63 2254 143 2294 hoe
166 2266 275 2292 anno
309 2255 570 2305 dispensare,
592 2259 630 2291 et
653 2255 775 2303 justis
797 2254 848 2290 de
868 2254 1001 2290 causis
1023 2253 1094 2291 ali-

64 2315 230 2367 quando
250 2315 290 2353 id
309 2316 460 2359 facere,
474 2314 662 2364 quamvis
680 2314 997 2352 Constitutiones
1019 2327 1093 2353 sua

62 2377 338 2417 taciturnitate
356 2376 461 2414 circa
484 2376 607 2414 talem
627 2375 978 2426 dispensationem
997 2378 1093 2416 satis

61 2439 245 2480 indicant
280 2450 362 2476 non
406 2437 557 2477 debere
591 2437 711 2476 facile
751 2438 936 2476 concedi.
975 2439 1092 2478 Unde

65 2501 187 2540 etiam
220 2499 395 2549 intelligi
426 2503 575 2548 potest,
597 2498 723 2547 quod,
743 2498 838 2537 lieet
865 2499 930 2537 hic
959 2511 1093 2538 annus

62 2561 106 2600 in
125 2561 259 2612 rigore
286 2560 390 2610 juris
425 2559 575 2598 debeat
607 2571 697 2598 esse
721 2560 956 2606 continuus,
973 2560 1092 2610 juxta

63 2622 252 2674 superius
269 2621 402 2669 dicta,
421 2620 492 2659 lib.
515 2622 562 2667 2,
581 2633 671 2670 cap.
695 2623 863 2670 quarto,
886 2632 999 2659 num.
1024 2621 1089 2668 11,

64 2682 115 2724 de
147 2683 355 2722 communi
390 2693 499 2720 anno
536 2681 772 2728 novitiatus,
807 2685 849 2720 et
881 2682 974 2720 ideo
1011 2681 1092 2721 fre-

64 2749 251 2796 quenter,
285 2755 333 2782 ac
364 2743 610 2794 regulariter
639 2743 696 2781 ita
730 2747 886 2781 servari
917 2742 1089 2791 debeat,

63 2804 327 2846 nihilominus
343 2804 382 2842 in
405 2805 482 2843 hoc
499 2804 657 2843 facilior
674 2804 801 2855 possit
821 2815 911 2843 esse
928 2804 1090 2855 dispen-

63 2867 181 2914 satio,
199 2879 248 2906 eo
265 2866 376 2916 quod
396 2866 485 2905 haec
501 2865 688 2917 probatio
709 2865 986 2904 substantialis
1004 2877 1090 2905 non

63 2929 139 2976 est,
155 2931 196 2967 et
214 2928 365 2966 utilitas
386 2929 474 2979 ejus
491 2930 627 2979 potest
646 2931 819 2977 utroque
834 2927 955 2965 modo
976 2938 1088 2965 com·

63 2989 210 3041 parari.
242 2990 424 3039 Denique
455 3002 504 3029 ex
538 2989 674 3028 verbis
705 2988 934 3039 praesertim
971 2988 1088 3028 dictae

62 3049 366 3091 constitutionis
403 3051 574 3102 intelligi
608 3053 742 3102 potest
777 3050 940 3089 tertiam
979 3050 1087 3090 hanc

64 3111 345 3165 probationem
367 3114 573 3164 praecipue
597 3113 820 3152 consistere
847 3111 890 3151 in
908 3112 1088 3151 vacatio-

63 3182 116 3214 ne
135 3173 188 3212 ab
208 3173 350 3212 studlis
369 3178 409 3212 et
426 3174 655 3213 actionibus
678 3186 777 3225 erga
796 3173 1019 3224 proximos,
1041 3176 1088 3213 ut

63 3233 148 3275 neo
170 3246 217 3273 ac
236 3234 411 3285 propriae
432 3235 670 3285 perfectioni
692 3235 891 3274 intentius
916 3246 965 3273 eo
986 3239 1086 3273 tem-

28 3294 35 3318 's
65 3306 164 3349 pore
189 3300 371 3335 vacetur.
401 3295 490 3334 Duo
512 3297 621 3336 enim
649 3298 691 3336 in
711 3297 906 3349 praedicta
933 3297 1087 3336 Consti-

65 3357 220 3397 tutione
237 3356 422 3407 Gregorii
440 3357 525 3395 XIII
542 3357 747 3398 dicuntur.
772 3358 908 3398 Unum
930 3361 1013 3405 est,
1041 3361 1089 3398 ut

65 3417 229 3460 tertium
250 3417 502 3469 probationis
529 3429 684 3457 annum
709 3419 751 3457 in
783 3418 985 3458 exercitiis
1017 3417 1088 3458 de-

39 3478 238 3527 letionis
274 3482 315 3519 et
354 3478 593 3517 humilitatis
629 3484 898 3527 consumant,
928 3478 1000 3530 qui
1035 3479 1089 3519 ad

29 3557 33 3561 ⁴
67 3539 360 3591 professionem
381 3543 476 3578 sunt
504 3538 756 3578 admittendi.
787 3539 907 3579 Aliud
939 3543 1015 3586 est,
1043 3544 1090 3581 ut

68 3595 112 3657 {31
133 3599 347 3642 Societatis
376 3600 613 3642 ministeriis
646 3599 805 3640 tamdiu
837 3599 1088 3654 probentur,

441 229 533 265 mr.
554 229 596 265 n.
618 229 761 266 mauu
780 228 890 265 Auru
909 226 1215 265 PROFESSIONEH
1234 228 1410 266 TERTIUS
1429 230 1709 272 ruonA'rioms.
1732 231 1823 268 mc.

1160 294 1358 345 quamdiu
1381 292 1600 346 Praeposito
1619 297 1810 336 Generali
1839 297 1894 338 ad
1917 310 2036 339 suam
2057 304 2097 340 et
2117 303 2187 341 So-

1158 355 1316 394 cietatis
1359 355 1564 406 integram
1602 358 1924 399 satisfactionem
1967 361 2186 404 videbitur.

1159 415 1414 467 Supponitur
1433 427 1532 467 ergo
1551 417 1596 455 in
1628 421 1750 458 tertio
1775 421 2030 471 probationis
2061 435 2188 473 anno,

1156 488 1232 527 per
1250 488 1294 516 se
1310 477 1536 528 loquendo,
1551 477 1604 516 ab
1621 479 1685 517 his
1704 480 1940 522 ministeriis
1958 484 2190 524 vacandum

1159 548 1270 584 esse,
1298 550 1383 577 non
1404 530 1573 590 propter
1590 539 1734 578 inutile
1756 543 1904 591 otium,
1929 545 2003 584 sed
2020 550 2190 597 propter

1158 598 1285 637 otium
1303 604 1507 644 sanctum,
1526 600 1630 651 quod
1640 600 1778 649 dilicit
1795 603 1970 643 charitas
1987 608 2189 657 veritati-5,

1158 663 1198 698 et
1217 664 1384 711 propter
1403 660 1615 711 propriam
1631 660 1992 704 mortificationem
2012 672 2053 706 et
2071 680 2191 708 sanc-

1154 720 1437 761 tificationem.
1596 726 1607 738 ⁴

1207 784 1248 821 4.
1284 783 1477 829 Quomodo
1509 781 1574 823 hic
1604 784 1752 823 tertius
1786 794 1916 824 annus
1947 786 2006 825 sit
2043 789 2190 829 transi*

1154 845 1495 895 θητεῖαι-ωηο
1518 856 1617 882 vero
1636 843 1740 882 ratio
1760 845 2017 896 transigendi
2035 847 2190 889 dietum

1156 917 1327 948 annum,
1349 905 1391 943 in
1414 906 1538 943 variis
1565 905 1904 944 instructionibus
1924 919 1948 945 a
1970 908 2188 959 Praeposito

1155 966 1347 1005 Generali
1375 966 1592 1015 emanatis,
1622 967 1676 1005 ad
1709 967 1799 1006 illos
1826 968 1906 1007 Deo
1941 970 2122 1016 vacandi,
2154 975 2190 1012 et

1155 1028 1365 1079 spirituali
1383 1031 1583 1080 profectui
1607 1029 1853 1069 incumbendz'
1874 1029 1979 1069 fines
1997 1034 2190 1071 accurate

1155 1087 1360 1138 descripta
1378 1092 1453 1133 est,
1474 1093 1555 1127 tam
1578 1101 1651 1139 pro
1668 1090 1718 1127 iis
1738 1090 1806 1140 qui
1829 1090 1882 1129 ob
1902 1091 2094 1142 exiguum
2114 1105 2190 1131 nu-

1154 1161 1315 1188 merum
1330 1150 1372 1188 in
1388 1150 1512 1188 domo
1532 1151 1680 1189 eadem
1695 1152 1942 1191 novitiorum
1957 1154 2190 1203 probabun-

1152 1213 1234 1258 tur,
1255 1222 1379 1261 quam
1401 1223 1475 1263 pro
1493 1211 1543 1250 iis
1563 1212 1635 1262 qui
1657 1225 1815 1251 annum
1834 1219 2036 1265 peragent
2053 1216 2094 1253 in
2118 1216 2191 1254 do-

1151 1283 1219 1310 mo
1241 1277 1446 1323 separata,
1470 1274 1695 1312 amicorum
1723 1278 1765 1313 et
1784 1277 2192 1326 consanguineorum

1152 1333 1451 1373 consuetudine
1470 1340 1644 1382 semota,
1669 1335 1754 1374 sive
1777 1348 1934 1384 coram,
1956 1337 2040 1376 sive
2066 1340 2191 1378 etiam

1150 1406 1226 1445 per
1245 1395 1415 1434 litteras.
1437 1397 1482 1434 In
1505 1408 1629 1446 quam
1648 1401 1759 1436 certe
1784 1397 1955 1436 domum
1972 1399 2192 1448 decem,ut

1150 1455 1384 1504 minimum,
1399 1457 1645 1496 convenient
1657 1458 1734 1496 sub
1751 1458 1995 1498 instructore
2007 1473 2105 1507 uno,
2121 1461 2191 1512 qui

1156 1520 1196 1555 et
1216 1518 1458 1557 auctoritate
1475 1531 1550 1569 per
1564 1531 1608 1557 se
1629 1519 1779 1563 valeat,
1798 1524 1837 1559 et
1857 1521 1959 1559 alias
1981 1523 2103 1560 etiam
2121 1535 2194 1574 gu-

1154 1577 1366 1627 bernarit3
1398 1579 1432 1617 is
1456 1592 1552 1619 vero
1578 1581 1672 1619 illos
1703 1593 1848 1620 omnes
1876 1583 1918 1620 in
1942 1584 2085 1634 spiritu
2111 1584 2192 1623 for-

1155 1640 1330 1678 mandos
1350 1641 1534 1689 curabit,
1569 1642 1890 1693 universamque
1924 1644 2095 1682 instituti
2120 1646 2192 1684 So-

1156 1701 1314 1739 cietatis
1328 1702 1531 1740 rationem
1547 1703 1786 1752 explanabit
1800 1717 1874 1755 per
1889 1709 2018 1744 statos
2036 1706 2192 1756 aliquot

1155 1762 1354 1811 cujusque
1370 1762 1643 1800 hebdomadae
1660 1764 1763 1810 dies,
1783 1778 1830 1803 ac
1850 1767 1996 1804 modos
2014 1771 2193 1817 exponet

1149 1822 1326 1873 juvandi
1348 1823 1554 1872 proximos
1577 1823 1829 1863 salutariter.
1849 1826 2070 1876 Injungere
2092 1839 2193 1878 prae-

1153 1887 1268 1922 terea
1289 1885 1439 1933 poterit
1467 1885 1734 1933 poenitentias
1763 1898 1811 1924 ac
1832 1888 2189 1938 mortificationes,

1153 1943 1261 1982 inter
1290 1944 1402 1994 ipsos
1433 1948 1575 1982 tamen
1611 1946 1823 1995 privatim,
1846 1959 1951 1998 quas
1970 1949 2023 1986 ad
2045 1961 2190 1988 eorum

1153 2004 1382 2054 profectum
1417 2005 1649 2044 conducere
1665 2007 1882 2056 judicabit,
1917 2013 2041 2060 atque
2071 2023 2095 2049 a
2126 2022 2191 2050 re-

1153 2061 1325 2105 ser’vatis
1349 2066 1406 2114 (si
1427 2079 1532 2117 opus
1554 2069 1655 2117 erit)
1684 2069 1883 2108 absolvet.
1906 2071 2112 2121 Quidquid
2131 2075 2190 2111 ta-

1150 2138 1248 2165 men
1284 2127 1338 2166 ad
1373 2132 1584 2166 externam
1619 2129 1878 2180 disciplinam
1899 2137 2071 2182 spectat,
2105 2143 2190 2172 non

1150 2189 1228 2226 nisi
1248 2189 1436 2227 consulto
1459 2191 1631 2228 Rei-tore
1647 2196 1718 2229 aut
1733 2194 1919 2231 ministro
1936 2195 2098 2245 colleg-ii
2116 2197 2189 2235 im·

1148 2253 1291 2300 ponet,
1325 2251 1357 2288 si
1386 2250 1492 2290 forte
1529 2257 1721 2302 separata
1751 2253 1940 2304 ipsorum
1972 2257 2187 2308 habitatio,

1148 2322 1244 2360 pars
1282 2311 1421 2361 aliqua
1454 2312 1615 2361 collegii
1642 2314 1778 2353 fuerit.
1816 2315 1934 2361 Quod
1969 2318 2003 2355 si
2041 2330 2187 2358 eorum

1149 2372 1370 2422 quisquam
1384 2373 1520 2411 minus
1532 2374 1573 2412 in
1589 2375 1804 2425 probando
1817 2377 2072 2424 satisfecerit,
2087 2380 2186 2419 edu-

1149 2434 1306 2471 cendus
1334 2434 1425 2480 erit,
1447 2439 1573 2484 atque
1599 2436 1642 2474 in
1673 2440 1834 2487 tempus
1856 2439 1967 2477 aliud
1988 2440 2186 2480 differen-

1147 2493 1239 2532 dus.
1280 2497 1400 2533 Anno
1435 2500 1575 2534 autem
1610 2503 1794 2548 peracto,
1825 2503 1908 2538 tam
1944 2500 2182 2550 instructor,

1147 2565 1274 2604 quarn
1309 2555 1573 2595 Provincialis
1614 2558 1665 2597 de
1704 2559 1877 2610 singulis
1914 2561 2183 2612 Generalem,

1146 2621 1314 2655 rectene
1355 2628 1408 2655 an
1436 2629 1554 2656 secus
1579 2618 1692 2657 illum
1723 2620 1939 2668 obiverint‚
1965 2623 2089 2673 plane
2117 2624 2182 2662 in-

1144 2675 1396 2716 formabunt.
1420 2678 1517 2717 Haec
1538 2683 1600 2718 est
1620 2691 1782 2719 summa
1804 2693 1946 2720 eurum
1966 2684 2182 2735 obligatio-

1146 2751 1262 2786 num,
1282 2752 1373 2790 quae
1394 2752 1468 2791 pro
1487 2742 1608 2781 tertio
1627 2743 1882 2794 probationis
1898 2758 2008 2784 anno
2023 2746 2182 2797 profes-

1146 2801 1309 2840 sionem
1333 2802 1375 2840 in
1396 2802 1599 2842 Societate
1631 2807 1931 2857 nuncupaturis
1955 2807 2182 2858 injungun-

1144 2866 1232 2912 tur3
1255 2867 1295 2902 et
1312 2863 1351 2901 in
1366 2864 1509 2903 ultima
1524 2866 1914 2915 instructione‚data
1933 2880 2042 2906 anno
2058 2870 2177 2916 1601,

1143 2923 1266 2962 latius
1283 2924 1504 2964 habentur.
1526 2926 1629 2965 Vide
1647 2927 1769 2966 etiam
1785 2929 2066 2968 ordinationes
2081 2941 2179 2969 con-

1141 2988 1295 3025 tractas
1328 2986 1572 3027 auctoritate
1604 2989 1790 3040 septimae
1817 2990 2176 3042 Congregationis,

1141 3051 1229 3088 toto
1249 3061 1339 3100 cap.
1368 3051 1406 3088 3.

1195 3111 1235 3150 5.
1258 3109 1382 3151 Ratio
1400 3111 1461 3151 ita
1481 3110 1742 3163 transigendi,
1762 3112 1806 3152 in
1825 3112 1992 3163 actibus,
2012 3113 2176 3164 scilicet,

1140 3172 1233 3213 vitre
1244 3172 1566 3223 contemplativae,
1576 3178 1752 3224 respectu
1765 3177 1836 3214 tem
1842 3174 1952 3226 poris
1959 3175 2173 3225 praeteriti.

1139 3233 1354 3280 -Quihus
1374 3235 1581 3283 omnibus,
1603 3238 1689 3274 tam
1710 3235 1752 3274 in
1778 3235 2027 3286 praecedenti
2048 3244 2173 3286 quam

1140 3296 1183 3336 in
1212 3295 1332 3334 tertio
1358 3307 1550 3345 numero,
1582 3299 1736 3335 attente
1759 3296 2042 3341 consideratis,
2073 3292 2174 3332 mihi

1141 3357 1301 3409 colligo,
1321 3358 1531 3408 propriam
1544 3358 1747 3397 rationem
1766 3358 1888 3408 hujus
1909 3353 2174 3395 institutionis

1142 3430 1228 3458 non
1251 3422 1335 3458 tam
1355 3419 1580 3458 consistere
1602 3419 1641 3457 in
1668 3418 1830 3457 formali
1856 3418 2012 3455 ratione
2034 3415 2095 3462 (ut
2114 3413 2174 3453 sic

1142 3478 1288 3531 dicam)
1305 3479 1574 3531 probationis,
1594 3491 1719 3530 quam
1740 3479 1782 3516 in
1797 3475 1996 3528 spirituali
2017 3471 2174 3513 exerci-

1141 3542 1312 3588 tatione,
1329 3545 1370 3580 et
1384 3541 1508 3580 veluti
1524 3541 1790 3592 dispositione
1804 3537 1856 3576 ad
1870 3534 2173 3587 professionem

1141 3602 1391 3642 necessaria.
1409 3602 1540 3649 Quam
1551 3601 1755 3640 rationem
1768 3601 1810 3636 et
1822 3596 2065 3648 primariam
2079 3606 2171 3635 esse
