2352 3880
150 289 242 332 sine
280 283 447 330 licentia
475 283 646 338 proprii
667 282 854 330 Praetati,
893 285 935 322 et
967 281 1183 327 similibus.

111 339 253 392 *Item
277 349 329 388 de
342 349 412 387 illa
430 358 556 398 quam
568 345 660 396 quis
677 343 894 392 contrahit,
910 335 1183 384 ministrando

147 411 196 451 in
218 410 370 450 Ordine
388 419 512 459 quem
533 418 619 446 non
635 405 787 457 habet3
811 405 911 446 item
929 417 1004 458 per
1022 404 1181 445 crimen

150 471 337 518 haeresis,
370 473 414 510 et
443 469 480 510 si
515 479 609 521 quae
641 473 739 508 sunt
772 467 942 514 similes,
980 479 1079 507 nam
1116 468 1182 507 hae

149 543 293 573 omnes
313 543 427 583 purae
443 542 576 583 poenae
597 527 780 571 dieendae
802 533 911 577 sunt,
928 529 1047 582 juxta
1070 529 1183 568 illam

147 594 412 640 sententiam,
430 605 515 632 non
540 591 677 632 minus
698 603 825 642 quam
842 591 919 631 illae
940 604 1032 642 quae
1053 591 1184 643 impo-

145 658 303 696 nuntur
335 657 508 706 propter
541 653 786 693 violationes
821 664 1107 701 censurarum,
1143 652 1185 691 et

146 716 349 756 tamenin
379 716 451 755 illa
473 715 694 768 partitione
727 716 989 755 omittuntur.
1023 713 1182 752 Deinde

145 778 259 828 quod
279 777 561 829 irregularitas
581 777 705 816 ducat
720 777 923 827 originem
947 787 971 814 a
986 786 1180 824 censura,

144 848 228 878 non
249 839 374 879 refert
394 843 440 879 ut
463 839 541 879 sub
560 838 730 877 nomine
753 848 1024 877 censurarum
1054 835 1180 875 inclu-

146 898 284 948 datur,
305 902 371 941 vel
393 899 521 953 (quod
547 900 657 939 idem
678 900 753 949 est)
770 903 814 938 ut
833 910 908 949 per
932 901 1181 949 potestatem

147 962 370 1002 absolvendi
389 974 414 1002 a
431 961 624 1008 censuris,
647 964 694 998 ut
710 960 783 1008 sic,
803 959 889 999 tolli
918 960 1060 1011 possit,
1083 958 1179 1010 quia

141 1034 225 1062 non
247 1027 311 1063 est
342 1035 418 1074 per
453 1033 499 1061 se
533 1021 757 1072 conjuncta
781 1033 877 1061 cum
913 1033 1106 1069 censura,
1133 1023 1179 1060 ut

141 1088 311 1135 putetur
338 1081 640 1134 comprehensa
669 1087 870 1133 tanquam
900 1082 1177 1122 accessorium

139 1156 233 1186 eum
252 1144 482 1196 principali,
506 1144 580 1184 sed
600 1148 664 1184 est
680 1144 852 1183 omnino
873 1155 948 1194 per
965 1144 1175 1192 accidens,

139 1209 183 1245 et
201 1211 358 1246 remote
378 1208 588 1246 contracta
618 1208 793 1257 propter
827 1217 979 1244 novam
1014 1205 1178 1255 culpam

138 1271 280 1307 contra
304 1279 526 1307 censuram
546 1267 830 1307 commissam.
862 1268 963 1306 Item
989 1266 1178 1317 quamvis

138 1327 375 1368 incurratur
413 1330 633 1369 occasione
668 1340 870 1378 censurae,
908 1333 1048 1367 tamen
1085 1328 1178 1379 ipsa

137 1401 222 1428 uon
244 1393 306 1429 est
325 1403 518 1439 censura,
541 1395 587 1430 ut
601 1392 763 1430 constat
782 1404 832 1430 ex
846 1403 936 1441 cap.
959 1389 1173 1437 Quoerenti,

138 1450 190 1491 de
211 1452 334 1491 Vei-b.
356 1452 514 1503 signif„
545 1461 588 1491 et
606 1454 702 1504 quia
725 1465 808 1490 non
838 1457 899 1492 est
918 1451 1175 1490 medicinalis

137 1525 279 1565 poena,
320 1513 395 1552 sed
422 1516 586 1553 tantum
613 1513 875 1553 vindicativa.
914 1514 1025 1565 Ergo
1062 1513 1179 1551 nulla

136 1575 343 1626 probabili
358 1575 517 1614 ratione
537 1575 836 1626 comprehendi
852 1578 988 1626 potest
1007 1574 1085 1613 snb
1101 1587 1179 1613 no-

137 1636 248 1675 mine
263 1649 465 1683 censuroe;
486 1636 589 1675 alias
610 1637 642 1675 si
667 1636 771 1675 mihi
810 1636 980 1674 daretur
1013 1638 1177 1675 tantum

134 1702 317 1747 potestas
354 1697 596 1737 absolvendi
630 1698 685 1737 ab
714 1697 1172 1745 excommunicatIOne,

133 1770 298 1810 possem
337 1760 606 1798 nihilominus
650 1760 795 1798 tollere
837 1771 1004 1799 omnem
1048 1758 1172 1797 aliam

131 1822 384 1868 censuram,
418 1821 486 1862 vel
528 1821 877 1872 irregularitatem
917 1824 1175 1860 contractam

133 1893 210 1935 per
229 1885 446 1932 peccatum
475 1885 746 1922 commissum
768 1882 985 1922 occasione
1008 1895 1173 1921 excom-

132 1944 441 1992 municationis,
464 1945 562 1996 quia
584 1946 680 1984 licet
704 1957 787 1983 non
806 1946 857 1984 sit
890 1944 1173 1982 excommuni-

132 2005 252 2051 catio,
278 2005 392 2044 ducit
416 2005 620 2056 originem
641 2006 694 2044 ab
720 2005 1166 2044 excommunicatione.

133 2066 399 2118 Consequens
427 2073 566 2105 autem
588 2067 712 2118 plane
752 2070 815 2106 est
850 2065 1095 2114 absurdum,
1132 2068 1175 2104 et.

132 2128 513 2174 inauditum3nihil
539 2141 636 2179 ergo
665 2127 793 2167 refert
813 2127 880 2166 ille
908 2127 1058 2166 modus
1093 2127 1172 2166 ori-

133 2191 240 2242 ginis
261 2203 283 2229 a
305 2203 496 2236 censura,
524 2191 596 2229 secl
612 2190 835 2228 intrinseca
848 2192 997 2227 natura
1014 2192 1051 2227 et
1077 2200 1173 2226 con-

133 2252 232 2292 ditio
256 2252 382 2303 ipsius
404 2251 716 2302 irregularitatis
728 2250 939 2302 pensanda
960 2253 1040 2297 est3
1059 2249 1173 2288 unde

133 2314 312 2353 dubitari
352 2326 435 2352 non
455 2318 591 2365 polest
619 2313 719 2364 quin
746 2313 857 2351 idem
878 2311 1082 2362 judicium
1115 2311 1173 2349 fe

131 2376 307 2422 rendum
325 2375 375 2414 sit
396 2375 447 2414 de
469 2376 662 2413 omnibus
678 2372 1064 2425 irregularitatibus,
1083 2384 1174 2423 quae

134 2441 230 2476 sunt
250 2449 384 2488 poenoe
407 2437 651 2476 delictorum
673 2438 835 2485 (saltem
850 2438 1020 2485 excepto
1043 2435 1173 2472 bomi-

134 2499 270 2548 cidiol,
310 2500 397 2539 sive
436 2499 508 2538 illa
534 2499 683 2538 delicta
719 2499 802 2538 sint
832 2502 975 2536 contra
1015 2497 1173 2547 priores

134 2573 345 2602 censuras,
369 2560 455 2600 sive
474 2563 620 2601 contra
645 2559 922 2611 Baptismum,
958 2557 1170 2604 Ordinem,

135 2625 175 2662 el:
192 2622 364 2661 similes.

186 2684 256 2722 43.
307 2684 585 2734 Impuynatur
620 2685 764 2736 quarto
795 2685 834 2723 et
875 2679 1173 2734 principaliter,

133 2745 236 2797 quod
253 2745 542 2797 irreqularz'tas
565 2755 644 2784 non
679 2744 739 2784 sit
762 2754 884 2796 poena
913 2745 1090 2796 proprie.
1121 2764 1175 2773 —

133 2806 420 2856 Nequeeliam
442 2806 570 2857 (quod
590 2805 643 2844 ad
664 2817 751 2844 rem
772 2809 1019 2856 praesentem
1040 2804 1173 2855 magis

135 2869 306 2918 spectat)
327 2867 405 2906 sub
432 2867 567 2919 poenis
598 2867 1009 2916 comprehenduntur
1036 2865 1100 2903 11ae
1119 2865 1176 2904 ir·-

135 2928 428 2979 regularitates
462 2929 504 2967 in
537 2929 616 2966 hoc
642 2928 822 2974 Indulto,
843 2931 889 2966 ut
907 2931 1017 2965 recte
1034 2926 1174 2965 docuit

135 2991 358 3036 Navarrus,
381 2990 423 3027 in
448 2989 633 3036 Summa,
657 3001 746 3040 cap.
779 2991 846 3034 27,
871 3001 913 3027 n.
936 2989 1029 3034 ⁶250,
1070 2988 1173 3027 alias

135 3053 229 3100 254,
261 3055 300 3090 et
326 3062 442 3089 num.
479 3051 570 3097 194,
593 3050 662 3088 ubi
689 3051 785 3089 citat
814 3049 1089 3097 Dominicum,
1122 3050 1173 3088 Α-

136 3112 398 3160 lexandrum,
428 3114 470 3151 et
497 3111 793 3163 Villadiegum,
824 3123 947 3162 quam
986 3111 1109 3150 etiam
1130 3110 1172 3149 in

137 3174 325 3214 Consiliis
359 3185 465 3225 saepe
486 3174 650 3225 repetit,
672 3173 845 3212 consilio
868 3173 933 3219 18,
955 3173 1006 3211 de
1042 3172 1173 3212 Simo-

138 3235 222 3282 nia,
262 3236 329 3282 66,
366 3235 418 3274 de
449 3235 562 3275 Sent.
597 3235 943 3274 excommunicat.
973 3234 1175 3273 Probatur

139 3296 288 3349 primo,
318 3295 413 3347 quia
430 3296 549 3346 juxta
570 3295 914 3335 consuetudinem
944 3298 984 3334 et
1021 3294 1173 3345 stylum

125 3358 284 3406 Curiae,
303 3356 381 3396 sub
399 3357 582 3407 generali
605 3357 790 3397 clausula
807 3355 1079 3395 absolvendia
1095 3366 1176 3406 poe-

139 3419 204 3459 nis
233 3418 451 3458 non-venit
470 3418 768 3469 irregularitas,
789 3421 836 3458 ut
864 3418 960 3457 dicti
980 3420 1176 3456 auctores

139 3483 359 3527 testantur,
400 3480 504 3520 sicut
526 3480 650 3519 etiam
685 3492 772 3519 non
801 3479 915 3518 venit
951 3478 1172 3530 depositio,

123 3539 398 3593 -degradatio,
426 3542 511 3582 imo
544 3543 606 3592 (ut
632 3541 836 3590 existimo)
869 3551 946 3580 nec
971 3543 1173 3592 perpetua

137 3604 376 3666 suspensio,
411 3603 532 3658 effus
561 3602 768 3646 rationem
803 3601 926 3652 infra,
965 3613 1080 3643 num.
1102 3602 1173 3652 48,

492 221 569 256 ue.
591 219 650 256 rx.-
668 219 726 254 nr:
743 190 895 259 usmis.
916 217 996 252 seu
1013 206 1280 255 mulsimus(
1293 213 1442 258 omnus
1462 213 1520 250 Aa
1537 195 1986 258 930me

1238 278 1560 332 assignabimus.
1596 279 1715 319 Nunc
1742 262 1862 319 veih
1870 278 1949 331 de
1960 274 1961 277 ’
1999 299 2027 326 ,ς
2056 263 2180 330 ‚f‘yfs'
2213 283 2230 287 ·’

1236 341 1471 394 specialiter
1490 339 1570 380 dici
1605 343 1755 392 potest,
1774 325 2100 391 nunqutimuesse
2118 355 2188 402 p„

1234 415 1419 457 poenam,
1438 402 1512 442 sed
1528 401 1686 454 aliquid
1710 401 1970 451 indecentiae,
1991 403 2067 445 vol
2083 399 2221 459 mys*

1237 463 1579 516 significationis,
1616 463 1661 502 in
1712 474 1763 504 ea
1793 474 1960 515 semper
1996 464 2165 507 conside
2195 485 2198 501 ι
2230 467 2248 498 ἲ

1238 527 1408 577 Propter
1435 523 1549 575 quod
1585 524 1676 575 ejus
1713 523 1984 575 dispensatio,
2018 527 2269 578 genera

1236 586 1463 636 loquendo,
1497 586 1669 626 Summo
1689 585 1873 625 Pontifici
1896 589 2108 626 reservata
2129 589 2218 639 est,
2224 591 2247 637 j
2265 579 2283 638 ,¹

1241 651 1278 696 l,
1301 647 1351 686 de
1373 648 1556 687 Sentent.
1577 658 1802 695 excomm„
1830 646 1875 686 in
1906 647 1948 695 6,
1969 646 2040 686 ubi
2063 647 2186 688 etiam
2219 649 2276 697 «ιζ’
2316 670 2323 691 ;

1237 709 1457 762 gnilicatur
1485 708 1616 748 multo
1637 708 1843 747 difficilius
1873 707 1959 748 tolli
1990 706 2293 759 irregulari

1235 775 1334 816 tem,
1358 780 1485 821 quam
1521 770 1837 820 suspensionem
1859 780 1871 815 ς
1898 768 2014 820 quod
2044 769 2170 809 etiam
2192 763 2279 818 h]
2308 796 2322 802 Δ

1235 832 1356 871 betur
1373 831 1416 870 in
1438 842 1528 882 cap.
1548 831 1697 882 primo,
1724 830 1777 870 de
1807 830 1922 871 Sent.
1944 834 1985 872 et
2001 842 2050 870 re
2072 823 2289 882 judicat&
2310 829 2315 866 ἶ

1235 892 1278 932 in
1296 893 1336 940 6,
1355 897 1397 932 et
1418 904 1612 944 expresse
1633 893 1675 931 in
1695 903 1733 932 c.
1757 890 1857 933 Cum
1885 892 2066 938 illorum,
2090 892 2144 932 de
2167 893 2282 935 Sem
2321 895 2325 930 :i

1234 959 1336 994 tent.
1362 954 1724 1000 excommunicat„
1740 954 1876 1005 maj0r
1886 958 2080 993 censetur
2098 954 2281 1007 ᾱίερθυ·ΐ’·
2318 957 2322 961 “

1235 1017 1340 1056 satio
1369 1017 1422 1056 ah
1460 1015 1781 1067 irregularitate,
1817 1026 1943 1066 quam
1973 1015 2180 1055 absolutio
2211 1015 2267 1060 ab
2286 1004 2325 1062 'ys

1233 1077 1659 1119 excommunicatione
1672 1076 1795 1116 etiam
1814 1076 1976 1128 majori,
1999 1081 2039 1116 et
2057 1081 2263 1120 contracta

1233 1144 1403 1191 propter
1422 1139 1559 1179 elerici
1579 1138 1906 1190 percussionem.
1937 1138 2144 1187 Secundo,
2167 1139 2266 1190 quia
2291 1152 2295 1182 2.

1232 1201 1519 1253 irregularitas
1555 1211 1638 1238 non
1660 1199 1816 1238 tollitur
1840 1210 1915 1250 per
1945 1198 2263 1249 absolutionem,

1234 1263 1308 1302 sed
1325 1275 1399 1314 per
1418 1262 1771 1313 dispensationem
1787 1274 1798 1307 ;
1815 1272 1905 1311 quae
1926 1259 2009 1299 duo
2027 1266 2124 1301 sunt
2144 1261 2269 1303 valdo¹
2296 1277 2310 1309 i,

1235 1323 1415 1372 diversa,
1441 1326 1486 1363 ut
1509 1323 1711 1369 dicemus,
1732 1321 1942 1372 traditque
1969 1322 2196 1373 Burgasius
2212 1321 2266 1363 de

1232 1387 1556 1438 Irregularitate,
1582 1389 1699 1425 sexta
1730 1389 1864 1436 parte,
1890 1384 1952 1424 tit.
1976 1383 2029 1424 de
2059 1384 2279 1425 Schisma·'
2306 1382 2325 1422 7.

1234 1447 1333 1496 ticis,
1360 1459 1535 1487 numero
1556 1447 1720 1487 decimo
1748 1457 1877 1496 nono,
1909 1448 1951 1487 et
1967 1444 2028 1485 tit.
2057 1445 2111 1486 de
2140 1445 2266 1491 Sorti-
2303 1438 2314 1502 Αζ

1232 1509 1366 1560 legiis,
1385 1521 1427 1548 n.
1451 1511 1519 1549 11.

1285 1573 1350 1611 44.
1373 1572 1425 1610 At
1442 1582 1542 1610 vero
1563 1569 1753 1610 Gutierez
1771 1581 1897 1621 supra
1915 1568 2082 1617 indicat,
2101 1570 2183 1609 hoc
2194 1580 2264 1610 ve·
2304 1609 2311 1619 ,
2334 1622 2337 1623 ⁷

1231 1644 1325 1673 rum
1343 1645 1437 1672 esse
1458 1633 1500 1671 in
1520 1633 1608 1673 foro
1630 1632 1822 1672 exteriori
1838 1641 1853 1681 ;
1873 1632 1969 1682 quia
1983 1630 2265 1683 irregularitas
2301 1644 2311 1677 ζ

1232 1696 1356 1735 etiam
1376 1694 1569 1746 poenalis,
1583 1693 1635 1732 de
1653 1706 1736 1744 qua
1752 1693 1928 1744 agimus,
1944 1692 2038 1731 licet
2049 1692 2264 1743 proveniat

1230 1757 1392 1807 (inquit)
1414 1768 1465 1794 ex
1491 1767 1683 1802 censura,
1709 1754 1836 1793 habet
1867 1753 2067 1804 quiddam
2096 1753 2191 1804 plus
2218 1754 2263 1794 in
2302 1755 2315 1793 ᾗ
2341 1768 2348 1786 t

1227 1818 1318 1858 foro
1347 1817 1539 1857 exteriori
1559 1816 1799 1862 delendum,
1820 1826 1973 1866 nempe
1993 1815 2263 1866 impedimen·
2302 1826 2311 1832 ‘⁴
2339 1830 2343 1831 ⁷

1226 1885 1316 1920 tum
1340 1892 1421 1930 quo
1442 1879 1594 1930 ligatus
1630 1882 1694 1917 est
1713 1877 1885 1916 clericus
1912 1877 1954 1914 in
1975 1877 2124 1915 eodem
2143 1876 2234 1916 foro
2250 1906 2263 1925 ‚
2304 1864 2352 1932 '‘y-⁴}

1228 1945 1272 1980 ut
1288 1941 1497 1979 celebrare
1516 1951 1599 1977 non
1619 1938 1764 1989 possit,
1785 1938 1896 1988 quod
1913 1949 1997 1976 non
2019 1937 2174 1976 tollitur
2191 1937 2269 1976 aba
2302 1942 2322 1986 χῖ

1228 2002 1449 2049 solutione,
1472 2000 1547 2039 sed
1568 2000 1876 2051 dispensatione
1896 2002 1937 2038 et
1961 1999 2259 2039 habilitatione.

1227 2063 1409 2103 Ecclesia
1431 2066 1571 2101 autem
1589 2062 1632 2100 in
1652 2062 1742 2100 foro
1760 2060 1951 2100 exteriori
1969 2072 2185 2111 nunquam
2202 2060 2263 2101 in-

1227 2126 1408 2166 troduxit
1421 2125 1598 2163 formam
1614 2123 1854 2162 absolvendi
1874 2123 1927 2162 ab
1943 2123 2262 2174 irregularitate,
2307 2132 2326 2151 “-··

1229 2187 1301 2226 sed
1314 2186 1602 2236 dispensandi;
1625 2185 1669 2223 in
1689 2185 1779 2223 foro
1798 2188 1940 2222 autem
1966 2184 2150 2223 interiori
2170 2183 2263 2224 talis
2303 2203 2321 2226 r

1228 2247 1511 2299 irregularitas
1546 2246 1703 2285 tollitur
1738 2245 2075 2297 quibuscumque
2101 2244 2262 2295 verbis,

1230 2310 1314 2349 sive
1330 2307 1585 2355 absolvendi,
1608 2308 1695 2347 sive
1719 2306 2005 2358 dispensandi.
2022 2306 2141 2347 Unde
2171 2317 2263 2346 sen·
2304 2315 2314 2333 *

1230 2371 1277 2411 tit
1294 2371 1421 2422 quod,
1442 2369 1758 2409 licetlndultum
1773 2380 1966 2419 expresse
1981 2367 2263 2418 concedatpo-
2301 2374 2311 2379 ⁴

1229 2436 1420 2472 testatem
1436 2431 1662 2470 confessori
1676 2430 1728 2469 ad
1742 2429 2042 2469 absolvendum
2069 2428 2122 2468 ab
2151 2428 2262 2467 omni
2296 2438 2315 2468 .’.

1230 2504 1405 2531 censura
1417 2497 1455 2531 et
1475 2504 1596 2543 poena
1621 2492 1665 2530 in
1695 2491 1785 2531 foro
1814 2491 1991 2540 interno,
2020 2493 2061 2529 et
2074 2493 2260 2537 externo,
2296 2494 2317 2506 '¹

1227 2552 1336 2594 facta
1376 2553 1683 2600 satisfactione3
1714 2551 1983 2592 nihilominus
2010 2562 2096 2590 non
2120 2554 2262 2602 posset
2344 2604 2347 2606 ,

1227 2616 1372 2656 tollere
1392 2615 1736 2666 irregularitatem
1762 2613 1806 2652 in
1836 2613 1928 2653 foro
1955 2613 2164 2661 exteriori,
2186 2611 2262 2652 sed
2298 2611 2303 2619 ''

1228 2681 1387 2717 tantum
1409 2677 1450 2716 in
1470 2676 1669 2724 interiori,
1687 2674 1783 2726 quia
1802 2675 1844 2714 in
1862 2675 1930 2714 illo
1950 2686 2036 2714 non
2053 2674 2176 2712 datur
2187 2673 2262 2713 ab·
2304 2687 2305 2690 ¹

1230 2740 1377 2779 solutio
1398 2737 1726 2789 irregularitatis,
1748 2736 1823 2775 sed
1844 2736 1884 2774 in
1902 2735 1980 2774 hoe
2001 2736 2180 2774 tantum.
2320 2783 2323 2785 Α

1285 2802 1348 2841 45.
1370 2801 1488 2840 Nullo
1523 2803 1663 2838 autem
1693 2798 1790 2850 jure
1823 2799 1896 2836 aut
1918 2795 2081 2836 ratione
2114 2795 2259 2849 probat

1230 2864 1338 2902 hanc
1365 2861 1669 2901 distinctionem
1698 2859 1902 2907 Gutiercz,
1931 2869 2010 2897 nec
2038 2869 2117 2909 ego
2138 2856 2260 2897 video
2287 2867 2292 2870 ’
2314 2875 2323 2898 ;.

1228 2923 1435 2976 quomodo
1452 2921 1616 2961 fundari
1628 2921 1784 2972 possit
1803 2920 1836 2958 si
1851 2919 1961 2959 enim
1981 2918 2163 2959 Ecclesia
2176 2907 2264 2959 non
2286 2938 2298 2971 3,
2314 2923 2322 2962 ³¹,

1227 2985 1450 3025 introduxit
1468 2983 1644 3023 formam
1662 2981 1918 3030 absolvendi,
1933 2981 2006 3021 sed
2020 2981 2260 3032 dispensan-
2287 3018 2297 3035 Ἃ
2314 3015 2315 3018 ,

1227 3048 1267 3087 di
1287 3049 1448 3087 tantum
1473 3045 1818 3097 irregularitatem
1845 3043 1889 3082 in
1917 3041 2007 3081 foro
2036 3039 2230 3082 exteriori
2243 3068 2262 3101 ,Ι
2320 3047 2322 3050 ’

1227 3113 1322 3162 peto
1342 3108 1411 3147 ubi
1436 3107 1547 3146 illam
1568 3104 1840 3146 introduxerit
1860 3104 1904 3143 in
1923 3103 2012 3143 foro
2041 3101 2256 3150 interiori3
2284 3111 2293 3154 ζ,
2318 3118 2322 3133 2

1228 3183 1325 3211 nam
1346 3171 1378 3208 si
1398 3169 1511 3208 illam
1530 3181 1615 3208 non
1630 3166 1855 3207 introduxit
1875 3166 1999 3205 etiam
2018 3177 2093 3216 pro
2111 3164 2179 3203 illo
2198 3162 2275 3211 fo-g,
2310 3182 2321 3202 ,ε

1230 3242 1291 3278 ro,
1311 3244 1394 3271 non
1423 3236 1597 3282 possunt
1628 3228 1886 3271 confessores
1916 3238 1991 3266 sua
2017 3225 2259 3265 auctoritate
2313 3245 2321 3294 ς

1230 3293 1342 3332 illam
1359 3293 1635 3339 introducere,
1651 3295 1695 3330 ut
1714 3302 1788 3342 per
1806 3301 1851 3329 se
1865 3291 2050 3334 constat;
2068 3291 2110 3326 at
2125 3284 2279 3335 Eccle*
2315 3291 2322 3339 ’ς

1230 3355 1290 3394 sia
1309 3367 1393 3394 non
1414 3354 1547 3405 magis
1566 3365 1642 3404 pro
1663 3365 1748 3392 uno
1766 3351 1856 3390 foro
1875 3361 2000 3402 quam
2020 3360 2095 3400 pro
2114 3347 2196 3386 alio
2256 3344 2276 3390 5'
2313 3355 2322 3416 3

1229 3414 1314 3456 lam
1337 3415 1577 3462 introduxit,
1600 3417 1672 3454 aut
1700 3415 1810 3452 certe
1841 3410 2085 3452 ostendatur
2109 3407 2179 3448 ubi
2198 3402 2269 3449 1τ’-’ἶ
2314 3418 2320 3451 t

1229 3488 1397 3530 corum;
1418 3477 1533 3516 nulla
1552 3475 1662 3515 enim
1678 3475 1748 3514 lex
1766 3473 1917 3525 scripta
1935 3471 1988 3511 de
1997 3470 2082 3510 hoc
2099 3471 2266 3508 osten

1227 3544 1379 3593 potest,
1398 3551 1477 3579 nee
1504 3536 1780 3584 consuetudo,
1805 3534 1904 3587 quia
1925 3533 2016 3573 haec
2032 3528 2086 3571 ad
2102 3528 2203 3568 fact
2314 3549 2317 3580 2

1228 3602 1423 3655 pertinet,
1450 3603 1497 3642 et
1529 3597 1694 3640 ostendi
1723 3607 1811 3638 non
1841 3596 2000 3649 potest;
2029 3595 2266 3662 1›1·a0.t=³er*'⁴¹
2315 3591 2319 3624 ·‘
