2352 3880
32 285 41 349 ξ
90 298 91 302 ’
191 290 334 346 m,
348 290 453 334 ⁴licet
469 292 538 334 hic
554 293 608 334 sit
623 291 860 346 principalis
877 292 973 332 finis
992 288 1116 343 hujus

31 353 40 370 ³
124 350 181 412 ζ’
203 358 292 402 mn
320 356 463 395 tamen
483 360 575 396 esse
612 353 874 406 adaequatam
899 352 1118 395 materiam

68 415 76 419 '
110 429 114 435 ¹>
129 423 185 451 vv-2
211 416 308 471 quia
331 415 384 457 ad
397 416 513 456 illum
526 416 656 457 finem
673 415 1013 467 consequendum
1030 425 1118 455 me·

38 529 50 535 ἢ
173 497 191 513 ιι
225 475 662 519 convenientissimum
686 477 781 526 fuit,
813 477 983 519 omnino
1005 489 1117 532 prte-

39 538 50 546 '
256 540 411 581 aditum
438 540 493 580 ad
513 539 743 590 aujmmodi
770 539 986 593 diynitates
1011 551 1117 591 quoe-

39 640 65 648 ‚⁷
87 608 95 618 '
127 628 132 631 -
166 603 305 650 ‘mut
317 600 455 640 statim
471 600 514 640 in
533 599 681 640 eadem
693 600 990 640 Constitutione
1002 600 1116 642 addi-

35 650 46 699 2'
86 654 135 697 ’ἐέι
170 673 184 710 ;
204 673 290 701 non
325 660 649 712 praecluderetur
679 665 821 700 autem
858 662 1012 711 aditus,
1030 673 1118 702 mo-

36 722 45 729 “
151 721 225 763 'ter
259 721 488 773 loquendo,
521 722 599 762 nisi
619 722 808 763 absolute
846 723 982 763 omnis
1012 733 1116 775 proe-

105 783 234 831 nsio,
256 783 533 825 abstrahendo
553 795 578 823 a
593 784 704 824 licita
723 785 791 824 vel
804 784 960 834 illicita,
978 784 1116 837 prohi-

31 846 39 867 ¹³
54 839 281 899 ,alietatum
307 857 409 886 nam
424 847 527 886 tune
546 847 740 887 omnibus
764 852 910 899 aperta
925 849 1115 887 maneret

32 904 225 966 „fimum
243 909 288 946 ut
305 907 572 949 rationabiles
592 920 742 950 causas
774 921 860 950 suae
878 908 1115 962 praetensio·

67 967 151 1016 suis
166 968 468 1020 confingerent.

55 1051 86 1078 ,μ
137 1032 177 1072 7.
203 1030 338 1081 Atque
356 1030 412 1070 ita
439 1036 555 1082 patet
577 1033 681 1073 ratio
701 1033 827 1085 huJ'us
844 1036 936 1073 tam
949 1031 1115 1072 univer-

67 1091 180 1136 ..vulis
195 1091 400 1140 materiae;
421 1096 463 1132 et
481 1093 576 1134 addi
597 1096 734 1145 potest
751 1094 848 1142 alia,
861 1093 958 1144 quia
971 1104 1114 1144 quam-

63 1154 143 1197 ,νὴ
159 1153 370 1194 interdum
392 1155 521 1206 possit
540 1155 632 1207 quis
655 1155 765 1195 bona
799 1155 1043 1202 intentione,
1075 1157 1116 1194 et

64 1227 135 1259 :u
156 1214 394 1255 rationabili
433 1227 573 1265 causa,
613 1217 896 1269 praelationem
931 1216 1114 1266 aliquam

78 1276 355 1331 praetendere,
391 1281 533 1318 tamen
547 1279 603 1326 id,
639 1278 852 1319 moraliter
882 1278 1110 1329 loquendo,

79 1338 336 1380 rarissimum
354 1342 431 1386 est,
444 1340 636 1391 etgmultis
649 1340 844 1391 periculis
861 1339 1110 1391 expositum,

64 1399 273 1451 ideoque,
297 1399 539 1450 simpliciter
556 1401 786 1452 loquendo,
812 1401 962 1441 melius
982 1404 1046 1440 est
1060 1400 1114 1441 ab

63 1461 193 1507 ,omni
206 1461 278 1501 tali
298 1461 591 1512 praetensione,
610 1463 696 1503 sive
710 1463 837 1510 licita,
858 1463 944 1503 sive
956 1462 1112 1511 illicita,

79 1522 124 1564 in
138 1522 381 1563 universum
400 1523 623 1565 abstinere.
652 1525 723 1563 Est
741 1535 839 1575 ergo
860 1523 929 1564 illa
950 1534 1114 1563 accom-

78 1583 249 1625 modata
265 1584 439 1624 materia
470 1585 571 1634 voti,
604 1591 647 1625 et
677 1585 869 1625 Societati
901 1583 1022 1624 valde
1042 1595 1113 1623 ne-

79 1644 273 1685 cessaria.
305 1645 609 1697 Consequentia
640 1646 738 1685 satis
758 1650 872 1697 patet
890 1658 943 1685 ex
975 1645 1109 1686 dictis.

0 1729 1 1747 ³
79 1703 344 1746 Antecedens
357 1718 454 1746 vero
483 1710 524 1746 et
554 1718 631 1758 per
648 1719 694 1747 se
723 1711 869 1746 notum
901 1706 1116 1746 moraliter

79 1766 260 1816 videtur,
276 1771 317 1808 et
338 1771 664 1808 consentaneum
683 1773 746 1809 est
765 1769 1013 1809 testimoniis
1031 1769 1112 1808 Pa-

78 1831 205 1875 trum,
228 1839 320 1878 quae
337 1840 380 1866 n.
400 1831 425 1868 2
446 1829 707 1878 adduximus,
732 1834 773 1869 et
790 1842 882 1880 quae
898 1830 1034 1870 statim
1055 1828 1114 1868 af-

74 1888 277 1930 feremus.
298 1889 442 1930 Solum
476 1890 578 1942 fingi
605 1894 747 1941 posset
781 1903 922 1938 casus,
949 1891 992 1929 in
1029 1902 1110 1940 quo

50 1984 54 1988 .
76 1962 164 1992 non
182 1951 317 1991 solum
337 1955 447 1991 esset
466 1951 638 2000 licitum,
655 1952 731 1992 sed
760 1953 886 1992 etiam
917 1963 1113 1992 necessa-

75 2012 186 2056 tium
206 2024 258 2051 ex
276 2017 482 2064 praeoepto
504 2014 683 2053 naturali
697 2014 764 2053 vel
798 2014 938 2054 divino
971 2013 1114 2066 praela-

76 2074 232 2116 tionem
252 2086 495 2125 procurare,
515 2079 686 2127 propter
712 2076 968 2127 spiritualem
1003 2076 1117 2115 salu-

75 2139 162 2176 tem
180 2136 463 2188 proximorum
471 2152 483 2186 ;
513 2143 560 2176 ut
581 2137 615 2177 si
647 2150 854 2189 ponamus
887 2138 1000 2177 illam
1026 2149 1112 2177 ma-

75 2197 186 2240 xime
206 2198 444 2249 periclitari,
467 2203 508 2240 et
526 2211 612 2239 non
633 2212 724 2240 esse
744 2201 867 2240 aliam
887 2212 1111 2251 personam

75 2270 171 2310 quae
187 2260 318 2310 possit
335 2264 406 2300 aut
427 2260 525 2300 velit
547 2261 583 2300 ei
604 2262 842 2302 subvenire.
876 2262 950 2301 Hic
968 2264 1111 2302 tamen

75 2333 200 2364 casus
219 2321 327 2360 adeo
361 2322 711 2364 extraordinarius
750 2328 827 2371 est,
858 2327 903 2364 ut
938 2324 1112 2375 cogitari

76 2382 214 2434 potius
242 2382 378 2423 valeat
393 2394 520 2433 quam
539 2383 675 2424 timeri
697 2397 707 2431 ;
732 2386 828 2436 quia
847 2385 900 2426 ad
919 2390 1109 2436 pastores

35 2486 38 2487 γ
77 2443 270 2486 Ecclesiae
287 2448 444 2495 spectat
463 2444 526 2484 his
544 2447 860 2487 necessitatibus
875 2447 1108 2498 providere,

76 2516 154 2558 per
186 2516 311 2555 quam
340 2506 644 2556 providentiam
686 2508 938 2548 sufficienter
975 2512 1112 2559 potest

78 2566 288 2608 subveniri
301 2567 538 2608 necessitati
558 2569 824 2620 populorum,
836 2569 992 2620 absque
1011 2582 1110 2621 prae-

76 2627 267 2670 tensione
301 2632 342 2668 et
373 2629 654 2681 negotiatione
693 2631 868 2682 alicujus
890 2643 1108 2682 personae;

75 2700 171 2741 11⁰ae
205 2691 424 2740 praetensio
465 2691 711 2743 regulariter
758 2693 894 2744 potius
938 2693 1112 2744 impedit

80 2762 207 2803 quam
219 2751 353 2802 juvat,
386 2752 484 2803 quia
519 2753 656 2793 reddit
686 2766 911 2805 personam
943 2766 1112 2806 suspec-

77 2813 180 2859 tam,
203 2813 303 2852 etin
331 2813 420 2854 foro
450 2813 642 2855 Ecclesiae
669 2815 807 2855 minus
843 2816 1028 2866 dignam.
1061 2817 1113 2856 Ut

74 2873 193 2916 'enim
210 2874 311 2914 dixit
329 2874 567 2927 Gregorius,
584 2876 655 2915 lib.
676 2878 716 2925 7,
732 2877 853 2928 epist.
877 2879 971 2926 ⁴10,
984 2881 1025 2917 et
1043 2877 1116 2916 ha-

43 2947 46 2951 ·
78 2934 202 2978 betur
219 2938 260 2984 1,
276 2947 315 2986 q.
340 2938 381 2984 7,
398 2949 434 2976 c.
458 2937 532 2977 ult.
550 2949 559 2976 :
587 2936 737 2986 Sicuti,
753 2939 824 2991 qui
839 2939 1035 2980 invitatus
1052 2950 1113 2979 re-

77 2996 183 3046 nuit,
202 2997 395 3049 quaesitus
409 2998 580 3052 refuqit,
601 2999 732 3040 sacris
749 3004 805 3040 est
825 3000 1024 3041 altaribus
1040 3000 1110 3040 ad-

81 3058 305 3106 movendus,
325 3058 386 3099 sic
403 3059 474 3110 qui
500 3059 608 3101 ultro
642 3061 782 3109 ambit,
811 3061 871 3101 vel
888 3061 1112 3113 importune

25 3154 37 3171 ἢ
78 3118 356 3170 :cameriam
365 3120 507 3171 procul
523 3121 636 3163 dubio
653 3122 922 3174 repellendus:
937 3122 1113 3174 namqui

18 3179 39 3227 ἕ.
80 3179 143 3221 sic
158 3179 308 3220 nititur
328 3181 382 3220 ad
411 3181 562 3225 altiora
591 3184 863 3232 conscendere,
889 3184 987 3236 quid
1011 3183 1110 3238 ayit,

23 3253 33 3263 2
81 3238 166 3281 nisi
189 3241 236 3282 ut
254 3241 455 3281 crescendo
476 3242 685 3294 decrescat,
717 3248 754 3286 et
774 3244 1008 3285 ascendendo
1032 3246 1115 3285 des-

24 3295 38 3314 *
85 3298 226 3343 condat
242 3300 260 3338 ?
279 3299 516 3353 Similiaque
540 3305 650 3344 sumi
664 3308 838 3356 possunt
856 3316 907 3344 ex
929 3304 1116 3344 Clemen-

54 3364 127 3420 1³²⁰
141 3361 174 3410 Ι,
198 3361 317 3413 epist.
352 3364 390 3409 1,
413 3366 456 3403 et
481 3375 534 3404 ex
549 3365 728 3407 Concilio
751 3365 1035 3407 Aurelianensi
1065 3366 1113 3415 11,

79 3422 273 3473 ,tempore
293 3422 444 3474 Viguit,
465 3436 502 3465 c.
522 3426 561 3466 1.
583 3425 685 3472 Quia
711 3439 811 3479 ergo
846 3428 926 3466 hoc
953 3427 1116 3478 regula-

21 3461 188 3545 Qoeiter
207 3486 270 3522 est
289 3483 464 3533 malum,
483 3484 551 3525 vix
569 3485 730 3528 admitti
762 3491 897 3539 potest
915 3499 1054 3536 casuS,
1070 3488 1115 3527 in

0 3542 4 3546 ”
27 3567 38 3596 5
61 3549 174 3596 -zffiuo
191 3544 272 3584 tale
291 3545 476 3587 medium
493 3546 544 3587 sit
554 3548 836 3591 necessarium
851 3560 903 3590 ex
917 3548 1116 3592 charitate

15 3645 28 3665 ‚.
36 3615 49 3680 ὲ
56 3601 150 3651 2¹¹2
163 3604 495 3651 subveniendum
512 3608 727 3662 proximis.

14 3702 36 3728 {V
69 3717 83 3740 ί

69 3766 86 3781 α.

0 3848 3 3857 r
103 3823 128 3846 ν,

218 192 222 199 ’
286 192 301 228 ”
342 207 348 212 ’
411 216 516 263 im.
541 225 616 262 vui.-
632 227 687 262 aa
706 222 822 262 voro
835 225 921 262 nou.
936 223 1133 263 minum
1153 207 1407 262 mentri-mi
1425 227 1612 272 momn
1629 229 1771 273 ima,
1787 230 1881 268 arc.

1225 292 1265 332 8.
1296 293 1394 335 Esto
1418 297 1560 335 tamen
1590 297 1834 350 contingere
1859 266 2012 352 possit,
2032 297 2205 356 propter

1171 352 1275 394 illud
1291 366 1377 395 non
1394 356 1577 406 oportuit
1601 359 1893 411 exceptionem
1906 359 2067 420 in'ivoto
2092 363 2205 408 face-

2124 159 2226 283 ...2

2282 294 2352 380 *ἓ

2252 382 2352 434 μί’

1170 427 1234 464 re,
1247 416 1323 456 sed
1338 416 1418 461 hoc
1434 416 1671 468 relinquere
1688 422 1874 471 generali
1888 424 2062 476 regulae,
2081 430 2123 467 et
2130 416 2205 468 na*-
2268 439 2270 442 ’
2337 447 2341 450 ⁴

1169 479 1276 518 turae
1292 477 1391 524 voti,
1411 478 1530 529 cnjus
1547 479 1745 537 obligatio
1759 489 1909 534 cessat,
1928 487 2097 537 quando
2117 491 2206 529 tan·-

1169 541 1212 579 ta
1229 538 1279 579 fit
1305 539 1480 579 mutatio
1502 540 1548 578 in
1567 542 1756 582 materia.
1777 545 1912 594 Unde,
1934 549 2115 590 admisso
2132 551 2205 593 tali
2252 591 2254 593 .

1171 612 1286 650 casn,
1309 602 1444 642 solum
1463 601 1509 642 id
1533 601 1706 651 faceret,
1725 606 1838 655 quod
1865 607 1920 648 ad
1953 611 2205 654 subvenien-

1171 662 1271 703 dum
1290 663 1492 715 proximis
1515 676 1566 703 ex
1587 667 1706 716 parte
1725 678 1802 706 sua
1828 669 2036 712 sufficeret
2053 685 2064 713 :
2081 674 2204 726 quale

1171 730 1282 766 esset
1301 726 1402 766 dare
1418 726 1609 766 notitiam
1619 726 1838 778 Pontifici,
1858 731 1925 770 vel
1947 734 1987 772 ei
2012 735 2078 774 oui
2105 747 2204 777 cura

1170 787 1388 836 incumbit,
1416 787 1469 827 de
1503 789 1753 829 necessitate
1788 790 2090 843 proximorum,
2113 808 2204 837 sese
2251 807 2254 816 ·

1169 849 1224 888 ad
1242 849 1405 889 labores
1431 849 1661 899 offerendo,
1683 854 1888 902 quantum
1904 853 1992 904 ipse
2011 855 2203 906 voluerit,

1167 910 1236 950 vel
1275 910 1470 961 expedire
1505 911 1776 962 judicaverit;
1798 917 1898 953 tune
1932 915 2046 954 enim
2068 916 2206 958 locum

1167 970 1295 1011 habet
1316 972 1428 1021 quod
1456 972 1682 1025 Gregorius
1707 973 1780 1021 ait,
1799 975 1820 1013 1
1843 987 1886 1025 p.
1909 975 2146 1025 Pastoralis,
2168 990 2203 1017 c.

1167 1032 1210 1082 7,
1226 1032 1531 1083 praedicationis
1548 1035 1730 1074 officium
1746 1046 2048 1087 nonnunquam
2062 1038 2207 1078 lauda-

1167 1093 1308 1135 biliter
1325 1095 1480 1146 appeti,
1502 1095 1544 1134 id
1582 1095 1836 1136 confirmans
1860 1099 2051 1150 exemplo
2073 1100 2205 1148 Isaiae,

1170 1168 1206 1196 c.
1235 1157 1278 1203 6,
1295 1156 1365 1206 qui
1382 1156 1557 1207 cupiens
1576 1157 1774 1208 prodesse
1796 1159 2010 1209 proximis,
2030 1161 2207 1201 Domino

1170 1217 1372 1268 quaerenti
1406 1228 1534 1268 quem
1554 1218 1751 1267 mitteret,
1774 1219 1881 1259 ultro
1902 1232 1946 1260 se
1967 1221 2130 1269 obtulit,
2148 1221 2209 1261 di-

1170 1289 1299 1319 cens:
1322 1279 1427 1318 Ecce
1463 1291 1558 1330 ego,
1581 1279 1697 1319 mitte
1731 1291 1824 1327 me;
1859 1285 1900 1320 et
1932 1295 1968 1321 c.
1997 1283 2024 1322 8
2051 1273 2210 1332 subdit,

1167 1343 1268 1380 tunc
1287 1351 1379 1379 esse
1396 1352 1520 1391 posse
1548 1340 1757 1381 laudabile
1784 1341 2078 1393 Episcopatum
2098 1355 2210 1394 quae-

1168 1413 1280 1447 rere,
1303 1401 1473 1452 quando
1492 1412 1567 1452 per
1581 1414 1679 1441 eum
1699 1402 1752 1442 ad
1784 1403 1986 1454 supplicia
2020 1397 2211 1456 graviora

1170 1463 1390 1514 pervenire
1413 1474 1538 1513 posse
1564 1475 1650 1503 non
1677 1463 1918 1506 dubitatur:
1943 1470 1984 1505 et
2021 1466 2115 1506 ideo
2153 1467 2210 1506 ait

1170 1524 1325 1565 dixisse
1356 1524 1531 1564 Paulum
1551 1537 1559 1564 :
1582 1525 1659 1572 Qui
1678 1525 1971 1577 Episcopatum
1997 1527 2206 1577 desiderat,

1169 1585 1312 1626 bonum
1333 1597 1430 1638 opus
1448 1586 1659 1634 desiderat,
1689 1587 1787 1636 quia
1808 1587 1878 1626 illo
1909 1591 2096 1639 tempore
2130 1589 2210 1628 hoc

1167 1646 1284 1695 dixit,
1306 1659 1390 1698 quo
1425 1647 1476 1695 is,
1497 1647 1568 1698 qui
1602 1648 1795 1698 plebibus
1822 1654 2016 1699 praeerat,
2050 1651 2209 1702 primus

1169 1709 1223 1750 ad
1243 1709 1432 1760 martyrii
1451 1713 1657 1749 tormenta
1678 1710 1927 1750 ducebatur.

1221 1771 1262 1810 9.
1297 1770 1472 1818 Qua-estio
1486 1771 1639 1821 prima,
1658 1783 1710 1811 art
1729 1772 1798 1812 hoo
1817 1776 1951 1812 vocum
1967 1772 2050 1813 solo
2066 1774 2211 1824 affeetu

1167 1832 1353 1873 violetur.
1373 1852 1426 1861 —
1444 1831 1707 1884 Approbatur
1724 1843 1828 1883 pars
1842 1845 2004 1886 neyans.
2023 1854 2075 1863 -
2093 1834 2210 1880 Quae-

1167 1897 1232 1933 ret
1254 1904 1349 1932 vero
1370 1892 1534 1942 aliquis,
1556 1904 1612 1930 an
1643 1892 1882 1931 desiderare
1913 1894 1980 1932 vel
2012 1899 2209 1945 appetere

1168 1953 1457 2004 praelationem
1479 1953 1531 1991 sit
1551 1956 1694 1991 contra
1711 1954 1790 1992 hoc
1810 1957 1977 2002 votum;
1995 1954 2070 1994 uhi
2083 1955 2209 1995 etiam

1171 2013 1463 2065 exponendum
1477 2013 1553 2053 erit
1570 2014 1670 2063 quid
1687 2013 1942 2064 significetur
1955 2015 2034 2055 illis
2052 2016 2206 2066 verbis,

1170 2075 1316 2116 directe
1334 2075 1394 2115 vel
1409 2075 1613 2122 indirecte,
1633 2079 1758 2125 atque
1781 2076 1887 2115 adeo
1912 2089 2003 2127 quae
2024 2078 2208 2118 actiones

1170 2139 1420 2176 censeantur
1443 2136 1662 2186 prohibitae
1697 2148 1749 2176 ex
1768 2137 1809 2175 vi
1844 2138 1968 2188 hujus
2002 2139 2100 2178 voti.
2126 2140 2208 2178 Pri-

1167 2208 1285 2236 mum
1305 2208 1404 2247 ergo
1425 2196 1617 2243 dicimus,
1644 2197 1733 2235 solo
1766 2198 1919 2237 affectu
1950 2203 1990 2237 et
2022 2201 2207 2251 appetitu

1167 2259 1332 2298 interno
1351 2257 1589 2297 desiderare
1607 2257 1910 2308 praelationem,
1933 2264 2020 2299 esto
2039 2261 2090 2300 sit
2110 2262 2207 2300 alio-

1167 2320 1240 2372 qui
1259 2319 1417 2358 malum
1438 2323 1478 2359 et
1492 2318 1764 2370 prohibitum,
1782 2331 1866 2358 non
1885 2332 1976 2360 esse
1996 2322 2091 2361 huic
2111 2327 2205 2362 voto

1167 2381 1435 2423 contrarium.
1454 2380 1670 2429 Probatur,
1681 2380 1779 2432 quia
1792 2381 2044 2431 desiderare,
2062 2395 2206 2434 quam-

1167 2443 1238 2484 diu
1258 2443 1301 2482 in
1318 2443 1398 2482 hoc
1431 2442 1603 2491 sistitur,
1623 2454 1708 2481 non
1743 2446 1806 2482 est
1839 2446 2095 2494 praetendere,
2114 2457 2206 2496 pro-

1167 2516 1323 2552 curare,
1344 2507 1416 2544 aut
1435 2515 1551 2554 affere
1585 2503 1741 2554 aliquid
1776 2505 1830 2543 ad
1860 2505 2128 2546 obtinendam
2148 2507 2206 2546 di-

1168 2567 1392 2619 gnitatem;
1424 2577 1522 2604 nam
1543 2577 1622 2616 per
1640 2565 1727 2605 haec
1748 2567 1888 2606 omnia
1921 2568 2051 2607 verba
2079 2569 2206 2620 expli-

1167 2631 1285 2667 catur
1313 2627 1461 2677 aliquis
1500 2627 1697 2675 influxus,
1732 2628 1799 2668 vel
1832 2629 2054 2668 causalitas
2095 2630 2204 2670 circa

1167 2689 1360 2730 effectum
1400 2687 1615 2728 obtinendi
1651 2687 1922 2739 dignitatem3
1959 2701 2037 2739 per
2070 2690 2206 2729 solum

1168 2754 1308 2790 autem
1339 2749 1593 2789 desiderium
1613 2749 1715 2789 nihil
1738 2753 1946 2797 causatur,
1966 2762 2103 2801 neque
2133 2763 2205 2802 ap-

1167 2812 1345 2864 plicatur
1362 2810 1531 2861 aliquod
1551 2810 1751 2857 medium,
1772 2811 1942 2861 quando
1961 2812 2070 2851 intra
2098 2812 2205 2853 limi-

1167 2879 1230 2915 tes
1269 2873 1465 2914 desiderii
1500 2873 1625 2912 homo
1661 2872 1918 2920 continetur3
1941 2877 2026 2913 tota
2063 2877 2205 2914 autem

1167 2936 1343 2977 materia
1362 2935 1488 2985 hujus
1510 2934 1595 2974 voti
1619 2934 1848 2985 explicatur
1875 2946 1949 2984 per
1969 2934 2040 2974 illa
2061 2934 2202 2984 verba,

1169 2997 1327 3050 ayendi,
1339 2995 1604 3050 procurandi,
1626 2997 1699 3034 aut
1713 2996 1982 3046 proetendmzdi
1991 3012 2007 3042 ;
2026 3007 2125 3046 ergo
2161 2996 2204 3034 in

1165 3059 1236 3099 illo
1268 3070 1354 3097 non
1393 3057 1760 3108 comprehenditur
1782 3056 1976 3108 praecisus
1997 3060 2113 3096 actus
2132 3055 2204 3095 de-

1168 3118 1403 3166 siderandi3
1434 3131 1533 3170 ergo
1554 3130 1628 3169 per
1649 3118 1767 3157 illum
1794 3118 1929 3158 solum
1955 3129 2039 3157 non
2076 3116 2204 3155 viola-

1167 3185 1234 3223 tur
1251 3185 1407 3228 votum,
1429 3192 1502 3231 per
1517 3191 1561 3219 se
1580 3179 1806 3231 loquendo.
1828 3179 1945 3226 Quod
1966 3178 2058 3218 ideo
2078 3177 2199 3223 addo,

1171 3247 1216 3284 ut
1255 3242 1474 3282 excludam
1498 3241 1755 3289 scandalum,
1792 3240 1907 3292 quod
1928 3239 2005 3280 sibi
2039 3239 2118 3289 ipsi
2139 3239 2205 3287 (ut

1171 3304 1230 3345 ita
1247 3302 1407 3357 loquar)
1422 3303 1631 3354 quispiam
1652 3302 1805 3342 inferre
1824 3305 1975 3353 potest,
1997 3309 2204 3350 exponen-

1172 3366 1227 3407 do
1246 3377 1290 3406 se
1310 3365 1456 3406 morali
1477 3365 1662 3416 periculo
1683 3363 1903 3415 frangendi
1929 3365 2090 3401 votum:
2106 3358 2204 3408 quia

1172 3427 1336 3467 difficile
1358 3430 1436 3475 est,
1455 3430 1548 3478 post
1566 3429 1813 3477 conceptum
1832 3422 2099 3467 desiderium,
2118 3429 2204 3459 non

1172 3490 1336 3530 efficere
1354 3488 1514 3539 aliquid
1542 3487 1595 3527 ad
1629 3487 1942 3538 implementum
1978 3481 2081 3532 ejus,
2103 3489 2205 3531 prae-

1171 3550 1315 3590 sertim
1327 3550 1466 3589 oblata
1486 3548 1719 3594 occasione3
1732 3556 1829 3584 nam
1844 3544 1922 3582 hac
1934 3541 2094 3581 ratione
2106 3550 2205 3592 pos-

1173 3614 1237 3651 set
1259 3611 1348 3662 jam
1366 3614 1467 3651 tunc
1482 3607 1669 3649 inchoari
1683 3606 1796 3647 laesio
1810 3603 1912 3652 voti;
1929 3601 2006 3644 sed
2039 3602 2120 3643 hoc
2138 3613 2204 3641 ra-
