2352 3880
0 341 4 400 l

137 290 334 331 dictionem
345 291 540 328 habuerint
556 291 933 342 adssdispensandum?
946 292 973 329 l.
985 269 1061 333 §.a
1074 287 1127 339 ts.

95 338 232 384 Quibus
260 339 449 385 religionis
469 338 628 378 praelatis
648 341 819 380 concesse
837 342 888 379 sit
903 338 1127 388 iurisdietio-

134 389 232 428 nalts
250 389 488 436 dispensandi
507 388 752 437 potestatium
778 434 783 444 Ι

92 439 232 484 Quanta
250 442 297 476 sit
313 443 351 477 in
367 440 522 486 singulis
542 438 750 486 hujusmodi
764 440 919 486 potestas
931 442 976 479 ex
986 437 1128 493 Vljuris

134 488 367 527 communis?
381 493 431 527 ib.

92 537 232 583 Quanta
244 547 287 577 ex
299 542 335 578 vi
348 542 442 586 juris
455 538 651 586 specialis?
665 538 714 578 in.

90 590 181 627 cum
200 593 334 635 quibus
350 592 515 636 personis
528 590 666 628 Praelati
686 587 905 637 religionum
918 593 1127 638 dispensare

134 642 319 687 posssint?
339 643 390 677 ib.

91 694 147 729 An
170 693 309 736 possint
330 693 540 736 dispensare
557 694 641 727 cum
663 695 702 726 se
723 688 813 736 ipsis
832 688 874 728 in
900 690 1123 731 omnibusin
1141 700 1146 704 “

133 739 267 786 quibus
288 742 438 785 possunt
451 746 534 776 cum
548 740 727 777 subditis?
742 749 773 777 c.
791 740 845 779 ss.

91 793 144 828 An
163 795 198 826 et
225 790 263 826 in
286 790 419 835 quibus
446 792 608 827 materiis
629 792 768 836 possint
787 792 924 838 Praelati
945 789 1126 838 regulares

133 841 343 885 dispensare
365 848 447 877 cum
464 841 625 882 novitiis,
641 842 790 878 seclusis
804 843 1014 888 privilegiis,
1033 841 1080 879 ib.

90 890 144 930 An
174 892 315 935 possint
343 893 452 927 etiam
487 893 695 936 dispensare
718 900 801 929 cum
827 894 1070 932 familiaribus
1089 898 1126 932 et

132 942 279 978 famulis
299 939 448 979 seclusis
469 942 695 988 privilegiis?
710 940 761 978 ib.

157 1027 371 1062 mantnano,
392 1028 454 1060 stu
473 1029 707 1055 blsrnlnurtvae
724 1029 875 1057 tusum!
894 1028 1050 1061 Romus»

87 1089 297 1125 Distributio
318 1092 498 1127 bonorum
518 1093 747 1133 monasterii,
778 1100 851 1137 qua
878 1093 1044 1137 aequitate
1065 1093 1122 1130 fa-

130 1138 260 1223 ciegigia
278 1148 300 1175 a
319 1140 468 1178 Praelata
488 1141 526 1177 in
544 1141 656 1184 victu,
671 1143 813 1185 vestitu.
830 1146 911 1185 etc„
927 1147 972 1179 tr.
993 1146 1024 1186 a,
1044 1144 1069 1179 l.
1084 1147 1119 1187 2,

130 1196 162 1224 c.
229 1216 237 1224 .

85 1236 327 1275 Distributivae
341 1240 488 1284 justitiae
509 1242 656 1284 aequitas
678 1242 716 1276 in
738 1242 952 1277 muneribus
973 1240 1121 1287 religio-

128 1291 187 1325 nis
208 1292 470 1327 distribuendis
490 1293 557 1328 sub
583 1292 682 1336 gravi
711 1293 930 1336 obligatione
958 1304 979 1329 a
1005 1294 1121 1339 Supe-

126 1341 286 1378 rioribus
304 1343 490 1386 religionis
513 1343 689 1378 servanda
703 1346 767 1386 est,
782 1347 828 1380 tr.
843 1347 896 1387 10,
909 1344 932 1379 l.
950 1347 981 1386 8,
998 1353 1028 1380 c,
1044 1349 1077 1381 7.

506 1428 697 1456 inventu!-

82 1476 175 1516 Vide
186 1481 371 1525 conjuges-

349 1575 491 1603 nocuum
512 1576 602 1611 USUS,
619 1577 661 1603 Π
677 1577 852 1607 ΒΟΩῘΒΙΙΑ.

81 1639 240 1675 nocendi
263 1644 374 1682 actus,
401 1649 448 1675 an
475 1643 519 1676 et·
537 1647 611 1684 qna
629 1642 769 1677 ratione
789 1642 925 1686 spectet
941 1643 1052 1679 etiam
1072 1645 1121 1680 ad

121 1690 233 1724 vitam
248 1690 563 1733 contemplativam
579 1692 597 1725 ἱ)
612 1692 636 1726 t.
653 1694 683 1732 9,
699 1692 723 1725 l.
740 1693 771 1732 1,
787 1698 817 1726 c.
837 1692 856 1726 s

80 1738 171 1775 Usus
193 1740 345 1775 docendi
361 1742 546 1776 societatis
562 1750 635 1776 non
654 1743 771 1777 solum
794 1743 948 1785 majores
969 1741 1116 1786 litteras,

122 1790 186 1824 sed
221 1791 328 1825 etiam
361 1792 477 1835 prima
514 1793 718 1836 linguarum
749 1793 974 1834 rudimenta,
1007 1802 1117 1838 quam

122 1839 330 1875 laudabile?
343 1846 385 1876 tr.
410 1845 462 1885 1ο,
478 1841 502 1876 l.
519 1845 551 1884 1,
566 1851 597 1877 c.
617 1845 650 1876 6.

78 1887 256 1926 Doctrinae
290 1892 430 1926 novitas
469 1893 683 1936 plerumque
713 1893 889 1934 vitanda,
920 1891 1118 1937 antiquitas

120 1941 368 1983 amplectenda
390 1944 425 1975 et
443 1941 666 1980 illustranda,
685 1942 708 1976 l.
725 1945 754 1983 5,
769 1950 800 1976 c.
817 1946 849 1977 8.

76 1988 209 2025 Docere
231 1999 360 2033 pueros
379 1991 612 2025 christianam
641 1993 844 2027 doctrinam
873 1992 1023 2034 possunt
1045 2000 1115 2028 no·
1147 2003 1153 2006 ·

118 2040 195 2075 vitii
218 2041 423 2082 societatis,
452 2042 620 2084 quamvis
639 2041 796 2076 Primam
824 2045 1011 2076 tonsuram
1039 2045 1115 2078 non

118 2089 288 2132 habeant,
302 2099 420 2134 neque
435 2091 472 2126 id
486 2092 694 2136 praedicatio
709 2096 887 2132 censetur,
905 2093 928 2126 l.
942 2096 974 2132 9,
989 2100 1019 2126 c.
1039 2094 1071 2126 1.

75 2139 212 2176 caetera
240 2148 305 2183 pro
330 2141 497 2175 doctrina
527 2143 726 2177 christiana
757 2150 890 2186 pueros
913 2140 1115 2184 edocenda,

117 2190 199 2225 vide
212 2190 408 2224 Puerorum
428 2191 618 2228 institutio.

117 2239 208 2276 Vide
227 2241 338 2276 etiam
355 2240 495 2276 Studia.

469 2325 504 2351 D.
526 2320 716 2351 nominetis.

75 2392 166 2429 Vide
181 2391 462 2431 praedicatorum
478 2390 581 2426 ordo.

335 2478 442 2505 DOUUS
463 2476 629 2504 rnorsssss
647 2473 843 2503 secuturis.

74 2542 207 2580 Domus
227 2541 397 2585 professae
420 2541 605 2575 societatis
621 2541 752 2574 habere
773 2545 847 2574 non
867 2540 1017 2582 possunt
1030 2541 1111 2583 jura

116 2593 178 2627 aut
199 2599 340 2626 annuos
359 2591 531 2632 redditus,
557 2592 665 2624 etiam
689 2590 866 2624 sacristiae
891 2594 1028 2624 tantum
1051 2595 1113 2626 aut

115 2642 263 2676 fabricae
283 2642 501 2685 applicatos;
534 2648 652 2684 neque
671 2641 745 2674 ulla
767 2640 838 2674 alia
860 2640 956 2674 bona
980 2641 1112 2675 immo-

114 2692 216 2732 bilia,
233 2694 362 2735 praeter
386 2692 446 2725 illa
466 2697 546 2734 quae
572 2692 618 2725 ad
641 2690 901 2725 habitationem
919 2690 954 2724 et
976 2698 1111 2725 conve-

115 2743 276 2777 nientem
308 2743 468 2786 aliquam
497 2742 757 2776 recreationem
782 2741 983 2776 necessaria
1008 2745 1110 2782 sunt,

73 2793 432 2887 Qtigniol'alte‘piitga't
453 2842 662 2886 hujusmodi
692 2842 912 2886 incapacitas
937 2839 1112 2884 habendi,

73 2893 166 2985 Quid
188 2940 339 2976 nomine
371 2941 578 2976 reddituum
607 2944 644 2978 et
675 2942 944 2985 possessionum
979 2946 1062 2984 quae
1091 2949 1115 2975 a

115 2992 286 3048 domibus
303 2991 475 3035 professis
494 2991 619 3026 haberi
640 2999 715 3026 non
738 2996 900 3036 possunt,
929 2992 1114 3035 intelliga-

73 3042 342 3136 Qtiziilerprialeierea
357 3092 430 3126 sint
445 3092 542 3126 bona
563 3091 766 3126 immobilia
784 3090 830 3126 ad
852 3091 1113 3128 habitationem

114 3144 180 3228 {5¹1¹
183 3143 450 3228 ῑιῖξτῗέῑίοιιεῐῃ
472 3141 703 3186 pertinentia,
717 3147 799 3185 quae
815 3141 946 3176 habere
962 3142 1113 3185 permit-

0 3279 3 3286 *
72 3243 206 3279 Domus
227 3243 398 3286 professae
425 3241 611 3276 societatis
637 3244 713 3275 non
741 3237 858 3275 solum
886 3240 1019 3275 habere
1044 3249 1114 3276 ne-

115 3297 254 3336 queunt
273 3293 333 3335 jus
354 3291 461 3326 civile
484 3291 530 3325 ad
548 3297 690 3324 annuos
709 3286 872 3324 redditus
889 3295 924 3324 et
942 3290 1115 3333 proeaicta

114 3343 212 3378 bona
230 3342 388 3382 stabilia,
401 3342 464 3376 sed
483 3349 551 3375 nec
572 3341 681 3375 etiam
704 3341 762 3383 jus
785 3340 959 3380 naturale,
975 3349 1006 3375 c.
1026 3339 1058 3375 ὅ.

0 3421 2 3441 ,
69 3394 127 3429 ‘An
143 3393 173 3426 si
198 3392 281 3435 quis
293 3392 394 3426 alteri
416 3392 509 3434 leget
528 3391 584 3426 vel
605 3391 715 3424 donet
736 3386 875 3433 aliquid
897 3398 980 3425 cum
1002 3396 1114 3427 onere

114 3441 226 3477 dandi
245 3441 398 3484 singulis
414 3440 522 3474 annis
539 3441 752 3483 pensionem
770 3440 878 3474 alicui
893 3439 1017 3474 domui
1032 3446 1114 3483 pro-

115 3490 217 3526 fessae
233 3491 431 3533 societatis„
448 3490 505 3525 vel
521 3490 600 3532 ejus
618 3490 778 3531 fabricae,
795 3491 874 3524 talis
890 3491 1019 3524 domus
1032 3498 1112 3525 eam

30 3527 35 3531 ”
114 3541 278 3585 accipere
307 3540 430 3584 possit.
462 3539 505 3574 Et
521 3539 612 3582 quid
630 3540 754 3575 veniat
774 3540 922 3575 nomine
941 3539 1111 3583 fabrica,

116 3597 148 3626 ὓ.
165 3594 198 3625 0.

34 3636 58 3668 ὕ
70 3633 249 3677 homibus
270 3638 444 3694 protessis
462 3638 649 3676 sociatam
669 3642 745 3675 non
766 3640 885 3676 solum
899 3638 1114 3684 prohibetur

38 3788 57 3811 ι.

983 212 1127 279 ,inurit
1145 226 1304 275 sanun·

1223 289 1431 383 ¹domtiniutg
1443 297 1625 338 bonorum
1643 301 1900 350 immobilium,
1911 306 1979 344 sed
1991 307 2102 346 etiam
2114 321 2220 351 usus-

1242 353 1305 380 ruc
1320 354 1400 386 us,1
1432 374 1440 382 .

1222 394 1295 443 iioc
1320 404 1406 444 vero
1431 404 1506 433 non
1536 399 1643 448 ²9¹¹st
1659 404 1857 446 quominus
1886 406 1928 443 in
1955 406 2080 453 aliqua
2099 408 2220 449 atiena

1219 441 1446 487 possessione
1461 440 1594 484 habere
1606 446 1746 495 possint
1760 453 1867 491 usum
1880 451 1966 493 facti
1979 466 1989 500 ;
2003 450 2136 497 habore
2149 469 2219 498 au-

1219 495 1291 528 tem
1310 503 1383 529 non
1404 499 1554 539 possunt
1572 498 1632 543 jus
1650 502 1791 547 utendi,
1808 505 1873 545 ib„
2027 540 2031 543 .
2082 536 2086 551 2

1177 541 1351 578 Dominus
1374 546 1545 588 professis
1566 546 1753 592 societatis
1775 550 1951 598 applicat-'i
1970 560 2046 592 non
2069 553 2219 602 possunt

1219 593 1332 648 aliqui
1354 595 1517 631 redditus
1542 599 1777 643 collegiorum
1793 608 1854 638 aut
1872 606 2063 642 domorum
2084 610 2217 652 proba-

1217 642 1342 684 tlonis,
1358 646 1402 678 tr.
1421 648 1452 686 8,
1472 645 1496 679 l.
1518 650 1549 688 2,
1628 652 1680 683 28.

1218 690 1292 727 noc
1313 695 1433 728 tamen
1450 696 1524 729 nori
1542 693 1590 731 tol
1609 697 1635 732 it
1654 704 1757 742 posse
1772 696 1934 747 collegia,
1951 701 1990 740 in
2010 702 2132 750 aliqua
2149 707 2217 744 do-

1219 751 1362 778 morum
1383 746 1625 788 professarum
1646 746 1868 795 necessitate,
1887 750 1960 789 illis
1982 752 2218 803 periniquum

1218 793 1485 838 eleemosynam
1500 795 1707 841 subvenire,
1725 803 1768 833 tr.
1784 803 1836 843 10,
1855 802 1879 836 l.
1898 804 1930 845 t,
1949 809 1980 839 c.
2001 805 2053 840 10.

1176 841 1356 892 Possessio
1375 845 1499 880 domui
1520 846 1690 890 professae
1710 845 1893 886 Socletatis
1909 852 2023 896 legata
2038 850 2105 890 sub
2128 865 2218 892 con-

1218 893 1370 936 ditione,
1394 899 1434 930 ut
1457 902 1629 940 perpetuo
1659 906 1724 934 suo
1749 900 1913 937 dominio
1943 902 2000 938 vel
2029 901 2218 943 usufructu

1217 942 1404 978 societatis
1426 941 1596 989 professae
1616 953 1860 994 conservetur,
1873 953 2050 996 acceptari
2066 963 2140 990 non
2155 965 2220 1000 po-

1218 996 1284 1028 test
1306 996 1373 1029 sub
1393 1000 1435 1029 ea
1449 997 1671 1041 conditione,
1689 1003 1718 1034 c.
1736 1003 1767 1034 9.

1217 1045 1271 1078 An
1290 1050 1374 1079 vero
1394 1046 1462 1083 tale
1482 1047 1636 1090 legatum
1660 1049 1706 1083 sit
1723 1047 1901 1093 validum,
1917 1048 1953 1086 et
1969 1050 2032 1087 illa
2054 1052 2216 1091 conditio

1221 1094 1394 1130 habeatur
1414 1106 1479 1140 pro
1499 1107 1573 1133 non
1602 1100 1761 1143 adiecta,
1791 1106 1834 1135 ac
1860 1100 2016 1145 proinde
2040 1105 2216 1148 acceptari

1216 1145 1368 1231 possit-la
1387 1145 1561 1184 societate
1586 1151 1849 1186 convenienter
1869 1151 1917 1188 ad
1939 1160 2047 1189 suum
2067 1154 2218 1191 institu-

1231 1205 1305 1235 um,
1327 1206 1338 1228 1
1372 1223 1379 1230 .

1214 1246 1268 1280 An
1296 1246 1367 1280 alia
1394 1246 1509 1289 legata
1537 1247 1618 1282 sine
1637 1244 1748 1283 simili
1775 1249 1988 1286 conditione
2004 1250 2130 1288 relicta
2152 1257 2217 1290 ac-

1216 1297 1348 1338 ceptari
1366 1296 1503 1339 possint
1516 1306 1536 1332 a
1549 1294 1718 1333 domibus
1732 1300 1919 1343 professis,
1935 1300 1986 1336 ib.

1170 1343 1215 1380 111
1237 1343 1406 1380 domibus
1428 1345 1598 1389 professis
1621 1347 1807 1384 societatis
1826 1356 1996 1386 earumve
2021 1348 2215 1394 Ecclesiis,

1215 1394 1354 1430 admitti
1377 1405 1450 1430 non
1474 1400 1589 1440 potest
1607 1397 1779 1442 obligatio
1802 1399 1848 1435 ad
1869 1399 1993 1444 aliqua
2012 1400 2214 1438 ministeria

1214 1446 1418 1488 spiritualia
1437 1448 1618 1491 obeunda,
1635 1458 1666 1483 c.
1685 1452 1736 1484 1⁰.

1170 1495 1366 1532 Domorum
1389 1498 1632 1540 professarum
1651 1498 1838 1534 societatis
1855 1504 2049 1544 paupertas
2075 1500 2115 1536 in
2138 1510 2214 1545 quo

1218 1546 1422 1590 excedatur,
1442 1549 1479 1582 et
1501 1549 1648 1584 excedat
1667 1552 1911 1593 paupertatem
1930 1548 2120 1593 minorum,
2134 1551 2159 1585 l.
2180 1555 2214 1595 6,

1217 1603 1250 1629 c.
1266 1599 1295 1630 1.

1173 1644 1228 1680 An
1249 1645 1343 1680 dicta
1358 1649 1548 1690 paupertas
1563 1647 1806 1691 professarum
1820 1647 2012 1686 domorum
2031 1646 2216 1686 Societatis

1216 1697 1440 1730 conveniens
1463 1698 1520 1739 sit,
1540 1698 1562 1731 l.
1583 1698 1616 1736 4,
1632 1707 1663 1733 c.
1685 1700 1737 1733 10.

1172 1736 1306 1781 Domus
1325 1744 1495 1789 professae
1516 1747 1702 1784 societatis
1718 1756 1784 1784 cur
1804 1748 1880 1784 sint
1901 1755 2026 1793 paucae
2048 1756 2214 1793 numero,

1217 1795 1264 1828 ib.

1171 1845 1304 1880 Domus
1320 1844 1488 1888 professae
1502 1843 1688 1881 Societatis
1706 1850 1791 1882 sunt
1801 1850 1974 1890 tanquam
1990 1850 2104 1883 castra
2116 1850 2216 1886 unde

1214 1895 1366 1938 professi
1385 1894 1431 1930 ad
1446 1896 1640 1939 gloriosam
1660 1896 1910 1933 conversionis
1931 1898 2136 1936 animarum
2151 1907 2216 1935 ex-

1214 1946 1437 1988 peditionem
1460 1947 1651 1988 prodeunt,
1675 1947 1724 1982 ib.

1618 2031 1771 2057 DONATIO.

1172 2092 1390 2130 Donationes
1406 2091 1451 2127 de
1466 2091 1575 2127 bonis
1597 2094 1807 2128 monasterii
1834 2094 1910 2130 solo
1929 2095 2034 2130 titulo
2055 2094 2222 2132 liberalis·

1214 2142 1334 2177 facere
1359 2146 1433 2177 non
1461 2145 1613 2186 possunt
1629 2144 1768 2178 Praelati
1794 2144 1903 2185 illius,
1918 2147 1960 2178 tr.
1978 2147 2009 2187 8,
2025 2143 2048 2179 l.
2066 2149 2097 2188 2,
2112 2152 2141 2180 c.
2161 2151 2214 2181 26.

1210 2193 1308 2228 Alias
1334 2200 1419 2226 vero
1438 2194 1591 2235 gratias,
1614 2194 1718 2228 titulo
1745 2193 2006 2229 misericordiae
2028 2194 2083 2230 vel
2103 2198 2215 2239 grati-

1210 2242 1362 2279 tudinis.
1385 2241 1442 2276 vel
1459 2242 1505 2276 ad
1529 2243 1798 2278 conciliandam
1822 2245 1976 2279 aliorum
1999 2245 2148 2288 gratiam
2174 2248 2214 2281 in

1210 2293 1350 2329 bonum
1373 2294 1582 2328 monasterii
1601 2322 1608 2336 ,
1638 2295 1694 2329 vel
1717 2295 1763 2329 ad
1786 2295 2062 2330 aedificationem
2092 2299 2215 2340 proxi-

1210 2351 1355 2378 morum
1373 2342 1490 2377 iacere
1506 2347 1623 2387 potest
1637 2344 1807 2380 Praelatus
1826 2344 1871 2380 de
1886 2345 1995 2381 bonis
2011 2347 2214 2391 religionis,

1211 2391 1264 2427 ib.

1167 2439 1387 2479 Donationes
1419 2446 1543 2486 turpes
1571 2443 1619 2479 de
1659 2443 1767 2479 bonis
1800 2444 2011 2480 monasterii
2045 2445 2214 2482 faciendo

1209 2498 1386 2535 quantum
1405 2495 1574 2528 Praelatus
1591 2498 1724 2536 peccet,
1745 2493 1793 2528 ib.

1166 2542 1318 2579 Donatio
1340 2543 1503 2579 absoluta
1535 2545 1629 2580 facta
1659 2545 1754 2578 inter
1787 2549 1940 2587 sponsos
1971 2545 2018 2580 de
2044 2547 2212 2589 praesenti

1209 2598 1396 2628 revocatur
1425 2594 1598 2629 dissoluto
1623 2595 1856 2629 matrimonio
1882 2599 1958 2629 rato
1986 2603 2050 2638 per
2072 2596 2212 2639 profes-

1208 2643 1350 2677 sionem
1369 2644 1516 2678 alterius
1530 2655 1538 2686 ς
1554 2651 1628 2679 non
1647 2647 1767 2678 tamen
1781 2644 1810 2677 si
1826 2653 1889 2687 per
1904 2645 2211 2687 dispensationem

1210 2694 1301 2728 illud
1320 2695 1593 2730 matrimonium
1610 2695 1842 2736 dissolvatur,
1854 2695 1878 2728 1.
1898 2699 1930 2736 3,
1944 2701 1975 2729 c.
1992 2696 2045 2731 14«

1615 2777 1774 2804 nonnus.

1166 2840 1294 2881 Donati
1312 2851 1358 2878 an
1375 2843 1511 2878 absolvi
1536 2843 1677 2887 possint
1692 2850 1756 2887 per
1771 2843 1962 2887 privilegia
1981 2840 2169 2886 religionis
2187 2852 2210 2879 a

1209 2893 1354 2928 casibus
1376 2893 1585 2936 pontificiis,
1612 2893 1918 2935 quemadmodum
1947 2893 2009 2928 alli
2036 2893 2208 2936 religiosi.

1171 2983 1179 2988 ,
1210 2944 1250 2978 Et
1264 2944 1413 2986 quinam
1428 2942 1577 2978 veniant
1590 2943 1741 2977 nomine
1756 2943 1896 2984 donati,
1910 2946 1954 2978 tr.
1967 2946 2002 2985 8,
2015 2942 2042 2979 1.
2056 2945 2092 2986 Β,
2106 2950 2139 2980 o.
2154 2946 2208 2979 2⁴.

1165 2985 1259 3032 'lide
1274 2992 1460 3030 Conversi.

1671 3090 1711 3162 ,Β

1604 3214 1771 3251 secessu.

1166 3285 1335 3330 Ecclesiae
1357 3287 1433 3327 stiae
1453 3293 1596 3335 semper
1621 3291 1714 3325 Deus
1740 3287 1897 3331 providit
1917 3285 2117 3329 peculiares
2138 3284 2205 3320 de-

1209 3343 1389 3381 fensores.
1415 3342 1558 3385 quoties
1583 3341 1814 3374 insectatores
1835 3337 1948 3379 aliqui
1974 3345 2055 3371 eam
2081 3336 2205 3378 impu-

1208 3402 1318 3436 gnare
1336 3393 1580 3432 instituerunt,
1596 3393 1638 3423 tr.
1656 3392 1706 3429 10,
1726 3389 1749 3421 l.
1775 3390 1805 3428 1,
1827 3393 1857 3420 c.
1877 3388 1908 3420 Ιι.

1166 3441 1361 3477 Ecclesiam
1375 3441 1593 3476 catholicam
1609 3446 1729 3471 veram
1749 3439 1784 3470 et
1799 3435 1959 3470 divinam
1986 3433 2092 3467 fidem
2113 3438 2204 3467 con-

1207 3493 1334 3535 tinere,
1351 3492 1482 3534 quibus
1495 3487 1716 3531 argumentis
1736 3486 1797 3519 fiat
1817 3485 2002 3519 evidenter
2015 3482 2202 3522 credibile,

1207 3541 1259 3575 ib.

1160 3590 1324 3626 scelesta
1352 3586 1579 3634 particularis
1605 3584 1798 3627 dupliciter
1828 3584 1944 3627 potest
1963 3581 2038 3617 dici
2067 3583 2106 3616 et
2125 3587 2204 3615 esse

1206 3641 1406 3685 collegiata,
1418 3643 1464 3674 tr.
1477 3640 1511 3680 it,
1526 3637 1551 3670 l.
1569 3639 1601 3677 1,
1616 3643 1647 3669 c.
1665 3638 1700 3671 9.
