2352 3880
119 227 198 266 812

117 293 201 343 het,
226 296 319 344 post
339 293 449 342 ,iacta
476 297 618 330 tamen
636 289 872 341 Theologiae
896 289 1151 330 scholasticae

117 367 201 394 non
218 355 367 404 exigua
382 353 666 391 funearnenta.
687 351 825 390 Potest
844 352 964 391 etiam
986 352 1062 390 sub
1079 363 1150 402 po-

117 416 229 457 sitiva
253 414 436 453 doctrina
455 417 542 452 tota
558 412 628 450 illa
646 412 820 452 eruditio
837 413 1148 463 comprehendi,

116 487 206 527 quae
229 487 301 524 pro
322 474 591 513 concionibus
612 473 666 512 ad
684 474 883 524 populum
913 474 1149 514 necessaria

117 540 191 577 est.
228 536 374 573 Errant
409 535 521 574 enim
551 534 687 581 valde,
721 535 791 585 qni
826 539 922 574 ante
951 547 1149 585 magnum

114 595 342 648 profectum
362 595 403 633 in
425 595 650 647 Theologia
677 596 922 635 scholastica
937 627 946 641 ,
977 597 1030 636 ad
1049 596 1150 636 illud

114 669 245 709 genus
279 657 404 696 studii
437 658 735 706 distrahuntur,
770 659 865 708 quia
889 659 1027 697 omnia
1052 670 1150 697 con-

112 718 318 766 fundunt,
354 723 394 757 et
426 719 528 757 nihil
560 730 653 758 cum
687 719 956 757 fundamento
991 719 1148 767 solido,

112 779 230 831 plura
251 785 390 818 autem
410 792 494 818 non
519 781 607 819 sine
627 781 811 831 periculo
833 779 996 819 errandi
1018 780 1151 819 addis·

113 844 225 879 cunt.
260 841 346 879 Hoc
373 853 472 890 ergo
501 844 633 880 totum
658 842 699 879 in
729 841 925 891 praedicta
950 843 1150 890 Constitu7

111 901 223 950 ¹tione
250 906 290 940 et
318 902 578 941 distinctione
602 902 823 940 verborum
846 902 1068 951 significari
1091 903 1150 942 vi·-

112 961 245 1001 detur.
282 964 383 1002 Nam
420 963 520 1002 illud
556 963 775 1013 Scripturas
808 964 1003 1011 studium,
1039 964 1150 1014 quod

111 1025 282 1076 praecise
315 1024 531 1063 ordinatur
562 1024 612 1063 ad
638 1024 855 1062 litteralem
887 1025 976 1074 ejus
1000 1025 1150 1063 intelli-

112 1086 309 1136 gentium,
334 1084 615 1123 necessarium
635 1090 696 1123 est
717 1085 769 1123 ad
793 1085 1011 1135 ipsammet
1033 1087 1148 1125 scho-

111 1145 296 1184 lasticam
330 1146 603 1196 disciplinam.
637 1148 683 1184 Et
711 1146 803 1185 ideo
831 1151 991 1196 oportet
1011 1147 1149 1198 aliqua

111 1207 219 1246 iLlius
252 1207 479 1257 principia,
514 1219 587 1246 seu
624 1209 932 1247 inchoationem
969 1209 1150 1259 aliquam

112 1280 207 1307 cnm
227 1269 403 1319 ipsamet
431 1270 656 1320 Theologia
681 1269 924 1307 scholastica
946 1270 1146 1320 accipere.

111 1330 160 1368 Et
180 1329 353 1368 fortasse
375 1331 427 1368 oh
447 1342 539 1368 eam
562 1342 648 1368 rem
668 1331 743 1369 sub
762 1330 1035 1379 disjunctione
1051 1330 1150 1370 dixit

112 1392 157 1430 B.
181 1393 379 1441 ignatius,
414 1393 477 1431 vel
498 1393 646 1431 eodem
669 1398 870 1441 tempore,
901 1392 962 1429 vel
988 1396 1147 1441 postea,

112 1452 267 1491 addisci
302 1465 440 1503 posse,
470 1454 566 1502 quia
597 1464 742 1490 revera
776 1453 1058 1490 necessarium
1089 1457 1152 1493 est

113 1513 293 1563 aliquem
324 1514 554 1562 profectum
580 1514 624 1551 in
652 1513 896 1551 scholastica
923 1513 1150 1564 Theologia

111 1574 227 1625 prius
243 1575 398 1621 facere;
421 1579 561 1625 postea
578 1587 676 1613 vero
695 1575 735 1612 in
756 1575 942 1612 discursu
963 1575 1150 1624 ejusdem

112 1635 338 1685 dirzziplinae
354 1666 364 1682 ,
389 1636 544 1686 aliquid
563 1635 616 1675 de
638 1637 856 1686 Scripturae
878 1636 1149 1685 intelligentia

112 1697 357 1746 adjungere.

167 1759 204 1795 3.
241 1757 466 1797 Secundum
492 1757 730 1807 requisitum
751 1760 822 1803 est,
848 1759 895 1796 ut
927 1757 1152 1797 studiosius

112 1818 320 1857 discantur
343 1831 429 1868 quse
457 1818 536 1857 Deo
557 1818 688 1867 maqz's
709 1819 909 1857 accedunt.
930 1840 982 1845 —
1003 1819 1058 1855 De
1087 1829 1151 1856 se-

114 1880 248 1917 cundo
275 1884 427 1929 puncto
444 1881 677 1917 necessario
692 1879 742 1917 ad
766 1879 997 1928 profectum
1018 1879 1149 1918 seien-

112 1940 178 1978 tiae
215 1940 313 1978 dixit
348 1940 610 1978 Bernardus:
635 1940 716 1985 Quo
750 1940 914 1978 studio?
938 1944 984 1980 ut
1010 1941 1055 1979 id
1083 1952 1150 1980 ar-

113 2001 284 2050 dentius,
307 2002 408 2052 quod
437 2001 699 2039 vehementius
737 2001 790 2038 ad
809 2011 994 2039 amorem.
1032 2001 1148 2046 Quod

114 2063 282 2112 egregie
326 2061 496 2111 quidem
540 2061 693 2099 dictum
742 2065 804 2099 est
847 2061 1057 2111 loquendo
1095 2062 1147 2102 de

114 2123 287 2162 scientia
306 2123 495 2173 mystica,
519 2133 611 2172 quae
643 2133 796 2171 magna
825 2134 875 2160 ex
895 2128 1010 2172 parte
1033 2135 1149 2173 prac-

114 2184 194 2224 tica
215 2188 292 2231 est,
317 2187 355 2221 et
373 2183 426 2221 ad
442 2195 625 2222 amorem
649 2183 887 2230 ordinatum
910 2196 983 2222 suo
1009 2189 1149 2224 tamen

114 2246 239 2285 modo
280 2246 403 2284 etiam
427 2246 624 2296 applicari
647 2250 781 2296 potest
801 2246 853 2283 ad
876 2250 999 2292 artes,
1025 2251 1065 2285 et
1096 2247 1150 2285 ad

116 2307 310 2346 scientias
349 2307 638 2356 speculativas,
670 2307 720 2345 de
745 2307 894 2356 quibus
924 2308 1144 2357 loquimur.

115 2368 218 2408 Nam
241 2380 290 2406 ex
310 2372 426 2418 parte
447 2367 715 2414 discentis,ad
734 2369 859 2406 istum
874 2367 1000 2406 finem
1021 2369 1146 2407 divini

116 2429 269 2468 amoris
309 2429 547 2468 ordinandae
573 2433 693 2475 sunt;
722 2433 761 2466 et
795 2429 904 2472 ideo,
936 2441 1026 2479 quae
1049 2443 1148 2480 pro—

115 2491 311 2542 pinquius
334 2490 387 2528 ad
408 2490 521 2528 illum
555 2490 773 2537 accedunt,
797 2494 837 2528 et
863 2491 997 2539 magis
1027 2491 1079 2529 ad
1099 2491 1147 2529 il-

116 2551 204 2590 lum
226 2555 407 2595 movent,
431 2552 575 2602 majori
600 2552 749 2589 affeetu
788 2556 826 2589 el
857 2552 991 2589 studio
1020 2553 1148 2590 susci-

116 2613 277 2664 piendae
313 2617 420 2651 sunt.
452 2614 554 2651 Item
591 2613 685 2663 quia
705 2614 761 2663 (ut
784 2613 1057 2663 Philosophus
1075 2614 1146 2664 ait)

116 2679 287 2725 propter
323 2674 432 2724 quod
465 2674 794 2724 unumquodque
836 2674 931 2719 tale,
972 2679 1012 2713 et
1049 2674 1151 2713 illud

118 2736 274 2786 magis3
298 2739 339 2773 at
367 2735 581 2774 inferiores
613 2739 722 2774 artes
752 2735 1014 2774 addiscendae
1055 2740 1151 2775 sunt

118 2800 285 2846 propter
330 2808 490 2834 sacram
530 2796 759 2834 doctrinam
774 2825 783 2841 ,
828 2807 920 2845 quae
964 2797 1149 2846 proxime

119 2862 161 2897 et
181 2858 466 2895 vehementius
505 2858 545 2896 in
585 2858 712 2896 Deum
744 2857 882 2902 ducit3
920 2868 1017 2907 ergo
1055 2858 1150 2896 huic

119 2918 348 2969 impensius
403 2919 654 2957 studendum
709 2922 784 2956 est.
828 2918 1147 2966 Verumtamen,

121 2980 309 3031 quamvis
343 2991 393 3017 ex
429 2983 545 3029 parte
566 2980 753 3025 affectus,
785 2978 869 3016 sive
914 2979 1052 3029 quoad
1088 2980 1150 3018 in-

120 3041 370 3089 tensionem,
399 3040 483 3079 sive
520 3040 658 3090 quoad
693 3039 1149 3090 appretiationem,hoc

121 3102 201 3142 hoc
221 3113 365 3141 verum
399 3101 464 3147 sit,
485 3101 753 3139 nihilominus
774 3101 910 3150 quoad
943 3102 1147 3150 effectum,

123 3167 165 3203 et
189 3163 507 3214 applicationem
538 3162 714 3208 laboris,
739 3162 933 3212 quaelihet
965 3163 1149 3202 doctrina

122 3225 301 3263 maximo
323 3224 458 3263 studio
479 3223 738 3274 suscipienda
754 3227 827 3268 est,
844 3225 1044 3273 quantum
1065 3224 1154 3273 ejus

124 3284 344 3324 difficultas
364 3290 404 3324 et
436 3285 620 3324 arduitas
646 3284 938 3335 postulaverit:
959 3296 1154 3323 mensura

125 3348 234 3386 enim
256 3347 442 3398 proxima
463 3347 585 3397 hujus
605 3346 730 3385 studii
746 3357 828 3384 non
842 3349 903 3384 est
922 3357 1053 3390 amor,
1080 3345 1154 3384 sed

127 3408 264 3459 operis
300 3409 483 3447 arduitas
504 3413 544 3447 et
575 3407 813 3447 necessitas.
843 3408 890 3445 Et
921 3406 1013 3445 ideo
1035 3407 1082 3445 B.
1106 3407 1149 3445 Ρ.

125 3469 310 3520 Ignatius
330 3470 579 3520 generaliter
605 3469 658 3508 de
691 3468 883 3507 omnibus
914 3467 978 3506 his
1006 3467 1153 3506 studiis

127 3522 246 3577 dixit,
275 3535 422 3581 quarta
447 3535 562 3581 parte
596 3529 956 3577 Constitutionum,
986 3540 1077 3578 cap.
1110 3529 1149 3575 6,

129 3591 156 3643 ἓ
170 3594 197 3631 2
212 3603 224 3630 ε
246 3591 425 3640 Serio,et
439 3595 666 3633 constanter
683 3593 861 3631 animum
878 3589 1008 3630 studio
1024 3589 1155 3640 appli-

429 227 502 261 LIB.
526 226 567 259 V.
589 225 644 258 DE
665 221 953 258 scn0LAsrlcls
973 223 1028 258 Ac
1047 223 1206 259 smnus
1227 224 1475 266 socmrms,
1497 225 1583 260 TAM
1604 223 1806 266 INTERMS,
1822 225 1912 260 ETC.
2264 273 2265 276 Ἰ
2297 271 2299 274 Α
2324 254 2329 269 ÷

1206 302 1295 332 care
1314 291 1536 339 deliberent,
1557 291 1708 344 sibique
1720 292 2001 342 persuadeant,
2015 289 2127 331 aim
2138 300 2233 344 arar·-
2323 298 2333 344 ξ

1206 354 1289 393 tius
1305 365 1345 394 se
1362 354 1442 393 Deo
1455 357 1631 405 facturos
1650 355 1693 392 in
1708 353 1898 405 colleqiis,
1916 364 2034 404 quam
2056 354 2093 392 si
2111 364 2156 392 ea
2171 352 2234 395 in·
2268 343 2293 362 ⁰
2323 346 2333 375 ³

1206 415 1384 460 tentione,
1406 414 1452 454 de
1469 426 1546 465 qna
1565 416 1714 455 dictam
1736 418 1808 460 est,
1826 412 1975 453 studiis
1993 425 2034 453 se
2065 413 2235 462 diliyen·
2254 415 2295 465 ‘,

1207 477 1266 514 ter
1284 475 1526 525 impendant.
1547 475 1633 527 Etg
1651 478 1704 515 8:
1733 473 1976 516 Scholastica·
2007 475 2050 514 in
2070 475 2232 516 audien·
2277 479 2291 498 ·’

1207 535 1270 575 dis
1286 535 1516 575 lectionibus
1533 537 1619 576 sint
1640 537 1810 580 assidat,
1831 538 1868 575 et
1884 536 1927 574 in
1945 535 2002 575 eis
2018 536 2234 587 praeviden-

1205 595 1266 635 dis
1282 597 1505 647 diligentes,
1524 600 1559 637 et
1575 602 1785 650 postquam
1803 608 1870 636 eas
1890 598 2109 644 audierint,
2129 607 2235 647 repo·

1206 658 1348 702 tendi&
1371 658 1441 703 iis,
1463 670 1548 708 quoe
1582 671 1658 698 non
1678 658 1961 704 intellexerint,
1985 659 2234 709 iuteo-royan-

1205 718 1292 762 dis;
1312 717 1407 757 aliis
1426 730 1529 767 nero,
1551 731 1637 770 quoe
1657 721 1889 769 oportuerit,
1911 720 2160 759 adnotandis.
2188 719 2236 758 Et

1204 778 1246 816 in
1265 782 1349 816 toto
1383 778 1570 818 discursu
1599 779 1709 818 illius
1741 780 1881 830 capitis
1909 781 2035 818 multa
2059 781 2236 830 pruden-

1205 839 1358 878 tissime
1377 839 1556 886 ordinat,
1581 852 1672 890 quae
1694 853 1887 891 magnam
1909 842 2091 892 profecto
2109 843 2235 880 animi

1207 903 1246 939 et
1261 901 1413 939 laboris
1435 901 1752 951 applicationem
1775 902 1827 940 ad
1847 902 1981 940 studia
2000 903 2234 952 requirant.

1206 963 1375 1013 Propter
1402 963 1514 1013 quod
1531 963 1572 1001 in
1591 975 1681 1013 cap.
1703 964 1744 1010 4,
1770 963 1851 1014 §2
1871 966 2066 1012 tanquam
2090 963 2236 1001 funda-

1204 1029 1390 1063 mentum
1419 1028 1630 1069 statuerat,
1654 1025 1760 1062 hanc
1791 1024 2031 1062 litterariam
2064 1035 2235 1075 operam

1204 1088 1335 1123 totum
1357 1086 1567 1123 hominem
1599 1085 1824 1134 requirere.
1846 1086 1903 1123 Ne
1938 1089 2076 1122 autem
2109 1086 2236 1125 nimia

1205 1150 1275 1184 aut
1294 1147 1430 1184 minus
1452 1147 1561 1184 utilis
1579 1147 1779 1196 religiosis
1797 1146 1891 1184 viris
1907 1149 2117 1197 appareat,
2143 1146 2237 1187 sub-

1201 1207 1339 1257 jungit
1362 1208 1508 1246 eodem
1530 1208 1634 1255 loco,
1657 1208 1688 1245 si
1716 1219 1808 1246 cum
1839 1207 1977 1246 debita
2008 1208 2236 1247 intentione

1206 1269 1467 1318 suscipiatur,
1499 1281 1583 1307 non
1618 1269 1768 1316 minus,
1792 1269 1874 1307 imo
1912 1269 2044 1317 magis
2077 1273 2237 1320 gratam

1207 1340 1295 1368 esse
1310 1330 1391 1367 Deo
1414 1342 1674 1379 quacumque
1692 1331 1786 1377 alia,
1804 1342 1878 1380 pro
1895 1331 2120 1368 studiorum
2137 1334 2238 1369 tem-

1206 1401 1320 1440 pore.
1343 1391 1391 1428 Et
1405 1391 1446 1428 in
1467 1402 1502 1430 c.
1524 1392 1548 1429 6
1565 1391 1692 1435 addit,
1710 1391 1826 1431 illum
1845 1393 2029 1430 studendi
2049 1392 2234 1438 laborem,

1205 1461 1252 1490 ea:
1279 1452 1498 1490 obedientia
1525 1455 1560 1490 et
1575 1452 1687 1490 charz·
1693 1455 1771 1491 tate
1791 1458 2026 1501 susceptum,
2043 1465 2124 1491 esse
2141 1463 2239 1501 opus

1206 1513 1344 1563 magni
1358 1513 1505 1560 meriti,
1516 1516 1554 1550 et
1574 1513 1667 1551 ideo
1683 1525 1764 1551 non
1784 1513 1911 1551 amitti
1933 1514 2108 1551 fructum
2130 1515 2234 1564 ejus,

1208 1573 1367 1611 etiarnsi
1387 1573 1438 1611 ad
1460 1573 1651 1612 effectum
1673 1586 1748 1624 per
1775 1574 1877 1611 illud
1898 1574 2099 1612 intentum
2119 1575 2236 1626 <prae-

1206 1637 1365 1673 mature
1403 1634 1685 1673 intercedente
1716 1636 1872 1685 morte)
1901 1647 1984 1674 non
2022 1636 2237 1685 pervenia-

1205 1697 1286 1732 tur.

1258 1755 1297 1793 4.
1337 1755 1518 1796 Tertium
1553 1756 1787 1808 requisitum
1816 1761 1875 1796 est
1913 1758 2010 1805 finis
2040 1756 2238 1807 aenei-alis

1200 1819 1410 1867 profectus
1426 1819 1586 1867 propo-ii
1617 1822 1653 1857 et
1667 1817 1953 1868 proximorum.
1967 1840 2019 1847 —
2034 1819 2105 1858 Ea
2120 1821 2237 1870 quin·-

1204 1888 1275 1927 que
1288 1878 1437 1926 finibus
1453 1879 1526 1916 duo
1538 1880 1726 1928 posto-emi
1738 1891 1762 1918 a
1777 1880 1982 1918 Bernarda
1998 1881 2233 1930 probantur.

1204 1939 1367 1976 -Jam
1408 1951 1506 1977 vero
1536 1940 1586 1977 de
1611 1940 1751 1978 ultimo
1789 1941 1975 1979 membro
2010 1942 2237 1993 interrogat

1204 1999 1464 2038 Bernardus:
1483 1999 1564 2047 Quo
1585 2001 1664 2049 fine
1675 2002 1692 2039 ?
1705 2005 1745 2040 et
1761 2002 2007 2052 respondet:
2030 2004 2083 2042 Ut
2096 2016 2171 2042 non
2185 2005 2240 2044 ad

1203 2059 1359 2099 inanem
1380 2061 1566 2111 gloriam,
1590 2066 1662 2102 ant
1681 2064 1966 2107 curiositatem,
1989 2067 2061 2102 aut
2081 2064 2239 2116 aliquid

1204 2122 1351 2169 simile,
1374 2123 1442 2161 sed
1465 2126 1619 2162 tantum
1637 2125 1689 2163 ad
1707 2125 2007 2172 aedificationem
2025 2137 2153 2169 suam,
2176 2125 2237 2165 vel

1202 2184 1395 2232 proximi.
1419 2183 1529 2224 Sunt
1557 2197 1723 2236 namque
1744 2185 1828 2235 (ait)
1849 2186 1918 2236 qui
1952 2187 2054 2224 scire
2084 2187 2232 2234 volunt,

1204 2255 1243 2282 eo
1263 2245 1342 2292 fine
1370 2248 1524 2285 tantum
1556 2250 1600 2285 ut
1631 2247 1773 2291 sciant,
1796 2250 1832 2286 et
1860 2247 1991 2296 turpis
2025 2247 2236 2287 curiositas

1205 2308 1261 2343 est
1272 2322 1290 2349 ,·
1305 2310 1339 2344 et
1355 2310 1450 2346 sunt
1466 2308 1534 2356 qui
1549 2309 1652 2346 scire
1671 2308 1806 2346 volunt
1825 2312 1870 2347 ut
1888 2307 2068 2346 sciantur
2087 2309 2184 2357 Ipsi,
2199 2312 2237 2349 et

1209 2368 1340 2416 turpis
1369 2369 1528 2407 vanitas
1557 2373 1628 2416 est,
1660 2368 1727 2419 qui
1758 2372 1936 2418 profecto
1965 2381 2042 2407 non
2076 2371 2237 2410 eradent

1207 2428 1512 2469 subsannantem
1540 2433 1777 2479 satyricum,
1794 2434 1827 2468 et
1856 2432 1892 2469 ei
1922 2431 1990 2481 qui
2010 2430 2236 2477 hujusmodi

1206 2493 1262 2528 est
1299 2490 1591 2529 decantantem:
1609 2490 1727 2530 Scire
1746 2495 1857 2530 tuum
1879 2491 1983 2530 mail
2006 2496 2077 2534 est,
2100 2492 2181 2530 nisi
2198 2495 2234 2532 te

1205 2551 1305 2589 scire
1326 2551 1407 2598 noc,
1425 2553 1526 2591 sciat
1546 2552 1648 2592 alter
1667 2551 1694 2589 ¹.
1717 2552 1779 2592 Et
1801 2556 1895 2591 sunt
1915 2553 2024 2597 item,
2043 2551 2109 2602 qui
2130 2553 2233 2591 scire

1204 2611 1338 2650 volunt
1363 2617 1406 2651 ut
1426 2614 1634 2652 scientiam
1664 2625 1779 2652 suam
1796 2613 1978 2658 vendant,
1998 2613 2104 2650 verbi
2133 2625 2230 2664 qra-

1206 2673 1280 2718 tta,
1297 2685 1370 2724 pro
1387 2673 1566 2723 pecunia,
1579 2684 1653 2723 pro
1673 2672 1898 2720 nonoribus,
1927 2676 1963 2712 et
1978 2673 2109 2723 turpis
2124 2686 2230 2724 quee-

1205 2737 1291 2773 stus
1308 2737 1378 2773 est.
1405 2733 1490 2774 Sed
1516 2738 1608 2772 sunt
1630 2734 1750 2773 etiam
1788 2734 1856 2785 qui
1881 2734 1983 2773 scire
2019 2734 2156 2774 volunt
2189 2738 2235 2775 ut

1205 2795 1406 2844 (edificent,
1428 2799 1464 2833 et
1494 2795 1672 2833 charitas
1702 2797 1770 2833 est.
1801 2795 1862 2833 Et
1893 2795 1999 2841 item,
2030 2797 2099 2846 qui
2134 2796 2235 2836 scire

1204 2855 1339 2895 volunt
1352 2859 1395 2894 ut
1413 2856 1673 2907 aedificentur,
1690 2859 1723 2894 et
1739 2855 1951 2908 prudentia
1979 2861 2049 2896 est.
2073 2859 2234 2898 Horum

1206 2915 1376 2955 omnium
1394 2916 1468 2955 soli
1479 2917 1614 2956 ultimi
1624 2917 1698 2956 duo
1716 2928 1792 2955 non
1811 2917 2071 2957 inveniuntur
2085 2919 2127 2957 in
2139 2919 2234 2959 abu-

1205 2978 1312 3016 sione
1331 2976 1520 3024 scientioe,
1541 2979 1683 3028 quippe
1703 2978 1772 3029 qni
1795 2978 1848 3016 ad
1867 2979 1935 3017 noc
1964 2979 2098 3018 volunt
2120 2979 2233 3019 intel-

1204 3037 1342 3088 lz'yere,
1360 3043 1403 3077 ut
1438 3038 1525 3078 bene
1551 3040 1717 3082 faciant.
1751 3039 1847 3086 Quae
1875 3039 2000 3077 verba
2022 3040 2160 3078 omnia
2180 3039 2235 3079 ad

1205 3099 1258 3137 ad
1279 3111 1383 3147 rem,
1406 3099 1456 3138 de
1496 3112 1576 3151 qua
1607 3101 1784 3151 agimus,
1807 3101 2235 3140 accommodatissima.

1206 3165 1323 3207 sunt;
1344 3173 1441 3199 nam
1475 3166 1519 3201 ut
1557 3162 1608 3201 ab
1635 3163 1777 3201 ultimo
1812 3163 1937 3201 verbo
1966 3163 2232 3214 incipiamus,

1210 3223 1393 3262 Societas
1413 3223 1465 3262 ad
1493 3225 1571 3263 hoc
1592 3225 1797 3275 praecipue
1825 3225 2053 3264 doctrinam
2073 3225 2231 3276 quaerit,
2261 3250 2266 3271 ἑ

1209 3288 1253 3322 ut
1287 3284 1392 3323 bene
1425 3285 1562 3332 faciat,
1585 3286 1760 3336 primum
1802 3286 1894 3334 sibi,
1918 3286 2067 3326 deinde
2100 3286 2235 3338 proxi·
2263 3275 2282 3321 ‘2

1207 3346 1299 3384 mis.
1331 3347 1431 3385 Nam
1458 3352 1499 3386 et
1526 3349 1737 3398 propriam
1768 3349 2062 3399 perfectionem
2084 3348 2233 3398 prima-

1206 3407 1283 3453 rio,
1305 3411 1345 3446 et
1363 3407 1512 3446 deiude
1528 3409 1822 3460 perfectionem
1838 3410 2116 3460 proximorum
2137 3419 2236 3459 pro-

1209 3472 1336 3507 curat.
1359 3469 1617 3520 Quamquam
1645 3471 1756 3510 enim
1788 3470 1834 3509 in
1860 3470 1942 3510 hoc
1976 3468 2156 3509 scientiae
2169 3467 2233 3506 la-

1261 3588 1275 3615 ¹
1305 3591 1482 3639 Persius,
1501 3592 1616 3632 satir.
1637 3593 1675 3631 4.

2344 3498 2352 3516 1
