2352 3880
0 217 74 264 ΞΥ

35 397 208 450 Ι’,ιιιιῑιθῐι
227 393 446 434 accederet
463 393 518 432 ad
535 404 622 432 non
654 402 786 438 suam,
814 401 893 429 nec
927 388 1101 442 proinde

0 459 4 462 ’
67 461 232 499 sextum
262 459 517 508 praeceptum
541 453 754 503 violaret),
790 455 930 491 tamen
954 451 1010 490 ita
1029 451 1103 490 ha-

38 558 52 562 -
66 518 138 560 het
156 529 205 557 ac
225 517 262 557 si
281 529 368 556 non
386 516 551 562 habeat,
573 514 672 566 quia
691 513 760 551 illa
784 512 894 552 licite
928 512 986 552 uti
1017 522 1103 552 non

27 3623 53 3642 't⁴

19 3687 54 3746 ᾗ..

67 583 204 633 potest
221 607 237 627 ,
267 576 445 628 ideoque
471 576 572 615 nihil
609 574 854 627 perfectioni
878 574 1015 614 obstat
1044 577 1103 613 ta-

66 641 121 680 lis
157 639 307 679 modus
342 637 627 690 proprietatis,
656 636 754 686 quia
789 640 853 675 est
890 635 947 675 ibi
983 634 1101 687 quasi

67 701 333 742 materialiter
351 702 513 738 tantum
530 727 545 747 ,
575 710 651 737 seu
678 697 805 748 ligata
828 709 906 747 per
940 696 1101 748 profes-

19 762 21 764 ’
67 763 256 809 sionem;
284 773 360 802 cur
377 773 477 812 ergo
514 758 556 799 in
588 759 773 799 dominio
806 759 1101 810 temporalium

67 823 273 864 bonorum
291 823 362 862 illo
397 822 522 862 modo
545 820 672 873 ligato
696 833 782 860 non
811 820 962 871 poterit
989 819 1102 859 idem

68 897 165 926 cum
193 883 460 937 proportione
484 884 692 936 intelligi?
726 882 845 923 Unde
869 886 981 922 recte
1001 881 1102 922 dixit

67 948 352 988 'theodoricus
371 946 542 998 quidam
559 976 570 994 ‚
597 944 855 985 Coloniensis
895 944 1104 983 Cancella-

67 1009 173 1056 rius,
204 1013 388 1048 tractatu
415 1008 468 1047 de
492 1008 658 1047 Peculio
685 1006 990 1057 religiosorum,
1009 1017 1101 1056 cap.

69 1071 261 1122 septimo,
294 1082 422 1122 quem
447 1069 573 1109 refert
599 1068 913 1114 carthusianus,
947 1070 1051 1106 tom.
1077 1068 1104 1108 2

69 1142 249 1184 operum
286 1131 510 1178 minorum,
551 1129 725 1181 opuscul
739 1159 751 1170 .
790 1127 848 1170 de
874 1127 1103 1168 Reformat.

70 1192 376 1239 claustralium,
404 1195 484 1232 art.
510 1191 672 1231 decimo
699 1192 839 1241 sexto,
876 1190 1010 1243 mayis
1039 1200 1107 1230 no-

70 1264 156 1295 cere
183 1252 364 1306 reiiyioso
391 1261 508 1289 usum
533 1252 684 1299 peculii
712 1252 801 1289 sine
827 1251 1105 1304 proprietate,

72 1327 190 1368 quam
205 1313 489 1364 proprietatem
508 1311 596 1351 sine
613 1322 707 1351 usu.

123 1377 187 1415 u.
204 1374 450 1415 Illustratur
470 1372 625 1411 tandem
642 1365 833 1422 exemplis
852 1361 1108 1423 antiquis.-

70 1435 255 1489 objectio.
280 1458 335 1464 —-
351 1435 503 1475 Ultimo
525 1434 672 1472 afferre
692 1445 916 1486 possumus
933 1445 986 1473 ex
1003 1433 1106 1473 anti-

67 1499 222 1552 quitate
242 1497 447 1548 exempla,
469 1496 621 1547 quibus
637 1496 908 1535 ostendamus
927 1508 1050 1536 veros
1066 1500 1108 1538 et

66 1560 273 1615 perfectos
316 1558 534 1610 religiosos
570 1557 768 1597 habuisse
809 1557 967 1609 aliquid
1011 1571 1110 1610 pro-

67 1623 220 1676 prium.
253 1622 356 1661 Nam
378 1621 666 1672 Hieronymus,
686 1620 728 1659 in
747 1620 829 1659 vita
849 1621 998 1660 Malchi
1019 1652 1027 1668 ,
1056 1620 1108 1660 de

67 1683 139 1724 illo
158 1683 282 1723 refert
301 1683 475 1722 rediisse
500 1682 545 1720 in
563 1682 765 1733 patriam,
795 1685 841 1721 ut
860 1682 973 1721 hona
989 1694 1063 1721 sua
1085 1695 1109 1721 a

69 1750 204 1787 matre
223 1745 416 1785 defuncta
435 1744 580 1783 relicta
607 1744 871 1783 distribueret
887 1754 900 1794 3
936 1748 976 1783 et
997 1744 1111 1783 addit

68 1811 231 1860 partem
266 1806 536 1853 monasterio,
568 1810 731 1856 partem
759 1805 1015 1856 pauperibus
1039 1805 1112 1844 de-

68 1867 215 1918 disse,
248 1872 410 1920 partem
443 1879 542 1907 vero
585 1867 663 1904 sibi
694 1878 947 1905 reservasse.
985 1868 1033 1905 Et
1068 1867 1111 1904 in

69 1930 192 1983 epist.
226 1930 424 1980 vigesima
462 1931 578 1967 sexta
613 1928 667 1966 ad
702 1929 1033 1975 Pammachfflm,
1067 1928 1111 1966 in

68 1990 168 2039 fine,
184 1990 251 2029 ubi
264 1989 406 2037 refert,
418 2001 512 2029 cum
528 1989 569 2027 in
587 1989 1110 2039 Bethleem2monasterium

70 2052 327 2099 aedificasset,
341 2055 382 2091 et
392 2056 451 2091 tot
463 2051 515 2090 ad
524 2063 620 2090 eum
633 2052 890 2091 confluerent
901 2051 1109 2102 monachi,

70 2118 117 2156 ut
133 2114 200 2153 vix
212 2113 320 2152 vims
348 2113 589 2152 sufficerent
609 2113 660 2152 ad
679 2126 782 2164 opus
805 2113 1110 2162 sustinendum,

70 2176 313 2228 compulsum
326 2176 457 2227 fuisse
471 2178 645 2226 fratrem
663 2177 959 2216 Paulinianum
975 2177 1112 2227 adpa-

72 2239 197 2280 triam
211 2239 377 2286 mittere,
387 2241 433 2278 ut
449 2238 665 2279 sencio-zitas
680 2238 861 2286 villulas,
874 2250 959 2290 qua·
969 2238 1110 2278 barba-

73 2310 207 2340 rorum
230 2299 460 2350 effuyerant
478 2311 634 2348 mamis,
659 2304 694 2339 et
707 2303 920 2351 parentum
940 2311 1111 2340 commu-

72 2361 184 2403 nium
211 2372 348 2401 census
379 2361 573 2410 venderet,
602 2363 680 2400 etc.
713 2362 772 2400 Ex
796 2362 949 2412 quibus
970 2362 1107 2401 verbis

71 2410 662 2475 intelligimus‘Hieronymum
688 2423 759 2461 illo
786 2427 974 2474 tempore
1003 2435 1110 2462 non-

72 2484 174 2526 dum
197 2483 414 2535 reliquisse
444 2495 614 2523 suorum
642 2485 850 2523 bonorum
881 2485 1110 2535 proprieta-

69 2549 156 2587 tem
177 2550 219 2585 et
238 2558 381 2594 usum,
404 2557 498 2585 cum
517 2549 660 2586 tamen
679 2547 766 2598 ipse
782 2547 871 2598 jam
887 2549 996 2585 esset
1016 2558 1111 2596 per-

70 2607 291 2648 fectissime
315 2620 502 2658 pauper,
531 2612 577 2647 ut
597 2621 647 2647 ex
674 2612 759 2647 toto
787 2608 976 2647 discursu
1002 2608 1112 2647 illius

72 2669 255 2722 epistolae
280 2669 453 2720 intelligi
476 2673 626 2720 potest.
656 2670 705 2708 Et
734 2670 884 2708 similia
920 2670 1109 2721 exempla

73 2730 180 2771 sumi
198 2734 372 2782 possunt
390 2743 443 2769 ex
463 2730 542 2779 his,
573 2743 663 2781 quae
683 2731 735 2768 de
757 2731 939 2781 antiquis
966 2744 1109 2770 mona-

74 2792 160 2834 chis
178 2792 412 2831 referuntur
430 2792 472 2831 in
496 2791 593 2830 Vitis
616 2792 797 2839 Patrum,
824 2796 864 2831 et
885 2793 1022 2842 aliqua
1047 2793 1109 2830 in-

75 2853 299 2894 dicavimus
339 2858 439 2893 tom.
480 2853 731 2904 praecedenti
751 2883 761 2901 ‚
801 2853 1018 2892 tractando
1055 2853 1108 2893 de

74 2918 315 2968 paupertate
334 2915 529 2967 religiosa
547 2916 589 2954 in
606 2927 777 2967 genere,
801 2921 842 2954 et
855 2915 964 2954 infra
983 2914 1026 2953 in
1043 2928 1110 2954 ca-

76 2975 159 3029 pite
184 2976 385 3028 sequenti,
415 2989 589 3016 numero
618 2981 780 3027 quarto,
809 2976 949 3015 locum
971 2977 1111 3016 Basilii

79 3037 227 3079 adhoc
246 3038 574 3078 confirmandum
604 3038 904 3090 expendemus.
936 3039 1052 3086 Quod
1076 3039 1111 3079 si

80 3098 167 3150 quis
182 3099 284 3139 forte
304 3099 411 3139 dicat
430 3101 602 3141 Sanctos
618 3101 709 3139 illos
728 3113 802 3152 pro
821 3101 890 3139 illo
906 3107 1110 3152 tempore,

83 3158 150 3199 vel
164 3161 473 3202 statuhabuisse
486 3166 775 3214 paupertatem
790 3162 832 3201 in
843 3163 1013 3210 affectu,
1024 3175 1113 3203 non

85 3231 181 3259 vero
197 3220 242 3259 in
261 3223 372 3268 actu,
393 3223 507 3272 quod
523 3224 673 3264 sufficit
693 3224 862 3276 quidem
884 3223 941 3263 ad
952 3224 1111 3276 perfec-

86 3280 238 3320 tionem
257 3282 580 3334 acquirendam3
603 3286 685 3326 imo
706 3287 784 3325 hoc
803 3289 969 3326 tantum
989 3286 1115 3339 perti-

16 3370 32 3394 Υ,
86 3354 184 3382 nere
196 3342 347 3383 directe
359 3343 413 3382 ad
422 3343 731 3395 perfectionem,
744 3348 934 3387 docuisse
949 3348 993 3386 D.
1007 3348 1118 3387 Tho-

13 3404 58 3459 ?
85 3415 197 3444 mam
218 3405 256 3443 Ξ.
287 3405 327 3451 2,
358 3409 500 3456 quaest.
529 3405 719 3454 1.8,4„art.
742 3411 782 3461 3(μ
809 3409 863 3448 ad
887 3411 927 3458 1,
950 3421 1037 3448 non
1057 3413 1116 3450 ta-

85 3475 182 3504 men
203 3464 392 3504 sufficere
409 3465 463 3505 ad
477 3469 630 3506 statum
646 3469 922 3519 perfectionis,
942 3474 1117 3522 praeser-

24 3541 42 3569 5
87 3523 164 3572 tim
176 3526 461 3578 acquirendae3
481 3525 623 3568 contra
638 3527 719 3574 hoc
735 3533 813 3578 est,
823 3532 923 3582 quia
938 3532 1037 3572 hinc
1052 3541 1119 3572 se-

87 3585 228 3638 quitur
241 3588 543 3650 Hieronymum
559 3589 614 3645 (et
625 3589 739 3632 idem
756 3592 820 3632 est
832 3588 885 3648 de
900 3593 1120 3647 similibus)

28 3741 50 3761 Δ
52 3760 53 3763 ,

44 3770 55 3778 ι

0 3853 3 3860 y
6 3764 70 3880 ,ἃς

0 3874 3 3880 .
61 3867 73 3880 n

419 182 511 238 aar.
533 201 592 238 ιν.
612 200 755 236 vom
773 198 1058 234 ramanus
1079 197 1340 233 smozaamu
1360 198 1599 238 soclz'l’A'rlS
1617 196 1727 244 sesag
1748 202 1838 239 arc,

62 250 119 327 ‘aexv
134 267 315 313 radicale
345 267 576 316 dominium
605 278 780 308 uxorem
810 265 943 306 habet
980 265 1105 316 (unde

23 336 40 360 Ἃ
67 333 148 381 elsi
182 337 325 373 contra
358 335 502 371 votum
535 331 590 371 ad
614 330 727 370 illam
753 328 986 375 accederet,
1019 339 1104 366 non

1161 277 1212 305 eo
1230 267 1422 317 tempore
1446 279 1533 306 non
1549 269 1679 310 fuisse
1706 271 1751 310 in
1777 272 1888 310 statu
1910 269 2193 322 perfectiores,

1159 326 1271 378 quod
1290 338 1374 365 non
1396 326 1520 366 video
1549 339 1633 378 qua
1653 331 1942 382 probabilitate
1961 335 2035 372 aut
2050 333 2197 372 verisi-

1156 387 1245 427 mili
1263 387 1502 438 conjectura
1518 388 1596 445 dici
1613 392 1756 440 possit.
1774 393 1932 433 Deinde
1949 394 1999 432 D.
2012 393 2196 433 Thomas

1158 447 1202 487 in
1223 448 1373 487 eodem
1391 448 1483 488 loco
1504 449 1626 488 docet
1638 479 1653 498 ,
1681 451 1725 491 in
1751 454 1961 506 Episcopis
1981 455 2081 494 satis
2104 467 2198 496 esse

1158 509 1214 548 ad
1244 513 1398 548 statum
1423 510 1692 561 perfectionis
1724 520 2015 564 paupertatem
2031 517 2078 556 in
2096 528 2200 569 proe·

1156 572 1372 623 paratione
1391 572 1534 619 animi,
1558 583 1643 623 qua
1660 572 1825 612 divitias
1843 576 1899 614 ita
1913 582 2195 626 contemnant,

1156 636 1204 672 ut
1231 633 1366 684 parati
1399 632 1481 671 sint
1516 634 1611 674 illas
1646 635 1884 685 expendere
1911 638 1980 676 vel
2010 640 2199 680 amittere

1153 699 1326 746 propter
1352 695 1529 746 gloriam
1559 696 1646 744 Dei,
1683 698 1725 735 et
1750 696 1971 735 utilitatem
1990 701 2202 748 proximo-

1154 768 1250 796 rum
1262 767 1275 806 ;
1294 769 1393 808 ergo
1415 757 1540 795 etiam
1559 756 1620 794 illi
1640 757 1781 796 Sancti
1798 762 2027 808 potuerunt
2047 771 2137 799 esse
2158 761 2202 800 in

1155 821 1264 858 statu
1280 818 1547 869 perfectionis
1563 818 1843 869 acquirendae,
1861 824 1902 859 et
1917 824 2063 871 postea
2078 822 2203 860 etiam

1158 880 1385 930 acquisitae,
1410 880 1572 919 etiamsi
1589 884 1681 919 actu
1703 880 1895 919 nondum
1906 883 2203 933 proprietatem

1159 953 1331 981 suorum
1350 942 1558 980 bonorum
1583 942 1770 981 omnium
1790 942 2057 992 reliquissent
2073 938 2205 994 ,quia

1154 1003 1258 1055 jam,
1289 1007 1330 1042 et
1362 1003 1529 1052 affectu,
1557 1007 1598 1043 et
1621 1004 1686 1054 (ut
1711 1003 1967 1042 credendum
1997 1005 2073 1054 est)
2109 1006 2206 1045 voto

1160 1068 1201 1104 et
1234 1064 1492 1116 obligatione
1522 1075 1618 1104 cum
1648 1066 1797 1105 effectu
1825 1066 1894 1104 illa
1925 1066 2206 1117 reliquerant3

1161 1127 1351 1179 quamvis
1361 1127 1534 1166 fortasse
1548 1131 1816 1179 expectarent
1829 1127 2096 1166 commodum
2108 1131 2211 1167 tem·-

1159 1189 1363 1240 pusillam
1378 1189 1675 1240 obligationem
1692 1189 1942 1239 exequendi.
1966 1190 2028 1228 Ita
2045 1201 2147 1240 ergo
2166 1188 2210 1227 in

1160 1251 1226 1290 his
1236 1251 1441 1303 religiosis
1455 1252 1902 1302 Societatis.contingit‚
1916 1251 1958 1289 in
1968 1251 2119 1301 quibus
2135 1263 2213 1302 op-

1160 1314 1394 1362 portunitas
1414 1314 1648 1365 exequendi
1672 1318 1816 1352 votum
1839 1317 1878 1352 et
1910 1313 2209 1365 obligationem

1162 1375 1258 1412 actu
1277 1374 1541 1423 relinquendi
1564 1375 1718 1420 omnia,
1742 1387 1827 1413 non
1846 1378 1908 1413 est
1924 1374 2020 1422 alia,
2043 1374 2123 1413 nisi
2139 1386 2212 1413 vo-

1159 1432 1297 1472 luntas
1319 1434 1482 1472 Praelati
1501 1434 1639 1473 locum
1660 1434 1735 1473 Dei
1757 1435 1936 1473 tenentis
1951 1465 1965 1483 ,
1995 1448 2077 1485 qua
2096 1435 2213 1474 nulla

1161 1498 1299 1548 potest
1317 1508 1409 1535 esse
1437 1496 1570 1547 magis
1597 1500 1879 1535 consentanea
1905 1496 2167 1546 perfectioni.

1217 1559 1286 1596 45.
1317 1557 1389 1598 Ad
1403 1558 1599 1597 rationem
1619 1558 1831 1598 dubitandi
1847 1559 1891 1597 in
1911 1571 1952 1597 n.
1976 1559 2041 1597 10.
2068 1578 2122 1586 —
2146 1557 2217 1598 Ad

1164 1620 1496 1670 confirmationem
1510 1621 1606 1660 ibid.
1632 1633 1679 1660 ea:
1703 1632 1789 1671 cap.
1812 1621 1912 1658 Cum
1931 1620 1983 1658 ad
2004 1622 2215 1658 monaste-

1164 1681 1290 1729 rium,
1310 1681 1447 1733 prima
1475 1683 1764 1734 resp›msio.—
1784 1683 1845 1720 Ex
1877 1683 1942 1720 his
1978 1694 2077 1732 ergo
2115 1681 2214 1720 satis

1165 1755 1417 1794 responsum
1445 1747 1507 1782 est
1526 1744 1676 1782 rationi
1697 1744 1915 1782 dubitandi
1942 1744 1985 1781 in
2011 1743 2214 1793 principio

1165 1807 1323 1857 positae.
1346 1806 1437 1844 Non
1470 1805 1582 1843 enim
1611 1806 1729 1844 deest
1752 1805 1991 1855 hujusmodi
2009 1804 2214 1854 religiosis

1166 1868 1341 1906 affectus
1363 1867 1629 1916 relinquendi
1659 1867 1814 1911 omnia,
1838 1866 1922 1904 imo
1952 1878 2091 1916 neque
2113 1866 2214 1904 obli-

1168 1929 1278 1981 gatio
1314 1928 1547 1978 exequendi
1570 1928 1696 1966 talem
1725 1928 1946 1976 effectum;
1968 1927 2042 1965 sed
2064 1926 2215 1966 modus

1167 1994 1207 2030 et
1238 1995 1403 2041 tempus
1437 1989 1594 2028 habent
1623 1994 1783 2028 certam
1818 1989 2214 2028 determinationem

1167 2052 1336 2092 omnino
1352 2063 1436 2089 non
1456 2050 1711 2101 pendentem
1732 2050 1784 2088 ab
1815 2061 1960 2088 eorum
1981 2049 2212 2098 voluntate,

1168 2113 1244 2152 sed
1266 2124 1435 2151 suorum
1460 2111 1757 2162 Superiorum;
1791 2110 1903 2161 quod
1923 2110 2025 2148 nihil
2048 2111 2212 2161 perfec-

1164 2175 1323 2215 tionem
1343 2173 1520 2224 impedit
1531 2177 1602 2212 aut
1618 2173 1783 2219 minuit,
1800 2172 1915 2223 quia,
1937 2176 1982 2210 ut
1997 2176 2212 2210 ostensum

1166 2242 1241 2282 est,
1259 2236 1508 2288 proprietas,
1527 2235 1595 2274 vel
1609 2235 1841 2274 dominium
1861 2234 1920 2272 sic
1934 2237 2144 2272 retentum
2159 2233 2214 2273 ad

1168 2303 1331 2350 tempus
1353 2301 1523 2349 propter
1542 2296 1670 2335 finem
1691 2296 1970 2347 pertinentem
1990 2295 2211 2334 adbonum

1165 2371 1387 2400 commune
1405 2359 1499 2397 talis
1526 2358 1755 2408 religionis,
1776 2361 1822 2396 ut
1841 2357 2036 2395 indicavit
2058 2356 2212 2407 Grego-

1163 2423 1251 2462 rius
1280 2423 1368 2461 XIII
1403 2421 1446 2460 in
1472 2421 1671 2472 praedicta
1702 2420 2015 2466 constitutione,
2046 2422 2089 2457 et
2116 2430 2211 2457 cum

1164 2485 1363 2536 praedicta
1384 2483 1682 2534 dependentia,
1716 2481 1820 2520 nihil
1851 2480 2023 2531 impedit
2051 2479 2212 2530 perfec-

1164 2547 1322 2586 tionem
1342 2544 1689 2595 conquirendam.
1717 2543 1781 2581 Ad
1802 2544 1927 2592 caput
1946 2545 2089 2580 autem
2111 2541 2212 2580 Cum

1166 2609 1222 2648 ad
1252 2606 1538 2646 monasterium
1572 2603 1694 2641 variae
1725 2602 1878 2640 dantur
1913 2601 2209 2651 expositiones.

1166 2666 1434 2708 Communius
1472 2668 1611 2703 autem
1645 2667 1815 2714 recepta
1848 2666 1931 2710 est,
1969 2661 2210 2700 Pontificem

1163 2728 1274 2778 loqui
1297 2727 1338 2765 in
1370 2738 1496 2765 sensu
1518 2724 1763 2776 composito,
1787 2724 1830 2762 id
1854 2726 1932 2771 est,
1964 2735 2051 2761 non
2085 2733 2210 2774 posse

1165 2788 1409 2830 Pontificem
1423 2788 1664 2838 dispensare
1681 2797 1774 2825 cum
1790 2785 1997 2823 monacho
2011 2788 2210 2823 manente

1164 2852 1396 2899 monacho,
1426 2854 1472 2889 ut
1492 2849 1707 2901 proprium
1730 2848 1898 2895 habeat,
1921 2847 1990 2886 vel
2014 2851 2060 2885 ut
2084 2847 2210 2886 violet

1165 2914 1414 2959 castitatem,
1444 2912 1542 2963 quia
1561 2925 1644 2950 non
1667 2915 1804 2963 potest
1822 2910 1959 2949 facere
1989 2914 2034 2948 ut
2057 2909 2207 2959 aliquis

1164 2976 1319 3016 habeat
1345 2978 1511 3022 votum,
1534 2978 1575 3013 et
1594 2978 1692 3024 agat
1709 2977 1853 3012 contra
1879 2971 1997 3017 illud,
2027 2974 2074 3009 ut
2093 2974 2207 3009 tomo

1166 3036 1374 3089 superiori
1402 3036 1538 3075 visum
1560 3039 1636 3075 est.
1659 3034 1742 3074 Sed
1776 3032 1875 3083 quia
1906 3033 1950 3070 in
1981 3033 2060 3071 hoc
2081 3043 2208 3071 sensu

1164 3100 1328 3140 videtur
1347 3098 1527 3137 maxime
1550 3096 1780 3149 procedere
1802 3094 1999 3146 objectio,
2024 3093 2118 3132 ideo
2138 3093 2208 3132 ad-

1165 3165 1281 3202 verto
1300 3160 1434 3212 primo
1451 3158 1693 3198 Pontificem
1705 3168 1790 3195 non
1807 3155 1922 3207 loqui
1943 3155 1994 3194 de
2014 3155 2207 3206 religioso

1169 3227 1278 3263 statu
1300 3221 1505 3267 absolute,
1522 3220 1597 3259 sed
1611 3219 1663 3258 de
1682 3218 1905 3266 monacho,
1920 3229 1967 3256 ac
1982 3216 2207 3255 monacha-

1168 3280 1239 3336 tu3
1262 3283 1391 3324 verba
1411 3283 1523 3322 enim
1542 3285 1638 3320 sunt
1658 3293 1668 3320 ;
1688 3279 1794 3321 Adeo
1821 3284 1877 3320 est
1905 3289 2062 3318 annexa
2091 3285 2209 3325 requ-

1171 3347 1221 3389 2oe
1239 3346 1464 3386 monachali
1478 3361 1495 3390 ;
1521 3348 1561 3383 et
1591 3343 1705 3396 prius
1725 3356 1736 3382 ε
1758 3343 1847 3384 Nec
1872 3342 2038 3381 oestz'met
2061 3336 2208 3382 Akbas,

1172 3409 1275 3463 quod
1292 3419 1413 3460 super
1432 3407 1606 3447 habenda
1622 3405 1868 3457 proprietate
1881 3400 2010 3453 possit
2030 3409 2116 3437 oum
2134 3395 2209 3437 ali·

1171 3482 1247 3525 quo
1262 3469 1544 3509 monachorum
1564 3468 1807 3518 dispensare.
1824 3462 1959 3502 Facile
1977 3460 2119 3497 autem
2137 3457 2211 3496 da-

1170 3531 1312 3572 bimus
1345 3529 1652 3570 abdicationem
1676 3525 1812 3566 omnis
1834 3519 2102 3573 proprietatis
2119 3530 2211 3559 esse

1173 3591 1451 3636 essentialiter
1468 3599 1678 3632 annexam
1699 3583 1823 3627 statui
1843 3580 2099 3630 monachali,
2113 3590 2211 3620 nam
