2352 3880
234 338 284 377 Et
302 329 602 379 Bonaventura‚
622 330 665 369 in
690 329 864 381 Apolog.
885 325 1152 398 paupertatis,
1177 337 1260 365 res-

233 409 353 450 pons,
368 397 410 444 4,
429 397 536 445 part.
569 393 610 440 2,
637 391 809 431 articulo
843 389 992 442 primo,
1014 388 1072 428 ait
1097 387 1260 427 ratione

233 455 453 509 singularis
483 452 754 506 paupertatis,
783 451 1026 503 religionem
1054 449 1261 488 Minorum

230 517 429 570 peculiari
448 515 574 555 modo
594 526 686 554 esse
707 513 972 553 commissam
993 522 1103 550 curae
1126 509 1260 549 Ponti-

230 579 320 619 ficis
353 582 554 629 tanquam
593 574 904 616 filiumfamilias
941 571 1120 625 parenti,
1164 582 1258 621 quae

229 652 316 680 non
347 644 410 680 est
443 637 629 686 ambitio,
649 637 724 676 sed
754 640 896 675 sancta
927 634 1124 681 intenti03
1164 633 1260 672 licet

230 714 330 753 ergo
347 701 532 742 Societas
559 711 634 738 suo
667 697 791 738 modo
811 697 892 736 hoc
917 695 1163 741 intenderet,
1185 705 1259 745 op-

229 764 327 803 time
361 763 541 809 faceret3
566 759 754 812 quamvis
782 769 928 798 revera
965 768 1050 795 non
1082 755 1134 794 sit
1169 755 1259 794 haec

229 824 352 875 huJus
369 823 450 862 voti
485 822 672 867 intentio,
704 819 779 860 sed
805 822 943 871 potest
979 827 1071 857 esse
1101 815 1259 856 fructus

227 886 292 925 vel
313 885 482 925 effectus
502 884 571 934 qui
589 895 639 922 ex
658 882 727 921 illo
755 883 1046 932 consequatur.

282 948 346 988 18.
379 947 564 989 Secunda
586 944 783 996 probatio,
812 954 860 984 eze
877 943 1049 983 bonitate
1065 940 1258 981 materia.

227 1010 402 1049 —Item
429 1020 476 1048 etc
511 1007 682 1047 bonitate
711 1005 818 1046 modi
854 1016 938 1044 eam
971 1002 1187 1043 exercendi.
1206 1021 1260 1030 —

223 1070 439 1111 Materiam
460 1070 599 1107 autem
619 1078 710 1107 esse
730 1067 772 1104 in
785 1078 830 1105 se
849 1065 1070 1116 optimam,
1094 1066 1134 1102 et
1150 1062 1258 1101 dicto

222 1131 294 1171 fini
315 1129 686 1177 accommodatam,
707 1139 782 1179 per
801 1139 846 1167 se
882 1130 1026 1165 notum
1048 1128 1131 1171 est;
1159 1123 1258 1174 quia

222 1192 452 1232 ministeria
483 1191 699 1231 Societatis
725 1193 823 1229 sunt
854 1200 929 1240 per
965 1199 1009 1226 se
1041 1189 1082 1226 et
1109 1189 1258 1224 natura

221 1265 296 1294 sua
328 1254 517 1293 ordinata
541 1253 593 1291 ad
613 1252 804 1298 salutem,
828 1254 869 1289 et
889 1247 1258 1288 sanctificationem

221 1317 472 1362 animarum,
491 1315 659 1361 scilieet,
684 1311 924 1364 praedicatio
955 1309 1073 1349 verbi
1102 1309 1191 1353 Dei,
1217 1311 1259 1346 et

221 1379 301 1418 alia
322 1390 413 1429 quae
431 1378 547 1416 illam
578 1377 854 1421 comitantur-3
877 1374 963 1412 haec
997 1375 1138 1411 autem
1171 1381 1257 1408 non

219 1440 327 1480 fiunt
346 1439 527 1490 legitime
550 1438 627 1476 nisi
649 1438 702 1477 ab
721 1437 785 1476 his
803 1436 873 1486 qui
893 1432 1257 1482 mittuntur‚juxta

218 1502 322 1542 illud
340 1502 514 1540 Roman.
546 1501 624 1538 10:
648 1499 842 1547 Quomodo
859 1495 1150 1563 proedicabunt,
1175 1493 1258 1532 nisi

218 1563 463 1603 mittantur?
482 1563 517 1600 A
539 1561 653 1600 nullo
674 1564 814 1599 autem
834 1557 980 1609 potiori
997 1557 1091 1606 jure
1109 1559 1150 1593 et
1167 1565 1257 1592 ma-

215 1624 297 1676 jori
318 1624 493 1675 Spiritus
520 1622 659 1663 Sancti
677 1621 903 1661 directione
938 1617 1043 1656 mitti
1065 1618 1254 1667 possunt,

219 1696 346 1736 quam
381 1696 406 1724 a
441 1685 612 1725 Summo
649 1684 816 1722 Pastore
846 1680 984 1720 ovium
1014 1677 1176 1723 Christi,
1204 1675 1259 1715 ad

219 1757 346 1797 quem
366 1758 418 1785 ex
429 1746 562 1785 officio
586 1748 744 1796 spectat
756 1742 894 1782 ovium
914 1740 1036 1779 saluti
1055 1736 1258 1789 spirituali

218 1807 451 1846 intendere.
463 1806 609 1845 Modus
621 1806 745 1844 etiam
761 1803 940 1854 optimus
950 1812 1031 1851 quo
1043 1799 1148 1838 mitti
1162 1810 1260 1848 pos-

220 1872 331 1916 sunt,
355 1872 417 1907 est
438 1880 487 1906 ex
509 1866 762 1915 obedientia,
783 1876 874 1915 quae
891 1865 953 1902 est
969 1862 1260 1900 holocaustum

218 1930 305 1968 Deo
346 1929 654 1978 gratissimum,
687 1931 728 1965 et
756 1925 936 1964 maxime
969 1921 1136 1972 quando
1162 1925 1259 1959 voto

221 1994 462 2030 consecrata
481 1994 569 2038 est;
593 2000 691 2039 ergo
712 2000 762 2026 ex
795 1985 909 2025 omni
928 1985 1061 2034 capite
1088 1986 1150 2021 est
1168 1982 1259 2021 haec

219 2052 393 2092 materia
409 2052 579 2102 optima,
603 2055 644 2090 et
664 2050 818 2100 optimo
839 2047 911 2086 fini
928 2043 1256 2084 accommodata.

274 2115 341 2153 19.
361 2113 529 2162 Objectio
549 2114 592 2151 de
604 2112 724 2161 liujus
735 2112 816 2150 voti
828 2108 1049 2148 inutilitate
1063 2105 1255 2145 diluitur.

219 2197 271 2205 -
290 2176 409 2213 Dices
431 2173 599 2212 aliunde
624 2172 757 2210 videri
784 2171 909 2209 talem
937 2166 1260 2218 promissionem

219 2236 425 2283 inutilem,
445 2235 541 2284 quia
576 2232 762 2272 Pontifex
781 2242 866 2269 non
898 2232 1034 2280 potest
1072 2226 1258 2278 singulos

219 2297 431 2348 professos
464 2294 682 2334 Societatis
708 2302 978 2344 cognoscere,
1000 2293 1047 2327 ut
1066 2299 1139 2326 eos
1165 2288 1261 2326 mit-

220 2363 299 2404 tat;
336 2369 414 2396 nec
452 2361 589 2407 potest
619 2356 682 2394 his
718 2353 987 2393 missionibus
1023 2349 1257 2398 intendere,

222 2420 313 2459 aliis
331 2417 583 2471 gravissimiS
604 2418 729 2456 rebus
748 2418 989 2465 occupatus.
1008 2410 1257 2461 Respondeo

221 2482 355 2532 primo
403 2479 700 2531 experientiam
745 2477 936 2516 docuisse
987 2472 1254 2516 contrarium,

222 2554 320 2581 nam
336 2541 573 2593 frequenter
592 2541 655 2579 hae
675 2539 897 2578 missiones
915 2537 1019 2575 fiunt
1041 2547 1065 2572 a
1085 2535 1257 2573 Summo

223 2603 432 2651 Pontifice‚
452 2603 517 2642 vel
534 2603 575 2640 in
598 2600 786 2653 generali
820 2597 1001 2651 petendo
1039 2606 1257 2646 personas,

224 2676 452 2716 earumque
467 2663 855 2703 determinationem
866 2657 1058 2701 Generali
1075 2655 1260 2695 commit·

224 2727 349 2767 tendo
363 2737 377 2777 ;
395 2726 460 2766 vel
483 2726 690 2765 interdum
711 2725 836 2764 etiam
864 2719 1135 2774 particulares
1166 2728 1261 2768 per-

225 2801 365 2836 sonas,
387 2792 427 2827 et
447 2787 671 2838 aliquando
691 2786 819 2825 etiam
838 2785 977 2835 ipsum
1007 2780 1259 2821 Generalem

225 2849 440 2897 mittendo,
463 2860 546 2887 non
576 2849 665 2887 sine
697 2857 850 2897 magno
869 2845 1020 2888 fructu,
1044 2851 1172 2909 quem
1194 2839 1261 2879 hic

226 2910 382 2951 referre
401 2920 572 2948 necesse
585 2919 670 2948 non
687 2907 791 2947 est1.
815 2904 989 2950 Deinde,
1009 2902 1105 2941 licet
1122 2901 1262 2951 singu-

227 2971 335 3012 lares
372 2982 561 3022 personae
593 2981 677 3008 non
713 2969 794 3007 sint
837 2965 1011 3016 cognitae
1057 2960 1259 3008 Pontifici,

228 3033 403 3072 multum
439 3031 567 3070 refert
603 3031 740 3081 ipsum
765 3029 868 3067 scire
890 3031 1018 3066 totam
1037 3023 1147 3062 hanc
1166 3021 1262 3060 reli-

229 3095 396 3147 gionem
417 3104 508 3132 esse
534 3092 630 3130 huic
643 3090 805 3130 muneri
820 3086 987 3140 speciali
1003 3089 1100 3124 voto
1119 3092 1265 3122 conse-

228 3158 400 3201 cratam,
423 3158 464 3193 et
483 3165 558 3192 suo
577 3152 697 3191 nutui
713 3150 978 3190 obedientem
997 3146 1085 3185 sore
1110 3145 1154 3183 in
1176 3153 1265 3182 om-

229 3217 365 3263 nibus,
401 3227 493 3266 quae
521 3214 575 3254 ad
612 3214 770 3253 bonum
806 3211 1040 3250 animarum
1073 3204 1261 3257 jusserit.

230 3278 331 3317 Cum
350 3278 461 3316 enim
479 3277 567 3328 ipse
599 3276 651 3315 sit
669 3272 1007 3324 generalissimus
1026 3268 1111 3307 dux
1138 3265 1264 3305 totius

233 3337 496 3380 ecelesiastici
533 3337 752 3384 exercitus,
776 3335 877 3374 utile
918 3332 977 3371 illi
1011 3340 1099 3369 esse
1130 3329 1267 3378 potest

235 3401 388 3442 habere
407 3399 461 3439 ad
495 3410 647 3439 manus
674 3397 895 3437 auxiliares
915 3391 1055 3443 copias
1073 3387 1266 3435 militum,

289 3528 304 3554 ί
328 3528 394 3569 Sic
419 3527 536 3567 missi
555 3527 652 3566 suut
669 3525 832 3576 Laynes
850 3522 892 3561 in
908 3520 1097 3566 Galliam,
1115 3514 1267 3566 Borgia

235 3590 281 3630 in
297 3589 548 3630 Lusitaniam
582 3598 658 3639 pro
686 3587 797 3626 bono
816 3583 1025 3630 Ecclesiae,
1049 3582 1093 3620 et
1121 3576 1191 3618 alii
1214 3586 1268 3619 ex

236 3651 383 3704 primis
403 3651 544 3693 Sancti
555 3648 704 3703 Ignatii
718 3647 855 3688 sociis.

592 263 669 301 Lm.
691 262 746 299 VI.
769 262 826 298 DE
843 259 1128 302 PROFESSIONE,
1149 260 1244 303 011AE
1263 260 1306 296 m
1326 257 1551 295 sommam
1569 257 1647 300 m,
1669 256 1724 294 ΕΤ
1743 257 1798 294 DE
1817 258 1883 302 ns.
1903 259 1994 298 HC.

1315 337 1418 377 quos
1434 324 1560 364 libere
1579 324 1708 376 possit
1727 323 1987 374 distribuere,
2004 331 2128 379 prout
2142 339 2210 371 ex
2231 350 2238 365 ι
2257 360 2261 364 ⁴
2286 312 2289 319 γ
2336 355 2338 363 ι

1313 387 1532 428 censuerit.
1578 386 1628 426 Et
1660 386 1714 426 ob
1739 385 1847 425 hanc
1869 398 2038 427 causam
2062 393 2179 441 pater
2197 376 2272 435 ns
2318 405 2319 408 =

1313 451 1359 490 Β.
1400 449 1596 500 ignatius,
1631 447 1674 488 in
1716 448 1888 500 septima
1926 453 2042 500 parte
2078 450 2215 492 Consti
2244 438 2317 500 ‚231-

1314 522 1430 559 num,
1451 522 1489 550 c.
1509 513 1548 558 1,
1578 509 1603 563 §
1636 509 1709 549 ult.
1715 539 1729 558 ,
1753 510 2054 561 sapientissime
2076 512 2264 563 providit2
2328 528 2329 533 ¹

1313 571 1441 611 finem
1459 571 1584 623 hujus
1605 571 1872 623 professionis
1904 571 2052 611 melius
2082 583 2222 613 conse·
2245 592 2262 608 ‚1
2283 578 2289 582 ·
2315 591 2317 593 ·

1314 633 1437 681 dum,
1470 637 1516 674 ut
1551 633 1803 685 Proepositus
1837 631 2057 681 Generalis,
2088 645 2176 674 cum
2248 659 2253 668 ι
2288 680 2297 684 ‚

1317 694 1476 735 Christi
1517 694 1703 738 Vicarius
1729 695 1772 735 in
1808 694 2038 747 Apostoliea
2074 693 2175 736 Sede
2208 697 2238 744 s
2264 724 2279 731 .

1309 757 1570 804 constitutus,
1606 768 1678 808 per
1705 769 1775 804 se,
1804 757 1865 798 vet
1879 767 1952 808 per
1981 757 2121 804 atium,
2139 749 2330 806 intr-ad»

1308 828 1405 857 num
1430 818 1478 858 ab
1507 819 1590 869 ejus
1623 817 1814 860 creatione
1848 824 1885 859 et
1918 819 2181 865 coronatione,
2211 821 2229 858 t

1314 881 1381 917 tur
1397 880 1482 930 ejus
1504 879 1730 921 Sanctitati
1755 880 1954 921 declarare
1987 880 2282 931 professionem·

1310 940 1610 990 promissionem
1629 954 1853 995 expressam
1872 942 2109 989 obedientiae,
2130 952 2246 993 quam

1314 1001 1497 1044 Societas
1507 1004 1706 1057 peculiari
1724 1007 1810 1043 voto
1839 1003 1947 1044 circa
1966 1004 2171 1043 missiones
2195 1003 2248 1043 ad

1312 1065 1484 1117 yloriam
1518 1077 1558 1105 se
1575 1065 1781 1105 astrinxit.
1802 1065 2003 1116 Denique,
2014 1065 2109 1103 licet
2123 1065 2234 1114 Papa
2253 1075 2282 1103 n

1312 1127 1442 1177 possit
1460 1138 1604 1166 omnes
1616 1126 1822 1178 professos
1839 1126 2051 1165 Societatis
2068 1136 2272 1176 cognosce
2297 1131 2307 1176 Α,

1311 1187 1473 1239 aliquos
1497 1193 1636 1227 autem
1657 1189 1900 1240 praecipuOS,
1924 1192 1964 1227 et
1983 1187 2134 1238 quibus
2156 1178 2334 1230 comm·-

1313 1249 1404 1288 dius
1425 1252 1470 1289 ut
1503 1250 1785 1289 instrumentis
1817 1249 1874 1288 uti
1903 1251 2052 1300 potest,
2068 1248 2187 1287 facile
2204 1242 2352 1305 potest}

1311 1323 1582 1362 cognoscere,
1603 1311 1670 1351 vel
1708 1323 1759 1350 ex
1791 1310 1916 1357 fama,
1939 1310 2004 1349 vel
2029 1322 2078 1349 ex
2098 1309 2216 1358 facie,
2241 1308 2352 1360 quin}

1310 1375 1486 1412 Romam
1507 1385 1615 1424 saepe
1644 1373 1866 1420 divertunt,
1888 1373 1953 1410 vel
1975 1371 2094 1410 multi
2114 1371 2238 1411 etiam
2266 1371 2352 1421 ‹it-i

1311 1438 1429 1486 gunt,
1450 1439 1489 1474 et
1506 1436 1559 1474 ab
1579 1436 1643 1473 his
1659 1439 1793 1485 potest
1813 1434 1865 1473 de
1887 1434 1991 1481 aliis,
2007 1437 2130 1484 prout
2147 1431 2352 1485 voluerim

1311 1498 1498 1538 notitiam
1518 1497 1791 1536 sufficientem
1810 1507 1997 1541 sumere3
2019 1495 2106 1533 haec
2125 1506 2223 1545 ergo
2243 1493 2352 1541 satist

1312 1570 1521 1611 superque
1543 1562 1652 1603 sunt,
1673 1562 1718 1596 ut
1740 1557 1817 1596 hoc
1837 1560 1976 1595 votum
1996 1568 2046 1596 ex
2067 1560 2241 1606 eaparte
2255 1551 2352 1601 noni

1311 1621 1470 1668 inutile,
1488 1620 1561 1659 sed
1572 1620 1715 1688 ’potius
1733 1619 1853 1659 valde
1873 1618 1972 1657 utile
1988 1621 2215 1667 reputetur.

1365 1684 1430 1723 20.
1451 1682 1522 1721 Eo>
1537 1681 1579 1720 ‘oi
1592 1681 1689 1721 dicti
1698 1681 1778 1720 voti
1800 1683 1953 1720 tenetur
1974 1677 2179 1721 Generalis
2204 1673 2352 1730 exsequi!

1309 1744 1612 1797 dispositionem
1631 1743 1757 1794 Papoe
1776 1741 1881 1781 circa
1897 1742 2113 1781 missiones.
2119 1739 2259 1778 -Non
2280 1741 2352 1779 ta-u·

1313 1817 1412 1844 men
1427 1805 1611 1844 omittam
1635 1803 1860 1849 advertere,
1879 1802 1973 1852 quia
1993 1802 2237 1851 Praepositus
2265 1800 2352 1840 Ge·-

1315 1867 1468 1905 neralis
1489 1869 1550 1904 est
1564 1864 1799 1915 principalis
1819 1864 2020 1910 minister,
2043 1874 2126 1913 quo
2147 1863 2352 1908 Summum

1314 1927 1502 1967 Pontifex
1529 1926 1763 1964 necessario
1791 1924 1998 1963 ordinarie
2034 1935 2184 1962 usurus
2207 1927 2268 1961 est
2285 1914 2352 1965 adl

1314 1989 1390 2027 has
1409 1987 1628 2026 missiones
1642 1985 1868 2034 faciendas,
1902 1985 2031 2025 teneri
2068 1985 2203 2035 ipsum
2234 1980 2352 2026 cxvi!

1314 2051 1377 2089 sui
1397 2050 1596 2094 muneris,
1619 2050 1660 2086 et
1675 2050 1731 2098 (ut
1746 2058 1822 2098 ego
1847 2046 2008 2097 opinor)
2023 2057 2072 2085 ex
2092 2046 2129 2084 vi
2153 2033 2352 2095 ejusdum

1313 2112 1398 2150 voti
1417 2111 1529 2161 quod
1563 2110 1649 2160 ipse
1669 2108 1820 2154 emisit,
1848 2107 2022 2146 fideliter
2051 2107 2198 2156 exequi
2220 2111 2259 2145 et
2279 2108 2352 2151 012}

1314 2173 1458 2211 dinare
1479 2170 1680 2222 quidquid
1709 2182 1782 2208 sua
1804 2169 2003 2208 Sanctitas
2019 2168 2062 2206 in
2092 2169 2168 2206 hoc
2187 2170 2352 2218 gener'm

1309 2234 1497 2285 jusserit,
1538 2237 1578 2270 et
1610 2234 1726 2282 juxta
1770 2231 2042 2270 intentionem
2075 2240 2207 2267 suam.
2256 2229 2352 2274 Hoc!

1314 2295 1439 2335 etiam
1477 2293 1732 2344 significatur
1751 2291 1792 2330 in
1812 2292 1986 2342 septima
2006 2294 2121 2341 parte
2141 2290 2352 2328 Constitu·-

1313 2356 1488 2403 tionum,
1525 2366 1559 2393 c.
1598 2357 1634 2399 1,
1656 2354 1745 2405 gli,
1767 2353 1857 2391 ibi.
1848 2365 1856 2372 ·
1884 2352 2096 2405 Superior,
2107 2352 2234 2403 juxta
2256 2351 2352 2402 eju

1314 2417 1372 2467 (id
1394 2421 1468 2463 est,
1493 2415 1716 2464 Pontificis)
1749 2417 2006 2466 proeceptum,
2028 2424 2103 2461 eos,
2124 2413 2194 2464 qui
2213 2411 2352 2463 Μαρία

1315 2478 1531 2524 convenire,
1561 2482 1597 2517 et
1617 2478 1789 2527 aptiores
1829 2476 1881 2515 ad
1913 2476 1956 2514 id
1986 2478 2068 2523 sore
2094 2474 2352 2521 victitantem

1314 2539 1552 2592 desiynabit.
1591 2537 1682 2589 Et§
1711 2538 1751 2584 6,
1783 2536 1837 2576 ibi
1862 2549 1870 2574 :
1905 2536 1980 2584 Qui
2013 2535 2197 2585 (scilicet,
2215 2535 2352 2585 Supe-o·

1313 2601 1414 2651 rior)
1427 2603 1610 2641 sanctam
1621 2600 1872 2639 intentionem
1891 2597 2106 2646 Pontificis
2123 2598 2167 2636 in
2187 2595 2352 2641 Caria.

1315 2663 1480 2705 Domini
1494 2663 1625 2702 nostri
1641 2662 1862 2713 obsequium
1879 2659 2155 2700 considerabit.

1368 2725 1434 2764 21.
1465 2723 1670 2764 Probatur
1688 2721 1885 2774 distinqui
1907 2718 2146 2760 Societatem
2168 2728 2194 2758 a
2210 2718 2352 2767 mom

1315 2783 1496 2827 abatibus
1522 2785 1641 2837 puris
1661 2793 1735 2833 per
1764 2782 1832 2821 boc
1874 2784 2021 2820 votum.
2046 2803 2098 2809 —
2119 2779 2311 2821 Secundo
2327 2799 2352 2828 τ,

1315 2844 1597 2898 principaliter
1624 2842 1796 2881 infertur
1827 2845 1868 2880 et
1896 2841 2097 2893 probatur
2123 2853 2173 2880 ex
2206 2840 2352 2893 dictio*

1316 2911 1457 2948 votum
1477 2908 1554 2946 hoc
1573 2904 1795 2957 specialem
1813 2904 2014 2944 inducere
2031 2903 2352 2955 obligationem

1316 2979 1442 3020 quam
1469 2967 1664 3019 generale
1701 2971 1844 3005 votum
1884 2964 2131 3004 obedientiae
2169 2959 2352 3008 aliar-un.

1316 3029 1566 3081 religionum
1589 3039 1674 3068 non
1709 3027 1898 3075 includit,
1920 3037 2013 3077 quae
2045 3030 2132 3065 erat
2162 3017 2352 3073 secundi*

1317 3103 1414 3144 pars
1429 3090 1667 3130 assertionis
1686 3089 1727 3128 in
1748 3099 1924 3127 numero
1957 3092 2117 3137 quarto.
2146 3087 2309 3127 Probas

1317 3154 1437 3194 facile
1458 3165 1509 3192 ex
1523 3152 1641 3192 dictis
1651 3151 1759 3190 facta
1778 3149 2042 3197 inductione;
2074 3149 2227 3189 etenim
2274 3151 2311 3180 »υἱ

1319 3217 1459 3267 giosus
1478 3212 1733 3254 monachalis
1750 3222 1835 3251 non
1855 3215 2020 3251 tenetur
2038 3221 2091 3250 ex
2110 3209 2150 3248 vi
2174 3209 2237 3248 sui
2262 3200 2324 3262 Q
2343 3251 2347 3253 ,

1322 3276 1583 3324 obedientiae,
1602 3286 1694 3315 esse
1711 3277 1881 3326 paratus
1917 3273 1978 3312 ire
2014 3272 2058 3311 in
2090 3270 2262 3320 Indiam,
2282 3271 2314 3320 ‘j
2333 3266 2347 3323 J

1322 3339 1375 3380 ad
1387 3341 1557 3386 Turcos,
1578 3337 1740 3388 quoties
1760 3337 1902 3387 jussus
1921 3347 1946 3374 a
1971 3333 2165 3375 Pontifice
2189 3326 2313 3382 fue&

1322 3413 1420 3443 nam
1443 3399 1582 3452 quoad
1602 3400 1680 3438 hoc
1698 3410 1783 3438 non
1802 3396 1933 3447 magis
1963 3399 2127 3436 tenetur
2162 3393 2218 3434 illi
2246 3386 2298 3433 θ’

1320 3462 1424 3511 dire,
1443 3471 1571 3513 quam
1585 3460 1780 3501 secularis
1800 3458 2017 3510 quispiam,
2032 3457 2129 3508 quia
2147 3453 2248 3495 illud
2308 3471 2326 3492 ,ι

1320 3525 1499 3577 pertinet
1514 3523 1565 3563 ad
1592 3522 1889 3574 professionem
1904 3530 2036 3558 suam.
2056 3518 2253 3568 Suppono
2351 3563 2352 3568 ¹

1320 3591 1406 3627 tem
1417 3596 1469 3625 ex
1486 3584 1689 3636 superiori
1701 3587 1814 3622 tomo
1827 3581 1880 3622 de
1897 3579 2003 3620 votis
2039 3577 2233 3628 religioso

1319 3651 1464 3687 votum
1483 3644 1727 3686 obedientiae
1739 3654 1823 3684 non
1841 3640 2026 3692 obligare
2037 3637 2222 3691 religios·
2239 3644 2242 3645 ’
2322 3651 2324 3663 =
