2352 3880
198 298 238 336 et
265 297 310 336 in
331 296 401 336 Ῑιοσ
425 305 624 335 armorum
645 294 925 347 spiritualium
957 306 1093 346 yenerc
1116 298 1225 338 trac-

198 357 316 396 tando
343 355 458 408 (quod
485 355 562 395 Dei
590 356 727 406 qratia
759 357 812 396 ad
845 355 977 407 ipsius
1004 356 1225 407 obsequium

197 418 396 465 tantopere
409 418 578 465 conferre
590 417 782 464 cernitur)
801 417 992 457 demerita
998 419 1071 457 tem
1087 417 1226 459 hahere

196 477 362 517 voa-sint.
387 477 431 515 Et
448 477 488 515 in
505 477 838 517 annotationibus
853 490 943 529 quae
962 478 1005 516 in
1021 478 1224 530 principio

196 538 489 577 Exercitiorum
513 539 734 586 habentur,
757 539 836 579 hoc
863 541 997 591 ipsum
1027 540 1225 591 supponi-

197 602 274 638 tur.
294 601 342 638 Et
358 600 398 638 iu
412 602 438 639 9
453 612 594 639 earum
613 613 804 652 expresse
820 601 983 650 dicitur,
999 602 1086 641 dari
1102 615 1222 653 posse

196 659 320 698 etiam
348 672 487 699 rerum
517 661 788 712 spiritualium
811 662 1048 713 inexpertis.
1078 664 1220 702 Praete-

194 733 264 760 rea
289 722 458 762 effectus
477 723 600 774 hujus
620 724 769 771 medii,
796 724 846 762 de
878 724 1028 774 quibus
1047 724 1129 763 late
1151 725 1226 763 Or-

194 782 401 832 landinus,
422 784 492 823 lib,
515 787 540 823 2
562 785 746 824 Historiae
766 785 994 827 Societatis,
1018 797 1133 822 num.
1154 786 1220 834 70,

194 847 234 883 et
253 843 321 883 lib.
347 847 382 892 7,
404 857 517 884 num.
538 847 604 891 21,
627 845 838 884 evidenter
853 845 1100 884 convincunt
1121 845 1222 885 illud

193 904 244 944 de
262 918 305 944 se
327 918 416 945 esse
437 906 654 956 optimum,
675 910 714 943 ct
728 905 986 955 aptissimum
999 918 1073 956 pro
1089 907 1222 957 cujus-

192 977 370 1017 cumque
394 971 522 1005 status
551 965 787 1004 hominibus
801 977 814 1015 ;
837 967 1091 1016 experientia
1111 968 1222 1006 enim

191 1032 373 1074 constat,
403 1027 553 1065 multos
576 1038 650 1077 per
679 1027 757 1064 hoc
784 1027 964 1066 medium
996 1029 1134 1067 seculo
1158 1040 1224 1067 re-

189 1089 425 1134 nunciasse,
442 1087 544 1126 alios
559 1087 600 1125 in
616 1099 689 1126 suo
705 1091 812 1126 statu
827 1100 963 1127 mores
979 1089 1218 1136 correxisse,

188 1149 250 1188 vel
271 1149 320 1187 de
339 1149 518 1200 peccatis
534 1149 818 1199 poenitentiam
833 1152 1019 1200 agentes,
1038 1152 1078 1188 et
1095 1149 1221 1188 vitam

187 1210 342 1249 bonam
375 1211 652 1257 instituentes,
690 1210 753 1248 vel
780 1211 822 1249 in
858 1210 968 1250 bono
997 1214 1106 1250 statu
1131 1211 1220 1262 jam

189 1272 396 1310 constituti
415 1272 458 1310 in
478 1271 626 1310 melius
648 1271 930 1323 proficientes.

242 1334 306 1372 13.
338 1332 497 1373 Accedit
516 1332 636 1374 ratio.
666 1354 721 1364 -
745 1334 863 1372 Ratio
884 1333 1007 1373 etiam
1027 1334 1106 1373 hoc
1124 1344 1221 1373 con-

187 1393 313 1433 vincit
331 1425 340 1440 ,
370 1394 467 1445 quia
489 1395 576 1433 haec
598 1395 792 1434 exercitia
813 1395 1057 1434 ordinantur
1080 1395 1221 1446 impri-

187 1455 265 1493 mis
283 1455 335 1493 ad
353 1455 654 1506 impetrandam
677 1457 850 1507 gratiam
866 1469 889 1494 a
907 1458 991 1496 Deo
1011 1457 1063 1495 ad
1079 1457 1219 1508 hujus

185 1516 298 1554 modi
318 1517 512 1562 effectus;
538 1516 687 1555 deinde
705 1517 758 1555 ad
775 1530 818 1557 se
839 1517 1155 1570 disponendum,
1178 1521 1219 1557 et

186 1577 428 1627 tollendum,
458 1578 596 1629 quoad
625 1578 713 1617 fieri
746 1581 888 1630 possit,
922 1580 1219 1631 impedimenta

187 1637 335 1678 divinae
370 1640 527 1690 gratiae,
562 1639 636 1679 sed
663 1640 798 1691 potius
830 1641 883 1680 ad
909 1641 1218 1692 cooperandum

187 1699 258 1739 illi.
287 1701 434 1740 Modus
452 1705 591 1740 autem
612 1701 750 1752 quoad
775 1702 886 1740 hunc
914 1701 1040 1741 finem
1068 1714 1219 1741 conve-

187 1762 465 1801 nientissimus
483 1767 569 1809 est;
591 1775 689 1801 nam
709 1763 909 1814 imprimis
929 1767 1123 1814 separant
1140 1763 1216 1803 ho-

187 1824 340 1862 minem
361 1825 413 1863 ab
430 1824 519 1863 aliis
539 1825 1218 1876 curisetsollicitudinibus,etpro-

186 1889 328 1936 pterea
349 1887 588 1935 consulunt,
621 1891 666 1925 ut
692 1900 766 1938 pro
791 1900 840 1926 eo
863 1892 1049 1939 tempore
1070 1887 1218 1938 aliquis

186 1946 300 1985 locus
321 1952 536 1997 separatus
557 1948 747 1995 eligatur,
775 1949 884 1996 quod
904 1949 957 1988 ad
976 1949 1217 1998 praedictum

185 2006 310 2046 finem
340 2008 517 2046 maxime
549 2006 829 2045 necessarium
857 2011 932 2052 est,
961 2011 1005 2046 ut
1030 2019 1080 2046 ex
1100 2020 1217 2048 sacra

186 2069 395 2119 Scriptura
416 2073 456 2108 et
480 2081 528 2108 ex
550 2069 738 2107 Patribus
759 2071 930 2108 constat.
970 2069 1127 2108 Deinde
1149 2070 1218 2109 do-

186 2133 300 2170 cetur
316 2131 440 2169 homo
456 2131 629 2169 interius
646 2130 890 2176 discurrere,
909 2133 949 2168 et
966 2131 1145 2181 cogitare
1166 2130 1217 2169 de

184 2192 309 2231 rebus
335 2192 388 2230 ad
416 2192 590 2230 salutem
612 2192 760 2230 animae
782 2191 959 2230 maxime
979 2192 1217 2241 pertinenti-

183 2252 278 2300 bus,
309 2257 354 2292 ut
381 2257 476 2292 sunt
509 2252 748 2301 novissima,
783 2264 960 2303 quorum
985 2252 1216 2292 recordatio

184 2318 269 2354 tam
296 2315 407 2353 utilis
433 2319 509 2362 est,
530 2318 575 2353 ut
603 2314 776 2365 Sapiens
802 2314 927 2353 vitam
953 2314 1218 2353 innocentem

184 2377 396 2428 promittat
415 2377 583 2415 habenti
603 2376 847 2414 memoriam
873 2375 1037 2414 illorum
1059 2376 1100 2413 in
1124 2387 1216 2414 om-

184 2437 306 2476 nibus
327 2438 521 2489 operibus
542 2437 641 2485 suis,
663 2437 815 2476 Eccles.
839 2439 881 2476 7.
907 2437 1008 2475 Item
1027 2436 1154 2475 verba
1176 2439 1216 2477 et

186 2499 374 2549 exempla
411 2499 555 2538 Christi
587 2498 774 2546 Domini,
804 2498 846 2535 in
877 2509 1054 2548 quorum
1082 2497 1217 2537 imita-

185 2560 297 2599 tione
318 2564 358 2599 et
378 2559 613 2598 obedientia
632 2559 743 2598 salus
762 2562 903 2597 nostra
920 2559 1118 2598 consistit.
1142 2560 1214 2599 De-

188 2623 310 2672 nique
339 2633 415 2672 per
448 2621 528 2659 hoc
562 2620 746 2658 medium
779 2622 1042 2670 comparatur
1070 2631 1152 2671 pax
1175 2623 1216 2660 et

185 2683 302 2734 quies
319 2682 470 2730 animi,
494 2686 533 2721 et
551 2681 693 2721 lumen
715 2682 922 2720 internum
936 2714 946 2730 ,
976 2684 1017 2721 et
1035 2682 1215 2733 cognitio

184 2744 238 2782 ad
255 2744 407 2782 bonam
424 2743 768 2795 gubernationem
781 2743 873 2782 vitae
891 2743 934 2782 in
951 2753 1215 2795 quocumque

184 2808 307 2844 statu.

239 2868 304 2904 14.
336 2864 458 2907 Nihil
488 2865 640 2906 obstare
669 2865 817 2916 oby‘ecta
835 2866 882 2905 in
906 2876 948 2905 n.
975 2866 1027 2905 {o
1059 2865 1216 2906 convin-

185 2925 291 2968 citur
313 2925 541 2978 tripliciter.
566 2947 619 2956 —
643 2926 864 2974 Praeterea,
887 2926 999 2976 quod
1018 2926 1215 2977 incipien-

183 2987 294 3027 tibus
315 2986 466 3025 dentur
483 3016 494 3034 ,
524 2999 609 3026 non
630 2990 692 3026 est
711 2990 853 3026 contra
880 2987 1068 3026 ordinem
1089 2998 1213 3038 quem

186 3048 325 3090 Sancti
344 3048 560 3097 requirunt
584 3048 691 3087 inter
716 3048 842 3086 vitam
868 3049 1041 3087 activam
1062 3052 1102 3087 et
1118 3060 1215 3087 con·

184 3109 480 3161 templativam.
511 3109 645 3147 Primo
673 3109 855 3159 quidem,
885 3109 996 3159 quia,
1023 3111 1069 3148 ut
1086 3110 1130 3148 in
1149 3121 1214 3148 su·

183 3171 430 3222 perioribus,
462 3168 533 3207 lib.
557 3171 595 3217 1,
629 3180 665 3208 c.
686 3172 725 3216 6,
757 3169 886 3220 attigi,
908 3170 1095 3220 quamvis
1114 3170 1213 3219 vita,

186 3231 228 3272 in
247 3244 329 3283 qua
346 3230 506 3271 Martha
525 3230 782 3281 potissimum
801 3235 1028 3277 exercetur,
1052 3234 1214 3270 antece-

185 3292 284 3333 dere
313 3293 463 3332 debeat
493 3303 641 3343 puram
661 3292 1078 3342 contemplationem,
1110 3304 1214 3330 nun-

186 3365 313 3406 quam
338 3356 481 3393 tamen
509 3353 632 3392 debet
661 3364 801 3392 carere
827 3352 965 3404 aliqua
998 3353 1213 3404 participa-

143 3454 146 3463 ,
185 3417 298 3457 tione
313 3415 405 3455 vitae
425 3414 768 3465 contemplativae;
788 3413 884 3465 quia
900 3414 1005 3452 actio
1021 3414 1108 3453 sine
1123 3426 1212 3453 ora-

185 3478 296 3518 tioue
309 3508 322 3527 ,
351 3476 421 3518 vel
436 3488 523 3516 non
542 3478 654 3515 recte
666 3506 679 3526 ,
713 3475 781 3515 vel
800 3487 884 3514 non
902 3479 1213 3526 perseveranter

184 3537 270 3579 fiet.
305 3539 421 3589 lmo,
454 3538 489 3578 si
518 3542 659 3578 exacte
695 3541 987 3589 comparentur
1019 3537 1085 3577 hoe
1120 3537 1211 3577 vitae

186 3600 325 3653 quoad
355 3609 432 3642 sua
462 3600 594 3652 initia,
626 3598 784 3654 primus
817 3609 985 3651 gressus
1011 3598 1104 3639 vitae
1140 3597 1213 3638 hc-

535 230 611 265 Lm.
634 230 691 265 IX
714 230 767 264 DE
786 230 936 273 muns,
958 229 1036 265 Sim
1055 230 1311 274 umlsTmms,
1334 230 1479 272 QUIBUS
1500 231 1557 264 An
1575 227 1987 278 nummummn.
2035 206 2037 213 ¹

1257 3539 1367 3580 laici
1381 3540 1436 3579 ad
1447 3540 1662 3580 orationem
1673 3539 1906 3580 exhortandi
1914 3534 2210 3584 siuraespo
2177 3550 2183 3567 ι

2175 256 2188 270 t

1276 300 1403 336 nestae
1435 294 1560 334 debet
1590 306 1683 335 esse
1712 295 1806 336 vitae
1831 294 2175 355 contemplatura,
2192 276 2280 343 ·.-⁰·

1276 355 1436 395 initium
1457 355 1599 394 salutis
1618 368 1642 394 ·ι
1662 362 1804 396 sancta
1825 355 2090 413 cogitatione
2085 353 2233 402 sumiti

1277 420 1319 456 ut
1345 427 1453 466 saepe
1480 416 1736 467 Augustinus
1760 416 1894 464 docet,
1922 417 2085 469 lateque
2109 419 2218 460 disse

1277 489 1383 524 mus,
1403 477 1472 516 lib.
1497 479 1517 516 1
1537 477 1589 516 de
1606 477 1774 526 Gratia;
1797 479 1988 530 cogitatio
2008 483 2145 521 autom
2157 483 2279 521 sanc

1277 537 1505 577 secundum
1540 550 1585 578 se
1614 539 1666 578 ad
1695 539 2086 591 contemplationem
2107 534 2286 592 pertin

1277 599 1338 638 Ad
1356 599 1464 638 banc
1492 604 1631 639 autem
1651 601 1944 652 cogitationem
1973 604 2015 641 et
2043 600 2267 650 recogita
2255 598 2292 632 ““’
2345 650 2348 655 ¹

1278 672 1373 699 nem
1391 661 1435 698 in
1449 659 1615 701 homine
1631 662 1890 702 excitandam
1903 666 1945 702 et
1957 660 2262 702 nutriendam

1278 721 1475 761 dinantur
1494 723 1582 762 haec
1606 723 1821 771 exercitia3
1840 735 1938 776 ergo
1956 734 2040 762 non
2055 733 2203 774 perver
2220 721 2250 731 ’

1277 783 1393 832 ordo,
1415 795 1465 822 eo
1485 783 1632 834 quod
1621 797 1665 823 m
1691 784 1808 824 initio
1833 784 2115 824 conversionis
2135 769 2282 822 dent}=
2342 800 2346 823 ,ς

1276 845 1341 883 vel
1366 844 1489 883 etiam
1523 845 1577 884 ad
1605 845 1739 896 ipsam
1766 846 2096 891 conversionem,
2121 843 2286 885 etiam

1276 906 1437 956 magnis
1454 906 1651 957 peccatiS,
1675 907 1957 946 obtinendam.
1977 905 2182 954 Secundo,
2211 922 2219 939 ι
2241 923 2247 939 ι
2286 914 2294 948 j

1274 965 1451 1017 ipsamet
1481 968 1690 1016 exercitia,
1724 979 1819 1019 quae
1837 968 1881 1007 in
1911 966 2112 1019 principio
2133 965 2286 1023 dantia

1274 1027 1491 1067 involvunt
1527 1039 1619 1067 eam
1645 1032 1807 1079 partem
1841 1028 1936 1068 vitae
1970 1028 2114 1068 activae
2138 1037 2230 1078 quoe
2256 1024 2282 1062 ἰ
2350 1074 2352 1077 ¹

1274 1089 1475 1140 principio
1503 1088 1696 1128 studiosae
1728 1090 1820 1129 vita}
1850 1088 2032 1130 maxime
2065 1098 2238 1127 necessa
2343 1083 2352 1087 ”

1275 1152 1351 1197 est,
1375 1150 1550 1197 scilicet,
1581 1151 1867 1202 poenitentiam
1883 1151 2089 1190 internam
2106 1153 2148 1188 et
2167 1151 2274 1188 ext

1274 1223 1373 1251 nam
1391 1213 1614 1264 superioris
1633 1214 1740 1262 vitae,
1762 1218 1803 1253 et
1824 1214 2062 1265 passionum
2081 1210 2232 1250 mortifi
2341 1217 2350 1251 'a

1273 1273 1444 1322 tionem,
1468 1279 1509 1314 et
1527 1275 1606 1314 alia
1621 1287 1711 1326 quae
1731 1274 1784 1314 ad
1808 1275 1983 1325 primam
1996 1271 2298 1313 hebdomada

1275 1335 1498 1388 pertinent,
1523 1340 1569 1375 ut
1598 1336 1639 1375 in
1674 1336 1957 1388 superioribus
1986 1335 2180 1382 vidimus,
2196 1345 2234 1374 c.
2264 1340 2271 1367 ἑ
2339 1341 2344 1387 f

1275 1408 1300 1435 a
1322 1408 1365 1436 n.
1381 1399 1422 1446 5,
1446 1401 1486 1436 et
1503 1397 1614 1436 idem
1633 1401 1939 1448 consequenter
1959 1400 2147 1436 servatur
2161 1395 2203 1434 in
2223 1406 2272 1435 c
2336 1392 2342 1399 ⁴

1273 1458 1371 1497 teris
1394 1458 1610 1497 exercitiis.
1642 1459 1761 1508 Nam,
1790 1463 1836 1497 ut
1855 1458 2144 1498 adnotavimus
2162 1468 2203 1495 n.
2230 1457 2296 1500 ss

1273 1519 1366 1559 licet
1397 1519 1602 1570 aliquibus
1636 1519 1890 1571 temporibus
1923 1519 2120 1558 intentius
2151 1521 2192 1556 et
2219 1516 2276 1556 fr·-

1273 1581 1467 1632 quentius
1489 1579 1606 1626 fiant,
1627 1592 1713 1619 non
1735 1580 1828 1619 ideo
1847 1583 1972 1619 estut
1989 1583 2075 1619 tota
2102 1577 2294 1630 perfecti·
2331 1626 2336 1641 Ι

1273 1641 1447 1692 alicujus
1473 1640 1626 1692 gradus
1647 1640 2006 1692 contemplationis
2032 1639 2099 1680 vel
2127 1638 2237 1679 medi
2266 1655 2270 1672 ι
2327 1647 2335 1708 3'

1273 1704 1397 1743 tionis
1417 1704 1459 1742 in
1481 1702 1560 1742 illis
1578 1703 1724 1742 diebus
1751 1704 2002 1754 acquiratur,
2035 1701 2108 1741 sed
2127 1704 2173 1740 ut
2204 1700 2263 1739 in·
2284 1728 2291 1758 7
2326 1719 2334 1740 ¹.

1271 1764 1433 1805 initium
1455 1770 1657 1813 sumatur,
1679 1776 1774 1803 cum
1793 1765 1941 1816 maj0ri
1962 1765 2098 1815 aliqua
2129 1763 2261 1803 instru
2308 1788 2317 1806 ι,

1272 1828 1384 1867 tione
1411 1831 1451 1866 et
1471 1826 1792 1874 consuetudine,
1814 1838 1905 1878 quae
1924 1831 2070 1878 postea
2100 1837 2194 1865 cum
2212 1835 2271 1864 m·
2294 1868 2296 1875 ,
2315 1826 2318 1830 ’

1274 1888 1486 1928 deratione
1525 1888 1647 1927 statui
1687 1888 1999 1927 accommodata
2046 1898 2265 1938 persevere

1271 1950 1420 1996 Tertio,
1446 1948 1543 1999 quia
1563 1948 1650 1988 haec
1671 1949 1864 1988 exercitia
1895 1961 1981 1989 non
2018 1948 2234 1998 aequaliter
2267 1898 2330 2050 ἶ

2311 2054 2324 2073 ⁴

2336 1427 2342 1450 θ

2335 1511 2339 1531 l

2331 1545 2338 1606 ὲ

1271 2009 1557 2049 indifferenter
1579 2010 1771 2049 omnibus
1790 2011 1955 2059 dantur,
1977 2014 2023 2049 ut
2035 2014 2182 2048 nostrae
2198 2008 2269 2048 Co

1273 2070 1504 2109 stitutiones
1529 2069 1768 2111 admonent.
1791 2072 1965 2121 septima
1990 2075 2122 2120 parte,
2144 2081 2234 2120 cap.
2264 2095 2282 2108 -,
2310 2079 2323 2133 ,ἲ

1272 2129 1296 2183 ξ
1317 2133 1357 2177 8,
1377 2141 1472 2168 cum
1491 2129 1766 2169 declaratione
1780 2130 1823 2168 in
1839 2131 1898 2169 ht.
1914 2130 1957 2178 F,
1970 2130 2040 2169 ubi
2059 2130 2208 2170 dicitur
2222 2141 2269 2181 sp
2279 2135 2286 2168 i
2315 2140 2321 2177 ξ

1270 2191 1434 2231 ritualia
1452 2190 1645 2229 exercitia
1665 2191 1810 2241 paucis
1829 2203 1922 2230 esse
1939 2192 2062 2243 plene
2081 2191 2282 2230 tradend·
2314 2206 2318 2232 ;

1272 2264 1297 2293 a
1316 2252 1466 2303 quibus
1484 2263 1568 2290 non
1588 2251 1769 2303 vulgaris
1787 2252 1944 2292 fructus
1959 2252 2013 2292 ad
2031 2253 2104 2291 Dei
2125 2252 2271 2303 gloria
2307 2241 2318 2270 ‘³³

1271 2313 1430 2365 sperari
1450 2316 1613 2364 possen
1638 2313 1830 2353 exercitia
1858 2318 1997 2353 autem
2023 2314 2167 2365 primae
2199 2309 2315 2363 herm!

1272 2375 1473 2421 domadae,
1500 2386 1593 2414 cum
1619 2375 1744 2415 modo
1779 2375 2062 2415 examinandae
2090 2375 2275 2427 conscieq
2304 2381 2312 2407 Γ

1270 2437 1350 2484 tiae,
1371 2435 1559 2488 pluribus
1578 2437 1877 2476 communicari
1908 2448 2047 2488 posse,
2078 2435 2271 2488 simplici,
2303 2427 2310 2467 ἶ

1270 2510 1358 2539 rem
1371 2503 1511 2536 autem
1525 2497 1669 2536 orandi
1686 2497 1858 2537 modum
1873 2498 1998 2537 etiam
2012 2497 2054 2537 in
2072 2497 2172 2548 ipsis
2182 2509 2232 2537 ex
2242 2515 2252 2531 a
2267 2549 2271 2553 .
2301 2493 2309 2546 ³,-

1270 2559 1373 2600 citiis
1393 2558 1596 2609 triplicem
1621 2559 1825 2610 assignari
1843 2571 1917 2610 pro
1938 2558 2189 2608 rudioribus,
2218 2574 2226 2593 ι
2248 2574 2264 2591 ··
2290 2567 2306 2606 ξ

1269 2620 1347 2660 bus
1363 2620 1474 2659 bona
1489 2620 1680 2659 voluntas
1697 2625 1738 2659 et
1754 2620 1860 2660 fides
1879 2620 2043 2669 sufficit,
2055 2625 2101 2660 ut
2109 2621 2163 2660 ad
2181 2620 2261 2660 ill

1268 2681 1409 2722 idonei
1438 2682 1532 2721 sint.
1557 2681 1692 2733 Atque
1727 2682 1784 2721 ita
1820 2682 1914 2722 licet
1944 2681 2137 2722 exercitia
2156 2680 2257 2721 des
2296 2677 2303 2721 i

1269 2743 1383 2783 viant
1408 2742 1615 2788 omnibus,
1637 2753 1721 2781 non
1747 2753 1891 2782 omnes
1908 2741 2015 2782 fiunt
2043 2746 2226 2782 contem

1269 2804 1360 2851 tivi,
1393 2814 1531 2853 neque
1563 2802 1617 2842 ad
1648 2802 1858 2854 fastigium
1892 2803 2088 2843 orationis
2109 2803 2239 2843 elev==
2293 2828 2299 2850 J

1270 2864 1555 2905 existimantur
1563 2872 1578 2913 ;
1606 2863 1705 2914 quia
1723 2874 1809 2903 non
1829 2863 1968 2903 omnia
1996 2875 2072 2915 pro
2104 2862 2245 2903 omn'
2252 2850 2297 2916 3

1267 2924 1452 2965 instituta
1477 2927 1594 2972 sunt,
1617 2924 1692 2964 sed
1722 2936 1818 2965 cum
1836 2924 1975 2964 debita
1995 2924 2215 2977 partitione
2249 2923 2259 2975 J
2287 2920 2294 2974 Ξ

1267 2985 1571 3034 distributione,
1593 2988 1640 3025 ut
1667 2984 1712 3024 in
1743 2986 1846 3038 ipsis
1867 2986 1992 3025 etiam
2012 2983 2231 3034 exercitiis,
2284 2973 2295 3035 ’ἶ

1269 3047 1488 3101 principio,
1508 3050 1695 3087 annotat.
1716 3048 1783 3095 18,
1804 3047 2057 3087 sufficienter
2072 3046 2176 3087 doce
2205 3047 2249 3079 υἷ’

1323 3110 1388 3149 15.
1419 3108 1631 3149 Eoeercitia
1653 3108 1856 3162 reliqiosz‘s
1873 3108 2009 3158 utilia,
2031 3111 2070 3149 et
2092 3117 2218 3161 quom

1269 3169 1454 3210 ——Unde
1487 3169 1727 3220 intelligitur
1756 3171 1844 3210 haec
1877 3169 2071 3210 exercitia
2099 3179 2178 3210 nec
2279 3159 2287 3207 J

1266 3231 1483 3283 religiosis,
1499 3243 1578 3270 nec
1597 3231 1840 3280 sol1s1a1c1s,
1860 3231 1935 3271 sed
1958 3231 2142 3282 utrisque
2181 3238 2227 3272 ·=÷.''
2277 3253 2285 3277 „1

1268 3306 1358 3332 esse
1377 3293 1505 3332 utilia.
1530 3293 1582 3332 De
1596 3293 1798 3345 religiosis
1813 3296 1988 3342 constat,
2001 3292 2097 3343 quia
2113 3303 2157 3331 o·
2149 3306 2168 3324 ·¹
2216 3303 2231 3311 ’·
2228 3289 2284 3345 J

1266 3354 1494 3394 meditandi
1528 3354 1687 3394 ratione
1723 3358 1853 3394 status
1888 3354 1948 3394 eis
1981 3351 2216 3399 convenit,
2226 3375 2228 3380 ·
2276 3350 2282 3358 ’

1267 3416 1382 3456 laicis
1398 3427 1496 3456 vero
1514 3415 1613 3455 facit
1629 3415 1892 3468 interrogatio
1906 3413 2043 3455 Basilii
2054 3411 2196 3460 312,“

1269 3478 1375 3531 gulis
1412 3477 1703 3518 brevioribus:
1738 3477 1953 3531 Numquid
1978 3475 2197 3519 visitantes

1270 3598 1326 3644 Si
1344 3602 1440 3642 suut
1457 3600 1579 3642 amici
1589 3599 1682 3650 Dei,
1698 3599 1809 3642 haud
1819 3597 1894 3640 abt
1911 3596 2149 3646 nmmum
