2352 3880
47 3758 68 3771 ⁴:

85 3132 112 3230 l

599 243 698 281 mr:
712 244 767 280 m.
793 243 848 279 ΑΝ
868 240 960 280 nAEc
973 213 1343 280 'scnomriconuu
1362 243 1631 288 APPROBA'rlo,
1653 244 1745 281 erc.

109 311 349 353 auctoritate
386 309 584 351 Bonifacii
604 311 650 350 in
672 320 711 351 c.
747 309 893 360 unico,
920 309 975 351 de
1007 309 1112 349 Voto
1124 337 1138 357 ,

105 373 151 414 in
169 375 210 414 6.

158 435 199 476 6.
222 435 362 477 Tertia
382 433 677 488 interpretatio.
690 434 1030 488 -Eoepuynatur
1047 433 1139 486 pn·-

105 507 248 537 mo.-
262 496 600 539 Secunda—His
617 507 716 536 vero
745 508 831 535 non
860 495 1134 544 obstantibus,

107 559 250 610 aliqui,
277 570 382 610 quos
415 558 542 598 etiam
569 557 696 598 refert
716 558 874 609 Enriq.‚
902 561 948 598 ut
974 558 1018 597 in
1040 557 1070 597 1.
1093 558 1137 606 6,

107 620 223 660 initio
237 631 272 658 c.
290 620 330 667 3,
345 619 579 668 citabimus,
596 619 922 672 tergiversantur
937 619 1135 668 dicentes,

107 680 350 733 religionem
367 681 581 721 Societatis
607 693 692 720 non
712 693 803 721 esse
819 693 959 722 veram
977 681 1138 732 religio·

106 753 204 782 nem
222 753 271 781 ac
289 742 513 793 propriam,
531 743 610 782 nisi
625 747 830 794 quatenus
849 744 894 783 in
912 755 962 784 ea
977 743 1024 783 fit
1039 754 1139 782 vera

106 802 306 856 professio
326 815 400 854 per
418 807 512 843 vota
532 804 749 852 solemnia,
777 810 819 845 et
836 808 1140 856 consequenter

107 864 401 905 admissionem
417 864 526 905 hanc
545 867 795 907 scholarium
815 867 1140 920 approbatorum

107 938 184 980 per
198 938 242 966 se
259 938 343 965 non
363 926 552 967 sufficere
570 929 623 968 ad
642 929 975 969 constituendum
990 931 1142 969 statum

108 988 348 1039 religiosum
360 999 504 1028 verum
514 1001 563 1029 ac
576 991 790 1042 proprium
802 1004 812 1038 ς
830 991 1032 1042 quamvis,
1048 1001 1143 1041 pro-

108 1053 155 1089 ut
173 1049 216 1088 in
230 1048 431 1089 Societate
447 1049 508 1098 fit,
528 1051 702 1090 sufficiat
718 1051 771 1090 ad
785 1051 1140 1090 denominandum

108 1110 322 1150 hominem
341 1121 439 1150 vere
453 1123 501 1150 ac
519 1112 684 1163 proprie
704 1112 961 1162 religiosum,
981 1113 1079 1163 quia
1096 1113 1143 1153 fit

109 1172 150 1211 in
172 1171 316 1211 ordine
331 1171 384 1209 ad
401 1173 773 1212 consummandum
788 1174 914 1213 talem
932 1177 1085 1215 statum
1098 1174 1142 1214 in

111 1233 180 1273 tali
197 1232 422 1283 religione;
445 1236 486 1271 et
512 1233 608 1284 quia
631 1234 769 1285 aliquo
796 1234 921 1274 modo
939 1235 1028 1275 unit
1046 1247 1143 1286 per·

111 1303 256 1334 sonam
275 1293 481 1341 societati,
510 1305 602 1345 quae
625 1295 813 1335 absolute
840 1300 882 1336 et
905 1296 1145 1348 simpliciter

110 1366 207 1396 vera
222 1355 364 1407 religio
386 1359 463 1404 est,
484 1356 643 1396 ratione
664 1357 817 1408 gradus
827 1357 1141 1409 :professorum,

110 1417 180 1468 qui
197 1416 231 1455 si
254 1417 299 1456 in
325 1428 374 1456 ea
393 1417 572 1466 deesset,
590 1419 704 1458 nulla
730 1419 812 1459 alia
831 1420 922 1471 ejus
937 1424 1049 1469 vota,
1077 1421 1144 1462 vel

108 1477 289 1529 receptio
309 1477 440 1529 (juxta
467 1479 618 1518 horum
644 1481 907 1530 sententiam)
936 1482 1145 1523 sufficeret

110 1540 164 1580 ad
184 1550 326 1580 verum
345 1543 498 1580 statum
523 1541 764 1592 religiosum
789 1543 1139 1583 constituendum.

111 1602 402 1641 Verumtamen
423 1614 508 1641 non
528 1603 665 1642 minus
684 1603 806 1644 facile
825 1604 987 1644 ostendi
1008 1608 1145 1655 potest

110 1664 219 1702 hanc
238 1663 362 1702 etiam
378 1662 521 1714 fugam
545 1676 637 1704 esse
655 1666 904 1705 contrariam
923 1666 1144 1705 intentioni

114 1729 156 1764 et
181 1724 317 1764 verbis
343 1724 562 1765 Pontificis.
582 1726 734 1773 Primo,
761 1737 813 1765 ex
831 1726 871 1765 vi
900 1727 1145 1767 earumdem

113 1786 408 1838 particularum
426 1798 513 1827 vere
537 1798 585 1829 ac
601 1787 775 1839 proprie,
804 1799 898 1839 quae
929 1792 1039 1828 stare
1060 1801 1147 1828 non

113 1851 299 1900 possunt,
323 1848 358 1886 si
376 1848 528 1887 veritas
555 1859 604 1886 ac
627 1848 858 1899 proprietas
887 1853 1019 1888 status
1050 1849 1147 1888 reli-

112 1909 216 1960 giosi
232 1909 274 1947 in
290 1912 375 1948 toto
390 1919 562 1959 corpore
581 1909 947 1965 Societatissolum
962 1914 1071 1949 esset
1083 1922 1148 1949 ra·

113 1971 226 2010 tione
251 1970 404 2022 gradus
438 1970 739 2022 professorum
774 1971 835 2011 sic
852 1971 963 2011 enim
995 1971 1148 2022 reliqui

113 2044 199 2072 non
225 2032 426 2072 haberent
444 2032 489 2071 in
509 2044 554 2072 se
580 2037 623 2072 et
648 2033 872 2072 intrinsece
897 2033 1148 2072 substantia-

114 2094 195 2133 lem
214 2093 389 2133 formam
409 2093 469 2144 (ut
497 2094 555 2134 sic
573 2094 725 2145 dicam)
741 2095 1061 2136 constituentem
1075 2106 1149 2133 ve-

114 2166 207 2195 rum
226 2167 275 2195 ac
290 2155 503 2207 proprium
518 2155 793 2207 ³religiosum3
817 2168 916 2207 ergo
937 2156 1071 2195 solum
1090 2154 1150 2194 di-

116 2221 306 2256 cerentur
320 2216 500 2266 religiosi
513 2228 587 2267 per
598 2217 982 2256 denominationem
995 2216 1150 2256 extrin-

118 2289 270 2326 secam,
291 2279 331 2317 et
340 2278 592 2328 analogiam,
604 2282 811 2329 quatenus
827 2278 1035 2329 conjuncti
1052 2282 1151 2318 sunt

119 2350 213 2378 cum
231 2339 338 2378 veris
357 2339 574 2390 religiosis,
597 2344 638 2379 et
662 2351 735 2379 eos
751 2340 980 2388 imitantur,
999 2339 1067 2380 vel
1094 2339 1149 2379 ad

121 2411 262 2440 eorum
287 2403 437 2438 statum
458 2399 633 2439 tendunt
647 2415 659 2449 ;
679 2401 793 2452 quod
819 2400 918 2440 satis
943 2412 1034 2441 esse
1063 2411 1150 2440 non

119 2465 254 2513 potest
269 2464 315 2499 ut
341 2460 531 2499 dicantur
559 2472 656 2500 vere
680 2473 729 2501 ac
753 2462 921 2513 proprie
949 2461 1146 2513 religiosi.

125 2522 241 2569 Quod
258 2521 438 2560 secundo
467 2522 648 2561 maxime
667 2522 883 2562 confirmat
897 2523 1151 2573 comparatio

118 2583 210 2622 illa:
231 2581 327 2624 Non
338 2594 447 2622 secus
466 2586 580 2634 atque
599 2584 710 2636 ipsos
721 2585 943 2633 professos,
956 2586 1033 2624 etc.
1049 2585 1152 2623 Nam

117 2656 194 2696 per
225 2643 338 2682 illam
363 2646 540 2694 uterque
570 2644 726 2696 gradus
760 2655 835 2696 per
867 2655 916 2684 se
946 2648 1152 2696 spectatus

118 2716 212 2744 cum
238 2704 317 2743 alio
338 2703 561 2752 confertur,
593 2709 634 2744 et
652 2716 771 2755 aeque
794 2716 893 2746 vere
913 2717 961 2745 ac
986 2706 1153 2757 proprie

117 2764 265 2804 dicitur
283 2776 372 2804 esse
386 2765 500 2812 talis;
523 2777 623 2818 ergo
639 2766 792 2818 gradus
804 2766 1055 2806 scholarium
1068 2778 1154 2806 non

118 2826 266 2866 dicitur
283 2827 502 2879 religiosus
512 2839 610 2867 vere
622 2839 670 2868 ac
681 2828 859 2880 proprie,
874 2832 1042 2880 propter
1057 2840 1154 2868 con-

117 2887 386 2939 iunctionem,
409 2892 450 2928 et
465 2888 721 2929 tendentiam
734 2889 789 2929 ad
807 2890 984 2941 gradum
996 2889 1153 2942 profes-

119 2959 278 2996 sorum;
297 2948 373 2989 sed
391 2960 466 3000 per
479 2961 524 2990 se
542 2952 712 3002 propter
727 2951 927 2991 unionem
940 2962 1067 3002 quam
1081 2950 1154 2990 ha-

118 3008 190 3048 bet
210 3020 285 3060 per
301 3013 397 3050 vota
417 3010 476 3050 sic
503 3010 547 3050 in
567 3011 769 3063 religione
789 3011 987 3052 admissa.
1009 3012 1068 3051 Eo
1086 3011 1154 3051 vel

119 3070 310 3118 maxime,
335 3071 448 3123 quod
464 3071 729 3124 coadjutores
745 3072 912 3114 formati
940 3073 1153 3114 Societatis

120 3142 206 3170 non
235 3131 342 3172 ultra
369 3133 545 3174 tendunt
572 3133 627 3174 ad
652 3134 831 3187 gradum
851 3134 1151 3186 professorum,

122 3190 199 3230 sed
221 3191 278 3232 ibi
308 3193 472 3245 sistunt,
506 3198 710 3247 tanquam
741 3196 786 3236 in
808 3195 954 3236 ultimo
974 3196 1153 3236 termino

125 3261 202 3289 8¹¹⁰
218 3261 230 3298 ζ
247 3262 345 3304 ergo
358 3266 444 3294 non
459 3261 634 3307 possunt
649 3257 729 3298 dici
741 3257 941 3310 religiosi,
960 3269 1056 3298 cum
1069 3268 1156 3297 non

125 3310 299 3352 tendant
309 3313 364 3352 ad
375 3316 548 3365 gradum
564 3318 862 3370 professorum.
875 3320 1019 3371 Neque
1030 3319 1157 3358 etiam

124 3371 262 3412 solum
280 3373 377 3424 quia
395 3374 440 3413 in
458 3377 604 3419 eadem
622 3381 944 3433 congregatione
962 3393 1058 3421 cum
1076 3380 1158 3420 illis

126 3436 372 3485 versantur3
391 3434 471 3474 hoc
489 3438 600 3479 enim
616 3441 714 3481 satis
734 3454 825 3482 esse
846 3453 932 3481 non
949 3445 1086 3495 potest
1103 3440 1158 3481 ad

126 3506 274 3535 verum
306 3496 551 3548 religiosum
590 3503 922 3543 constituendum
936 3533 947 3551 ‚
978 3503 1060 3543 nisi
1090 3503 1160 3543 ina

126 3557 241 3605 unio,
256 3569 337 3610 qua
357 3571 454 3598 cum
469 3559 549 3599 illis
568 3562 776 3611 conjuncti
788 3570 898 3615 sunt,
913 3577 986 3606 eos
1001 3565 1046 3604 in
1060 3577 1160 3605 vero

1193 308 1238 347 in
1250 319 1350 348 vero
1362 312 1471 349 statu
1481 310 1714 360 quoerendae
1725 308 2003 362 perfectionis,
2015 311 2227 361 quomodo

1193 373 1315 409 erunt
1328 370 1372 408 in
1392 373 1502 410 statu
1519 372 1755 423 religionis?
1772 370 1884 425 quod
1901 372 1938 412 si
1959 383 2045 411 non
2067 375 2165 412 sunt
2183 373 2228 412 iu

1191 433 1301 472 statu
1326 431 1554 482 religionis,
1576 434 1784 483 quomodo
1806 438 1902 474 sunt
1927 444 2025 474 vere
2052 445 2101 472 ac
2131 438 2230 485 pro-4

1191 493 1281 544 prie
1299 493 1512 545 religiosi?
1531 493 1701 544 Oportet
1733 506 1832 548 ergo
1859 501 1906 536 ut
1922 495 2016 536 talis
2042 495 2226 546 receptio

1192 558 1234 594 et
1250 555 1349 594 unio
1363 566 1440 606 per
1458 567 1504 595 se
1518 555 1695 595 sufficiat
1708 556 1762 595 ad
1775 558 1901 597 talem
1917 562 2084 598 statum.
2100 558 2225 609 Ergo,

1192 616 1340 656 eadem
1356 616 1532 664 ratione,
1552 616 1778 657 dicendum
1791 617 1904 657 idem
1922 624 1985 659 est
2001 620 2054 660 de
2072 619 2228 659 unione

1192 677 1466 725 scholarium
1495 689 1595 717 nam
1619 678 1759 730 quoad
1785 679 2059 721 substantiam
2077 685 2120 722 et
2138 692 2232 723 mo-.

1192 740 1294 780 dum
1312 746 1504 779 votorum
1523 740 1711 792 ejusdem
1729 740 1900 780 rationis
1920 745 1996 780 est.

1247 805 1286 842 7.
1320 801 1507 843 Secunda
1539 802 1737 843 conclusio
1767 813 1847 842 non
1877 803 2014 843 minus
2041 806 2149 844 certa
2183 814 2233 845 σω

1194 865 1325 905 eadem
1339 863 1555 913 Pontificis
1568 863 1972 911 definitione—Sace
1985 864 2231 913 definitionis

1193 926 1388 965 rationem
1413 926 1579 976 apponit
1608 925 1819 975 Pontifcoe.
1849 947 1902 955 —
1930 923 2105 979 Apponic
2137 927 2234 967 item.

1195 986 1392 1028 contrarii
1411 986 1548 1038 lapsus
1567 987 1996 1028 occasionem-Unde
2017 987 2141 1026 etiam
2162 987 2229 1026 ad-

1196 1048 1265 1096 do,
1297 1047 1395 1087 licet
1425 1047 1469 1086 in
1501 1048 1708 1088 Societate
1741 1048 1857 1087 nulla
1889 1048 2011 1088 fieret
2031 1048 2229 1100 professi(⁴

1196 1110 1408 1157 solemnis,
1436 1109 1511 1149 sed
1534 1110 1720 1149 instituta
1747 1110 1883 1151 solum
1904 1114 2014 1150 esset
2042 1121 2138 1150 cum
2159 1121 2232 1149 cae.

1195 1171 1296 1211 teris
1331 1170 1528 1222 gradibus
1542 1200 1556 1220 ‚
1595 1170 1709 1222 quod
1746 1172 1992 1211 auctoritate
2026 1170 2231 1211 Pontificis

1196 1231 1286 1271 fieri
1308 1233 1525 1283 potuisset,
1548 1234 1590 1272 et
1610 1233 1724 1273 illam
1743 1232 1924 1273 futuram
1944 1233 2076 1273 fuisse
2092 1245 2235 1274 veram

1196 1294 1442 1346 religionem
1456 1324 1466 1341 ‚
1489 1298 1531 1334 et
1551 1295 1642 1346 ejus
1660 1298 1755 1335 vota
1783 1296 2020 1335 emittentes
2037 1306 2157 1347 aeque
2174 1294 2235 1333 fu-

1197 1359 1312 1395 turos
1346 1355 1473 1395 fuisse
1505 1368 1603 1396 vere
1634 1368 1683 1398 ac
1714 1357 1882 1409 proprie
1913 1358 2155 1409 religiosos,
2190 1368 2235 1396 ac

1198 1429 1309 1457 nunc
1343 1421 1440 1456 sunt
1474 1418 1691 1470 approbati
1730 1419 1942 1459 scholares
1971 1420 2038 1458 vel
2073 1418 2236 1458 formati

1198 1479 1474 1529 coadjutores.
1519 1478 1623 1525 Quia
1659 1484 1755 1519 vota
1794 1482 1838 1520 et
1873 1482 2057 1532 receptio
2101 1482 2239 1520 essent

1199 1540 1390 1592 ejusdem
1408 1540 1596 1588 rationis,
1618 1545 1661 1581 et
1678 1541 1818 1592 quoad
1847 1543 1927 1582 hoc
1954 1542 2060 1582 alter
2085 1542 2238 1592 gradus

1198 1601 1481 1654 professorum
1508 1601 1646 1642 solum
1670 1613 1716 1642 se
1741 1602 1867 1642 hahet
1895 1604 2239 1644 concomitanter.

1194 1661 1332 1710 Atque
1362 1658 1441 1697 hoc
1470 1661 1607 1696 totum
1638 1660 1781 1708 aperte
1809 1656 2060 1694 confirmant
2089 1654 2235 1702 verba,

1195 1721 1345 1772 quibus
1364 1719 1568 1762 Pontifex,
1587 1722 1627 1757 et
1645 1718 1851 1756 rationem
1866 1729 1949 1755 suae
1963 1715 2234 1759 definitionis,

1195 1786 1236 1822 et
1254 1781 1510 1820 occasionem
1524 1780 1722 1819 contrarii
1743 1779 1895 1817 erroris
1913 1778 2109 1817 declarat.
2132 1779 2239 1816 Nam

1195 1844 1331 1895 quoad
1350 1843 1534 1894 primum
1552 1842 1702 1892 inquit,
1720 1841 1956 1879 emittentes
1969 1839 2058 1878 haec
2076 1842 2173 1877 vota
2191 1839 2239 1878 in

1195 1910 1306 1945 statu
1323 1904 1537 1955 religionis
1556 1915 1653 1942 vere
1681 1903 1890 1946 constitui,
1914 1902 2063 1954 quippe
2082 1901 2154 1954 qui
2165 1913 2240 1954 per

1195 1980 1239 2007 ea
1259 1968 1347 2020 ipsa
1364 1979 1402 2005 se
1428 1965 1620 2005 Societati
1649 1962 1848 2013 dedicant,
1883 1969 1999 2016 atque
2031 1969 2121 2002 actu
2152 1969 2237 2003 tra-

1195 2029 1307 2073 dunt,
1342 2041 1455 2081 seque
1478 2027 1615 2066 divino
1646 2026 1805 2066 servitio
1838 2026 1882 2064 in
1911 2038 1957 2065 ea
1987 2026 2236 2078 mancipant.

1195 2091 1276 2132 Ubi
1294 2103 1380 2129 non
1399 2090 1525 2128 sumit
1542 2089 1749 2128 rationem
1768 2101 1819 2127 ex
1838 2087 2158 2128 concomitantia
2178 2086 2238 2125 al-

1194 2152 1323 2192 terius
1343 2152 1509 2202 gradus,
1530 2150 1597 2189 vel
1616 2150 1841 2189 tendentiae
1860 2149 1912 2188 ad
1936 2149 2072 2198 illum,
2096 2148 2222 2211 seqex

1194 2215 1418 2254 intrinseco
1443 2213 1623 2257 vinculo,
1655 2217 1696 2251 et
1724 2212 1843 2264 quasi
1871 2211 2007 2251 forma
2037 2223 2224 2263 person:-

1198 2288 1294 2317 rum
1331 2276 1386 2315 sic
1422 2275 1677 2314 voventium.
1711 2276 1844 2321 Quam
1872 2274 2078 2313 rationem
2112 2285 2223 2325 pauo

1201 2339 1378 2378 inferius
1396 2350 1420 2376 a
1437 2350 1480 2377 n.
1502 2339 1526 2377 9
1540 2337 1664 2375 latius
1676 2336 1984 2387 explicabimus.
2010 2336 2154 2383 Quoad
2173 2348 2233 2375 se·
2252 2349 2315 2386 >fn
2335 2333 2344 2349 '

1196 2401 1379 2440 cundum
1398 2412 1511 2447 vere,
1534 2412 1620 2438 cum
1640 2398 1888 2437 temerariam
1908 2396 2118 2436 audaciam
2139 2406 2262 2436 con-¹.

1196 2462 1490 2503 tradicentium
1509 2461 1855 2512 reprehendisset,
1886 2460 2050 2499 subdit:
2095 2459 2209 2499 Omna*
2275 2456 2294 2494 ἰ

1197 2539 1247 2565 ex
1260 2525 1434 2564 aliorum
1470 2523 1721 2575 reyularium
1749 2522 1936 2561 ordinum
1973 2519 2258 2564 communibus

1198 2586 1434 2636 rationibus,
1468 2585 1609 2637 formis
1626 2590 1661 2623 et
1683 2585 1840 2623 statutis
1870 2584 2080 2632 metientes,
2103 2585 2248 2634 Socie-

1198 2648 1290 2686 tatz's
1327 2646 1565 2694 institutum,
1596 2644 1821 2697 peculiares
1851 2636 2165 2698 constitutiones,
2200 2659 2248 2687 ac

1197 2710 1276 2749 vim
1307 2714 1484 2747 votorum
1509 2707 1757 2760 simplicium
1778 2706 1910 2754 illius,
1939 2707 1983 2745 in
2013 2705 2148 2747 eadent
2169 2708 2246 2749 So-

1200 2771 1352 2810 cietatis
1362 2770 1422 2809 rel
1426 2770 1559 2823 iqione
1570 2769 1774 2822 probatam
1789 2768 2061 2818 admissorum,
2079 2771 2248 2826 penitus

1199 2834 1439 2886 iqnorantes,
1465 2844 1511 2871 ac
1530 2831 1730 2870 nonnulla
1739 2831 1837 2883 jure
1854 2837 2036 2883 antiquo,
2048 2844 2137 2884 quoe
2150 2839 2247 2884 post

1200 2894 1322 2939 illud,
1344 2907 1516 2934 successu
1548 2894 1747 2946 temporis,
1772 2892 1890 2947 liujus
1920 2893 2034 2934 Sedis
2066 2897 2245 2935 auctori-

1198 2963 1288 3001 tate,
1311 2956 1593 3010 approbatione
1610 2961 1646 2995 et
1664 2954 1979 3008 confirmatione,
2001 2965 2045 2995 ac
2064 2958 2246 3010 peculia-

1198 3020 1306 3060 ribus
1333 3019 1564 3072 privileqiis
1592 3019 1760 3063 sancita,
1790 3023 1825 3058 et
1852 3019 2036 3059 roborata
2068 3033 2141 3060 esse
2177 3021 2244 3060 di-

1198 3086 1451 3136 qnoscuntun
1483 3093 1696 3134 perperam
1735 3071 2244 3133 interpretantesaeisconvel-

1201 3144 1280 3183 lere
1309 3144 1508 3183 nituntur.
1543 3144 1636 3182 Non
1677 3146 1739 3182 est
1767 3154 1867 3194 ergo
1895 3143 2099 3188 dubium,
2141 3145 2243 3195 quin

1199 3206 1391 3246 Pontifex
1427 3206 1573 3244 docere
1610 3217 1657 3243 ac
1689 3204 1899 3244 declarare
1927 3205 2130 3254 voluerit,
2168 3217 2244 3256 per

1198 3267 1307 3307 hanc
1325 3267 1605 3318 receptionem
1642 3269 1683 3305 et
1714 3266 2062 3318 approbationem
2090 3267 2240 3305 talium

1198 3333 1394 3369 votorum
1412 3329 1634 3367 intrinsece
1652 3340 1699 3367 ac
1725 3328 1894 3380 proprie
1919 3328 2114 3366 mnstitui
2143 3339 2239 3378 per-

1200 3402 1346 3431 sonam
1364 3391 1409 3429 in
1437 3394 1547 3429 statu
1565 3390 1776 3441 religioso,
1799 3393 1841 3429 et
1870 3389 1963 3429 ideo
1996 3401 2102 3439 saepe
2121 3393 2241 3429 vocat

1199 3452 1275 3493 illa
1291 3456 1388 3492 vota
1405 3464 1491 3491 vere
1508 3451 1787 3492 substantialia
1802 3450 2040 3508 reliqionis;
2059 3450 2240 3502 dicitque
2283 3501 2287 3507 Ι

1198 3527 1275 3567 per
1294 3514 1444 3554 Sedem
1463 3514 1743 3565 Apostolicam
1762 3512 1926 3551 admitti
1944 3511 1988 3549 in
2017 3512 2236 3563 Societate,

1198 3580 1401 3627 tanquam
1418 3576 1464 3614 in
1482 3575 1686 3626 religione
1704 3586 1779 3625 per
1807 3584 1900 3612 eam
1919 3573 2162 3624 approbata.
2180 3576 2238 3615 Ac

128 3621 237 3658 statu
257 3619 520 3670 perfectionis
537 3621 782 3670 constituat3
802 3635 900 3666 nam
916 3627 1051 3667 sinon
1065 3629 1164 3668 sunt
1197 3638 1369 3679 tandem
1387 3637 1620 3678 concludit:
1640 3634 1894 3675 Decernimus
1923 3647 2002 3674 non
2019 3635 2146 3677 solum
2159 3649 2236 3686 608,

0 3771 362 3810 »ως-Ἣ

0 3803 10 3843 ὲ
