2352 3880
184 245 265 288 884

182 319 367 362 morum;
390 322 490 363 ergo
513 311 656 348 contra
677 305 893 346 consilium
913 311 954 346 et
974 307 1110 359 majus
1137 307 1210 349 ho-

183 389 283 418 num
299 380 361 416 est
374 371 493 425 ligari
512 372 607 410 voto
626 368 679 408 ad
698 381 782 408 non
798 369 1099 421 acceptandum
1116 369 1208 425 Epi-

178 441 411 489 scopatum,
430 432 510 472 nisi
530 443 581 476 ex
597 435 806 482 praecepto
825 431 1069 482 Superioris.

229 499 270 538 4.
304 497 570 547 Confirmatur
585 492 730 544 primo.
742 492 852 531 —Et
870 492 1137 532 confirmatur
1153 503 1205 532 ex

177 570 267 609 cap.
295 559 334 607 1,
356 557 397 596 d.
418 558 485 604 85,
506 554 576 594 ubi
609 553 832 605 Gregorius
865 554 988 605 Papa,
1021 553 1074 593 de
1100 565 1204 604 quo-

177 619 273 659 dam
294 617 592 658 Archidiacono
613 615 666 654 ad
686 615 975 666 Episcopatum
994 614 1140 663 010010,
1158 617 1204 654 ut

175 683 447 732 cognosceret
465 691 520 718 an
539 677 690 729 dignus
713 682 834 722 esset,
859 677 965 715 inter
981 676 1061 714 alia
1084 674 1204 726 jubet

173 741 343 794 inquiri,
362 743 415 790 si,
435 738 553 781 tactis
582 738 847 779 sacrosanctis
870 737 1126 787 Evanyeliis,
1147 737 1203 776 si-

174 806 240 844 cut
258 804 368 844 nobis
387 800 613 842 nuntiatum
630 803 701 847 est,
715 799 1009 849 jusjurandum
1028 798 1202 847 proebue-

173 865 245 913 rit,
265 875 464 916 nunquam
483 875 522 903 se
541 862 594 902 ad
611 861 902 911 Episcopacum
919 859 1106 899 accedere.
1123 858 1202 897 Ubi

172 925 427 978 significatur
445 923 527 963 tale
542 924 826 973 juramentum
845 919 970 959 fuisse
993 919 1175 959 illicitum
1182 930 1197 971 3

172 986 265 1026 ideo
286 986 398 1026 enim
421 985 472 1024 de
503 984 574 1022 1110
598 981 751 1031 inquiri
769 979 962 1030 J'ubetur,
996 984 1040 1019 ut
1063 980 1200 1031 glossa

169 1047 224 1087 ibi
257 1046 425 1086 notavit.
465 1045 554 1084 Non
581 1046 642 1082 est
669 1046 810 1080 autem
843 1041 1064 1079 verisimile
1087 1042 1199 1092 jura·

167 1115 355 1148 mentum
377 1105 477 1145 illud
490 1104 594 1143 adeo
614 1103 742 1142 fuisse
758 1102 1040 1148 temerarium,
1059 1107 1104 1141 ut
1117 1103 1198 1142 fac·

167 1172 255 1209 turn
289 1167 413 1207 fuerit
449 1166 500 1205 de
535 1177 619 1204 non
658 1162 908 1214 acceptando
933 1163 1195 1214 Episcopatu,

168 1229 327 1268 etiamsi
349 1229 461 1279 juste
482 1226 779 1278 praeciperetur
800 1223 853 1262 ob
879 1224 1193 1272 necessitatem,

168 1302 266 1342 ergo
287 1288 487 1328 intellexit
507 1286 728 1337 Gregorius
750 1297 833 1323 non
861 1284 988 1323 fuisse
1016 1285 1197 1336 prudens

168 1355 208 1391 et
224 1351 382 1390 licitum
397 1350 683 1401 juramentum
700 1346 815 1392 illud,
833 1346 992 1384 etiamsi
1009 1347 1198 1386 absolute

167 1412 286 1453 fieret
303 1413 354 1451 de
385 1423 468 1450 non
503 1408 757 1461 acceptando
788 1407 1050 1459 Episcopatu,
1073 1409 1196 1447 etiam

166 1478 263 1515 tunc
284 1472 451 1525 quando
465 1471 573 1510 licite
587 1474 723 1522 potest
738 1481 820 1508 non
839 1469 1058 1520 acceptari.
1079 1469 1197 1510 Unde

165 1534 307 1575 Glossa
328 1534 384 1572 ibi
402 1533 524 1571 sentit
540 1533 617 1571 11οο
632 1532 931 1582 juramentum,
948 1531 1070 1570 etiam
1086 1530 1128 1568 in
1147 1542 1196 1569 eo

164 1607 290 1635 sensu
325 1594 598 1641 intellectum,
635 1603 728 1632 esse
764 1595 980 1643 peccatum
1016 1591 1191 1631 veniale.

165 1657 283 1705 Quod
307 1658 352 1696 in
383 1668 433 1696 eo
470 1654 674 1707 principio
707 1651 871 1692 fundari
897 1653 1073 1701 videtur,
1097 1653 1196 1704 quia

162 1720 245 1759 tale
261 1719 549 1770 juramentum
570 1718 636 1767 (et
655 1716 766 1754 idem
787 1721 848 1753 est
863 1714 916 1753 de
932 1715 1053 1764 voto)
1074 1726 1194 1765 repu-

164 1792 291 1832 gnare
310 1783 444 1830 potest
471 1777 676 1824 charitati,
698 1776 763 1814 vel
784 1775 929 1814 saltem
953 1775 1193 1825 perfectioni

164 1842 277 1892 ejus:
301 1852 414 1888 nam,
435 1843 481 1878 ut
501 1838 601 1877 dixit
619 1837 857 1888 Gregorius,
889 1849 979 1887 cap.
1003 1837 1057 1876 In
1079 1837 1194 1878 Scri—

162 1902 313 1954 pturis,
335 1901 374 1947 8,
398 1912 438 1950 q.
464 1902 482 1938 1
501 1912 509 1937 :
537 1899 590 1939 Si
610 1900 663 1946 is,
684 1897 751 1949 qui
768 1898 886 1945 valet,
921 1897 1196 1947 omnipotentis

162 1964 238 2004 Dei
267 1974 353 2002 oves
372 1961 503 2000 renuit
521 1970 695 2010 pascere,
722 1959 890 1997 ostendit
923 1970 963 1997 se
996 1961 1194 2008 pastorem

161 2035 279 2066 suum
295 2022 454 2063 minime
469 2032 617 2060 amare.
639 2019 716 2059 Ubi
737 2018 879 2057 Glossa
898 2018 995 2056 dicit
1012 2018 1195 2057 mortali-

162 2090 225 2124 ter
249 2094 450 2136 peccare,
481 2081 550 2132 qui
573 2080 864 2131 Episcopatum
896 2079 973 2117 sibi
1008 2079 1192 2118 oblatum

153 2158 246 2202 pon
267 2143 423 2194 recipit,
441 2142 473 2180 51
494 2153 538 2180 50
556 2141 728 2191 dignum
749 2139 898 2186 credit;
917 2140 1027 2190 quod
1045 2139 1190 2178 confir-

161 2210 247 2245 mat
265 2217 315 2245 ex
334 2203 467 2255 capite
488 2203 672 2254 proxime
693 2201 969 2252 praecedenti3
988 2201 1097 2239 unde
1114 2203 1193 2240 Au-

163 2265 449 2319 gustinus,lib.
465 2263 675 2314 trigesimo
699 2262 882 2301 secundo
909 2266 1050 2301 contra
1069 2262 1193 2300 Faus-

163 2332 266 2375 tum,
280 2339 370 2377 cap.
393 2327 454 2372 10,
477 2324 575 2363 dicit
594 2323 740 2362 merito
762 2323 968 2362 contemni
988 2323 1039 2361 ab
1058 2324 1193 2362 Eccle-

164 2388 239 2439 sia,
259 2392 299 2427 et
317 2388 359 2426 in
382 2385 647 2438 opprobrium
668 2385 811 2424 haberi
833 2396 942 2431 eum,
965 2386 1034 2436 qui
1053 2386 1193 2427 electus

163 2451 211 2492 ab
250 2450 434 2489 Ecclesia
453 2477 463 2495 ,
499 2447 768 2486 ministerium
805 2446 1097 2497 evangelizandi
1130 2458 1192 2487 re-

162 2512 265 2558 nuit,
289 2514 326 2550 et
345 2509 413 2561 qui
433 2519 570 2549 curam
602 2508 882 2549 lucrandorum
911 2508 1061 2558 refuyit
1093 2508 1192 2547 alio-

163 2584 264 2611 rum.
292 2572 339 2610 Et
368 2569 463 2609 ideo
488 2569 587 2608 dixit
615 2569 727 2607 idem
756 2568 1025 2620 Augustinus,
1060 2570 1110 2608 19
1138 2569 1190 2608 de

161 2632 344 2679 Civitate,
369 2642 459 2682 cap.
481 2630 643 2669 decimo
662 2641 787 2675 nono,
810 2629 1020 2681 negotium
1036 2630 1192 2680 justum

160 2692 476 2746 suscipiendum
503 2702 594 2731 0550
617 2702 669 2731 ex
696 2690 912 2739 charitate,
944 2690 979 2730 si
1008 2691 1191 2744 impona-

159 2758 243 2795 tur.

213 2817 256 2855 5.
281 2812 563 2865 Consti-matur
580 2811 762 2855 seeundo.
778 2836 828 2842 —
842 2812 1026 2862 Denique
1045 2809 1190 2852 confir-

158 2878 312 2923 matur,
335 2876 431 2925 quia
449 2874 623 2914 intentio
644 2874 728 2920 illa,
743 2873 786 2911 in
807 2885 888 2923 qua
908 2873 1085 2911 diximus
1101 2873 1191 2910 fun-

159 2934 252 2977 dari
271 2937 350 2974 hoc
366 2940 520 2983 votum,
539 2935 702 2974 videtur
720 2945 809 2973 esse
822 2934 1025 2972 contraria
1045 2933 1192 2984 majori

158 2996 270 3037 bono
299 2995 503 3043 Ecclesiae,
537 2999 578 3034 et
614 2995 709 3034 ideo
739 3006 823 3033 non
860 3006 949 3034 esse
975 2997 1192 3032 consenta-

159 3069 287 3097 neum
307 3056 440 3095 ordini
469 3056 698 3102 charitatis;
723 3067 821 3106 ergo
843 3061 883 3094 et
903 3059 1057 3102 votum,
1081 3055 1192 3106 quod

161 3119 214 3158 ab
233 3131 282 3158 ea
305 3116 504 3169 procedit,
527 3129 613 3156 non
631 3121 871 3168 potestesse
893 3117 1079 3155 charitati
1096 3128 1190 3154 con-

158 3179 307 3219 forme.
329 3177 591 3217 Antecedens
611 3181 738 3228 patet,
763 3178 858 3228 quia
878 3177 1014 3228 majus
1034 3177 1190 3215 bonum

159 3241 351 3280 Ecclesiae
373 3244 436 3279 est
455 3243 501 3278 ut
519 3238 594 3277 viri
612 3238 838 3277 sanctiores
856 3242 895 3276 et
915 3238 1118 3276 doctiores
1138 3237 1191 3275 ad

160 3302 428 3353 Episcopatus
447 3303 726 3346 assumantur,
750 3310 876 3349 quam
894 3298 1006 3349 quod
1028 3297 1192 3336 inferio-

160 3363 274 3403 ribus
294 3361 530 3401 ministeriis
559 3364 837 3411 occupentur,
855 3360 973 3411 juxta
1003 3358 1106 3398 illud
1129 3359 1192 3397 In-

160 3424 340 3464 nocentii
361 3423 429 3472 111,
461 3423 505 3462 in
531 3433 622 3475 cap.
659 3421 783 3470 Li‘eet,
817 3420 868 3460 de
891 3420 1186 3471 Regularibus:

138 3486 141 3487 ’
165 3483 286 3527 Sicut
302 3485 437 3537 majus
455 3485 593 3524 bonum
618 3483 766 3523 minori
801 3482 893 3522 bono
926 3484 1190 3534 proeponitur,

161 3547 225 3588 ita
245 3546 464 3587 communis
479 3546 639 3587 utilitas
657 3543 822 3596 speciali
837 3544 1014 3584 utilitati
1028 3545 1191 3595 proefer-

163 3610 260 3656 Ζηνί
275 3607 351 3650 sed
367 3608 449 3650 1100
461 3606 686 3662 impeditur
702 3604 974 3656 intendendo,
989 3608 1031 3645 et
1045 3616 1191 3658 procu-

539 243 619 279 Lm.
641 241 695 276 vl.
718 241 772 276 1)ss
792 238 1194 284 PROFESSIONEJQUAE
1212 242 1256 278 ΙΝ
1275 242 1502 278 socinum
1520 241 1606 283 ΠΤ,
1619 236 1676 277 E'l·
1693 201 1968 286 ὮΒῖῐὸξω.

1261 308 1392 348 raudo
1417 309 1463 346 ut
1490 306 1665 358 professi
1684 306 1921 358 societatis,
1944 310 2105 357 011010Βί
2133 302 2274 352 ι

1261 367 1411 408 51551011
1425 370 1465 407 et
1485 366 1709 407 doctissimi
1721 367 1814 416 sint,
1828 369 1883 409 ad
1893 358 2254 428 Episcopatuiu³Tssssssss

1259 433 1544 478 assumentum
1564 441 1680 481 erge,
1697 433 1774 469 etc.
2023 430 2026 435 '
2198 432 2213 468 .’

1309 491 1349 531 6.
1382 490 1461 538 Qui
1479 491 1646 531 eamdem
1661 493 1820 542 partem
1837 498 2040 545 neqantem
2057 499 2211 542 tradere
2244 492 2274 524 '3
2332 509 2343 538 s

1257 553 1439 592 deantur.
1458 574 1510 581 --
1530 553 1701 602 Propter
1715 552 1804 592 haec
1822 556 1862 592 et
1873 555 2021 596 similia
2038 545 2299 611 argumenta
2339 576 2352 590 ¹

1256 624 1340 652 non
1366 612 1586 652 defuerunt
1609 613 1795 653 moderni
1817 620 2005 657 auctores
2038 620 2107 671 qui
2141 625 2276 664 vota

1256 672 1335 713 hoc
1365 673 1597 725 improbare
1630 675 1718 713 ausi
1752 675 1918 715 fuerint.
1940 678 2094 720 Citatur
2105 667 2300 726 Gutier'.
2344 714 2346 718 -

1256 734 1308 774 de
1343 735 1585 774 Juramento
1624 735 1944 787 confirmatorio,
1975 741 2012 787 1,
2050 754 2091 793 p.
2128 745 2165 791 1,
2186 739 2301 799 caps„⁴
2334 758 2335 763 ¹

1256 795 1562 846 septuagesimo
1579 796 1775 844 secundo,
1788 810 1902 838 num.
1925 802 1949 840 5
1965 806 2004 840 et
2022 803 2062 848 8,
2081 806 2120 843 et
2134 790 2287 849 eodem*
2332 814 2337 819 ·

1254 857 1379 895 modo
1412 857 1557 896 referri
1577 862 1748 908 possunt
1769 864 1956 901 auctores
1985 862 2169 904 dicentes
2189 879 2248 906 ew
2322 871 2329 905 ἒ

1253 917 1440 956 illicitum
1458 919 1742 969 juramentum
1763 932 1847 960 non
1865 924 2093 974 accipiendi
2117 927 2287 978 Episco?
2326 920 2336 942 ³

1252 984 1397 1030 patum
1409 993 1418 1026 ;
1430 980 1541 1031 quod
1551 983 1665 1019 tenet
1678 981 1899 1030 Navarrus‚
1911 985 2094 1034 Summa,
2106 1001 2196 1040 cap.
2214 982 2294 1040 125·
2326 980 2335 1033 ¹,

1252 1052 1428 1080 numero
1464 1041 1625 1080 decimo
1662 1046 1792 1090 sexto,
1829 1055 1923 1083 cum
1957 1047 2131 1099 Angelo,
2154 1050 2276 1092 verbo
2294 1062 2299 1094 ἡ
2327 1055 2339 1089 A

1251 1101 1547 1149 Juramentum,
1561 1104 1601 1149 5,
1618 1114 1732 1155 num.
1756 1104 1800 1151 3;
1822 1109 1862 1144 et
1879 1106 2052 1157 Sylvest.
2069 1109 2295 1153 Jurameni*
2318 1123 2325 1138 ³·

1254 1164 1352 1210 tum,
1371 1164 1410 1212 2,
1431 1176 1470 1214 q.
1491 1166 1536 1210 7,
1559 1165 1959 1215 etJuramentum,4‚
1976 1181 2017 1220 q.
2039 1171 2058 1210 1
2076 1183 2085 1216 ;
2108 1172 2276 1223 Anton.‚
2307 1186 2311 1190 ’

1252 1221 1279 1260 2
1301 1228 1425 1274 part„
1448 1225 1507 1263 tit.
1529 1224 1705 1271 decimo,
1728 1237 1816 1277 cap.
1839 1228 1878 1274 6,
1899 1227 1923 1279 §
1942 1230 1991 1278 43
2015 1230 2126 1280 Soto,
2146 1231 2216 1271 lib.
2236 1233 2275 1284 8,
2303 1246 2306 1250 ·
2327 1251 2330 1262 ·

1251 1282 1303 1323 de
1322 1285 1443 1332 Just„
1462 1298 1502 1337 q.
1518 1287 1555 1332 1,
1570 1286 1741 1324 articulo
1757 1289 1947 1339 septimo,
1965 1290 2018 1329 ad
2031 1293 2274 1344 secundum3
2305 1269 2330 1339 ἓ

1252 1356 1344 1384 eam
1361 1357 1458 1385 vero
1475 1348 1720 1386 sententiam
1740 1352 1854 1388 tenet
1869 1362 2061 1402 expresse
2081 1354 2275 1406 Palaeios,
2304 1341 2328 1387 *fi

1250 1403 1293 1444 in
1308 1407 1348 1454 4,
1371 1406 1411 1445 d.
1431 1408 1497 1455 38,
1521 1408 1671 1459 disput.
1697 1410 1734 1456 1,
1755 1413 1850 1448 01110
1878 1411 2076 1461 medium,
2095 1416 2241 1456 versic.
2262 1428 2275 1457 :
2310 1424 2324 1446 ‘¹

1253 1465 1338 1507 Sed
1354 1467 1451 1519 qnid
1469 1469 1506 1508 si
1533 1470 1680 1520 aliquis
1707 1482 1751 1509 ea
1771 1471 1851 1523 leqe
1870 1478 1977 1513 vovet
1998 1475 2175 1523 (scilicet
2194 1489 2276 1518 non
2307 1470 2322 1519 ῗῗ

1252 1539 1342 1567 0550
1364 1530 1627 1580 Episcopus),
1651 1535 1696 1570 ut
1727 1532 1877 1572 eximat
1904 1539 2095 1587 praecepti
2115 1539 2278 1580 casum?
2310 1536 2340 1587 i*

1249 1591 1442 1642 numquid
1468 1592 1662 1643 culpabile
1679 1596 1770 1633 tune
1789 1599 1886 1634 esset
1905 1600 2035 1636 votum
2053 1598 2071 1636 ?
2092 1601 2278 1652 Respon»
2302 1582 2327 1692 g

1250 1650 1343 1690 dot:
1365 1652 1511 1692 Itidem
1531 1653 1712 1693 arbitror
1731 1666 1810 1694 esse
1828 1655 2034 1708 culpabile,
2051 1661 2147 1710 quia
2163 1673 2280 1703 casus

1245 1714 1436 1765 praecepti
1454 1724 1576 1753 rarus
1592 1718 1649 1753 est
1682 1714 1726 1753 in
1746 1715 1820 1756 hac
1849 1719 2020 1757 materia
2028 1735 2043 1764 ;
2070 1722 2175 1761 satis
2205 1727 2276 1773 est,
2308 1709 2352 1800 ’ἶ

1247 1775 1351 1825 quod
1367 1776 1514 1824 poterit
1545 1787 1626 1815 esse
1651 1776 1811 1815 salubre
1845 1779 1959 1829 yreyi
1981 1778 2145 1830 Christi,
2179 1785 2280 1835 quod
2302 1771 2322 1828 J,

1249 1835 1313 1874 liic
1331 1836 1390 1875 vel
1407 1836 1474 1875 ille
1492 1836 1546 1876 sit
1562 1837 1897 1888 Episcopus,·ideo
1914 1850 1992 1878 non
2005 1840 2098 1882 licet
2107 1844 2276 1886 salubri
2300 1803 2352 1868 §a

1250 1897 1327 1935 tati
1345 1897 1479 1946 qreyi’s
1500 1897 1654 1936 Christi
1673 1898 1989 1949 impedimentum
2005 1904 2166 1954 afferre.
2185 1906 2277 1947 Haec
2306 1857 2352 1946 ἐξ

1249 1956 1331 1994 ille.
1351 1957 1475 1996 Favet
1498 1958 1620 1996 etiam
1639 1958 1746 1996 idem
1767 1959 1959 2009 Sylvest.,
1975 1963 2088 2003 verb.
2108 1965 2275 2016 Episco-
2306 1952 2309 1955 ’
2335 1950 2352 1992 Ξ

1244 2028 1335 2068 pus,
1361 2030 1401 2068 q.
1428 2020 1466 2066 3,
1487 2018 1529 2056 in
1549 2018 1647 2067 fine,
1670 2023 1874 2068 quatenus
1892 2021 1989 2061 dicit
2010 2035 2100 2063 esse
2133 2038 2275 2076 pecca·
2303 2014 2322 2058 3
2343 2070 2346 2071 γ

1247 2082 1334 2117 10111
1352 2079 1524 2118 mortale
1539 2091 1622 2118 non
1639 2085 1855 2131 acceptare
1871 2082 2176 2136 Episcopatum,
2192 2101 2275 2128 non
2303 2080 2322 2113 ⁹

1247 2140 1380 2178 solum
1408 2140 1573 2190 quando
1607 2141 1772 2192 speciali
1801 2149 2008 2195 praecepto
2046 2147 2277 2198 Superioris
2338 2141 2347 2149 ⁴*

1249 2202 1340 2251 quis
1368 2202 1543 2250 cogitur,
1566 2202 1640 2240 sed
1659 2203 1783 2241 etiam
1807 2204 1965 2255 absque
1992 2214 2213 2260 praecepto,
2241 2211 2275 2252 si
2305 2205 2314 2253 ⁸.

1246 2262 1514 2312 probabiliter
1532 2263 1687 2310 credat,
1705 2264 1815 2314 quod
1833 2277 1907 2315 per
1927 2267 2052 2306 alium
2070 2281 2187 2321 aeque
2205 2271 2275 2312 be·

1246 2335 1300 2361 ne
1321 2323 1526 2374 provideri
1553 2336 1636 2362 non
1656 2329 1810 2376 potest,
1830 2326 1928 2381 quia
1947 2332 2010 2370 est
2034 2334 2178 2371 contra
2195 2333 2275 2376 fra-
2295 2333 2317 2366 ⁴,

1246 2387 1408 2424 ternam
1428 2385 1684 2425 charitatem.
2314 2383 2351 2434 s.

1300 2448 1339 2485 7.
1382 2446 1483 2489 Vera
1505 2448 1672 2487 assertio
1702 2446 1910 2499 bipartita.
1929 2470 1983 2481 —
2002 2450 2274 2495 Nihilominus
2318 2495 2319 2498 ,

1246 2518 1345 2546 vera
1378 2511 1418 2546 et
1450 2512 1561 2546 certa
1583 2510 1786 2548 sententia
1807 2514 1891 2558 est,
1925 2515 2065 2550 votum
2089 2514 2165 2553 hoc
2183 2526 2284 2555 esse*
2307 2535 2310 2538 ·
2339 2506 2349 2556 ,ἶ

1246 2569 1452 2607 laudabile
1474 2581 1524 2608 ex
1545 2570 1705 2621 obJecto
1727 2583 1816 2610 suo.
1851 2572 1975 2611 Nobis
2007 2574 2130 2613 etiam
2155 2575 2311 2616 indu-¹⁸·
2347 2583 2349 2585 ’

1246 2630 1418 2669 bitatum
1440 2634 1500 2669 est
1526 2632 1718 2670 Societati
1749 2643 1838 2671 esse
1869 2633 1987 2672 valde
2006 2634 2214 2676 laudabile
2234 2640 2284 2681 et?
2311 2626 2318 2658 3*
2343 2664 2345 2666 -

1246 2696 1540 2742 opportunum.
1558 2692 1673 2730 Prior
1690 2704 1786 2742 pars
1803 2694 1977 2731 sumitur
1993 2706 2042 2732 ex
2059 2696 2105 2734 D.
2124 2697 2272 2737 Thom.
2311 2700 2319 2727 ἒ

1243 2753 1283 2790 2.
1311 2754 1351 2798 2,
1376 2764 1415 2801 q.
1438 2753 1527 2794 185,
1548 2755 1622 2790 art.
1649 2754 1688 2798 2,
1712 2753 1751 2790 d.
1776 2754 1815 2800 3,
1837 2753 1908 2791 ubi
1929 2754 1986 2792 sic
2013 2754 2145 2806 inquit
2167 2769 2175 2795 ε
2194 2759 2254 2797 Α.
2287 2784 2289 2786 -
2313 2745 2318 2755 ’

1247 2813 1371 2864 cipere
1391 2813 1680 2862 Episcopatum
1701 2824 1777 2851 non
1800 2817 1855 2852 est
1885 2815 1929 2854 de
1947 2826 1988 2854 se
2010 2819 2250 2858 necessaria

1246 2874 1299 2912 ad
1315 2873 1481 2912 salutem
1495 2902 1507 2920 ,
1530 2874 1598 2912 sed
1613 2875 1662 2923 fit
1681 2875 1943 2914 necessarium
1963 2887 2010 2916 em
2039 2876 2209 2930 Superio
2242 2879 2252 2889 ⁸

1243 2937 1461 2984 proeeept0,·
1481 2933 1543 2972 Itis
1573 2939 1702 2973 aulem
1719 2964 1728 2980 ‚
1749 2946 1836 2985 quoe
1853 2934 1910 2975 sie
1929 2940 2022 2976 sunt
2049 2950 2204 2979 necessa
2237 2939 2277 2988 ‘j
2302 2971 2315 2995 η,

1246 2995 1299 3034 ad
1315 2995 1495 3040 salutem,
1518 2999 1646 3045 potest
1664 2995 1812 3048 aliquis
1831 2997 2146 3047 impedimentum
2165 3001 2196 3039 li
2226 3000 2236 3009 ⁰
2275 2988 2277 2991 ¹
2306 2991 2307 2994 ¹

1245 3066 1453 3107 apponere,
1473 3058 1680 3107 antequam
1707 3059 1783 3106 fiat
1799 3063 2053 3109 praeceptum.
2075 3060 2221 3111 Loquit
2249 3083 2264 3092 -›
2304 3060 2307 3066 ’

1245 3121 1382 3155 autem
1407 3116 1458 3155 de
1485 3116 1781 3167 impedimento
1802 3119 1882 3157 voti
1913 3130 1998 3157 non
2029 3119 2241 3172 acceptati
2264 3118 2266 3121 ’
2298 3106 2314 3173 '³

1243 3178 1547 3228 Episcopatum,
1583 3178 1634 3217 de
1661 3190 1742 3229 quo
1769 3179 1813 3217 in
1842 3185 2087 3230 argumento
2108 3181 2251 3232 obje
2305 3203 2310 3221 2

1244 3243 1320 3278 rat.
1341 3239 1457 3278 Unde
1479 3239 1690 3290 subjungit
1710 3239 1754 3278 in
1774 3240 1976 3280 solutione
2004 3251 2015 3280 ε
2045 3241 2173 3289 Quia
2252 3283 2257 3287 ,
2306 3262 2309 3272 ¹

1244 3302 1374 3339 votum
1396 3301 1542 3340 emittit
1566 3301 1611 3340 de
1640 3312 1718 3340 non
1739 3302 1984 3354 suscipiendo
2002 3302 2251 3355 Episeow*

1245 3361 1282 3401 ai
1295 3371 1368 3411 per
1386 3361 1454 3400 hoc
1472 3361 1642 3401 intendit
1661 3373 1701 3401 se
1722 3362 1897 3413 obliyare
1915 3362 1970 3402 ad
1985 3362 2068 3410 hoe,
2089 3362 2198 3414 quod>
2220 3353 2247 3409 ’λ

1242 3433 1314 3472 per
1348 3422 1602 3463 obedientiam
1632 3422 1853 3474 superioris
1879 3422 2055 3463 Proelati
2082 3421 2242 3478 accipi,
2304 3420 2306 3423 ’

1243 3482 1380 3523 illicite
1397 3485 1528 3529 vovea-
1548 3483 1586 3523 ⁸2·
1605 3487 1735 3524 autem
1754 3483 1996 3524 inconditae
2011 3482 2082 3523 hoo
2109 3493 2152 3523 se

1243 3554 1354 3596 pare,
1375 3548 1420 3584 ut
1437 3548 1628 3597 quantam
1648 3551 1706 3585 est
1723 3545 1768 3585 de
1785 3555 1850 3594 ee,
1880 3542 2170 3594 Epieeopacum
2188 3548 2189 3553 ’
2214 3548 2237 3587 “,

1243 3608 1416 3657 quaerat,
1430 3617 1500 3648 nec
1525 3606 1734 3658 suscipiat,
1753 3605 1838 3647 nisi
1862 3604 2088 3646 inminente
2103 3614 2171 3647 no
