2352 3880
32 148 59 176 '⁴¹'

2 170 11 176 η
28 174 41 185 ,ι
53 180 60 188 .

150 0 294 50 *ξπ-ἰ
306 0 330 45 11Δ
349 2 365 33 ‘l‘

162 200 208 242 ‘l-
237 198 443 241 montm-
473 197 608 238 deinde
639 197 769 249 quoad
805 195 1123 237 distributionem

90 260 342 314 &promum
357 279 411 288 -—-
425 258 661 310 specialiter
675 268 773 298 vero
790 257 841 296 de
859 256 1124 310 dispositione

90 322 141 365 h
156 333 281 375 opera
300 333 384 361 non
404 320 471 372 pia
488 319 684 372 probatm·
701 319 882 359 assertio.
902 321 1004 360 Nam
1027 317 1123 358 tal-is

90 383 240 426 nodus
264 382 524 423 alienationis
550 393 635 421 non
652 383 716 420 est
745 381 984 420 commissus
1010 378 1124 420 arbi-

91 445 176 489 ,trio
194 444 321 496 ipsius
338 443 519 494 religiosi
534 456 546 491 3
562 443 678 494 ergo,
699 442 936 493 usurpando
959 440 1124 494 propria

88 508 337 548 ,auctoritate
358 505 475 544 illum
493 515 632 551 usum,
653 503 782 543 utitur
799 503 870 543 illa
885 516 945 552 re,
965 507 1013 543 nt
1032 513 1124 555 pro·

94 570 202 623 pria,
218 568 328 620 quod
344 571 405 606 est
423 571 566 606 contra
577 570 732 606 votum.
753 566 858 605 Item
871 567 1005 619 quoad
1018 565 1127 604 hanc

93 635 255 684 partem
274 640 357 668 non
377 628 510 668 solum
534 627 582 667 fit
608 631 751 667 votum
778 641 872 667 cum
899 628 1125 680 adjectione

95 692 213 745 quasi
234 691 479 730 affirmativa
496 719 511 739 ,
540 690 695 730 scilicet
725 691 849 730 dandi
882 689 1128 740 consangui-

94 746 186 793 ’11015
202 783 216 802 ,
242 752 354 791 verbi
376 750 522 803 gratia,
545 752 579 790 si
601 753 810 804 Superiori
829 754 965 792 visum
985 751 1126 799 fuerit,

94 814 167 855 sed
197 813 321 854 etiam
349 813 424 852 sub
449 813 694 853 limitatione
713 816 906 866 negativa
925 843 935 863 ,
956 813 1126 861 scilicet,

95 874 364 915 distribuendi
393 875 656 927 pauperibus,
673 876 753 915 nisi
770 888 822 916 ex
839 876 1029 916 facultate
1055 875 1130 913 Su-

95 937 268 989 perioris
281 965 294 985 ,
322 936 388 975 vel
408 949 457 975 ex
475 936 632 988 judicio
650 949 793 977 eorum
815 950 913 989 quos
933 938 1017 988 ipse
1038 947 1131 986 pro-

97 998 259 1038 baverit
275 1027 287 1046 ,
314 999 423 1037 aliud
458 999 590 1039 facere
613 1001 801 1051 expediat
815 1009 828 1049 ;
858 1010 956 1049 ergo
982 999 1053 1050 qui
1072 1004 1132 1038 te-

98 1071 212 1100 mere
232 1060 320 1098 sine
346 1060 416 1098 tali
444 1059 634 1100 facultate
659 1061 724 1099 vel
748 1060 954 1109 examine,
974 1070 1047 1098 suo
1067 1072 1132 1099 ar-

98 1120 224 1161 bitrio
243 1121 350 1161 hona
379 1122 573 1172 expendit
590 1123 635 1160 in
654 1133 751 1160 usus
770 1133 852 1160 non
875 1122 976 1172 piOS,
998 1122 1131 1160 delin-

100 1182 191 1234 quit
210 1182 253 1221 10
272 1183 442 1221 materia
463 1182 542 1221 voti
576 1184 846 1234 paupertatis;
876 1187 937 1222 est
957 1195 1056 1234 ergo
1081 1195 1133 1223 ex

103 1254 251 1295 genere
269 1255 341 1282 suo
363 1254 485 1293 grave
500 1248 735 1295 peccatum,
762 1244 855 1283 licet
885 1256 936 1284 ex
966 1244 1134 1284 levitate

98 1305 284 1351 {materiae
309 1306 435 1357 possit
463 1317 546 1345 esse
572 1306 747 1346 veniale.
777 1308 874 1355 Quae
915 1312 1053 1346 autem
1088 1309 1132 1346 in

100 1367 180 1407 1100
206 1368 370 1418 negotio
398 1368 448 1407 sit
479 1369 651 1408 materia
682 1370 818 1420 gravis
843 1370 907 1409 vel
935 1369 1047 1418 levis,
1083 1382 1134 1410 ex

100 1426 220 1469 dictis
234 1429 277 1467 iu
294 1432 404 1468 tomo
421 1430 683 1480 praecedenti,
704 1431 951 1482 disputando
969 1432 1019 1470 de
1036 1435 1131 1470 voto

99 1489 350 1541 paupertatis
371 1503 472 1542 pure
492 1491 680 1543 simplici,
715 1494 938 1543 petendum
965 1498 1038 1532 est.
1059 1494 1132 1532 So-

100 1549 189 1589 lum
209 1550 275 1589 hic
292 1552 549 1592 considerare
573 1553 791 1604 oportebit,
810 1555 907 1606 quia
926 1566 989 1594 res
1004 1585 1017 1603 ,
1041 1565 1133 1606 quae

96 1608 367 1671 expenditur,
400 1625 484 1653 non
510 1619 570 1653 est
597 1615 821 1667 religionis,
854 1617 924 1655 sed
950 1617 1132 1668 propria,

102 1677 146 1713 et
175 1675 273 1726 quia
298 1687 382 1714 non
418 1675 674 1727 delinquitur
706 1677 942 1728 usurpando
973 1682 1011 1717 et
1041 1678 1138 1716 reti-

102 1738 240 1777 nendo
264 1770 272 1786 ,
310 1739 418 1790 quod
454 1740 584 1790 magis
624 1745 829 1792 repugnat
870 1742 1105 1793 paupertati
1122 1770 1137 1791 ,

100 1803 232 1851 'quam
266 1800 483 1850 abdicatio,
516 1801 608 1841 ideo
635 1804 837 1853 majorem
865 1804 1139 1855 quantitatem

99 1862 284 1914 requiri,
312 1867 356 1902 ut
374 1863 650 1915 appropriatio
671 1864 764 1903 talis
782 1876 880 1904 usus
902 1865 970 1917 (ut
989 1866 1046 1904 ita
1077 1865 1138 1904 di-

103 1933 193 1963 11101
210 1925 223 1974 )
243 1935 365 1975 grave
395 1929 607 1976 peccatum
634 1930 860 1966 censeatur.
884 1927 931 1966 In
960 1927 1139 1979 particu-

101 1983 179 2026 lari
197 1997 293 2026 vero
318 1986 496 2038 prudens
516 1987 594 2026 viri
613 1987 831 2027 arbitrium
859 1989 1136 2028 necessarium

103 2047 193 2086 erit.

157 2111 195 2149 5.
221 2107 315 2150 Non
324 2110 542 2160 jiulz'cium,
559 2111 626 2151 sed
635 2111 816 2152 voluntas
833 2111 1067 2164 Superioris
1077 2123 1138 2153 re-

103 2172 215 2222 ponit
232 2171 546 2213 distributionem
566 2173 612 2212 in
630 2175 802 2214 materia
815 2175 909 2215 ooti.
922 2195 974 2204 -
987 2175 1141 2213 Notan-

106 2236 169 2271 ter
186 2236 324 2271 autem
352 2234 436 2272 dixi
455 2234 499 2273 in
519 2245 636 2274 num.
663 2237 700 2284 t,
728 2237 870 2278 addfta
903 2237 1141 2286 Superioris

106 2294 329 2342 voluntate,
357 2296 453 2346 quia
474 2308 557 2335 non
592 2296 688 2333 satis
715 2300 774 2335 est
807 2296 917 2347 quod
947 2297 1141 2348 Superior

106 2367 227 2395 suum
245 2356 444 2406 judicium
464 2357 714 2407 interponat,
745 2357 965 2408 judicando
997 2358 1137 2407 talem,

106 2416 174 2456 vel
190 2416 314 2455 talem
332 2416 662 2456 distributionem
681 2429 766 2457 esse
779 2419 1005 2469 meliorem,
1026 2426 1072 2458 ut
1092 2431 1146 2459 00

107 2478 195 2530 ipso
214 2478 384 2517 materia
402 2478 654 2518 describatur
678 2483 876 2532 tanquam
895 2482 1139 2531 necessaria,

106 2550 239 2591 neque
258 2544 304 2578 ut
321 2540 424 2578 alius
447 2552 544 2578 usus
562 2546 778 2580 censeatur
796 2547 843 2580 ut
861 2542 920 2582 rei
939 2543 1136 2594 propriae3

106 2601 219 2653 quia,
242 2612 324 2640 non
341 2601 526 2640 obstante
546 2601 617 2641 1110
638 2602 804 2653 Judicio,
821 2607 950 2655 potest
975 2605 1141 2644 concedi

107 2662 275 2702 facultas
292 2663 469 2713 eligendi
489 2663 599 2714 quod
624 2664 760 2703 minus
779 2664 934 2705 bonum
954 2670 1028 2715 est,
1048 2677 1141 2717 quae

109 2724 276 2764 facultas
294 2729 478 2776 respectu
497 2725 677 2777 religiosi
706 2730 767 2766 est
795 2727 921 2766 veluti
952 2728 1141 2779 quaedam

110 2786 343 2837 permissi03
376 2790 418 2826 et
448 2787 540 2826 ideo
572 2791 672 2827 tunc
706 2788 825 2828 aliter
862 2789 1140 2829 distribuendo

106 2857 233 2899 quam
259 2848 451 2899 Superior
477 2849 656 2901 judicet,
678 2849 772 2890 licet
793 2851 1027 2903 imperfecte
1051 2852 1138 2901 fiat,

111 2917 193 2948 non
210 2912 349 2948 tamen
366 2912 590 2951 necessario
606 2923 700 2951 cum
716 2912 852 2964 culpa,
873 2913 938 2952 vel
952 2913 984 2952 si
1001 2913 1140 2964 aliqua

107 2968 378 3010 admisceatur
392 2972 550 3011 ratione
571 2976 698 3011 status
717 2973 975 3024 perfectionis
996 2984 1140 3025 procu-

113 3029 266 3078 randae,
287 3031 352 3070 vel
376 3033 477 3082 voti,
498 3033 550 3072 ad
568 3044 777 3073 summum
805 3039 866 3074 est
885 3035 1071 3074 venialis.
1088 3036 1142 3074 At

115 3091 208 3148 yero
219 3091 382 3141 quando
397 3093 587 3146 Superior
602 3106 687 3134 non
706 3099 868 3135 tantum
886 3096 1056 3147 judicat,
1071 3096 1142 3136 sed

117 3149 241 3190 etiam
255 3152 344 3191 vult
361 3153 403 3192 id
419 3153 509 3194 fieri
526 3156 635 3208 quod
657 3157 802 3196 melius
830 3160 892 3196 est
907 3157 951 3196 in
969 3157 1040 3196 tali
1057 3168 1140 3196 ma-

117 3210 232 3259 ῑθῖἱῑ,
251 3212 337 3263 jam
353 3220 472 3265 urget
490 3219 704 3258 necessitas
726 3219 826 3267 voti,
845 3230 940 3258 cum
957 3230 1052 3259 usus
1071 3219 1141 3259 bo·

116 3282 265 3312 norum
284 3274 512 3325 prohibitus
526 3285 757 3332 usurpetur.
780 3281 894 3321 Idem
920 3292 1066 3325 censeo
1089 3282 1139 3331 si,

115 3333 415 3375 interveniente
438 3334 562 3378 dubio
579 3346 634 3379 an
661 3341 769 3382 bona
797 3343 881 3383 sint
899 3343 1142 3395 consangui-

115 3395 206 3437 neis
221 3395 515 3446 distribuenda,
539 3398 730 3451 Superior
751 3405 921 3444 omnino
947 3406 1143 3445 statueret

117 3460 165 3497 ut
178 3457 222 3497 id
235 3458 351 3499 fieret
365 3459 484 3511 juxta
500 3459 678 3502 formem
694 3464 1055 3515 constitutionum,
1073 3466 1145 3507 de·

114 3517 320 3571 5130011ᾱο
335 3519 437 3561 duos
453 3525 526 3562 aut
543 3526 624 3563 tres
641 3523 750 3564 vitos
775 3527 1013 3579 prudentes,
1039 3537 1147 3581 quo·

1983 37 2016 73 a:

416 157 420 161 -
478 131 571 168 ΟΑΡ.
590 130 648 167 Vl.
669 130 866 174 mim„
882 130 914 167 b
928 126 1210 170 sm
1226 129 1467 168 SOUETAOE
1486 130 1718 176 summe,
1737 127 1831 168 ltm-

1174 205 1269 237 rm
1286 196 1490 247 :iudicium
1507 196 1689 249 religiosi
1708 199 1952 250 sequentum
1976 203 2068 249 pari
2091 112 2214 277 εξ

1175 257 1301 298 modo
1314 257 1526 308 religiosus
1533 260 1754 309 tenebitur,
1773 270 1826 300 ex
1841 259 1884 300 vi
1895 259 1978 299 voti
1991 262 2209 312 pauperes-

1175 319 1244 368 tis,
1263 318 1380 358 inum
1399 319 1569 358 modum
1580 319 2125 370 mmmm,
2151 297 2211 360 os*

1175 380 1339 421 easdem
1357 379 1550 420 rationes.

1226 443 1270 483 6.
1300 441 1633 483 Distributionem
1660 440 1705 482 in
1730 443 1805 496 pia
1830 454 1950 497 opera
1971 454 2054 485 non
2077 440 2212 500 requi-1

1177 505 1261 546 sita
1279 504 1486 546 directione
1506 501 1744 556 Superioris
1768 505 1897 546 videri
1927 507 2098 556 licitam,
2130 516 2209 548 non

1179 567 1354 607 obstante
1383 569 1470 606 voto
1499 564 1834 617 paupertatis.——
1851 566 2028 609 Imomc
2056 576 2105 609 ew
2123 570 2210 608 voto

1180 628 1406 668 obedientia?
1427 627 1557 667 videri
1575 638 1664 667 eam
1684 626 2005 667 distributionem
2023 629 2215 688 impediri

1178 701 1305 742 posse.
1322 709 1375 718 -
1392 688 1542 728 lufeoes
1559 701 1567 727 :
1583 699 1704 738 ergo,
1722 685 1889 738 quando
1903 687 2116 739 religiosus
2132 689 2214 730 dis-

1182 751 1371 790 tribuerit
1396 751 1440 789 in
1460 761 1674 802 pauperes,
1695 748 1762 788 vel
1779 748 1862 788 alia
1881 748 1949 800 pia
1964 758 2104 800 opera,
2125 736 2216 791 00111

1183 812 1378 864 requisita
1397 812 1591 864 peculiari
1612 810 1840 863 Superioris
1866 809 2107 860 directione,
2140 802 2218 858 mi-{

1183 875 1294 914 nime
1309 874 1492 925 peccabit
1502 877 1647 913 eontra
1661 876 1804 911 votum
1820 873 2088 923 paupertatis,
2104 861 2219 932 quic-f

1182 936 1282 988 quid
1301 936 1366 983 sit,
1388 948 1442 974 an
1459 936 1695 987 imperfecte
1712 934 1779 973 vel
1797 933 2077 986 peccaminose
2093 934 2219 973 etiam

1184 998 1307 1038 faciat
1325 1002 1466 1036 contra
1488 998 1669 1038 debitam
1699 995 2089 1036 subordinationem.
2124 995 2220 1034 Pro-

1184 1061 1307 1100 batur
1329 1060 1473 1106 illatio,
1494 1060 1590 1111 quia
1611 1060 1696 1110 jam
1717 1070 1790 1111 pro
1813 1058 1887 1098 tali
1917 1057 2120 1097 bonorum
2139 1057 2223 1116 1115-ὰ

1185 1123 1387 1176 positione
1404 1126 1555 1161 certam
1572 1121 1696 1160 habet
1716 1119 1928 1161 Societatis
1947 1120 2220 1167 voluntatem,

1186 1186 1391 1238 siquidem
1417 1190 1457 1225 et
1480 1198 1530 1225 ea
1548 1184 1780 1224 distributio
1799 1183 1851 1223 de
1884 1195 1926 1223 se
1948 1183 2129 1222 studiosa
2143 1186 2221 1231 est,

1187 1252 1229 1290 et
1247 1249 1291 1287 in
1309 1247 1679 1288 Constitutionibus
1696 1258 1781 1286 non
1804 1245 2017 1285 invenitur
2043 1244 2226 1296 praescri·

1187 1314 1305 1363 ptum
1323 1321 1409 1350 0550
1427 1309 1584 1362 aliquid
1604 1309 1713 1348 circa
1734 1307 1902 1348 modum
1924 1306 2226 1347 observandum

1186 1373 1295 1412 inter
1319 1372 1429 1423 ipsos
1455 1383 1671 1424 pauperes,
1697 1374 1770 1410 aut
1788 1369 1966 1421 eligendi
1987 1369 2062 1408 hos
2090 1369 2228 1420 potius

1187 1444 1313 1484 quam
1324 1433 1429 1481 illos,
1443 1445 1576 1484 neque
1588 1433 1632 1471 in
1646 1432 1724 1471 hoc
1736 1432 1949 1482 negotium
1972 1431 2126 1482 aliquid
2141 1440 2231 1471 esse

1187 1494 1453 1534 commissum
1479 1494 1701 1546 Superiori,
1717 1494 1786 1534 sed
1798 1493 1932 1546 potius
1946 1493 2156 1533 invenitur
2167 1497 2230 1533 to-

1187 1560 1275 1595 tum
1297 1567 1381 1595 esse
1401 1555 1590 1595 relictum
1608 1556 1806 1597 devotioni
1826 1554 2038 1602 donantis;
2063 1559 2104 1594 et
2120 1554 2229 1604 ideo,

1188 1618 1283 1657 licet
1300 1618 1493 1669 Superior
1511 1618 1668 1670 judicet
1693 1617 1849 1669 aliquid
1870 1629 1955 1657 esse
1975 1617 2135 1665 melius,
2161 1629 2231 1656 ve-

1191 1680 1319 1731 litque
1334 1681 1391 1718 ita
1402 1680 1507 1729 fieri,
1523 1692 1607 1719 non
1628 1679 1850 1731 pertinebit
1866 1679 1909 1718 id
1923 1679 2057 1718 facere
2074 1678 2122 1717 ad
2147 1690 2234 1718 ma-

1191 1742 1339 1780 teriam
1354 1741 1622 1793 paupertatis,
1641 1740 1738 1792 quia
1757 1739 1858 1779 illud
1877 1740 1992 1779 nullo
2016 1739 2138 1779 modo
2154 1739 2234 1779 fuit

1193 1807 1433 1843 contentum
1447 1803 1491 1841 10
1512 1807 1628 1852 vot03
1650 1813 1783 1853 neque
1799 1801 2000 1849 subditus,
2021 1800 2141 1839 aliter
2154 1801 2233 1839 dis-

1193 1864 1411 1903 tribuendo
1431 1874 1555 1915 quam
1579 1862 1678 1903 velit
1699 1863 1907 1914 Superior,
1926 1861 2157 1902 censebitur
2173 1861 2235 1902 uti

1193 1925 1276 1964 suis
1299 1925 1433 1970 bonis,
1459 1929 1506 1963 ut
1532 1924 1721 1976 propriis,
1751 1924 1848 1975 quia
1875 1924 1925 1963 de
1955 1923 2036 1963 illis
2055 1923 2236 1974 disponit

1189 1987 1310 2038 juxta
1329 1986 1603 2035 voluntatem,
1622 1989 1669 2024 ut
1684 1986 1740 2025 sic
1754 1985 1906 2035 dicam,
1922 1985 2049 2038 ipsius
2070 1984 2235 2036 religio·

1194 2050 1274 2098 015,
1296 2049 1373 2088 1100
1392 2052 1452 2088 est
1469 2049 1587 2100 juxta
1606 2047 1778 2087 modum
1797 2048 1840 2086 in
1865 2047 2236 2087 Constitutionibus

1193 2111 1492 2163 praescriptum.
1514 2110 1629 2150 Unde
1648 2121 1866 2161 nunquam
1890 2109 2039 2159 poterit
2058 2124 2072 2160 ἰ
2108 2109 2235 2148 rticu-

1193 2173 1289 2212 laris
1310 2171 1505 2224 Superior
1523 2170 1740 2221 designare
1761 2170 1925 2210 subduc
1959 2175 2116 2210 certum
2151 2171 2236 2221 pie-

1194 2235 1290 2273 tatis
1310 2245 1411 2284 opus
1436 2233 1522 2286 (ut,
1558 2233 1674 2273 verbi
1694 2232 1844 2284 gratia,
1871 2231 1968 2271 dare
1998 2231 2097 2271 talia
2126 2231 2237 2273 bona

1195 2296 1411 2344 Societati)
1433 2299 1633 2346 tanquam
1653 2295 1872 2334 materiam
1891 2294 2162 2334 necessariam
2183 2300 2236 2335 aci

1195 2356 1523 2396 observationem
1537 2357 1621 2396 voti
1636 2355 1902 2409 paupertatis,
1924 2356 2018 2408 quia
2035 2355 2182 2395 nullibi
2198 2353 2236 2395 ei

1195 2430 1432 2458 concessum
1469 2423 1553 2467 est3
1589 2422 1630 2459 et
1667 2419 1852 2470 alioquin
1883 2430 1934 2458 ex
1972 2423 2121 2457 natura
2151 2417 2236 2456 voti

1195 2480 1446 2532 paupertatis
1465 2478 1542 2519 1100
1561 2480 1686 2519 etiam
1706 2480 1823 2532 sequi
1849 2492 1933 2519 non
1961 2480 2136 2520 videtur.
2172 2481 2236 2518 An

1195 2553 1292 2581 vero
1306 2553 1355 2580 ex
1369 2541 1410 2578 vi
1422 2541 1505 2579 voti
1522 2540 1765 2581 obedientiae
1785 2542 1914 2593 possit
1931 2540 1974 2580 id
1994 2542 2232 2594 praecipere,

1196 2603 1276 2642 alia
1298 2602 1470 2654 quaestio
1490 2606 1564 2651 est,
1583 2603 1627 2642 in
1648 2615 1729 2654 qua
1746 2603 1871 2642 etiam
1891 2602 2102 2654 probabile
2122 2602 2235 2641 vide-

1196 2668 1278 2711 tur,
1303 2663 1545 2714 regulariter
1579 2663 1787 2715 loquendo
1807 2695 1816 2712 ,
1842 2676 1926 2704 non
1960 2675 2102 2716 posse3
2138 2663 2238 2715 quia

1196 2738 1280 2765 11011
1301 2730 1360 2765 est
1376 2726 1495 2777 juxta
1515 2726 1848 2774 Constitutiones,
1873 2736 2007 2777 neque
2028 2730 2088 2765 est
2107 2729 2237 2767 mate-

1194 2788 1256 2827 ria
1274 2798 1346 2838 per
1364 2799 1406 2826 se
1422 2786 1635 2826 conferens
1651 2787 1702 2826 ad
1722 2786 1849 2826 finem
1866 2787 2058 2826 instituti.
2079 2787 2167 2826 1100
2182 2784 2235 2826 ad

1195 2850 1393 2899 maJorem
1417 2848 1505 2899 ejus
1525 2849 1747 2900 puritatem
1765 2851 1806 2888 et
1823 2852 2106 2900 paupertatem
2124 2848 2234 2888 vide-

1194 2916 1263 2950 tur
1295 2911 1516 2963 pertinere,
1547 2914 1593 2949 ut
1624 2922 1708 2949 non
1736 2911 1863 2963 possit
1896 2911 2090 2963 Superior
2126 2910 2232 2950 hanc

1194 2973 1475 3012 necessitatem
1502 2972 1715 3023 imponere
1735 2972 1919 3022 subdito,
1942 2972 2171 3024 praesertim
2190 2973 2232 3012 in

1194 3034 1339 3073 ordine
1372 3032 1424 3073 ad
1444 3033 1685 3073 donandum
1719 3033 1876 3086 aliquid
1913 3034 2107 3074 Societati
2124 3034 2133 3059 ¹
2153 3049 2163 3075 :
2194 3035 2234 3073 et

1194 3095 1286 3135 ideo
1317 3096 1362 3134 in
1396 3095 1710 3141 Constitutione,
1740 3106 1915 3135 numero
1934 3095 2070 3148 primo
2093 3095 2231 3145 citata,

1194 3168 1381 3209 expresse
1406 3157 1563 3196 dictum
1581 3156 1756 3208 legimus
1774 3170 1782 3197 :
1827 3157 1905 3206 Qui
1925 3160 2055 3199 motus
2071 3167 2146 3198 sua
2165 3157 2231 3196 de-

1193 3221 1358 3261 votione.
1383 3219 1433 3258 Et
1453 3220 1497 3258 in
1516 3220 1661 3259 eodem
1684 3230 1805 3259 sensu
1824 3218 1982 3259 dictum
2007 3231 2090 3259 esse
2109 3228 2230 3269 appa-

1193 3286 1271 3331 ret,
1291 3281 1402 3334 quod
1424 3280 1468 3320 in
1487 3291 1635 3321 canon.
1655 3281 1778 3321 tertio
1794 3281 1983 3321 secundae
2002 3281 2232 3329 Congrega-

1192 3341 1318 3384 tionis
1334 3343 1537 3396 generalis
1555 3342 1719 3393 dicitur,
1738 3352 1787 3383 ea
1801 3354 1893 3396 quae
1909 3341 2171 3382 continentur
2185 3336 2231 3378 in

1246 3463 1267 3494 ἲ
1290 3463 1392 3508 Vide
1409 3466 1725 3509 instructionem
1742 3464 1787 3508 P.
1808 3461 1967 3506 claudii
1988 3468 2066 3516 pro
2091 3455 2228 3504 disni-

1196 3528 1366 3569 butione
1385 3529 1589 3569 facienda.
