2352 3880
145 181 255 223 m
318 187 325 190 ,

428 184 506 220 ιιι
528 183 570 218 Χ.
593 183 649 218 m:
666 181 866 217 namma
882 182 1139 225 sumanus,
1157 183 1215 220 ιιι
1234 182 1555 224 conscensurus
1572 183 1632 219 ιιι
1649 150 1864 236 namra
1881 159 2000 228 '1an

142 249 281 291 debita
303 249 564 301 eorreptione
580 252 622 287 et
636 248 752 299 Justa
780 247 1033 300 punitione3
1048 249 1101 290 de
1120 248 1187 290 his
1239 248 1413 290 secundo
1431 247 1541 288 idem
1555 247 1898 311 incommodum,
1902 265 2005 299 mm
2033 251 2118 311 qni
2142 263 2209 293 ιη

150 322 252 362 ergo
269 310 448 351 breviter
465 307 690 348 dicendum
708 311 784 348 est.

1237 310 1363 352 riores
1394 313 1506 360 sunt,
1538 309 1655 351 brevi
1673 307 1856 363 tempore
1884 317 2108 370 mutantur,
2125 322 2167 359 et
2192 337 2213 362 u
2231 301 2317 373 ,χ

192 373 234 413 2.
259 369 382 414 Ratio
404 369 614 411 dubitandi
629 381 702 423 per
714 368 916 412 dilemma.
920 368 1180 424 —Arquitur
1234 372 1359 414 etiam
1390 369 1544 411 subditi
1577 370 1630 412 ab
1649 384 1734 413 una
1766 372 1889 414 domo
1917 373 1968 417 in-
1984 376 2111 420 aliam
2135 379 2215 420 fac·
2240 380 2258 427 fi
2286 376 2317 402 2‘

136 437 281 477 eontra
329 432 511 484 primum
559 431 777 472 membrum
825 431 1085 474 dilemmatis.
1123 453 1179 465 —
1232 436 1582 482 transmutantur,
1615 437 1738 487 atque
1778 434 1838 474 ita
1873 424 2146 481 necessarium
2179 430 2271 489 eiii
2288 441 2314 485 3

134 494 344 546 Arquuur
367 496 506 534 contra
532 493 746 534 secuudum
776 494 994 536 mmbrum
1024 495 1177 546 duplici

139 555 393 599 inconmodo.
407 575 462 585 -
490 554 678 596 Primum
705 556 1010 598 incommodum.
1027 577 1081 586 —
1098 556 1172 598 Az-

140 621 269 658 terum
297 616 663 658 incomnwdum.—
687 616 741 657 Ut
775 629 873 658 vero
892 619 1033 670 primae
1065 617 1173 670 parti

139 678 371 718 satisfacere
403 678 671 730 incipiamus,
701 690 726 718 a
767 679 926 720 ratione
966 680 1173 720 conscien-

137 740 205 779 tiae
220 740 447 780 ordiemur.
478 741 554 780 Per
571 740 774 780 rationem
794 744 934 780 autem
965 741 1172 780 conscien-

136 801 206 841 tiae
223 801 494 853 intelligimus
522 801 896 841 manifestationem
924 804 1052 841 status
1076 813 1170 842 eon·

135 862 314 903 scientiae
358 862 534 915 propriae
550 892 559 910 ‚
588 874 714 914 quam
748 862 933 901 subditus
971 862 1068 902 facit
1096 863 1170 903 Su-

134 923 300 975 periori,
320 927 367 963 ut
402 923 456 963 ab
486 935 534 963 eo
570 923 717 962 intime
766 927 1050 974 cognoscatur,
1081 927 1167 965 tam

133 985 179 1025 in
203 984 401 1032 moribus,
423 995 548 1036 quam
582 983 626 1023 in
657 983 871 1024 affectibus
906 985 972 1025 vel
997 998 1168 1038 propen-

132 1046 316 1087 sionibus
350 1045 432 1084 suis
443 1060 454 1093 3
489 1055 538 1085 ex
572 1056 652 1096 qua
688 1046 798 1086 vocis
831 1046 1166 1099 interpretatione

130 1107 270 1148 statim
300 1105 430 1145 oritur
458 1104 671 1144 dubitandi
704 1107 821 1154 ratio,
848 1108 946 1159 quia
978 1108 1044 1147 vel
1077 1107 1166 1148 haec

130 1166 405 1210 manifestatio
431 1167 642 1217 Superiori
658 1167 848 1207 iacienda
868 1171 927 1207 est
946 1168 990 1207 in
1009 1168 1165 1209 confes·

129 1229 243 1269 sione
263 1227 563 1275 sacramentali,
583 1228 648 1267 vel
683 1232 797 1268 extra
826 1228 953 1268 illam.
979 1229 1164 1270 Primum

129 1288 311 1332 dicinon
326 1293 476 1341 potest,
499 1289 600 1328 alias
627 1293 667 1329 et
698 1290 979 1341 obligarentur
1010 1290 1164 1330 subditi

126 1350 179 1391 ed
197 1349 474 1390 confitendum
495 1351 720 1402 Superiori,
742 1356 783 1391 et
801 1352 1000 1391 confessio
1031 1364 1162 1391 sacra—

126 1412 317 1453 mentalis
335 1413 592 1452 ordinaretur
615 1413 665 1453 ad
694 1414 939 1453 exteriorem
961 1413 1162 1464 guberna-

125 1473 296 1521 tionem,
318 1484 408 1525 quae
428 1473 508 1512 duo
528 1474 704 1513 absurda
724 1479 833 1523 sunt,
855 1479 895 1514 et
916 1475 1008 1514 ideo
1037 1487 1161 1526 supra

125 1534 378 1575 ostendimus
397 1547 484 1574 esse
500 1535 636 1575 aliena
655 1536 706 1575 ab
723 1537 908 1575 instituto
928 1537 1159 1585 Societati53

125 1596 350 1636 seeundum
364 1601 503 1636 autem
524 1602 566 1636 et
583 1597 743 1637 videtur
759 1598 882 1636 nimis
899 1598 1050 1637 durum
1070 1598 1162 1637 sub-

125 1658 235 1706 ditis,
257 1662 296 1698 et
316 1670 466 1710 parum
494 1658 593 1697 utile
626 1660 806 1698 Praelatis
826 1657 876 1697 ad
895 1659 1162 1710 gubernatio-

123 1731 235 1760 nem.
258 1720 440 1759 Primum
467 1720 776 1760 incommodum
797 1724 922 1772 patet,
945 1721 1041 1772 quia
1067 1732 1159 1771 ape-

123 1783 206 1823 rire
231 1794 326 1821 suos
339 1782 518 1821 defectus
534 1787 574 1822 et
592 1787 745 1822 secreta
763 1783 893 1821 cordis
913 1787 1028 1821 extra
1049 1782 1159 1832 sigil-

122 1841 207 1884 lum
238 1844 519 1892 confessionis,
539 1845 828 1883 difficillimum
848 1850 921 1892 est,
954 1853 1040 1882 tum
1069 1855 1159 1895 pro-

122 1909 212 1957 pter
229 1906 541 1944 infamationem
561 1907 622 1944 sui
642 1918 739 1956 erga
755 1907 976 1957 ipsummet
1003 1904 1156 1944 Praela-

122 1970 228 2014 tum,
246 1970 336 2005 tum
375 1970 539 2017 propter
575 1967 801 2017 periculum
828 1978 879 2004 ne
901 1966 1096 2004 Praelatus
1115 1966 1158 2005 id

122 2027 214 2068 aliis
232 2027 479 2077 manifestet,
500 2027 566 2067 vel
585 2028 692 2066 hono
712 2028 812 2076 zelo,
834 2031 874 2066 et
910 2039 995 2066 non
1015 2039 1157 2066 seeun—

122 2088 223 2128 dum
242 2089 473 2137 scieutiam,
485 2089 550 2128 vel
562 2102 636 2141 per
661 2089 956 2140 negligentiam
976 2088 1157 2140 aliquam

122 2161 195 2190 seu
212 2150 575 2193 inadvertentiam,
611 2154 681 2189 aut
712 2155 820 2189 certe
858 2150 1065 2188 interdum
1087 2162 1157 2201 per

120 2212 442 2260 aemulationem,
461 2211 675 2259 invidiam,
686 2211 924 2258 vindictam,
937 2215 1009 2249 aut
1030 2211 1155 2250 alium

119 2274 295 2314 similem
322 2274 534 2324 affectum
557 2278 645 2312 tum
683 2274 859 2324 denique
883 2276 1047 2324 propter
1076 2272 1157 2311 alia

119 2335 380 2377 incommoda
399 2335 547 2387 quibus
576 2335 793 2386 exponitur
816 2334 1019 2382 subdituS,
1038 2334 1095 2372 ita
1114 2345 1156 2372 se

119 2398 419 2438 manifestando
438 2397 618 2437 Praelatis
634 2398 729 2444 suis,
755 2396 851 2447 quia
870 2395 920 2433 ob
943 2407 1035 2433 eam
1063 2407 1156 2433 cau-

120 2469 207 2498 sam
228 2461 391 2510 poterit,
410 2458 477 2497 vel
502 2458 704 2497 removeri
724 2456 774 2495 ab
794 2455 950 2503 officiis,
973 2454 1038 2493 vel
1066 2455 1155 2494 loco

119 2521 286 2570 mutari,
305 2520 369 2559 vel
389 2520 478 2559 aliis
489 2518 692 2558 similibus
705 2518 836 2557 modis
851 2517 957 2556 male
972 2518 1152 2566 tractari,

120 2585 162 2622 et
186 2582 279 2621 ideo
297 2582 460 2620 videtur
486 2581 553 2620 hic
586 2580 738 2620 habere
771 2579 905 2619 locum
937 2579 1155 2618 consilium

119 2642 408 2695 chrysostomi,
424 2643 537 2682 hom.
557 2643 603 2682 31
625 2643 675 2681 ad
692 2641 815 2681 Hebr.
834 2652 844 2680 :
863 2641 960 2683 Nou
979 2641 1061 2682 dico
1079 2642 1156 2682 tibi

118 2710 165 2747 ut
183 2710 218 2747 te
235 2707 399 2759 prodas,
419 2717 540 2758 neque
559 2706 667 2758 apud
679 2706 806 2744 alium
823 2715 989 2745 accuses.
1017 2704 1067 2743 Et
1086 2714 1155 2744 au-

118 2772 239 2819 getur
254 2769 386 2819 prima
407 2767 623 2806 difficultas
638 2778 708 2805 seu
729 2766 1052 2813 incommodum,
1073 2766 1156 2817 pri·

119 2841 204 2875 mo,
227 2830 322 2880 quia
335 2830 368 2868 si
388 2829 474 2868 haec
491 2828 767 2868 manifestatio
787 2827 859 2866 uni
875 2832 1036 2866 tantum
1053 2827 1155 2866 Prae-

119 2888 203 2929 lato
222 2894 325 2929 esset
338 2890 543 2940 facienda,
562 2894 603 2930 et
621 2901 717 2929 cum
736 2889 807 2928 illo
828 2888 913 2927 solo
934 2893 1038 2927 esset
1049 2900 1154 2927 sem-

119 2961 194 3003 per
225 2951 517 2999 continuanda,
554 2950 699 2990 saltem
729 2962 804 3001 pro
840 2953 1024 2999 tempore
1060 2949 1153 2988 vitae

118 3013 221 3064 ejus,
240 3016 344 3052 esset
369 3024 433 3051 res
471 3017 695 3063 utcumque
732 3010 979 3058 tolerabili53
1014 3014 1153 3049 tamen

119 3072 263 3116 hocin
283 3072 483 3113 Societate
498 3085 583 3113 non
608 3073 778 3120 sufficit;
803 3071 900 3124 quia
930 3071 1020 3111 haec
1048 3071 1154 3112 ratio

118 3134 380 3180 eonscientiae
399 3145 484 3173 non
506 3133 582 3173 soli
617 3133 807 3173 Generali
825 3132 1034 3173 reddenda
1065 3137 1151 3182 est;

119 3195 206 3250 imo
225 3196 346 3247 pauci
361 3198 458 3235 sunt
474 3196 545 3247 qui
561 3194 607 3234 in
622 3194 841 3247 praesentia
858 3195 1011 3246 possint
1029 3194 1069 3233 id
1093 3194 1151 3234 fa·

119 3269 241 3300 cere:
264 3257 316 3296 ab
340 3256 578 3296 absentibus
602 3259 744 3295 autem
773 3259 814 3295 et
851 3267 925 3307 per
950 3254 1150 3306 scriptum

120 3331 198 3362 nec
219 3319 283 3368 fit,
299 3329 377 3358 nec
391 3317 599 3359 ordinarie
628 3315 720 3358 fieri
752 3316 931 3384 expedit.
965 3317 1051 3356 Imo
1073 3329 1150 3356 nec

115 3381 196 3422 soli
217 3378 462 3421 provinciali
488 3378 579 3418 fieri
607 3377 742 3428 debet,
760 3378 859 3446 quia
892 3389 978 3416 non
1012 3377 1149 3417 minus

116 3442 311 3494 indigent
331 3441 404 3481 illa
416 3440 579 3489 notitia,
600 3441 674 3492 qui
691 3439 878 3491 proxime
890 3438 1146 3490 gubern-ant
1133 3468 1147 3491 ,

117 3503 326 3557 oportebit
342 3515 440 3554 ergo
475 3501 661 3554 pluribus
692 3500 977 3552 Superioribus
1002 3513 1044 3540 se
1064 3513 1151 3540 ma-

113 3565 315 3611 nitestare
338 3565 464 3605 etiam
482 3575 558 3616 pro
589 3562 737 3605 eodem
750 3565 949 3614 ternpore.
972 3563 1154 3613 Augetur

1229 494 1453 546 unicuique
1482 493 1645 534 subdito
1668 495 1882 547 paulatim,
1914 507 1986 536 seu
2021 501 2263 554 successive,

1227 567 1269 596 se
1287 554 1549 596 manifestare
1580 555 1770 608 plurimis
1797 556 1993 607 PraelatiS,
2014 561 2056 599 et
2086 559 2302 614 tortasse

1227 620 1335 656 intra
1354 628 1504 668 paucos
1522 629 1653 658 annos
1680 630 1723 658 se
1745 618 2009 659 manifestare
2024 618 2108 659 fere
2123 621 2273 671 omni·⁴

1225 676 1301 716 bus
1338 677 1595 728 gravioribus
1630 677 1814 730 patribus
1859 679 2111 732 provinciae,
2146 662 2314 740 queck}

1225 742 1331 778 certe
1351 742 1411 778 est
1447 750 1637 791 asperum
1663 751 1709 779 ac
1728 740 1902 781 difficile.
1926 741 2080 781 Deinde
2113 751 2295 785 seeum,
2293 744 2307 798 ζ
2336 760 2346 788 ς

1224 799 1323 839 dum
1342 800 1646 840 incommodum
1686 800 1935 852 declaratur,
1957 803 2054 854 quia
2071 792 2259 844 testimo-¹
2278 811 2307 855 ’,ς
2348 802 2352 817 ³

1224 861 1342 901 nium
1360 861 1565 902 hominis
1554 875 1598 901 m
1617 875 1660 903 re
1680 863 1845 915 propria
1863 876 1947 904 non
1965 868 2026 904 est
2041 867 2156 903 tanta
2172 859 2259 914 fide
2292 854 2303 905 ᾖ

1224 923 1412 975 dignum,
1434 928 1481 964 ut
1502 924 1627 976 possit
1653 925 1884 965 Praelatus‘
1873 938 1918 965 m
1945 937 1994 965 eo
2012 925 2088 965 niti
2109 925 2161 965 ad
2177 937 2255 978 gu·
2286 939 2308 984 ἦ

1222 984 1480 1026 bernandum
1498 985 1707 1026 subditum
1718 1002 1729 1035 3
1743 991 1813 1026 aut
1823 987 1934 1028 enim
1954 986 2072 1027 debet
2086 987 2146 1027 illi
2165 987 2260 1028 ere?
2292 1003 2309 1038 k?

1221 1047 1332 1095 dere,
1354 1052 1439 1088 tam
1453 1047 1557 1088 bene
1580 1059 1705 1099 quam
1724 1048 1831 1088 male
1851 1049 1901 1089 de
1924 1060 1966 1088 se
1993 1048 2193 1101 loquenti,
2211 1051 2253 1091 et
2280 1051 2310 1108 *3³33
2350 1059 2352 1104 j

1221 1109 1277 1148 sic
1291 1108 1411 1150 facile
1428 1110 1576 1162 poterit
1598 1109 1651 1149 ab
1671 1122 1718 1150 eo
1744 1109 1893 1163 decipi,
1919 1111 2015 1163 quia
2034 1110 2250 1162 unusquis·

1219 1182 1297 1222 que
1316 1170 1420 1211 bene
1438 1171 1487 1211 de
1513 1183 1555 1211 se
1587 1171 1710 1211 sentit
1729 1175 1769 1211 et
1790 1170 1972 1224 loquitur
1990 1183 2001 1221 ς
2035 1171 2134 1221 imo,
2155 1171 2253 1212 licet
2302 1168 2311 1183 ⁸

1218 1244 1301 1272 non
1329 1233 1492 1282 sentiat,
1513 1233 1768 1285 frequentius
1785 1233 2016 1272 dissimulat
2033 1237 2105 1273 aut
2137 1245 2250 1272 men·
2297 1245 2301 1270 ·.
2332 1273 2342 1289 ο

1217 1293 1332 1342 titur,
1351 1295 1417 1334 vel
1451 1295 1594 1334 saltem
1631 1294 1812 1334 desectus
1836 1298 2047 1343 extenuat,
2067 1298 2106 1335 et
2141 1293 2249 1335 bona
2299 1287 2347 1348 2²³2

1217 1359 1463 1406 exaggerat;
1482 1356 1547 1395 vel
1568 1356 1762 1407 Superior
1782 1355 1902 1395 debet
1930 1356 2092 1396 credere
2123 1355 2248 1405 mala,
2330 1360 2346 1370 ³

1216 1421 1256 1456 et
1278 1428 1362 1456 non
1383 1417 1506 1467 bona,
1529 1421 1568 1458 et
1587 1418 1631 1456 in
1650 1418 1727 1456 hoc
1745 1417 1941 1469 injuriam
1966 1418 2117 1457 faceret
2152 1417 2249 1470 ipsis

1217 1477 1404 1527 subditis,
1423 1483 1463 1518 et
1491 1478 1559 1518 vix
1580 1482 1711 1530 posset
1731 1491 1799 1518 eos
1815 1479 2026 1518 commode
2046 1479 2251 1530 guberna-

1214 1552 1277 1589 re,
1293 1544 1363 1579 aut
1392 1540 1450 1580 eis
1472 1541 1533 1579 uti
1553 1540 1605 1579 ad
1641 1540 1777 1592 aliqua
1803 1540 2046 1588 ministeria,
2069 1542 2164 1592 quia
2197 1534 2254 1583 de'

1214 1601 1404 1641 omnibus
1436 1601 1608 1641 haberet
1640 1602 1777 1641 minus
1803 1601 1954 1642 bonam
1983 1601 2248 1642 existimatio-

1214 1675 1326 1712 nem,
1348 1675 1471 1715 quam
1490 1675 1564 1715 par
1581 1667 1702 1704 esset.

1215 1759 1325 1805 Ouid
1357 1758 1466 1801 circa
1488 1760 1682 1801 rationem
1699 1759 1959 1802 conscientiae
1977 1759 2022 1800 in
2054 1757 2263 1803 Societate-

1585 1825 1781 1862 statutum
1806 1823 1878 1862 sit.

1266 1908 1307 1948 3.
1336 1908 1581 1949 Declaratur
1599 1909 1777 1959 primum
1795 1912 1988 1960 punctum
2023 1909 2068 1950 de
2091 1912 2244 1960 profes-

1212 1969 1287 2018 sis,
1309 1981 1354 2010 ac
1373 1982 1448 2009 non
1464 1972 1728 2018 professis.—-—
1747 1970 1860 2008 Circa
1878 1975 2120 2020 praesentem
2140 1970 2244 2010 diffi-

1213 2031 1406 2070 cultatem
1435 2034 1585 2082 puncta
1630 2034 1803 2081 quatuor
1843 2031 2083 2082 explicanda
2117 2037 2244 2073 sunt:

1212 2093 1361 2144 primo,
1383 2093 1481 2144 quid
1509 2092 1553 2131 in
1583 2092 1660 2131 hoc
1693 2093 1868 2132 Societas
1901 2093 2085 2132 observet
2104 2105 2244 2133 secuu-

1213 2155 1311 2193 dum
1332 2166 1448 2193 suam
1477 2154 1688 2205 regulam3
1712 2154 1906 2198 secundo,
1932 2166 2055 2204 quam
2083 2155 2133 2193 sit
2166 2154 2244 2195 hoc

1212 2220 1531 2255 consentaneum
1569 2216 1805 2267 antiquitati
1840 2215 2064 2266 religionis,
2085 2221 2126 2255 et
2154 2228 2244 2268 pro—

1210 2277 1377 2316 fessioni
1396 2276 1654 2328 perfeetionis
1667 2292 1678 2325 ;
1693 2278 1829 2326 tertio,
1847 2277 1899 2315 ad
1916 2277 2024 2328 quod
2044 2281 2244 2318 secretum

1211 2339 1306 2376 inde
1331 2338 1526 2377 Praelatus
1552 2338 1778 2389 obligetur3
1805 2342 1948 2390 quarto
1987 2339 2162 2390 denique
2192 2337 2245 2379 ad

1211 2411 1333 2450 quem
1354 2399 1479 2438 finem
1508 2404 1548 2438 et
1573 2411 1691 2438 usum
1721 2399 1809 2438 haec
1849 2401 1996 2439 notitia
2014 2400 2242 2450 ordinetur,

1211 2465 1251 2500 et
1284 2474 1308 2500 a
1344 2460 1550 2513 Superiori
1586 2461 1782 2513 applicari
1824 2462 1974 2513 possit;
2011 2474 2062 2501 ex
2095 2461 2244 2513 quibus

1211 2523 1335 2561 etiam
1370 2523 1570 2562 constabit
1594 2527 1795 2574 quantum
1835 2523 1994 2563 differat
2024 2522 2108 2562 haec
2137 2523 2243 2562 ratio

1210 2584 1464 2623 eonscientiae
1502 2596 1527 2622 a
1572 2584 1820 2624 confessione
1852 2584 2163 2632 sacramentali,
2202 2589 2243 2624 et

1210 2635 1418 2684 solventur
1452 2646 1629 2685 rationes
1665 2645 1891 2684 dubitandi.
1917 2645 2029 2684 Circa
2061 2645 2241 2695 primum
2297 2667 2323 2699 ‘-

1209 2707 1352 2758 regula
1373 2707 1583 2746 Societatis
1604 2710 1678 2755 est,
1692 2710 1738 2744 ut
1755 2706 1892 2745 statim
1911 2705 1962 2744 ab
1982 2706 2068 2757 ipso
2087 2707 2240 2755 ingres-

1212 2781 1258 2807 su
1275 2781 1417 2807 omnes
1437 2780 1478 2807 se
1512 2768 1698 2819 aperiant
1732 2766 1954 2817 Superiori,
1976 2771 2015 2805 et
2051 2766 2242 2819 deinceps

1210 2830 1252 2869 in
1288 2831 1472 2868 discursu
1492 2830 1601 2877 vitae,
1620 2841 1693 2879 per
1711 2832 1821 2867 certa
1839 2833 1877 2866 et
1900 2827 2111 2878 designata
2136 2825 2238 2872 tem÷

1208 2903 1322 2959 pora,
1353 2891 1395 2929 id
1424 2893 1746 2941 prosequantur;
1767 2889 1845 2928 hoc
1884 2893 2044 2928 constat
2073 2901 2123 2929 ex
2136 2889 2239 2928 Exa-

1208 2952 1335 3000 mine,
1355 2963 1441 3003 cap.
1461 2953 1501 2999 4,
1520 2951 1544 3003 ξ
1561 2952 1625 3000 34,
1643 2952 1692 2991 35
1713 2954 1753 2990 et
1772 2952 1839 3000 36,
1860 2950 1903 2989 in
1918 2962 2093 3003 quorum
2107 2951 2239 3002 primo
2309 2940 2330 2978 -’

1207 3013 1265 3051 sic
1277 3013 1452 3052 dicitur:
1474 3013 1534 3054 Re
1562 3012 1607 3052 iu
1627 3013 1797 3052 Domino
1821 3011 2084 3060 consideratu,
2107 3012 2239 3052 virum

1207 3075 1318 3115 nobis
1337 3079 1394 3115 est
1421 3074 1465 3114 iu
1485 3074 1630 3115 diviuoe
1662 3075 1897 3126 MaJestacis
1931 3077 2238 3125 conspectam&

1206 3146 1297 3176 rum
1315 3137 1360 3176 iu
1379 3136 1535 3177 modum
1560 3137 1754 3186 conferre,
1774 3139 1821 3177 ut
1851 3134 2135 3188 Superioribus
2146 3123 2237 3175 sub*-

1205 3197 1284 3238 diti
1308 3198 1463 3238 omuino
1485 3197 1684 3250 perspecto·
1703 3198 1804 3246 siut,
1837 3208 1913 3250 quo
1932 3197 2075 3237 melius
2092 3195 2180 3248 reqi
2199 3197 2236 3241 a
2276 3194 2283 3210 ’·

1204 3258 1436 3308 euhemeri,
1458 3262 1496 3300 et
1525 3270 1600 3311 per
1630 3269 1694 3299 eos
1721 3259 1767 3298 in
1802 3259 1910 3298 viam
1930 3257 2094 3298 Domini
2111 3254 2234 3313 diripi

1199 3319 1370 3370 possint.
1381 3319 1564 3359 Deinde·
1553 3331 1598 3358 111
1606 3320 1657 3359 35
1672 3319 1841 3359 dicitur:
1857 3318 2076 3366 Praeterea,
2088 3317 2234 3370 quanto

1205 3380 1382 3422 erectius
1399 3381 1635 3435 Superiores
1651 3393 1714 3421 res
1724 3382 2042 3422 omnesinternas
2057 3382 2092 3420 et
2102 3379 2174 3418 eet

1203 3452 1279 3482 uas
1291 3453 1452 3484 suorum
1470 3443 1664 3492 noverint,
1678 3445 1792 3484 tauto
1809 3440 1958 3495 mesori
1975 3418 2230 3490 eumdilt‘ffeaess

1205 3503 1280 3551 tia,
1291 3502 1887 3556 amoreeteollicitudiuejawaro
1895 3514 1972 3552 eos,
1983 3501 2234 3557 ipsorumque

1209 3565 1382 3615 animas,
1400 3578 1425 3606 a
1438 3565 1568 3607 variis
1583 3565 1703 3606 malis
1720 3569 1758 3606 et
1767 3563 1962 3617 perieulis
1969 3572 2061 3613 Μ
2075 3556 2094 3598 ί
2107 3571 2120 3597 2·
2132 3568 2244 3630 PHb-2·

2254 3678 2274 3703 Η
2304 3685 2306 3699 ι

2240 3734 2270 3880 ξε
2298 3721 2317 3756 ξ
