2352 3880
196 23 227 33 ,η
291 0 741 57 feffwftww2W-rss·
791 0 903 66 *31
938 18 957 32 ,η
983 0 992 26 z=

199 35 271 63 ⁴
340 51 517 92 ο
619 49 622 51 “
688 36 803 108 ⁸⁸?
905 51 912 64 ·
978 40 1008 75 ³⁹

899 106 1057 147 ,μ’

239 115 242 117 -
381 112 386 124 a

118 168 131 178 ι
177 144 204 180 ⁰
246 139 256 148 Β
268 148 271 149 ⁷
319 161 335 180 ἱ

201 207 210 221 x

27 317 33 322 ·
78 292 391 355 intelligendam
424 313 510 342 esse
538 301 761 341 seeundum
786 311 1002 341 commune
1023 300 1104 352 jus,

81 369 125 407 et
147 375 242 405 cum
276 362 496 414 partitione
531 361 824 412 accommoda3
849 362 1106 413 excipiuntur

26 459 42 468 ..
81 426 194 469 enim
214 424 399 465 Pontifex
424 428 464 464 et
484 424 741 476 Praepositus,
758 422 829 462 sed
859 435 953 463 cum
970 422 1105 463 distri-

81 486 249 528 butione
266 485 541 533 accommoda,
557 489 606 524 ut
622 485 833 535 utriusque
846 484 1008 525 licentia
1025 483 1105 525 suf-

81 547 206 596 ficiat,
238 552 437 599 quatenus
453 550 585 598 potest
606 545 720 585 illam
751 546 849 586 dare
879 546 1103 585 secundum

76 610 148 662 jus
162 621 392 655 commune,
406 607 612 648 Pontificis
621 607 804 658 quidem,
818 612 1002 659 respectu
1017 617 1106 645 om-

80 672 199 712 nium
222 670 482 720 religionum,
497 669 706 719 Praepositi
725 673 879 717 autem,
899 670 940 708 in
963 668 1106 714 ordine

80 732 133 774 ad
151 733 396 772 strictiorem
407 730 471 770 vel
482 730 693 781 aequalem.
711 730 808 779 Quae
826 731 1033 782 responsio
1045 732 1105 770 est

19 799 22 802 ⁴
78 803 295 845 apparenS,
316 792 414 844 quia
442 790 567 832 verba
592 796 687 831 sunt
710 792 933 832 secundum
954 793 1022 844 jus
1043 791 1107 831 in-

25 871 32 878 *
78 853 354 907 terpretanda,
378 854 556 893 maxime
580 853 745 905 quaudo
773 866 858 894 non
880 853 1107 894 concedunt

79 916 231 956 directe
255 915 532 968 privilegium,
553 914 625 954 sed
646 915 775 955 solum
791 915 993 967 explicant
999 914 1106 967 juri-

78 976 213 1018 dicam
229 977 508 1028 exceptionem
522 990 533 1026 ;
548 977 655 1016 sicut
670 978 780 1016 enim
802 981 984 1030 respectu
1002 977 1107 1016 Pon-

78 1038 197 1080 tifiois
205 1039 378 1091 jiiridica
392 1043 465 1088 est,
481 1049 555 1079 cur
574 1049 658 1077 non
673 1039 795 1078 etiam
808 1044 990 1091 respectu
1002 1039 1107 1078 Prae-

77 1101 201 1152 positi
220 1101 451 1151 generalis?
470 1099 528 1139 Ad
550 1100 768 1139 minimum
802 1111 899 1150 ergo
919 1102 1007 1139 erat
1040 1110 1107 1139 res

78 1160 219 1208 dubia,
234 1166 276 1201 et
294 1161 346 1201 ad
370 1161 592 1202 tollendam
620 1161 933 1210 dubitationem,
952 1161 1108 1212 Grego-

76 1223 164 1264 rius
181 1223 273 1264 XIII
289 1234 520 1276 expressam
547 1221 645 1261 fecit
670 1223 985 1269 concessionem,
1004 1222 1108 1261 dans

77 1283 313 1327 facultatem
331 1285 547 1337 Praeposito
560 1283 740 1333 generali
759 1283 1005 1323 concedendi
1016 1295 1106 1334 pro·

76 1345 193 1387 fessis
230 1345 441 1387 licentiam
490 1345 729 1388 transeundi
763 1345 815 1386 ad
863 1345 1108 1396 religionem

77 1407 203 1450 aliam
234 1407 448 1457 laxiorem,
468 1411 515 1447 ut
541 1407 624 1448 illis
645 1406 780 1447 verbis
809 1406 1019 1446 evidenter
1038 1417 1110 1447 ex·

77 1468 296 1522 primitur,
325 1470 456 1517 paris,
485 1469 673 1516 laxioris,
700 1472 774 1509 aut
792 1468 1016 1508 strictioris
1043 1466 1109 1507 ob·

79 1530 289 1571 servantioe
307 1530 495 1576 ordinem,
515 1540 587 1581 per
611 1531 747 1581 ipsum
766 1527 1037 1581 Praepositum
1054 1526 1109 1570 it-

77 1590 133 1632 lis
146 1592 496 1642 praescribendum.
514 1592 589 1631 Per
621 1602 714 1642 qnae
729 1589 873 1629 ultima
898 1588 1024 1629 verba
1048 1589 1110 1628 vi-

80 1651 199 1692 detur
218 1652 387 1691 limitari
411 1652 489 1691 hoc
511 1651 737 1698 Iudultum‚
760 1653 818 1699 ut,
835 1650 1001 1698 scilicet,
1026 1661 1111 1691 non

78 1713 204 1766 possit
225 1712 466 1764 praepositus
483 1713 690 1752 licentiam
720 1712 951 1763 generalem
968 1722 1111 1751 conce·

73 1775 176 1816 ‘dere
189 1775 428 1814 transeundi
446 1774 497 1813 ad
517 1785 816 1826 quemcumque
843 1774 1029 1813 ordinem
1051 1773 1110 1812 la·

77 1837 251 1884 rnorem,
274 1835 342 1875 sed
364 1836 634 1876 determinate
660 1835 712 1875 ad
733 1835 843 1874 hunc
871 1834 937 1874 vel
955 1835 1074 1874 illum
1092 1842 1108 1884 ς

80 1902 239 1951 oportet
257 1897 369 1937 enim
386 1901 432 1936 ut
451 1898 537 1949 ipse
554 1898 689 1936 locum
708 1895 960 1948 praescribat,
977 1900 1018 1935 et
1029 1906 1111 1935 me·

78 1960 159 2002 rito
180 1959 221 1998 id
240 1958 394 1998 tactum
415 1963 491 2004 est,
510 1964 557 1998 ut
576 1958 796 2010 prudenter
827 1957 901 1997 fiat
927 1967 1111 1996 commu·

79 2020 196 2068 tatio,
214 2023 254 2058 et
276 2030 359 2058 non
376 2018 495 2058 detur
513 2018 902 2069 generalislicentia,
921 2028 1012 2068 quae
1024 2027 1112 2056 ma·

81 2082 144 2133 gis
161 2080 318 2122 essetin
337 2078 656 2123 destructionem
675 2091 800 2132 quam
817 2079 863 2120 in
881 2077 1113 2119 aedificatio·

82 2155 195 2185 nem.

136 2206 175 2246 5.
194 2203 396 2246 Probatur
406 2201 540 2247 deinde
547 2203 745 2259 posterior
755 2212 855 2255 pars
864 2200 1110 2244 assertionis.

82 2266 358 2309 -Prtmo—
368 2265 563 2308 Secundo.
578 2284 632 2297 -
648 2264 763 2312 Quod
783 2274 921 2303 autem
942 2264 1033 2304 haec
1055 2263 1114 2303 fa·

84 2329 213 2370 cultas
240 2340 326 2369 non
354 2328 597 2369 extendatur
625 2327 759 2366 solum
780 2325 831 2365 ad
852 2325 944 2365 illos
966 2325 1115 2377 proles·

84 2403 164 2439 sos,
185 2390 257 2443 qui
290 2394 455 2443 propter
480 2389 620 2440 culpas
653 2387 784 2427 solum
812 2391 980 2439 possunt
998 2398 1023 2427 a
1042 2387 1116 2427 So·

86 2454 231 2495 cietate
249 2453 355 2504 ejici,
378 2451 571 2503 probatur
598 2450 745 2502 primo,
775 2450 872 2501 quia
899 2448 998 2488 alias
1030 2448 1115 2489 fere

86 2515 241 2556 nullius
256 2514 441 2553 utilitatis
451 2517 554 2553 esset
566 2511 642 2551 hoc
652 2510 912 2563 privilegium
921 2510 1041 2561 ,quod
1055 2513 1115 2550 cst

88 2576 302 2617 manifeste
321 2579 461 2615 contra
480 2574 752 2613 intentionem
768 2571 1026 2611 concedentis
1046 2581 1115 2611 ex-

88 2649 269 2691 pressam
286 2637 366 2677 iIIIs
381 2636 515 2676 verbis
536 2650 545 2674 :
564 2635 669 2682 Nos,
689 2647 732 2675 re
750 2637 917 2686 pensata
930 2638 1045 2686 atque
1058 2633 1117 2673 cli-

91 2701 260 2754 liqenter
277 2700 519 2744 examinata,
549 2697 766 2738 Societatts
784 2698 914 2747 ipsius
941 2694 1118 2747 puritati

91 2773 139 2803 ao
157 2763 407 2809 incremento,
426 2761 730 2811 missorumque
750 2758 872 2799 saluti
885 2768 959 2809 pro
973 2761 1116 2809 tempo-

91 2835 136 2864 re
150 2824 347 2865 consulere
374 2823 557 2868 volentes,
587 2825 662 2860 etc.
690 2819 861 2870 Sequela
890 2823 1026 2858 autem
1046 2830 1118 2870 pa-

93 2887 164 2934 tet,
183 2885 281 2937 quia
299 2883 528 2933 religiosus,
538 2882 706 2921 omnino
722 2881 872 2931 ejectus
890 2880 1119 2920 involunta-

94 2946 155 2987 rie
178 2956 205 2985 θ,
234 2956 308 2984 sua
340 2943 538 2994 religione
556 2973 567 2991 ,
602 2954 675 2982 suo
699 2943 792 2993 jure
816 2941 978 2981 videtur
1005 2952 1122 2994 posse

96 3017 396 3059 quamcumque
414 3004 654 3055 religionem
671 3003 868 3043 laxiorem
884 3003 1061 3055 ingredi,
1075 3006 1124 3044 ut

96 3082 143 3110 m
156 3066 431 3120 superioribus
448 3069 669 3105 tractatum
693 3070 766 3114 est,
786 3069 948 3105 tractat.
971 3065 1057 3115 8,1.
1079 3065 1121 3115 3,

99 3129 197 3182 quia
214 3130 248 3168 si
266 3131 397 3181 potest
414 3131 526 3166 tutus
542 3138 706 3165 manere
718 3127 762 3164 in
779 3126 929 3172 seculo,
951 3138 1025 3166 cur
1040 3137 1124 3167 non

100 3190 262 3242 ingredi
297 3199 597 3241 quamcumque
627 3187 868 3238 religionem
886 3189 904 3225 ’ἱ
923 3187 1001 3228 Sed
1027 3188 1125 3240 quia

101 3252 272 3293 huonon
290 3255 350 3290 est
359 3251 415 3290 ita
428 3254 599 3299 certum,
616 3249 809 3301 probatur
824 3249 1014 3289 secundo.
1025 3250 1126 3297 Quia

103 3313 320 3364 Gregorius
327 3311 546 3351 nullamibi
558 3311 651 3351 fecit
663 3311 911 3351 mentionem
922 3311 1050 3363 culpae
1057 3315 1129 3352 aut

64 3383 74 3392 ··
104 3373 277 3429 peccati,
297 3373 366 3413 sed
384 3377 547 3413 tantum
573 3372 706 3413 dixit:
733 3373 869 3414 Liceat
888 3373 1126 3423 Praeposito,

44 3477 49 3482 ,
106 3447 203 3488 quos
233 3435 492 3486 Judicaverit‚
513 3432 560 3474 ab
588 3434 680 3486 ipset
718 3433 918 3477 Societate
939 3435 1125 3476 emittere.

41 3539 45 3544 ,
109 3495 291 3536 Verbum
314 3499 451 3543 autem
462 3495 678 3546 judicandi
696 3507 780 3535 non
795 3495 1055 3547 restringitur
1077 3494 1130 3537 ad

111 3554 308 3611 judicium
330 3557 565 3609 punitivum
583 3567 654 3596 seu
671 3556 979 3602 vindicativum,
999 3555 1068 3597 sed
1080 3556 1132 3598 de

109 3628 157 3666 ,fle
179 3619 418 3671 indifferens
435 3622 510 3670 est,
529 3623 572 3660 et
595 3618 728 3674 magis
751 3618 905 3665 iudicat
930 3619 1133 3674 J'udicium

325 3697 409 3730 XVI·

319 233 412 267 CAP.
432 232 637 273 11.,m·nmt
657 231 885 267 PROFESSUS
903 231 949 267 m
966 231 1191 272 sommam
1210 235 1352 271 POSSI'P
1369 237 1426 272 ΑΙ)
1446 235 1575 270 Aulin
1593 234 1855 277 amomum,
1873 234 1966 273 Ero.

2076 230 2186 277 '4153

1159 301 1415 355 prudentiale
1451 315 1502 344 ex
1537 301 1859 355 quibuscumque
1891 303 2013 356 justis
2039 302 2186 346 causis:

1211 364 1251 406 6.
1275 363 1425 413 Tertio,
1445 375 1493 404 0oe
1506 363 1788 416 ponderatione
1797 365 1999 407 verborum
2017 363 2189 417 Pontr‘fl·

1159 425 1441 466 cis—Deinde
1459 424 1726 476 expendenda
1741 430 1836 464 sunt
1855 426 1926 466 illa
1943 426 2091 467 verba:
2109 425 2188 469 So·

1160 486 1317 528 violatis
1332 486 1506 537 puritati
1532 490 1648 538 atque
1665 487 1916 536 incremento,
1936 490 2188 530 emissorum-

1159 557 1232 599 ραι
1248 547 1371 587 satuti
1399 547 1593 587 consulere
1618 547 1800 588 volentes.
1826 549 1928 589 Nam
1944 550 2124 602 primum
2139 546 2188 589 il·

1158 607 1295 648 lorum
1330 607 1492 646 videtur
1525 608 1720 658 respicere
1758 608 1918 659 delicta,
1948 615 1989 650 et
2025 613 2188 663 peccata

1159 681 1251 722 quae
1269 669 1313 709 in
1330 668 1394 708 his
1413 668 1591 720 personis
1603 680 1688 707 esse
1702 676 1896 720 possunt3
1914 684 2011 711 nam
2032 673 2187 724 puritas

1157 730 1370 781 religionis
1399 731 1443 770 in
1476 729 1657 769 carentia
1681 730 1825 771 talium
1851 738 2110 783 peecatorum
2145 735 2188 773 et

1157 803 1423 846 personarum
1434 790 1760 842 delinquentium
1772 795 1952 832 consistit
1958 809 1968 842 ;
1980 799 2118 834 tamen
2129 805 2189 835 se·

1160 854 1343 893 cundum
1359 853 1546 902 verbum,
1565 852 1734 901 scilicet,
1752 853 2045 902 incrementum,
2063 856 2188 896 etiam

1161 919 1291 966 potest
1306 915 1502 966 respicere
1521 914 1621 954 alias
1637 925 1778 952 causas
1794 925 1808 963 ;
1826 926 1925 954 nam
1944 928 2049 967 saepe
2067 928 2189 968 expe·

1158 976 1221 1016 dit
1238 976 1291 1016 ad
1310 977 1610 1015 incrementum
1628 975 1840 1025 religionis
1858 976 1956 1016 dare
1982 977 2189 1018 licentiam

1161 1036 1295 1086 alicui,
1316 1037 1388 1088 qui
1406 1037 1501 1076 licet
1519 1036 1652 1075 malus
1667 1048 1753 1076 non
1781 1037 1848 1084 sit,
1867 1042 1929 1077 est
1960 1041 2100 1077 tamen
2120 1048 2190 1089 pa-

1160 1109 1254 1138 rum
1276 1098 1400 1146 utilis,
1415 1097 1481 1138 vel
1513 1108 1658 1149 parum
1677 1098 1854 1148 quietus,
1870 1101 1942 1137 aut
1969 1098 2015 1138 in
2036 1098 2190 1150 persee-

1160 1160 1273 1200 tione
1290 1160 1496 1200 remissus.
1520 1159 1671 1200 Ultima
1686 1159 1862 1211 denique
1883 1160 2081 1211 particula
2100 1172 2190 1200 ma-

1161 1221 1225 1273 gis
1245 1221 1353 1262 hanc
1375 1232 1539 1261 causam
1560 1219 1781 1271 amplificat
1802 1234 1814 1268 ;
1835 1232 1933 1260 nam
1963 1221 2051 1260 fieri
2083 1233 2191 1273 saepe

1161 1286 1294 1336 potest
1314 1286 1375 1331 ut,
1393 1283 1488 1321 licet
1506 1282 1652 1333 aliquis
1680 1281 1818 1332 culpas
1836 1293 1920 1321 non
1941 1283 2190 1323 commiserit

1162 1345 1361 1396 ejectione
1391 1344 1554 1394 dignas,
1587 1343 1787 1394 majorem
1822 1344 2073 1394 spiritualem
2095 1355 2190 1397 pro-

1161 1405 1314 1446 fectum
1334 1410 1469 1457 speret
1489 1415 1539 1445 ex
1553 1406 1729 1444 transitu
1743 1405 1795 1444 ad
1811 1405 1936 1444 aliam
1949 1406 2191 1456 religionem

1163 1478 1254 1520 quae
1274 1468 1367 1507 licet
1386 1468 1430 1507 iu
1450 1478 1492 1507 se
1510 1466 1641 1506 laxior
1666 1466 1733 1514 sit,
1755 1466 1834 1506 sibi
1853 1470 1918 1507 est
1934 1467 2064 1518 magis
2101 1479 2192 1519 pro·

1162 1529 1394 1580 portionata
1428 1532 1594 1580 propter
1634 1527 1838 1566 minorem
1870 1529 2191 1579 repugnantiam

1164 1602 1259 1631 cum
1278 1594 1439 1636 natura,
1451 1590 1517 1630 vel
1533 1590 1732 1629 minorem
1747 1590 1947 1629 actionem
1963 1596 2190 1641 externam,

1163 1651 1230 1693 vel
1258 1652 1357 1693 alias
1391 1660 1558 1702 causas3
1589 1663 1685 1702 ergo
1716 1651 1884 1690 facultas
1913 1651 1998 1690 haec
2030 1652 2082 1691 ad
2118 1652 2192 1692 hos

1165 1723 1280 1753 casus
1310 1714 1555 1759 extenditur,
1585 1717 1633 1752 ut
1661 1713 1714 1752 sit
1740 1713 1959 1752 intentioni
1986 1713 2192 1753 Pontificis

1163 1776 1484 1828 proportionata.
1499 1774 1694 1826 Denique,
1707 1774 1800 1813 licet
1813 1775 1996 1814 Pontifex
2010 1776 2059 1815 de
2073 1776 2193 1815 emis·

1164 1838 1219 1877 sis
1255 1837 1458 1888 loquatur,
1475 1840 1516 1876 et
1539 1836 1589 1875 de
1608 1847 1749 1875 eorum
1771 1837 1957 1884 transitu,
1979 1849 2062 1876 non
2098 1837 2191 1877 ideo

1165 1910 1326 1939 necesse
1353 1902 1412 1938 est
1431 1901 1477 1936 ut
1490 1898 1539 1936 de
1556 1897 1649 1936 solis
1666 1897 1938 1936 involuntarie
1972 1902 2010 1936 et
2027 1902 2194 1949 propter

1166 1965 1328 2012 peccata
1347 1959 1486 2010 ejectis
1515 1959 1718 2009 loquatur,
1735 1958 1833 2008 quia
1859 1959 1983 1997 etiam
2002 1959 2075 2007 illi,
2098 1959 2194 2010 qui-

1166 2021 1242 2060 bus
1260 2021 1424 2060 licentia
1443 2019 1562 2058 datur
1575 2019 1814 2058 transeundi
1833 2019 1883 2058 ad
1895 2019 2017 2058 aliam
2034 2021 2195 2072 religio·

1166 2094 1278 2130 nem,
1300 2082 1396 2133 ipsis
1409 2081 1534 2121 etiam
1560 2080 1789 2120 volentibus
1804 2085 1843 2119 et
1865 2081 2110 2131 petentibus,
2130 2082 2194 2122 di·

1169 2148 1316 2185 cuntur
1334 2142 1512 2194 proprie,
1529 2145 1572 2180 et
1592 2142 1712 2192 Juxta
1729 2142 1926 2180 usitatum
1946 2142 2115 2181 modum
2134 2142 2193 2182 lo-

1171 2205 1338 2258 quendi,
1356 2216 1382 2243 a
1401 2203 1599 2243 Societate
1618 2202 1753 2242 emissi
1773 2212 1788 2252 ;
1808 2202 1996 2242 namhoc
2023 2204 2194 2245 verbum

1167 2279 1251 2307 non
1269 2265 1369 2305 dicit
1395 2264 1619 2304 necessario
1637 2264 1721 2303 vim
1740 2275 1791 2303 ex
1810 2268 1924 2316 parte
1954 2265 2191 2316 emittentis,

1168 2332 1238 2368 aut
1257 2326 1572 2378 repugnantiam
1594 2336 1643 2365 ex
1654 2329 1772 2376 parte
1791 2325 1928 2365 emissi
1947 2339 1956 2373 ;
1979 2339 2054 2366 nec
2069 2329 2193 2368 etiam

1168 2389 1270 2431 dicit
1292 2388 1478 2427 ordinem
1498 2386 1547 2427 ad
1567 2386 1743 2438 culpam,
1759 2386 1831 2426 sed
1865 2387 1995 2426 solum
2026 2388 2078 2427 ad
2098 2400 2194 2428 cau-

1169 2462 1258 2492 sam
1274 2450 1464 2504 potestati
1482 2449 1847 2500 proportionatam.
1874 2449 1955 2488 Nec
1979 2449 2102 2489 etiam
2121 2461 2194 2490 ne-

1170 2523 1279 2553 cesse
1306 2515 1367 2550 est
1394 2514 1440 2549 ut
1459 2511 1619 2550 emissio
1637 2513 1677 2549 et
1695 2511 1889 2549 transitus
1903 2510 1982 2549 sint
2002 2515 2113 2550 actus
2130 2522 2193 2552 re·

1168 2575 1258 2627 ipsa
1273 2571 1466 2620 distincti,
1487 2575 1528 2610 et
1552 2570 1660 2623 quod
1683 2572 1882 2622 praecedat
1907 2573 2082 2619 emissio,
2104 2584 2194 2624 pos-

1170 2639 1238 2675 tea
1263 2645 1359 2674 vero
1397 2636 1590 2685 sequatur
1612 2633 1809 2671 transitus
1840 2634 1924 2684 Jam
1945 2633 2103 2681 emissi3
2125 2633 2194 2673 sed

1170 2696 1260 2736 fieri
1278 2694 1431 2747 optime
1459 2697 1592 2746 potest
1617 2697 1663 2733 ut
1694 2693 1829 2742 simul,
1851 2706 1897 2732 ac
1921 2706 1991 2745 per
2027 2694 2194 2734 modum

1171 2758 1309 2804 unius,
1331 2756 1508 2802 emissio,
1527 2755 1660 2804 idest,
1678 2756 1810 2795 exitus
1828 2767 1852 2794 a
1874 2757 2085 2805 Societate,
2103 2768 2194 2808 pro-

1167 2825 1263 2873 pter
1280 2818 1497 2858 transitum
1525 2820 1566 2856 et
1583 2829 1668 2857 non
1695 2817 1794 2857 alias
1821 2818 2065 2856 concedatur
2083 2827 2096 2868 ;
2115 2822 2155 2857 et
2173 2830 2195 2859 e

1172 2890 1366 2921 converso
1384 2879 1581 2919 transitus
1598 2884 1765 2932 propter
1779 2879 2036 2919 emissionem
2053 2878 2196 2931 praeci-

1174 2954 1254 2997 pue
1266 2942 1539 2994 permittatur.

1230 3006 1269 3044 7.
1290 3003 1518 3046 Resolvitur
1535 3004 1702 3044 secunda
1718 3014 1817 3055 pars
1835 3003 1964 3052 tituli,
1974 3005 2195 3055 professum

1177 3076 1225 3110 ea>
1243 3067 1359 3116 culpa
1374 3066 1535 3117 eJeccum
1547 3075 1624 3105 nort
1638 3077 1753 3116 posse
1770 3065 1940 3105 inritum
1959 3066 2193 3106 transmitti.

1178 3129 1376 3169 -Potest
1398 3131 1526 3167 tamen
1553 3127 1742 3167 indirecte
1769 3128 1870 3178 coyt.
1889 3147 1941 3156 —-
1964 3126 2022 3163 Ex
2052 3125 2197 3175 quibus

1179 3189 1368 3231 omnibus
1387 3187 1561 3239 amplius
1578 3191 1747 3236 constat,
1771 3200 1853 3226 non
1877 3185 2007 3224 solum
2029 3186 2134 3236 quod
2153 3186 2196 3226 in

1179 3250 1264 3293 fine
1290 3250 1506 3302 superioris
1532 3249 1674 3300 capitis
1712 3247 1971 3300 promisimus
1988 3275 1997 3292 ,
2032 3246 2194 3296 scilicet,

1182 3324 1283 3366 quas
1301 3311 1354 3352 ob
1373 3323 1513 3350 causas
1531 3309 1620 3350 fieri
1651 3310 1776 3361 possit
1802 3308 1890 3347 haec
1910 3307 2106 3359 expulsio,
2128 3308 2198 3348 sed

1183 3374 1304 3415 et'lam
1319 3373 1410 3425 quis
1425 3372 1568 3412 modus
1586 3372 1631 3411 in
1646 3383 1695 3410 ea
1719 3369 1940 3408 servandus
1957 3370 2023 3408 sit.
2045 3370 2146 3408 Nam
2165 3369 2199 3408 si

1183 3436 1236 3476 sit
1255 3434 1439 3487 expulsio
1464 3433 1648 3485 punitiva
1667 3434 1706 3469 et
1722 3429 2009 3476 involuntaria,
2030 3430 2200 3481 requirit

1184 3495 1329 3536 delicta
1357 3495 1660 3548 proportionata
1684 3493 1800 3543 Juxta
1819 3491 2065 3542 exigentiam
2097 3491 2199 3530 Con·

1185 3557 1459 3605 stitutionum,
1480 3559 1526 3594 ut
1546 3553 1788 3606 praecedeuti
1807 3552 1936 3603 eapite
1954 3551 2200 3592 declaratum

1187 3622 1262 3671 est,
1281 3623 1324 3660 et
1339 3622 1438 3659 tunc
1455 3627 1539 3658 non
1555 3619 1618 3657 est
1631 3626 1791 3659 necesse
1805 3617 1852 3656 ut
1870 3613 2004 3655 exitus
2021 3627 2048 3655 a
2066 3614 2200 3656 Socie-

1938 3684 1996 3724 ⁴13
