2352 3880
154 237 234 280 682

2057 0 2099 10 Μ,
2119 0 2155 20 “¹5

2223 0 2352 57 Ἣ

2195 38 2291 71 „w
2337 55 2352 68 a

2312 64 2352 117 Q

545 235 624 270 Lm.
645 234 702 268 111.
724 233 781 274 ΒΕ,
799 230 1042 270 ΑΒΗΙΞΞΞΘΝΕ
1062 232 1324 268 scnoLARmu
1343 234 1400 269 Ab
1421 233 1533 270 von
1553 233 1768 276 sturmen,
1789 234 1870 272 ETG

155 305 274 348 titicis
291 302 503 356 professus
518 300 563 341 in
579 299 786 345 Societate
799 299 916 348 fici-13
933 298 1065 340 multo
1081 311 1186 352 ergo
1233 300 1304 354 jor
1319 300 1442 347 ratio,
1465 312 1564 341 cum
1585 301 1665 341 hoc
1695 301 1908 342 vinculum
1929 301 2182 351 scholarium
2195 301 2273 350 So-

154 368 293 411 minus
305 363 458 417 poterit
475 362 521 402 in
544 361 728 413 quolibet
739 361 926 405 inferiori
940 362 1032 413 ejus
1052 360 1187 413 gradu

153 426 362 474 constitui,
392 436 471 465 nec
491 424 545 464 de
572 425 654 465 hoc
675 428 839 475 oportet
865 424 988 476 plura
1015 423 1182 473 dicere3

153 491 252 544 quia
271 501 357 529 non
385 487 519 530 solum
546 498 615 528 res
634 487 746 528 clara
775 490 854 534 est,
883 497 1030 526 verum
1060 485 1186 528 etiam

152 562 288 598 casus,
309 550 352 590 in
368 562 451 602 quo
471 548 584 591 aliud
610 548 840 599 contingat,
859 547 926 588 vel
943 547 1185 596 intentetur,

152 613 316 655 videtur
349 611 562 652 moraliter
597 609 863 661 impossibilis
874 618 889 659 ;
920 619 1187 660 quacumque

151 679 293 717 autem
310 674 471 715 ratione
495 672 714 724 cogitetur,
749 670 948 723 applicari
983 669 1039 711 ad
1069 670 1188 712 illum

151 742 290 792 potest
306 741 394 779 tota
413 736 603 778 doctrina
632 735 743 776 circa
778 732 1083 786 professionem
1114 733 1186 775 illo

149 801 246 843 loco
263 799 376 840 data.

207 863 273 902 1-2.
303 863 437 914 Atque
453 861 574 902 etiam
594 863 748 901 octava.
763 879 818 895 --
835 858 989 900 Octava
1006 856 1185 899 conditio

152 924 356 976 assignari
388 925 538 974 potest,
573 925 620 962 ut
650 932 831 973 persona
864 931 950 960 non
978 919 1030 960 sit
1059 919 1187 973 ligata

150 986 409 1041 professione
431 983 601 1023 alterius
630 983 857 1034 religionis.
887 982 985 1030 Quae
1015 981 1187 1032 quidem

149 1049 332 1090 conditio
351 1059 403 1086 ex
418 1047 513 1097 jure
534 1045 747 1085 communi
762 1045 898 1086 solum
918 1044 1108 1096 procedit
1134 1044 1189 1086 de

149 1111 369 1162 religione,
387 1119 479 1159 quae
498 1107 677 1147 strictior
699 1107 778 1151 sit;
805 1107 852 1147 in
877 1107 1085 1147 Societate
1112 1117 1190 1146 au-

150 1177 236 1213 tem
253 1183 304 1210 ex
319 1171 414 1221 jure
434 1169 604 1220 speciali
626 1167 861 1208 extenditur
875 1168 929 1208 ad
945 1179 1192 1218 quamcum-

150 1245 235 1285 que
253 1232 517 1283 religionem,
539 1229 665 1271 etiam
687 1231 908 1278 laxiorem3
930 1230 1014 1269 imo
1029 1241 1114 1268 non
1125 1240 1190 1268 so-

150 1296 238 1335 lum
251 1293 306 1334 ad
323 1293 624 1344 professionem
637 1293 681 1331 in
697 1292 784 1339 illa,
798 1292 873 1332 sed
886 1291 1012 1332 etiam
1032 1290 1090 1330 ad
1106 1289 1190 1342 pri-

150 1367 266 1398 mum
300 1355 552 1406 ingressum,
582 1366 659 1394 seu
687 1354 854 1393 habitus
882 1353 1185 1403 receptionem;

150 1429 250 1458 nam
271 1417 352 1455 hoc
371 1421 434 1456 est
453 1427 585 1454 unum
601 1427 653 1454 ex
671 1414 980 1466 impedimentis
995 1412 1191 1454 irritanti-

149 1478 228 1519 bus
247 1479 482 1526 ingressum
497 1477 732 1525 Societatis,
749 1480 790 1516 et
805 1487 1112 1527 quamcumque
1129 1474 1190 1513 in-

150 1540 486 1590 corporationem
516 1551 613 1578 cum
645 1539 731 1586 illa,
754 1543 799 1578 ut
831 1538 874 1576 in
907 1536 1188 1588 superioribus

149 1602 285 1641 visum
306 1606 382 1648 est,
400 1602 471 1642 lib.
492 1605 542 1649 2„
561 1614 652 1653 cap.
675 1603 714 1650 1,
737 1614 758 1640 a
781 1613 899 1640 num.
915 1602 981 1640 16.

205 1666 269 1704 13.
304 1664 411 1712 Quid
444 1665 489 1704 de
511 1676 617 1704 nona
652 1663 896 1712 conditione,
931 1674 981 1703 m
1011 1661 1192 1713 amciter

150 1728 288 1777 eaeant
305 1727 539 1776 professura
557 1728 742 1775 parentes
763 1725 844 1764 sui„
862 1744 916 1754 --
941 1724 1125 1766 Societas
1142 1723 1192 1764 Zi-

149 1791 222 1827 υἱέε
238 1790 369 1839 potest
389 1787 589 1827 dimittere
612 1787 829 1826 scholarem
842 1798 915 1836 pro
933 1786 1191 1826 subveniendo

149 1848 329 1900 qraciter
349 1848 683 1897 effetata—Nono
707 1848 911 1899 impedire
933 1848 1108 1886 multum
1126 1858 1190 1886 so-

149 1910 208 1949 let
246 1910 482 1960 ingressum
514 1909 747 1959 religionis,
785 1909 934 1948 saltem
965 1919 1019 1947 ne
1050 1908 1186 1956 liceat,

151 1971 350 2022 obligatio
372 1970 425 2008 ad
441 1974 637 2021 parentes
666 1970 847 2019 graviter
874 1969 1125 2020 indigentes,
1148 1971 1191 2009 et

148 2031 245 2072 ideo
257 2032 496 2072 immunitas
508 2032 653 2071 abbae
669 2032 922 2082 obligatione
941 2031 1045 2070 solet
1061 2031 1188 2070 etiam

148 2095 259 2134 inter
294 2094 551 2134 conditiones
581 2094 635 2133 ad
662 2094 964 2145 professionem
996 2103 1190 2132 necessa-

149 2158 233 2197 rias
261 2155 486 2195 numerari.
510 2156 568 2194 De
589 2164 671 2205 qua
692 2155 793 2194 nihil
810 2155 990 2206 speciale
1019 2155 1061 2193 in
1084 2165 1190 2205 pree-

150 2219 259 2259 senti
279 2218 501 2258 dicendum
526 2217 728 2263 occu1·rit;
751 2229 849 2256 nam
867 2227 1087 2256 commune
1101 2217 1186 2267 jus,

152 2286 194 2321 et
216 2280 421 2332 generalis
442 2280 644 2326 doctrina,
659 2283 772 2318 tomo
789 2279 993 2330 superiori
1007 2279 1119 2324 data,
1134 2277 1189 2319 ad

148 2344 260 2382 banc
279 2343 403 2382 etiam
435 2342 685 2380 scholarium
707 2346 944 2380 nostrorum
973 2340 1188 2379 admissio-

151 2417 249 2444 nem
269 2403 517 2455 applicanda
543 2407 617 2442 est.
640 2402 759 2443 Unde
784 2402 923 2452 quoad
952 2402 1061 2441 hanc
1093 2413 1189 2452 par-

150 2470 251 2514 tem,
272 2478 358 2504 non
389 2469 451 2504 est
485 2464 659 2504 dubium
692 2464 793 2514 quin
825 2463 904 2502 sub
931 2464 1189 2514 professionis

150 2528 320 2568 nomine
365 2526 758 2577 comprehendatur.
795 2526 913 2564 Ratio
958 2529 1020 2564 est
1038 2555 1047 2572 ,
1090 2525 1188 2575 quia

150 2594 351 2641 quantum
385 2593 520 2627 estex
550 2591 670 2639 parte
704 2599 795 2635 sua,
831 2587 887 2626 ita
924 2598 967 2626 se
1003 2586 1127 2626 tradit
1147 2590 1188 2626 et

148 2651 309 2702 'obligat
327 2649 536 2701 religioni,
549 2653 591 2688 et
606 2649 849 2688 muneribus
869 2648 958 2699 ejus
977 2648 1031 2687 ad
1049 2648 1187 2687 divina

151 2713 352 2763 obsequia
371 2712 439 2750 hic
456 2711 675 2761 religiosus
696 2710 927 2756 Societatis,
944 2710 1049 2749 sicut
1066 2709 1187 2759 quili-

149 2773 221 2814 bet
239 2774 344 2813 alius
364 2772 592 2824 professus,
618 2783 710 2822 quae
734 2771 899 2810 traditio
926 2774 968 2809 et
991 2771 1185 2820 obligatio

148 2834 207 2874 ita
236 2838 299 2873 est
317 2834 518 2883 injuriosa
541 2832 718 2883 parenti,
741 2832 846 2870 sicut
873 2831 1068 2881 quaelibet
1092 2842 1188 2881 pro-

149 2895 292 2942 fessio,
308 2895 408 2946 quia
419 2906 525 2933 exse
545 2895 601 2932 ita
620 2893 794 2944 impedit
814 2893 1061 2943 obsequium
1078 2893 1183 2942 ejus.

149 2957 324 3004 Tamen,
361 2956 467 2994 sicut
498 2955 700 3006 professio
732 2954 840 2992 facta
873 2957 1015 2992 contra
1043 2953 1187 3003 hujus·

149 3018 264 3057 modi
283 3017 468 3057 debitum
488 3021 529 3054 et
549 3017 860 3066 obligationem,
889 3026 974 3052 non
1003 3018 1066 3053 est
1094 3017 1184 3064 ipso

148 3080 241 3132 jure
261 3078 391 3126 nulla,
415 3077 510 3116 licet
525 3077 665 3116 illicite
684 3077 775 3125 fiat,
798 3076 856 3115 ita
879 3076 1002 3114 etiam
1025 3076 1068 3114 in
1081 3086 1185 3126 prae-

151 3142 260 3181 senti
293 3140 489 3179 admissio
510 3169 520 3187 ,
564 3143 604 3178 et
635 3143 731 3177 vota
763 3138 963 3177 scholaris
1000 3137 1184 3176 indebite

149 3202 256 3242 facta
274 3206 418 3241 contra
438 3199 629 3239 eamdem
652 3199 963 3250 obligationem,
985 3210 1070 3236 non
1089 3202 1185 3238 sunt

149 3264 264 3304 irrita
291 3264 381 3315 ipso
413 3262 537 3310 facto,
560 3262 656 3312 quia
687 3262 847 3300 nullum
879 3264 942 3299 est
965 3259 1185 3310 positivum

147 3326 218 3376 jus
237 3336 475 3373 commune,
509 3328 580 3363 aut
599 3324 811 3374 proprium
842 3322 1070 3370 Societatis‚
1101 3334 1183 3373 quo

149 3387 377 3427 irritentur.
395 3387 538 3437 Neque
560 3387 684 3424 etiam
705 3395 756 3424 ex
776 3384 863 3423 sola
877 3387 1026 3422 nutura
1046 3383 1107 3423 rei
1123 3395 1185 3422 se·

151 3450 292 3500 quitur
310 3447 405 3487 talis
418 3447 604 3495 irritatio,
625 3446 722 3497 quia
742 3445 951 3484 vinculum
967 3445 1103 3496 ipsum
1122 3456 1185 3483 re-

151 3507 346 3560 ligiosum
377 3519 463 3548 non
500 3509 708 3560 repugnat
733 3506 962 3546 formaliter
994 3517 1088 3544 cum
1113 3505 1183 3544 illo

154 3569 294 3610 debito
315 3570 371 3611 ad
389 3574 607 3621 parentes,
626 3570 733 3610 sicut
750 3568 802 3608 de
821 3567 1076 3619 professione
1099 3566 1186 3605 dic-

155 3635 247 3671 tum
265 3635 353 3680 θεῖς
373 3636 439 3673 est
453 3631 567 3673 enim
583 3631 628 3674 in
644 3630 838 3684 praesenti
851 3628 999 3672 eadem
1016 3628 1083 3668 vel
1097 3639 1186 3670 ma-

1237 361 1400 404 cietatis
1416 361 1554 413 aliqua
1578 373 1633 408 ex
1649 366 1769 416 parte
1786 362 1926 406 minus
1950 363 2186 419 rigorosum
2201 366 2269 412 sit.
2299 368 2306 385 ²

1239 423 1498 476 Quapropter
1525 434 1576 468 ex
1607 424 1809 477 peculiari
1839 415 2274 470 instituto“Societatis

1239 485 1390 539 poterit
1407 485 1497 537 ipsa
1514 485 1558 526 in
1576 485 1698 531 simili
1718 498 1818 528 casu
1833 487 1929 540 jure
1946 498 1997 528 ac
2016 486 2165 530 merito
2183 486 2273 533 irri-

1239 551 1330 590 tare
1345 546 1428 588 tale
1445 546 1672 597 vinculum,
1701 548 1815 600 quod
1831 548 1922 590 alias
1946 546 2170 599 religiones
2186 561 2273 591 non

1240 611 1415 661 possunt
1432 608 1541 650 facta
1559 609 1842 662 professione;
1865 610 1963 663 qula
1977 621 2116 663 neque
2135 621 2188 652 ex
2208 611 2274 654 in-

1240 671 1425 715 tentione
1444 682 1535 719 sua,
1559 683 1698 724 neque
1718 685 1768 714 ex
1787 672 2087 726 approbatione
2108 667 2275 714 Pontifi-

1241 745 1336 773 cum
1358 732 1436 773 sibi
1465 738 1682 779 reservant
1710 734 1836 777 talem
1860 733 2100 775 facultatem
2118 734 2164 774 in
2182 734 2274 786 ipso

1241 799 1456 837 contractu
1469 795 1752 847 professionis,
1772 797 1879 837 sicut
1890 799 2076 839 reservat
2089 795 2274 837 Societas

1240 857 1284 898 in
1315 857 1395 896 hac
1429 856 1680 900 scholarium
1710 857 1979 899 admissione.
2000 857 2103 897 Cum
2132 860 2274 897 autem

1238 919 1480 960 facultatem
1498 918 1666 969 habeat,
1688 924 1730 960 et
1745 919 1817 960 illa
1839 929 1966 958 causa
1984 917 2037 962 sit
2052 916 2174 958 valde
2182 917 2274 970 jus-

1239 983 1298 1031 ta,
1320 982 1552 1034 praesertim
1584 981 1753 1033 quando
1784 981 1972 1025 debitum
1998 979 2054 1021 ad
2077 983 2274 1034 parentes

1241 1045 1466 1086 antecessit
1500 1044 1635 1095 ipsam
1668 1043 2069 1095 incorporationem,
2091 1054 2179 1087 non
2209 1045 2275 1083 est

1241 1107 1416 1149 dubium
1444 1106 1546 1158 quin
1582 1105 1691 1145 licite
1726 1107 1858 1157 possit
1889 1106 2004 1147 illam
2021 1105 2199 1153 irritare,
2232 1107 2275 1146 et

1242 1169 1477 1209 scholarem
1502 1167 1682 1210 liberum
1709 1167 1933 1217 dimittere,
1957 1169 2006 1208 ut
2033 1164 2275 1219 parentibus

1242 1231 1457 1271 inserviat.

1298 1293 1364 1333 14.
1394 1291 1493 1334 Non
1506 1294 1637 1333 tamen
1655 1294 1808 1333 tenetur
1826 1291 2031 1332 dimittere
2044 1291 2087 1335 m·
2104 1288 2200 1332 tatis
2214 1290 2277 1332 in-

1243 1352 1503 1405 diyentioe.-
1518 1353 1662 1394 Teucri
1687 1355 1819 1396 tamen
1832 1352 2049 1405 aliquando
2065 1353 2213 1403 poterit
2230 1362 2277 1394 em

1240 1414 1286 1454 ei
1304 1415 1370 1455 sui
1387 1414 1508 1454 debiti
1526 1413 1749 1468 reyz‘minis.
1764 1435 1817 1444 —
1835 1414 1941 1462 Quin
1977 1413 2117 1465 potius
2142 1413 2276 1465 quaeri

1243 1479 1377 1526 potest
1404 1487 1458 1515 an
1492 1475 1547 1516 ad
1582 1476 1662 1516 hoc
1686 1475 1813 1516 etiam
1838 1479 2029 1516 teneatur
2058 1475 2277 1517 Societatis

1243 1537 1452 1578 Praelatus.
1476 1537 1558 1577 Sed
1577 1538 1620 1576 in
1646 1537 1727 1577 hoe
1746 1537 1939 1578 eamdem
1966 1548 2120 1579 censeo
2154 1537 2278 1576 ratio-

1243 1611 1342 1639 nem
1363 1611 1454 1639 esse
1473 1599 1524 1639 de
1539 1598 1759 1647 Societate,
1781 1603 1822 1640 et
1841 1599 1893 1639 de
1911 1609 2177 1650 quacumque
2195 1597 2278 1638 alia

1244 1661 1461 1711 religione,
1495 1665 1698 1712 quantum
1736 1659 1792 1700 ad
1822 1660 2119 1712 obligationem
2149 1659 2277 1700 dandi

1245 1722 1486 1762 facultatem
1517 1722 1605 1761 suis
1638 1721 1856 1774 religiosis,
1882 1722 1971 1773 jam
2006 1721 2278 1772 incorporatis

1245 1785 1289 1823 in
1318 1795 1583 1836 quocumque
1603 1784 1748 1835 gradu,
1765 1788 1811 1824 ut
1830 1783 2072 1835 parentibus
2088 1783 2279 1835 indigen·-

1245 1846 1357 1888 tibus
1391 1845 1650 1886 subveniant.
1681 1846 1785 1885 Nam
1813 1846 1885 1895 jus
1924 1845 2041 1894 illud,
2059 1844 2173 1896 quod
2198 1844 2277 1885 sibi

1243 1907 1428 1947 Societas
1454 1910 1638 1947 reservat
1655 1906 1709 1947 ad
1732 1906 2022 1947 dimittendum
2046 1907 2277 1948 scholarem

1246 1968 1520 2019 approbatum
1538 1980 1589 2007 ex
1603 1968 1716 2019 justa
1735 1979 1875 2015 causa,
1896 1980 1982 2008 non
2012 1968 2169 2008 inducit
2184 1980 2278 2020 spe-

1242 2030 1391 2071 cialem
1410 2030 1704 2081 obligationem
1723 2029 1957 2070 dimittendi
1975 2030 2091 2069 illum
2107 2033 2278 2082 propter

1245 2092 1509 2131 commodum
1533 2095 1767 2142 parentum,
1783 2092 1880 2141 quia
1906 2092 1978 2143 jus
1999 2090 2104 2132 illud
2119 2102 2205 2132 uon
2221 2090 2278 2132 ad

1242 2154 1400 2193 bonum
1424 2154 1616 2202 aliorum,
1637 2153 1711 2194 sed
1729 2153 1781 2192 ad
1795 2154 1955 2193 bonum
1978 2153 2199 2205 ipsiusmet
2214 2164 2278 2194 re·-

1242 2215 1407 2267 ligionis
1426 2214 1654 2255 ordinatur.
1674 2214 1831 2254 Deinde
1856 2215 1959 2265 quia
1986 2214 2052 2255 vel
2084 2213 2179 2254 talis
2213 2216 2278 2255 est

1241 2289 1365 2318 casus
1406 2277 1447 2316 in
1485 2288 1571 2328 quo
1602 2280 1795 2316 teneatur
1824 2276 2010 2316 Societas
2035 2274 2276 2316 facultatem

1237 2338 1472 2379 concedere
1489 2339 1699 2389 religioso,
1721 2340 1767 2377 ut
1783 2337 2002 2378 subveniat
2014 2337 2273 2388 parentibus,

1242 2412 1390 2441 necne.
1421 2400 1464 2440 Si
1485 2399 1538 2439 ad
1571 2401 1651 2440 hoo
1679 2411 1765 2440 non
1787 2403 1969 2448 tenetur,
1987 2400 2119 2439 multo
2138 2399 2276 2439 minus

1241 2462 1451 2502 tenebitur
1466 2461 1675 2502 dimittere
1700 2461 1832 2509 illum,
1850 2465 1896 2501 ut
1912 2473 1989 2513 per
2016 2472 2064 2501 se
2084 2464 2272 2507 constat;

1241 2525 1277 2565 si
1306 2530 1448 2564 autem
1483 2523 1538 2565 ad
1565 2523 1668 2563 illud
1703 2525 1892 2571 tenetur,
1924 2522 2275 2564 considerandum

1240 2587 1413 2627 ulterius
1432 2587 1508 2626 erit
1524 2598 1594 2634 an,
1613 2586 1832 2626 retinendo
1849 2589 2003 2625 statum
2017 2586 2274 2635 religiosum,

1240 2650 1371 2700 possit
1404 2648 1496 2699 quis
1532 2647 1591 2686 illi
1632 2646 1875 2697 obligationi
1902 2645 2156 2694 satisfacere,
2194 2645 2274 2685 alia

1241 2710 1379 2750 media
1402 2712 1442 2747 et
1458 2708 1703 2747 industriam
1717 2706 1970 2755 adhibendo,
1985 2707 2187 2759 religione
2206 2718 2273 2746 re-

1240 2774 1368 2811 tenta.
1390 2770 1440 2809 Et
1458 2773 1558 2808 tunc
1583 2768 1743 2808 clarum
1766 2771 1830 2807 est
1853 2779 1938 2806 non
1965 2769 2097 2808 teneri
2132 2768 2272 2808 Socie-

1241 2834 1368 2871 tatem
1410 2829 1466 2869 ad
1511 2828 1800 2869 dimittendam
1842 2829 2010 2868 omnino
2049 2840 2272 2881 personam

1241 2891 1462 2943 (quicquid
1482 2891 1534 2930 sit
1566 2902 1619 2931 an
1655 2891 1824 2942 possit),
1842 2891 1939 2941 quia
1977 2891 2174 2944 obligatio
2200 2890 2272 2931 illa

1239 2955 1373 2993 solum
1392 2955 1503 3004 cogit
1522 2954 1575 2993 ad
1595 2955 1842 2994 necessaria.
1866 2955 2030 3005 Loquor
2051 2959 2192 2995 autem
2217 2954 2272 2994 de

1239 3016 1490 3066 obligatione
1516 3015 1585 3054 illa
1600 3028 1651 3056 ex
1670 3016 1709 3055 vi
1730 3027 1818 3063 sua,
1840 3027 1914 3056 seu
1931 3028 1982 3056 ex
1997 3015 2037 3056 vi
2052 3015 2157 3066 juris
2175 3015 2270 3055 talis

1238 3077 1433 3128 parentis.
1461 3077 1564 3116 Nam
1583 3088 1634 3116 ex
1665 3081 1782 3128 parte
1810 3077 1939 3128 ipsius
1960 3077 2173 3116 Societatis
2195 3088 2271 3128 po-

1238 3138 1333 3177 terit
1352 3150 1459 3188 saepe
1474 3138 1526 3177 ad
1546 3138 1700 3178 bonam
1717 3138 1807 3189 ejus
1827 3138 2185 3181 conservationem
2198 3149 2271 3178 ex-

1238 3199 1396 3250 pedire,
1418 3200 1553 3250 potius
1586 3199 1764 3241 liberum
1781 3199 1989 3239 dimittere
2019 3200 2266 3248 scholarem,

1240 3272 1366 3311 quam
1386 3261 1623 3311 permittere
1635 3264 1694 3308 ut,
1708 3264 1866 3301 retento
1882 3261 2025 3300 habitu
2040 3263 2081 3302 et
2098 3261 2270 3302 nomine

1239 3322 1466 3370 Societatis,
1478 3322 1715 3361 ministeriis
1730 3326 1770 3361 et
1783 3322 2016 3362 actionibus
2030 3326 2165 3371 vacet,
2177 3333 2269 3372 quae

1239 3383 1500 3423 subventioni
1520 3388 1740 3434 parentum
1758 3388 1952 3434 poterunt
1971 3394 2061 3424 esse
2077 3394 2270 3424 necessa-

1239 3445 1316 3493 ria,
1335 3449 1376 3484 et
1393 3449 1493 3484 tunc
1510 3445 1683 3496 obligari
1700 3445 1850 3496 poterit
1870 3444 2067 3486 Praelatus
2086 3443 2268 3487 Societa-

1239 3507 1291 3546 tis
1318 3507 1371 3547 ad
1409 3506 1699 3549 dimittendum
1734 3506 1960 3554 subditum,
1990 3518 2075 3548 non
2107 3509 2195 3548 tam
2215 3518 2268 3548 ex

1235 3568 1330 3618 jure
1355 3568 1484 3619 ipsius
1502 3568 1672 3618 subditi,
1687 3580 1762 3609 seu
1780 3570 2000 3619 parentum
2015 3567 2120 3618 eius,
2140 3578 2267 3618 quam
2339 3604 2352 3607 -

1239 3640 1292 3671 ex
1307 3630 1346 3670 vi
1363 3629 1428 3670 sui
1446 3629 1632 3673 muneris
1650 3629 1693 3672 in
1714 3628 1859 3673 ordine
1877 3627 1932 3672 ad
1948 3627 2137 3672 debitum
2151 3629 2264 3681 regi·
2336 3614 2343 3630 ³

2313 3717 2325 3738 ω,

2303 3667 2352 3880 5}
