2352 3880
454 267 542 301 CAP.
567 266 606 300 V.
629 265 684 299 DE
706 262 1011 299 srmmumaus
1031 262 1274 305 Exsncwus,
1296 265 1351 300 m·
1371 265 1529 302 ramum
1548 267 1774 311 omn-sm,
1795 267 1888 305 mc.

60 345 63 354 '
86 318 164 377 ¹de
180 335 336 376 eertum
357 334 421 372 est
438 330 680 383 hujusmodi
705 330 890 371 internas
910 329 1141 382 inspiratio-

108 407 199 444 nes,
213 394 281 435 vel
299 392 639 441 illuminationes,
657 390 871 431 interdum
890 390 980 431 fieri
998 391 1140 431 imme-

106 457 215 499 diate
235 455 398 507 abipso
422 455 510 495 Deo
525 484 538 501 ,
566 452 638 504 qui
656 456 719 493 est
736 452 978 505 principalis
996 455 1140 499 auctor

105 517 239 559 omnis
257 517 399 570 gratiae
415 547 425 564 ,
456 519 498 555 et
515 514 698 566 aliquam
715 514 940 565 specialem
958 513 1141 554 vocatio-

103 589 202 620 nem
215 591 290 619 seu
307 577 533 618 motionem
546 575 673 615 hahet
685 575 762 614 sibi
777 575 852 615 soli
866 579 1135 624 reservatam,

102 644 149 681 ut
167 641 379 692 attigimus
398 639 505 690 disp.
527 637 688 677 decima
709 637 901 688 septima,
929 638 982 679 de
1002 639 1137 677 Incar-

102 703 285 749 natione,
317 704 417 741 sect.
453 701 495 748 2,
523 699 550 751 ἓ
577 697 663 740 Sed
692 701 893 747 vocuo-rim
928 698 1138 740 interdum

61 799 63 802 Α
101 775 202 805 vero
223 766 267 802 et
285 773 397 813 saepe
416 760 523 800 fiunt
546 771 624 812 per
648 760 783 801 bonos
800 761 983 813 Angelos
1005 764 1137 802 custo-

100 822 190 868 des,
211 833 311 863 nam
330 823 409 862 hoc
428 825 492 862 est
511 821 766 875 praecipuum
795 833 949 861 munus
974 833 1135 870 eorum,

102 886 150 924 ut
169 884 238 924 lib.
263 885 290 924 6
310 883 365 924 de
386 883 572 935 Angelis,
601 896 638 923 c.
660 883 728 933 16,
760 884 843 923 late
862 883 1134 924 ostendimuS.

101 945 220 988 Unde
239 957 262 985 e
280 945 486 985 contrario
506 945 631 984 etiam
653 949 716 984 est
740 949 900 985 certum
926 945 1138 984 daemones

102 1007 242 1048 conari
259 1006 313 1046 ad
325 1006 587 1055 imitandum,
604 1017 807 1058 quantum
820 1010 1008 1057 possunt,
1027 1005 1137 1044 hanc

100 1067 307 1108 internam
335 1067 563 1107 motionem
579 1097 592 1116 ‚
629 1067 907 1108 convertendo
942 1065 1055 1106 illam
1089 1066 1136 1105 in

100 1129 285 1179 malum,
320 1129 570 1169 excaecando
591 1129 870 1176 intellectum,
907 1139 982 1167 seu
1005 1138 1134 1179 prava

102 1189 277 1240 objecta,
312 1194 514 1242 quantum
546 1194 738 1241 possunt,
776 1188 1064 1236 illuminando,
1096 1191 1141 1229 et

99 1250 381 1290 mediantibus
419 1250 500 1290 illis
532 1251 587 1291 ad
618 1262 772 1303 pravos
809 1255 948 1291 motus
980 1249 1138 1301 appeti-

98 1313 189 1351 tum
239 1316 283 1351 et
326 1312 584 1352 voluntatem
633 1311 853 1352 excitando
874 1341 888 1361 ,
928 1311 1139 1351 interdum

99 1375 258 1424 aperte,
283 1372 494 1412 interdum
523 1372 601 1413 sub
619 1373 756 1426 specie
777 1373 903 1420 boni;
933 1372 1034 1424 quia
1050 1371 1140 1413 An-

97 1434 210 1489 yelus
223 1433 390 1476 Satanoe
407 1434 606 1476 interdum
624 1446 666 1475 se
684 1435 954 1486 transfiqurat
981 1434 1027 1473 iu
1050 1432 1140 1473 An-

98 1494 231 1548 yelum
242 1494 364 1543 lucis,
383 1499 428 1535 ut
445 1496 596 1535 Paulus
614 1494 731 1543 dixit,
750 1495 778 1534 Ξ
796 1494 851 1534 ad
869 1493 1051 1534 Corinth.
1069 1494 1136 1534 12.

99 1555 288 1608 Denique
317 1557 472 1608 optima
494 1561 537 1597 et
561 1561 677 1597 certa
708 1547 897 1596 doctrin'a
924 1559 1003 1604 est,
1032 1554 1139 1595 inter

100 1617 204 1657 alias
230 1618 339 1657 hanc
369 1630 461 1658 esse
493 1617 768 1658 differentiam
800 1618 910 1658 inter
936 1618 1072 1657 Deum
1097 1617 1140 1657 et

98 1689 407 1730 quemcumque
426 1680 615 1731 spiritum
633 1683 822 1719 creatum
835 1707 846 1727 ,
867 1678 981 1731 quod
999 1679 1142 1730 Ange-

100 1739 166 1780 lus
182 1740 317 1780 solum
334 1745 470 1793 potest
487 1740 665 1781 excitare
684 1740 943 1781 voluntatem
955 1769 967 1791 ,
997 1739 1139 1780 medio

100 1801 313 1843 intellectu
350 1807 390 1842 et
417 1803 604 1854 appetitu
641 1801 837 1841 sensitivo
854 1829 866 1850 ‚
894 1803 938 1841 et
972 1804 1138 1840 utrum-

74 1859 76 1861 ’
100 1875 182 1916 que
206 1864 355 1903 horum
377 1864 524 1904 mediis
551 1862 937 1915 phantasmatibus,
970 1873 1046 1903 seu
1063 1860 1140 1902 ob-

95 1924 217 1979 jectis
244 1924 509 1965 sensibilibus
534 1928 578 1965 et
610 1923 895 1976 imaginariis;
930 1923 1039 1963 Deus
1064 1934 1139 1962 au·

99 1991 185 2027 tem
200 1986 438 2026 immediate
457 1988 594 2037 potest
610 1996 780 2025 movere
795 1985 934 2036 ipsum
952 1984 1138 2024 intellec-

98 2052 189 2089 tum
212 2052 255 2088 et
278 2048 532 2088 voluntatem
552 2047 672 2098 juxta
696 2045 863 2085 illarum
891 2045 1138 2084 facultatum

97 2109 397 2161 capacitatem;
416 2108 506 2159 ipse
525 2107 639 2147 enim
658 2107 771 2146 solus
790 2106 1139 2149 habetinfinitam

99 2171 342 2218 efficaciam,
362 2173 404 2209 et
435 2170 548 2208 solus
571 2167 697 2208 etiam
727 2171 792 2208 est
815 2171 959 2208 auctor
986 2168 1139 2207 harum

100 2232 395 2286 potentiarum,
428 2242 521 2282 quae
548 2230 654 2270 sicut
682 2229 737 2269 ab
760 2229 851 2281 ipso
877 2228 966 2268 solo
995 2228 1140 2267 imme-

101 2294 211 2334 diate
222 2292 405 2345 pendent
414 2291 457 2330 in
468 2302 557 2331 esse
561 2291 647 2340 ,¹ita
657 2290 785 2330 etiam
795 2290 848 2329 ah
860 2290 950 2342 ipso
962 2289 1050 2329 solo
1063 2289 1140 2328 im-

102 2356 282 2396 mediate
311 2356 484 2405 possunt
514 2352 671 2392 moveri
700 2355 743 2391 et
769 2351 952 2391 excitari.
993 2351 1140 2402 Neque

101 2417 251 2468 Angeli
261 2418 434 2468 possunt
448 2414 491 2453 in
506 2413 632 2453 rebus
645 2413 874 2463 quidquam
886 2411 1051 2452 efficere
1063 2411 1140 2451 im·

102 2479 281 2518 mediate
296 2477 377 2515 nisi
396 2480 555 2516 motum
571 2474 762 2522 localem,
782 2478 830 2513 ut
846 2474 919 2513 lib.
939 2476 965 2512 4
983 2473 1035 2512 de
1056 2473 1140 2512 An-

104 2539 207 2592 gelis
241 2539 396 2578 dictum
440 2539 529 2586 est3
567 2535 809 2575 immediata
838 2539 980 2574 autem
1009 2533 1140 2573 motio

103 2601 334 2641 intellectus
363 2602 404 2639 et
431 2599 652 2638 voluntatis
682 2609 767 2637 non
789 2596 836 2636 fit
861 2608 937 2648 per
962 2596 1143 2635 localem

102 2669 277 2704 motum.
299 2664 348 2702 Et
362 2661 457 2701 ideo
472 2661 569 2700 dicit
586 2660 795 2700 interdum
811 2659 859 2698 D.
882 2660 1062 2699 Thomas
1082 2657 1141 2708 (et

102 2724 161 2765 ita
194 2724 319 2765 etiam
357 2723 586 2774 loquuntur
621 2722 761 2761 Patres
778 2722 793 2770 )
826 2719 962 2760 solum
1005 2720 1140 2759 Deum

103 2797 226 2839 posse
244 2786 419 2824 influere
437 2783 612 2823 interius
630 2780 823 2822 rationali
846 2780 991 2828 menti,
1018 2780 1143 2819 tertia

104 2849 238 2901 parte,
250 2858 291 2897 q.
310 2848 350 2893 8,
370 2857 408 2884 a.
421 2846 461 2893 8,
475 2845 528 2884 ad
548 2847 586 2891 13
599 2843 700 2884 item
715 2840 853 2882 solum
868 2841 1003 2882 Deum
1015 2853 1141 2894 posse

103 2908 221 2949 illabi
238 2907 404 2954 animae,
422 2906 543 2946 tertia
557 2908 691 2957 parte,
709 2906 857 2955 quaest.
878 2902 1140 2961 sexagesima

106 2973 269 3023 quarta,
290 2968 462 3008 articulo
481 2967 629 3018 primo.

157 3032 226 3072 32.
256 3029 428 3071 Notatio
445 3028 588 3069 altera.
614 3047 668 3059 -·-
685 3027 747 3067 Ex
762 3026 829 3066 his
845 3024 1049 3076 colligitur
1066 3036 1140 3065 ne·

105 3091 333 3134 cessarium
347 3100 438 3129 esse
455 3088 614 3128 homini
635 3099 759 3141 posse
776 3087 1011 3127 discernere
1032 3086 1143 3126 inter

107 3153 185 3194 hos
219 3155 357 3191 motus
383 3150 584 3198 internos,
621 3160 647 3189 a
681 3159 765 3201 quo
794 3148 997 3199 principio
1027 3147 1136 3195 sint;

107 3213 203 3255 ideo
219 3212 331 3253 enim
343 3211 506 3251 dicebat
513 3212 683 3260 Joan.,1
694 3210 914 3257 canonica,
930 3221 966 3249 c.
979 3210 1007 3248 4
1017 3220 1025 3247 :
1037 3209 1141 3250 Pro-

111 3275 198 3317 bata
215 3274 402 3327 spiritus,
417 3284 469 3314 an
483 3283 530 3313 σω
545 3273 625 3314 Deo
639 3273 737 3321 sint,
757 3270 954 3323 quoniam
970 3269 1052 3309 nisi
1066 3280 1141 3311 ex·-

109 3335 259 3390 quisite
284 3345 335 3375 ac
359 3333 581 3385 diligenter
605 3334 696 3374 haec
722 3332 916 3373 discretio
942 3330 1031 3380 fiat,
1050 3342 1140 3372 ma-

112 3390 242 3451 gnu'm
274 3394 504 3448 periculum
538 3398 603 3434 est
636 3394 831 3441 errandi;
862 3392 960 3445 quia
992 3394 1054 3443 (ut
1089 3404 1142 3434 ex

113 3458 241 3500 Paulo
259 3455 515 3507 dicebamus)
531 3456 797 3506 trausfiqurat
811 3466 852 3495 se
864 3453 1044 3507 Anyelus
1060 3453 1143 3495 Sa-

55 3540 57 3543 ·
114 3522 220 3562 moe
245 3520 291 3559 iu
316 3516 511 3572 Anqelum
533 3516 648 3557 lucis.
676 3516 726 3555 Et
749 3515 845 3555 ideo
862 3515 972 3555 inter
992 3515 1146 3566 gratias

116 3579 243 3632 gratis
261 3579 379 3620 datas
397 3582 641 3618 numeratur
661 3576 853 3617 discretio
871 3576 1103 3628 spirituum,
1121 3579 1142 3617 1

119 3639 175 3680 ad
189 3639 372 3680 Corinth.
401 3639 468 3680 12.
493 3637 689 3684 Quamvis
712 3639 855 3677 autem
879 3637 961 3676 hoc
989 3635 1147 3676 donum

1194 330 1316 372 detur
1331 332 1543 373 interdurn
1560 334 1614 374 ab
1630 335 1787 387 Spiritu
1810 336 1978 387 Sancto,
1997 341 2231 383 extraordi-

1192 393 1311 431 nario
1327 396 1370 432 et
1385 393 1584 444 peculiari
1597 395 1722 435 modo
1738 398 2058 449 supernaturali,
2078 401 2230 444 nihilo-

1192 453 1331 492 minus
1363 454 1647 494 necessarium
1676 460 1742 497 est
1763 462 1810 498 ut
1836 458 1890 498 sit
1907 459 2056 512 aliquis
2077 463 2230 504 modus

1193 512 1427 553 ordinarius
1450 515 1496 553 in
1518 515 1718 572 Ecclesia,
1739 529 1824 569 quo
1843 531 1919 570 per
1939 521 2140 575 principia
2159 537 2231 564 su-

1190 574 1474 626 pernaturalia
1492 574 1677 623 adhibito
1691 579 1862 619 rationis
1878 580 2079 633 discursu,
2100 589 2142 624 et
2157 595 2230 625 ex-

1190 636 1403 686 perientiae
1423 639 1465 676 et
1487 632 1719 688 prudentiae
1739 639 1911 691 judicio,
1938 643 2117 684 discerni
2136 658 2229 698 pos-

1191 696 1275 737 sint
1294 698 1511 738 interiores
1529 694 1735 739 motiones
1749 730 1762 749 ,
1791 712 1867 740 seu
1885 703 2065 754 spiritus.
2097 707 2227 756 Sicut,

1189 756 1286 798 licet
1304 759 1426 798 detur
1445 754 1636 811 specialis
1653 759 1797 812 gratia‘
1806 763 2047 813 sanitatum,
2066 764 2230 819 lingua·

1191 831 1300 867 rum,
1332 820 1683 873 interpretationis
1712 833 1970 874 sermonum,
2005 828 2104 873 etc.,
2142 840 2229 868 non

1189 885 1464 932 expectantur
1495 894 1662 935 semper
1688 883 1731 922 in
1767 882 1953 925 Ecclesia
1990 885 2230 937 hujusmodi

1192 941 1426 993 singulares
1453 945 1594 995 gratiae
1620 944 1673 983 ad
1696 944 1789 984 illos
1812 945 2000 994 effectus,
2021 952 2230 998 quatenus

1190 1003 1401 1044 ordinarie
1425 1005 1467 1044 in
1494 1005 1676 1046 Ecclesia
1699 1008 1925 1047 necessarii
1951 1012 2063 1054 sunt,
2094 1015 2137 1050 et
2156 1023 2231 1061 per

1187 1062 1436 1115 doctrinam,
1455 1066 1686 1116 scientiam,
1707 1068 1773 1107 vel
1792 1073 1925 1108 artem
1938 1069 2123 1110 humano
2143 1083 2232 1111 mo-

1190 1125 1244 1165 do
1263 1132 1545 1178 comparatam
1566 1139 1662 1168 cum
1681 1128 1821 1169 divino
1848 1129 2002 1170 auxilio
2027 1130 2117 1170 fieri
2138 1144 2233 1182 pos—

1192 1191 1303 1226 sunt.

1243 1250 1312 1289 33.
1343 1249 1515 1293 Notatio
1528 1249 1667 1290 tertia.
1687 1268 1741 1279 —
1759 1250 1939 1291 Ulterius
1956 1251 2020 1290 his
2037 1251 2233 1294 omnibus

1192 1310 1433 1350 addendum
1461 1315 1539 1359 est,
1573 1309 1701 1362 quod,
1730 1311 1829 1351 licet
1855 1311 2058 1363 impulsus
2084 1315 2234 1356 divinae

1194 1372 1335 1424 gratiae
1352 1383 1428 1423 per
1445 1371 1768 1411 illuminationes
1787 1376 1829 1412 et
1847 1372 2154 1424 inspirationes,
2172 1387 2235 1415 se·

1193 1433 1377 1474 cundum
1396 1436 1527 1472 totam
1545 1433 1824 1490 latitudinem,
1853 1445 1929 1474 seu
1947 1435 2234 1476 collectionem

1194 1507 1315 1536 suam
1328 1526 1340 1544 ,
1360 1506 1446 1534 non
1466 1500 1686 1547 expectent
1704 1493 1884 1536 hominis
1902 1496 2233 1549 dispositionem,

1193 1557 1292 1609 quia
1312 1557 1402 1608 ipse
1420 1557 1532 1596 Dens
1552 1560 1641 1603 est,
1674 1556 1746 1608 qui
1764 1558 1808 1596 in
1826 1557 1948 1597 nobis
1966 1557 2109 1609 incipit
2129 1589 2140 1605 ,
2178 1560 2237 1599 ni-

1193 1618 1433 1665 bilominus,
1454 1622 1676 1669 postquam
1694 1618 1805 1658 Deus
1823 1630 1901 1670 per
1917 1630 2037 1658 suam
2057 1620 2236 1671 gratiam

1192 1680 1395 1733 praevenit
1411 1679 1627 1719 hominem
1643 1707 1657 1729 ,
1691 1683 1734 1719 et
1760 1680 1888 1732 coepit
1911 1681 1955 1719 in
1980 1680 2049 1719 illo
2070 1681 2236 1732 operari

1194 1742 1261 1782 vel
1278 1741 1430 1789 fidem,
1464 1741 1531 1780 vel
1560 1741 1818 1790 charitatem,
1841 1741 1908 1781 vel
1928 1753 2237 1793 quamcumque

1194 1802 1321 1843 aliam
1352 1802 1508 1842 bonam
1539 1802 1797 1842 voluntatem
1814 1831 1827 1851 ,
1863 1804 1937 1842 aut
1969 1803 2238 1854 perfectionis

1193 1863 1390 1904 affectum
1403 1893 1414 1909 ‚
1437 1867 1577 1913 potest
1592 1863 1736 1912 homo,
1758 1866 1800 1901 et
1819 1861 1945 1902 debet
1962 1864 2010 1912 (si
2027 1863 2125 1902 velit
2143 1875 2232 1914 pro-

1193 1924 1319 1965 ficere
1337 1924 1620 1974 spiritualiter)
1638 1935 1685 1963 se
1705 1923 1929 1974 disponere
1946 1929 1987 1963 et
2001 1936 2238 1976 praeparare

1188 1986 1247 2025 ad
1267 1984 1470 2036 maj0rem
1490 1985 1563 2024 Dei
1581 1984 1923 2032 illustrationem,
1944 1997 1994 2025 ac
2007 1987 2238 2026 motionem

1192 2045 1462 2087 obtinendam
1479 2054 1494 2096 ;
1524 2045 1642 2097 quia,
1682 2046 1900 2098 supposita
1943 2047 2070 2097 priori
2101 2048 2237 2097 gratia

1189 2107 1486 2160 praeveniente,
1507 2110 1644 2158 potest
1656 2107 1784 2146 homo
1797 2107 1858 2145 illi
1872 2107 2137 2159 cooperando
2151 2119 2238 2148 me·

1192 2169 1274 2208 reri
1300 2168 1425 2207 aliam
1444 2167 1510 2207 vel
1539 2168 1743 2218 maJ‘orem
1770 2168 1948 2219 gratiam
1979 2167 2238 2220 praevenien-⁴

1191 2232 1295 2279 tem,
1317 2230 1382 2269 vel
1401 2227 1559 2268 orando
1580 2229 1694 2267 illam
1712 2229 1964 2281 impetrare;
1988 2233 2030 2268 et
2050 2229 2143 2269 ideo
2163 2230 2236 2270 Ec·

1194 2291 1320 2331 clesia
1340 2302 1452 2342 saepe
1470 2295 1561 2330 orat
1580 2291 1709 2330 Deum
1733 2294 1778 2329 ut
1797 2302 1871 2329 sua
1888 2291 2022 2342 gratia
2035 2302 2112 2329 nos
2134 2301 2240 2340 prce-

1191 2351 1349 2399 veniat,
1366 2355 1407 2391 et
1426 2363 1477 2391 ex
1496 2352 1684 2391 doctrina
1703 2350 1756 2390 de
1779 2351 1910 2403 gratia
1936 2351 1980 2391 id
2006 2351 2237 2391 certissime

1194 2416 1369 2454 constat.
1391 2414 1503 2453 Inter
1520 2413 1598 2452 has
1617 2416 1758 2452 autem
1778 2412 2070 2464 dispositiones
2090 2412 2237 2463 praeci-

1193 2486 1279 2527 pua
1306 2478 1370 2514 est
1397 2475 1492 2513 vitae
1513 2475 1673 2526 puritas
1704 2477 1747 2512 et
1774 2473 1980 2513 munditia
1999 2486 2025 2513 a
2047 2476 2238 2524 peccato,

1195 2540 1279 2576 tam
1301 2534 1480 2575 dolendo
1503 2535 1556 2574 de
1581 2533 1802 2587 praeteritis
1822 2546 1950 2585 quam
1969 2533 2155 2574 cavendo
2174 2534 2239 2576 fu-

1192 2599 1300 2638 tura.
1324 2597 1484 2636 Deinde
1499 2600 1677 2646 augetur
1691 2595 1780 2634 haec
1795 2594 2027 2646 dispositio,
2046 2594 2238 2634 minuen-

1193 2657 1249 2698 do
1276 2658 1470 2698 affectum
1493 2657 1787 2708 temporalium
1815 2656 2026 2696 bonorum
2057 2659 2099 2695 et
2122 2666 2237 2702 comff

1193 2719 1430 2759 modorum.
1461 2717 1678 2766 Quomodo
1694 2717 1797 2756 dixit
1812 2717 1857 2756 B.
1877 2715 2063 2767 Ignatius
2077 2716 2123 2755 in
2142 2716 2235 2755 ulti-

1193 2779 1431 2820 mis-verbis
1451 2778 1645 2819 secundae
1670 2777 1962 2821 hebdomadae,
1992 2776 2103 2816 cirea
2129 2776 2236 2816 elec·

1193 2841 1330 2881 tiones
1344 2840 1556 2880 faciendas
1573 2850 1587 2878 :
1609 2840 1700 2880 Hoc
1714 2840 1988 2890 uuusquisque
1997 2849 2238 2890 persuasum

1192 2903 1362 2951 habeat„
1383 2905 1543 2943 tantum
1556 2912 1600 2941 sc
1615 2901 1660 2940 in
1677 2900 1825 2941 studiis
1843 2899 2130 2952 spiritualibus
2144 2910 2237 2948 pro-

1192 2967 1396 3005 moturum
1421 2974 1503 3003 osse
1518 2992 1529 3011 ‚
1557 2965 1750 3014 quantum
1780 2961 1829 3001 ab
1855 2970 1988 3001 amore
2011 2961 2080 2999 sui
2105 2959 2237 3011 ipsius

1194 3029 1234 3066 et
1250 3024 1439 3066 commodi
1453 3023 1616 3076 proprii
1636 3023 1846 3075 affectione
1871 3033 1955 3062 sese
1972 3021 2232 3062 abstraxerit.

1194 3085 1382 3126 Tandem
1402 3086 1557 3138 optima
1581 3084 1796 3135 dispositio
1827 3081 1883 3122 ad
1907 3079 2148 3133 huJusmodi
2177 3079 2237 3119 ef-

1193 3146 1328 3188 fectus
1360 3146 1510 3186 divinae
1543 3146 1685 3197 gratiae
1713 3145 1759 3184 in
1787 3144 1974 3185 oratione
2003 3141 2237 3193 praesertim

1192 3208 1366 3249 mentali
1387 3206 1506 3260 quasi
1521 3206 1748 3258 perficitur,
1770 3218 1855 3244 non
1875 3204 2008 3243 solum
2030 3202 2128 3253 quia
2145 3200 2235 3239 effi-

1194 3270 1458 3311 cacissimum
1482 3268 1671 3326 medium
1698 3267 1754 3307 ad
1792 3264 2063 3306 obtinendum
2090 3274 2116 3301 a
2147 3261 2233 3323 Duo¹

1194 3330 1434 3383 hujusmodi
1454 3320 1665 3369 motiones
1676 3332 1744 3367 est
1762 3325 1892 3365 oratio
1916 3328 1957 3364 et
1979 3322 2135 3374 petitio,
2157 3325 2230 3357 scd

1194 3393 1294 3443 quia
1315 3403 1412 3432 cum
1429 3391 1617 3430 oratione
1633 3387 1805 3427 mentali
1824 3386 2008 3425 elevetur
2026 3381 2163 3419 anima
2179 3378 2233 3416 ad

1199 3454 1348 3501 Deum,
1370 3456 1414 3493 et
1436 3452 1490 3491 ad
1509 3449 1885 3491 considerationem
1904 3453 2044 3483 rerum
2063 3445 2233 3480 aeterna-

1199 3525 1308 3564 rum,
1336 3518 1400 3555 est
1429 3513 1564 3565 magis
1593 3514 1783 3562 separata
1803 3521 1828 3547 a
1859 3506 1983 3545 rebus
2001 3499 2235 3552 temporali-

1198 3574 1279 3615 bus
1288 3603 1303 3624 ,
1323 3578 1366 3615 et
1388 3574 1483 3614 ideo
1502 3572 1637 3624 magis
1655 3568 1854 3620 disposita
1872 3569 1918 3604 ut
1933 3575 1959 3603 a
1983 3564 2069 3602 Deo
2089 3559 2235 3600 illumi-

1199 3639 1324 3676 netur
1347 3639 1390 3676 et
1413 3638 1655 3678 moveatur,
1681 3630 1800 3681 juxta
1815 3625 1916 3666 illud
1937 3635 1950 3667 z
1974 3624 2134 3665 Ducam
2149 3629 2234 3662 cam
