2352 3880
89 270 258 312 confiteri
281 277 368 309 vero
384 272 432 309 de
448 271 662 309 mortalibus
683 272 767 329 iure
783 271 970 315 ordinario
981 296 997 318 ,
1009 275 1046 308 et
1064 279 1125 306 se-

130 324 230 360 cluso
240 318 521 368 privilegio‚non
533 325 683 366 possunt
691 318 764 359 nitu
774 317 1005 358 eonfessariis
1014 330 1039 361 a
1047 321 1125 357 mis

125 364 386 421 §uperioribus
403 373 595 418 deputatis,
618 370 666 407 ib.
905 398 910 401 .
1031 417 1033 419 -

127 418 299 467 Religiosi
321 419 504 468 peregrini
523 421 656 466 quibus
668 414 915 458 sacerdotibus
930 421 1068 466 possint
1081 429 1126 456 ac

128 473 285 519 debeant
298 463 474 510 confiteri.
489 470 579 507 Vide
593 471 818 515 Peregrinus.

91 564 94 567 ,
126 520 258 560 Novitii
281 521 415 569 quibus
433 524 572 568 possint
585 516 760 564 confiteri,
776 519 859 557 vide
873 519 1017 558 Novitii.

86 571 316 610 consessores
337 572 561 622 privilegiati
582 573 755 608 habentes
782 571 1072 616 iurisdictionem
1097 580 1119 606 a

125 626 274 660 Summo
294 625 477 666 Pontifice‚
491 632 538 658 an
553 619 690 667 possint
709 621 834 657 audire
855 621 1118 657 consessionem

126 676 299 719 religiosi,
321 676 458 718 absque
472 673 618 721 licentia
631 673 861 717 praelatorum
878 672 989 715 illius,
1005 671 1054 707 ib.

125 724 332 760 Jurisdictio
354 725 393 759 in
410 724 490 759 foro
505 723 728 767 poenitentiae
744 733 765 758 a
779 722 927 758 Summo
949 721 1119 758 Pontifice

123 775 304 818 religiosis
325 783 494 810 concessa
506 774 553 809 ad
567 774 766 809 audiendas
781 773 1026 809 confessiones
1038 781 1118 808 om»

124 824 229 859 nium
248 824 424 866 fidelium,
440 832 501 862 an.
523 827 560 859 et
580 833 603 860 a
623 824 758 868 quibus
774 822 953 869 religiosis
971 823 1117 861 limitari

125 874 250 917 possit,
265 883 296 910 c.
311 878 365 909 17.

83 922 287 960 confitendi
303 923 506 968 frequentia
517 926 653 968 quanta
666 924 706 958 in
717 922 906 967 societate,
917 926 963 959 tr.
978 925 1034 967 1⁰,
1044 920 1071 958 l.
1085 925 1118 965 8,

126 983 159 1008 c.
182 978 216 1009 k.

83 1023 361 1060 confessionum
388 1022 613 1068 generalium
641 1031 746 1066 usus,
779 1023 844 1067 qui
872 1024 913 1060 in
945 1021 1120 1060 societate

127 1074 348 1117 praecipitur,
362 1073 583 1108 conveniens
595 1073 642 1108 sit
658 1081 786 1113 necne,
801 1073 850 1108 ib.

82 1124 138 1160 An
154 1124 399 1159 confessiones
414 1125 593 1159 iterandas
602 1127 723 1159 utrum
736 1127 772 1158 et
785 1132 858 1167 qua
872 1123 1012 1159 ratione
1023 1119 1119 1158 obli-

125 1174 203 1218 gari
221 1175 304 1217 quis
324 1174 446 1218 possit.
471 1174 521 1209 ib.

124 1219 259 1267 Regula
280 1224 477 1266 societatis,
492 1233 564 1268 qua
580 1221 788 1267 praecipitur
799 1225 839 1258 ut
852 1220 916 1265 qui
932 1222 1120 1258 confitetur

125 1274 227 1310 alteri
239 1285 347 1319 quam
358 1275 543 1311 ordinario
557 1284 622 1310 suo
635 1274 844 1315 consessori,
856 1273 985 1308 debeat
998 1278 1120 1318 postea

123 1325 244 1360 eidem
262 1335 329 1362 suo
347 1325 543 1362 consessori
557 1325 681 1360 eadem
697 1328 840 1368 peccata
854 1324 1029 1367 confiteri,
1045 1333 1118 1360 non

126 1373 270 1410 inducit
290 1377 477 1420 proprium
505 1383 599 1410 onus
628 1372 885 1418 comparendi,
902 1375 966 1411 sed
980 1379 1120 1413 tantum

126 1423 330 1468 simplicem
351 1421 586 1460 directionem
606 1425 752 1468 regulae,
770 1425 818 1459 ib.

124 1475 249 1510 Utrum
266 1477 342 1510 haec
361 1476 482 1519 regula
498 1476 546 1510 sit
564 1475 797 1516 conveniens,
813 1474 862 1510 ib.

124 1522 224 1561 Hanc
245 1526 405 1570 regulam
425 1535 499 1561 non
519 1526 636 1562 solum
660 1526 812 1570 intelligi
831 1525 877 1562 de
893 1525 1118 1570 mortalibus,

126 1577 191 1612 sed
204 1576 312 1612 etiam
327 1577 372 1612 de
386 1577 602 1617 venialibus
619 1577 668 1611 ib.
730 1621 734 1624 η

80 1623 301 1662 confessarii
320 1635 342 1662 a
363 1626 618 1669 Superioribus
640 1623 864 1669 regularibus
889 1626 930 1661 in
959 1626 1124 1671 quolibet

126 1681 306 1712 conventu
320 1675 531 1720 deputandi,
548 1677 630 1711 vide
648 1677 847 1712 Absolutio.

85 1725 254 1763 confiteri
276 1727 458 1771 Superiori
490 1727 529 1761 in
551 1727 663 1762 variis
690 1720 930 1770 religionibus
950 1725 1122 1762 usitatum

129 1776 254 1817 fuisse,
278 1777 388 1820 idque
410 1784 474 1820 per
491 1784 530 1811 se
548 1777 684 1811 malum
707 1785 781 1811 non
801 1785 889 1816 esse,
907 1776 957 1811 ib.

125 1825 220 1866 Quid
237 1825 333 1860 cirea
348 1827 416 1861 hoc
438 1826 647 1862 observetur
669 1828 708 1860 in
731 1827 916 1868 societate,
934 1826 983 1861 ib.

123 1875 298 1920 Superior
312 1877 351 1911 in
366 1878 484 1920 rigore
502 1881 616 1921 potest
630 1885 755 1921 cogere
782 1882 822 1912 ut
847 1879 1013 1915 subditus
1027 1878 1122 1913 inci-

125 1926 218 1962 dens
234 1926 273 1961 in
295 1931 513 1963 reservatum
534 1928 605 1963 sibi
621 1927 844 1968 confiteatur,
871 1928 922 1962 ib.

123 1972 216 2012 Vide
235 1975 346 2012 Casus
359 1978 541 2013 reservati.

125 2025 182 2062 An
210 2024 249 2061 in
273 2026 399 2070 aliquo
429 2035 516 2063 casu
542 2026 658 2072 ‚liceat
683 2023 870 2070 Superiori
901 2026 957 2062 uti
989 2022 1122 2066 <notitia

125 2077 366 2113 confessionis
377 2076 423 2112 ad
436 2075 669 2121 dirigendum
682 2078 881 2120 subditum,
900 2076 953 2113 il).

125 2125 221 2168 Quid
242 2127 283 2162 in
302 2127 371 2163 hoc
391 2127 548 2162 Societas
568 2127 744 2169 observet,
765 2128 815 2162 ib.
940 2171 944 2173 ἡ

126 2175 203 2219 Qua
228 2177 369 2211 ratione
392 2177 526 2212 debeat
547 2176 719 2220 Superior
740 2182 815 2214 non
837 2173 974 2212 utendo
992 2175 1125 2211 notitia

125 2226 378 2268 confessionis,
394 2226 550 2270 peccatis
568 2226 811 2262 nihilominus
823 2227 1050 2263 subditorum
1064 2233 1123 2260 oe-

126 2283 284 2318 currere,
299 2284 383 2311 eum
398 2275 533 2311 morale
549 2273 750 2318 periculum
771 2282 898 2310 eorum
920 2282 987 2318 per
1006 2276 1123 2312 solani

125 2327 293 2361 notitiam
315 2323 555 2361 confessionis
567 2325 765 2368 agnoverit,
781 2325 831 2359 ib.

90 2372 307 2414 confessarii
322 2375 508 2412 societatis
525 2375 658 2418 quibus
676 2375 877 2419 privilegiis
890 2375 1058 2412 fruantur
1074 2375 1122 2412 ad

126 2427 330 2462 audiendas
343 2426 589 2462 confessiones
606 2426 783 2466 fidelium,
797 2434 931 2469 eosque
944 2436 966 2461 a
979 2427 1123 2462 casibus

128 2480 166 2511 et
177 2477 343 2512 censuris
361 2475 550 2511 reservatis
569 2472 820 2521 absolvondes,
838 2477 923 2519 vide
935 2477 1120 2517 Poeniten·

127 2525 191 2563 tiae
210 2530 490 2573 sacramentum2

487 2600 722 2642 mffcuffcess04

91 2675 176 2713 Vide
190 2676 406 2721 capitulum.

85 2726 323 2771 congregatio
340 2722 527 2771 religionis
538 2729 580 2762 ut
598 2721 646 2762 sit
664 2725 827 2772 legitima
848 2719 896 2763 ad
910 2726 1124 2764 electionem

129 2777 394 2861 sussfleneralis,
407 2785 497 2823 quas
510 2777 672 2822 requirat
681 2778 924 2821 conditiones,
942 2780 991 2815 tr.
1002 2782 1036 2821 s,
1050 2778 1077 2812 l.
1089 2782 1122 2820 a,

87 2834 390 2920 coffigr'egationes
405 2875 590 2913 societatis
601 2902 611 2918 ,
625 2880 698 2913 tam
712 2877 899 2922 generales
913 2885 1024 2921 quam
1037 2885 1125 2922 pro·

131 2927 320 2968 vinciales,
337 2930 374 2961 et
387 2927 673 2970 Procuratorum,
696 2937 806 2972 quarn
827 2932 1036 2972 potestatem
1059 2929 1126 2963 ha-

128 2973 367 3062 fesssst’cetffd
383 2985 492 3022 quem
506 2978 687 3022 praecipue
697 2979 807 3015 tinem
821 2983 1007 3024 cogantur,
1020 2982 1126 3020 ῐΜο,

130 3048 346 3160 ξρξοῖειῖῑεῖ*
364 3074 413 3114 de
430 3076 603 3121 potestate
622 3075 919 3123 congregationis
931 3076 1126 3123 generalis,

93 3130 390 3220 congr'etgaffionis
399 3176 579 3221 generalis
590 3177 788 3220 societatis,
804 3177 895 3220 quid
909 3176 1022 3222 possit
1032 3177 1129 3212 circa

134 3227 389 3276 dimissionem
403 3229 659 3273 professorum,
675 3232 736 3263 aut
759 3228 942 3263 licentiam
964 3228 1020 3264 eis
1038 3235 1130 3266 con-

138 3277 339 3363 fedengargi
355 3278 403 3314 ad
422 3279 613 3315 transitum
629 3279 669 3315 in
686 3278 777 3315 alias
794 3278 1002 3323 religiones,
1012 3282 1059 3315 tr.
1075 3282 1134 3321 ao,-

97 3351 342 3421 cofigrdgziiio'
352 3371 531 3421 generalis
557 3387 605 3413 an
623 3379 737 3422 possit
765 3377 923 3413 limitare
949 3377 1140 3421 Praepositi

140 3429 321 3472 generalis
335 3428 520 3464 facultates
538 3427 608 3472 ipsi
627 3429 821 3472 Praeposito
834 3438 857 3463 a
877 3428 1025 3463 Summo
1041 3429 1137 3461 Pon-

994 205 1124 244 max
1141 207 1294 247 naseu.

2104 212 2210 256 {1¹15

1217 273 1347 359 ¹lateqetiel
1358 276 1603 360 p’otestlgasus
1623 281 1806 311 reservare
1826 283 1892 321 pro
1921 283 1987 317 ‚sua
2008 275 2207 322 provincia,

1253 347 1264 358 .
1290 351 1316 375 V,
1349 351 1358 359 .
1385 351 1407 377 .·
1427 332 1460 360 c.
1488 367 1490 369 ,
1519 351 1529 360 .

1608 408 1780 437 COKIUGB.

1176 469 1266 503 Vide
1286 471 1564 506 Matrimonium.

1173 518 1323 559 Quando
1346 521 1517 564 conjuges
1539 524 1684 574 propter
1699 521 1916 557 adulterium
1937 523 2084 561 alterius
2104 532 2210 567 sepa-

1215 573 1352 609 rantur,
1377 569 1460 604 licet
1475 569 1614 605 adulter
1634 579 1708 606 non
1734 571 1844 615 possit
1862 572 1973 607 alium
1992 573 2152 617 obligare
2170 578 2211 611 ut

1214 619 1284 654 sibi
1309 620 1502 662 cohabitet,
1522 625 1636 663 potest
1651 626 1770 656 tamen
1784 623 1829 657 ab
1847 621 1909 657 illo
1925 617 2077 666 obligari
2091 621 2138 659 ad
2151 631 2212 660 oo-

1214 667 1465 710 habitandum,
1489 673 1532 704 tr.
1548 672 1581 711 8,
1601 671 1626 702 l.
1649 673 1679 712 3,
1696 679 1725 704 c.
1744 675 1775 705 5.

1213 718 1389 754 Dissoluto
1403 719 1636 754 matrimonio
1658 723 1734 754 rato
1749 730 1812 763 per
1830 721 2091 765 professionem
2118 723 2210 759 alte-

1214 770 1290 805 rius
1303 770 1467 814 conjugis
1486 772 1699 805 revocantur
1714 770 1928 806 donationes
1952 773 2122 807 absolutae
2149 773 2209 807 in·-

1214 821 1268 856 ter
1289 829 1349 856 eos
1368 821 1490 863 sactae;
1511 829 1584 855 non
1602 825 1721 854 tamen
1736 820 1764 854 si
1781 821 1916 854 dietum
1937 823 2208 858 matrimonium

1215 879 1279 914 per
1300 871 1605 914 dispensationem
1621 869 1846 912 dissolvatur,
1862 879 1891 904 e.
1911 873 1964 904 14.

1171 921 1323 963 conjux,
1341 922 1402 964 qui
1432 926 1511 964 post
1525 921 1799 955 matrimonium
1817 924 1932 954 ratum
1960 920 2140 963 ingressus
2159 929 2210 958 est

1215 971 1442 1014 religionem,
1460 981 1506 1005 an
1527 974 1692 1005 teneatur
1712 970 1831 1004 redire
1848 970 1894 1004 ad
1915 970 2066 1004 alterum
2082 973 2210 1014 conjn-

1215 1030 1308 1065 gem,
1325 1022 1394 1055 nisi
1411 1021 1529 1056 statim
1541 1027 1621 1064 post
1632 1029 1771 1055 annum
1786 1020 2046 1064 professionem
2061 1021 2209 1066 emittat,

1215 1073 1259 1106 tr.
1285 1074 1335 1112 10,
1353 1071 1375 1104 l.
1393 1075 1425 1111 2,
1443 1080 1473 1105 c.
1493 1071 1523 1104 l.

1215 1122 1257 1157 Et
1278 1122 1307 1156 si
1332 1121 1554 1165 ingrediatur
1569 1119 1792 1162 Societatem,
1807 1128 1853 1154 an
1870 1119 1997 1154 debeat
2010 1118 2209 1162 dispensari

1216 1171 1254 1206 in
1274 1172 1425 1206 biennio
1445 1171 1651 1211 novitiatus,
1668 1171 1841 1204 utstatim
1860 1170 1999 1213 expleto
2017 1178 2091 1204 uno
2112 1179 2210 1205 anno

1216 1223 1410 1256 novitiatus
1433 1220 1693 1265 professionem
1711 1220 1857 1262 emittat,
1874 1220 1896 1253 l.
1914 1223 1946 1261 4,
1961 1229 1990 1253 ci
2012 1223 2042 1252 2.

1173 1272 1210 1307 Si
1225 1273 1436 1315 conjugatus
1458 1275 1537 1314 post
1556 1274 1842 1305 consummatum
1866 1269 2148 1311 matrimonium,
2169 1279 2212 1304 ex

1216 1323 1291 1357 solo
1310 1331 1489 1356 consensu
1505 1321 1638 1357 uxoris,
1663 1321 1741 1354 sine
1758 1320 1839 1353 aliis
1859 1319 1950 1362 Juris
1975 1321 2211 1353 circumstan-

1216 1373 1290 1413 tiis,
1310 1373 1532 1415 ingrediatur
1550 1371 1762 1413 religionem
1780 1371 1940 1412 (excepta
1958 1369 2131 1412 religione
2146 1370 2211 1403 So-

1217 1423 1396 1465 cietatis),
1419 1421 1577 1457 validam
1613 1420 1875 1464 professionem
1907 1421 2059 1461 emittet3
2083 1420 2212 1462 poterit

1218 1476 1336 1508 tamen
1360 1473 1479 1515 quoad
1502 1481 1607 1507 usum
1629 1471 1710 1505 talis
1733 1470 1968 1513 professionis
1984 1469 2165 1512 impediri.
2180 1471 2211 1502 et

1217 1523 1264 1559 ab
1281 1531 1390 1558 uxore
1407 1523 1453 1557 ad
1475 1522 1756 1558 cohabitandum
1773 1521 1952 1562 revocari,
1971 1520 2002 1554 si
2027 1520 2089 1553 illa
2112 1519 2211 1559 velit,

1234 1601 1240 1607 .
1265 1577 1285 1606 2
1317 1581 1349 1607 c.
1366 1577 1397 1607 2.

1173 1573 1394 1666 colnjugatus
1410 1618 1618 1664 ingrediens
1628 1620 1837 1654 Societatem
1851 1622 1930 1662 post
1943 1615 2212 1652 matrimonium

1218 1677 1506 1709 consummatum
1520 1700 1528 1713 ‚
1549 1675 1585 1705 et
1606 1671 1645 1704 in
1671 1679 1714 1704 ea
1736 1669 1907 1713 profitens
1923 1697 1931 1710 ,
1954 1667 2212 1711 professionem

1220 1723 1380 1761 invalide
1402 1723 1502 1764 facit,
1517 1724 1600 1758 voto
1614 1724 1733 1755 tamen
1749 1719 1917 1754 castitatis
1931 1722 2054 1753 manet
2070 1718 2213 1761 ligatus,

1219 1774 1272 1812 ib.

1519 1849 1739 1877 consciamne
1759 1847 1873 1876 umo-

1165 1928 1415 1974 ,conscientiae
1433 1925 1526 1963 ratio
1546 1932 1627 1969 quae
1645 1926 1686 1959 in
1701 1924 1875 1960 societate
1892 1923 2112 1966 postulatur,
2125 1924 2214 1967 quid

1217 1981 1276 2020 sit,
1291 1984 1335 2014 tr.
1354 1983 1407 2020 10,
1422 1978 1446 2012 l.
1471 1981 1524 2016 10,
1546 1984 1577 2010 c.
1601 1978 1634 2009 6.

1217 2030 1311 2071 Quid
1332 2030 1429 2063 circa
1451 2028 1551 2061 illam
1566 2026 1604 2060 in
1622 2024 1795 2059 societate
1808 2025 1979 2058 statutum
1996 2023 2054 2064 sit,
2071 2023 2122 2058 ib.

1216 2082 1270 2117 Ad
1286 2080 1383 2123 quod
1399 2081 1575 2114 secretum
1591 2075 1769 2118 obligetur
1786 2074 1956 2116 Superior
1971 2074 2008 2107 in
2025 2073 2070 2108 iis
2082 2082 2163 2116 quae
2174 2074 2212 2107 in

1216 2132 1356 2166 ratione
1370 2127 1599 2164 conscientiae
1616 2126 1668 2158 illi
1690 2125 1978 2164 manifestantur,
1998 2123 2046 2157 ib.

1218 2181 1390 2224 Superior
1404 2179 1563 2220 obligare
1579 2184 1651 2210 non
1675 2179 1789 2217 polest
1802 2178 1841 2209 ut
1866 2174 1956 2208 ratio
1983 2172 2213 2208 conscientiae

1219 2232 1289 2267 sibi
1313 2231 1352 2264 in
1375 2228 1602 2264 consessione
1618 2224 1805 2266 reddatur,
1824 2227 1940 2268 potest
1953 2227 2073 2258 tamen
2094 2226 2136 2257 ut
2148 2231 2214 2258 ex-

1218 2285 1275 2316 tra
1289 2280 1568 2318 consessionem,
1585 2277 1633 2310 ib.

1217 2329 1267 2366 De
1288 2329 1422 2372 quibus
1445 2327 1629 2362 reddenda
1651 2325 1698 2360 sit
1711 2324 1943 2360 conscientiae
1959 2323 2068 2363 ratio,
2089 2323 2138 2358 ib.

1213 2380 1271 2417 &d
1292 2388 1400 2422 quem
1421 2377 1532 2413 finem
1544 2375 1751 2419 hujusmodi
1767 2374 1857 2410 ratio
1870 2373 2099 2409 conscientiae
2113 2372 2213 2406 ordi-

1218 2433 1338 2471 netur,
1362 2430 1411 2464 ib.

1217 2481 1380 2522 Quando,
1396 2479 1434 2512 in
1451 2476 1596 2521 quibus,
1610 2478 1647 2511 et
1659 2473 1841 2518 quomodo
1857 2476 1968 2516 potest
1979 2471 2147 2515 Superior
2158 2470 2210 2506 uti

1219 2532 1347 2566 notitia
1363 2538 1484 2564 rerum
1497 2528 1567 2564 sibi
1585 2526 1624 2562 in
1637 2525 1778 2561 ratione
1790 2523 2020 2559 conscientiae
2037 2522 2212 2557 manifes-

1217 2584 1384 2621 tatarum,
1407 2580 1455 2613 ib.

1173 2631 1441 2669 Conscientiam
1460 2627 1644 2671 Superiori
1659 2625 1811 2669 aperire,
1830 2623 1938 2658 etiam
1959 2624 2057 2656 extra
2069 2619 2214 2675 confes-

1218 2683 1374 2723 sionem,
1396 2679 1530 2715 sanctis
1542 2677 1630 2712 olim
1651 2675 1816 2711 Patribus
1832 2671 2118 2715 receptissimum
2132 2669 2210 2710 fuit,

1220 2732 1270 2767 ib.

1219 2782 1279 2817 Est
1291 2782 1436 2823 signum
1452 2785 1527 2812 non
1541 2772 1735 2810 mediocris
1749 2779 1958 2815 progressus
1970 2770 2010 2804 in
2022 2767 2213 2804 virtutibus

1220 2829 1392 2870 faciendi,
1408 2829 1436 2862 si
1453 2828 1589 2869 integre
1604 2823 1797 2866 aperiatur,
1816 2821 1867 2855 ib.

1220 2882 1280 2917 Est
1293 2882 1400 2915 etiam
1414 2883 1529 2914 unum
1545 2884 1566 2910 e
1578 2873 1776 2919 potissimis
1792 2869 1922 2906 mediis
1935 2866 2068 2912 quibus
2082 2867 2129 2903 ad
2138 2874 2214 2911 per·

1222 2931 1416 2967 tectionem
1429 2926 1599 2964 castitatis
1613 2924 1769 2961 Societas
1782 2923 1941 2966 juvatur,
1954 2918 1982 2955 l.
1993 2921 2027 2961 6,
2039 2926 2072 2952 c.
2085 2921 2118 2952 8.

1495 3007 1713 3039 CONSECRATIO
1732 3002 1907 3036 vinomo!-

1176 3076 1391 3114 consecrari
1420 3073 1508 3112 solae
1536 3071 1699 3119 virgines
1717 3066 2011 3108 sanctimoniales
2030 3059 2216 3102 solebant,

1222 3131 1268 3163 tr.
1290 3131 1324 3168 9,
1346 3127 1372 3161 l.
1394 3129 1430 3169 1,
1446 3133 1479 3160 e.
1502 3127 1557 3158 11.
2025 3162 2032 3168 ¹

1220 3180 1279 3214 «nn
1301 3177 1411 3212 etiam
1427 3175 1467 3210 in
1489 3175 1614 3217 aliquo
1630 3179 1715 3208 casu
1737 3172 1813 3205 non
1834 3166 2006 3209 virgines,
2022 3161 2072 3196 lb.
2168 3205 2177 3213 ι

1178 3227 1413 3264 consecratio
1430 3225 1615 3268 virginum
1636 3217 1967 3257 sanctimonialium
1982 3210 2095 3247 asoto
2114 3207 2218 3252 Epis-

1228 3286 1319 3321 copo
1333 3278 1540 3312 consecrato
1557 3271 1774 3318 peragenda,
1791 3269 1841 3302 ib.

1229 3328 1320 3364 vide
1332 3327 1479 3364 velum.

1614 3392 1802 3428 coi-simun.-

143 3478 239 3514 titice
252 3486 450 3520 concessae,
469 3479 595 3523 quales
611 3483 694 3515 sunt
709 3482 861 3523 potestas
875 3478 924 3516 ud
949 3478 1137 3514 dimitten-
1188 3475 1350 3515 consilia
1366 3474 1430 3511 Dei
1455 3471 1604 3516 rejicere
1623 3476 1666 3502 ex
1683 3455 1806 3500 errore
1831 3460 2030 3518 intellectus
2048 3462 2159 3511 prave
2178 3450 2225 3488 de

143 3524 212 3564 dos
228 3527 421 3573 professos,
434 3532 515 3571 ete„
529 3530 585 3568 ib.
1234 3527 1308 3564 uus
1325 3523 1652 3564 sennen1is‚autex
1670 3523 1779 3559 pravo
1794 3513 1920 3547 aflectu
1938 3518 1976 3542 in
1995 3516 2052 3541 res
2070 3506 2225 3544 divinas,

101 3571 338 3622 congregat-:0
353 3579 588 3622 provincialis
600 3571 784 3615 societatis
795 3576 951 3624 propriae
966 3577 1140 3623 jurisdic-
1233 3577 1336 3622 quia,
1350 3575 1499 3613 scilicet,
1513 3567 1665 3605 consilia
1678 3565 1740 3600 nei
1755 3567 1851 3603 sunt,
1866 3564 1918 3594 est
1931 3560 2116 3602 peccatum
2129 3561 2228 3588 mor-

145 3627 259 3666 tionis
272 3632 482 3672 potestatem
496 3637 572 3672 non
589 3630 712 3676 babet,
723 3633 768 3666 tr.
781 3633 817 3673 ο.
834 3630 860 3665 l.
872 3633 906 3672 o,
921 3637 954 3665 c.
968 3633 1005 3667 s.
1233 3627 1321 3671 tale,
1333 3625 1426 3663 alias
1437 3629 1514 3659 -nec
1523 3617 1680 3658 veniale,
1700 3618 1745 3649 tr.
1760 3617 1794 3654 8,
1814 3611 1840 3646 1·
1859 3613 1895 3652 1.
1906 3616 1940 3643 ο·
1954 3611 1988 3643 6·
