2352 3880
50 252 59 272 ss
79 235 199 299 ,ᾖεπι
217 245 301 286 fere
323 244 523 283 discursus
554 242 644 283 fieri
660 246 793 295 potest
809 242 859 281 de
882 240 1107 293 Proepositis

51 301 292 360 ffbcalibus,
308 317 378 345 seu
394 304 630 344 Rectoribus
639 318 651 354 3
666 316 760 344 nam
771 303 803 343 si
819 302 963 342 electio
979 315 1004 342 a
1016 301 1107 342 sub-

81 364 183 412 nnius
208 367 391 408 facienda
421 379 503 406 non
520 370 593 413 est,
617 376 775 404 necesse
794 369 855 403 est
881 369 920 403 ut
946 376 1017 416 per
1035 362 1108 403 ali-

79 442 210 484 quem
224 430 475 479 superiorem
495 426 710 467 Prrelatnm
722 426 998 477 provideatur3
1017 437 1109 464 con-

67 495 167 542 ,ματ
184 495 324 530 autem
346 490 386 529 id
406 488 638 528 faciendum
664 499 749 527 esse
768 499 817 526 ex
833 488 1001 527 consilio
1016 497 1110 539 pru·

67 553 271 602 256entum,
283 551 432 590 namin
445 550 679 599 omnigravi
690 549 854 599 negotio
863 549 939 588 hoc
953 559 1111 599 semper

75 615 355 659 „necessarium
389 615 461 651 est.
487 610 599 656 Quod
618 614 754 649 autem
790 609 867 649 hoc
897 611 1110 649 consilium

75 673 129 721 ,in
146 675 343 714 Societate
360 672 632 711 consultivum
654 671 707 709 sit
725 671 858 722 potins
876 683 999 722 qnam
1016 670 1111 709 defi-

84 735 276 781 nitivum,
302 733 488 772 eamdem
509 732 710 772 rationem
731 731 856 772 habet
876 733 920 771 in
941 732 1018 772 hoc
1038 743 1111 770 ne-

67 794 194 847 ‘gotio
210 806 331 845 quam
349 797 391 833 in
418 793 523 832 aliis.
547 793 663 840 Quod
695 805 792 843 ergo
829 793 918 832 haec
939 791 1113 844 provisio

81 860 281 909 potestate
319 855 541 903 ordinaria,
563 867 647 894 non
681 855 1014 902 Provincialibus,
1042 853 1112 893 sed

84 917 274 957 Generali
302 918 597 965 committatur,
620 916 754 967 plures
787 916 909 955 habet
936 916 1114 955 rationes

83 979 257 1018 morales
282 979 400 1018 valde
419 983 703 1029 congruentes.
727 978 877 1023 Prima,
898 978 994 1029 quia
1009 978 1114 1016 veri-

84 1040 271 1080 similiter
290 1041 468 1079 creditur
495 1040 732 1079 Gener-alem
754 1039 980 1078 liberiorem
1003 1037 1113 1076 sutu-

84 1114 177 1142 rum
195 1115 218 1140 a
237 1102 510 1152 singularibus
526 1101 821 1147 affectionibus,
838 1100 1113 1151 utplurimum

83 1162 299 1214 loquendo,
322 1169 407 1202 tum
425 1167 590 1215 propter
602 1163 798 1213 majorem
820 1161 999 1199 muneris
1011 1160 1112 1199 obli-

84 1226 308 1276 gationem,
329 1229 418 1264 tum
446 1229 607 1276 propter
641 1225 842 1262 minorem
880 1222 1112 1273 dependen-

84 1286 183 1326 tiam
205 1287 255 1325 ab
275 1287 378 1335 aliis,
395 1291 483 1325 tum
504 1290 666 1337 propter
686 1286 886 1323 minorem
904 1284 1115 1323 familiari-

85 1352 211 1386 tatem
242 1360 333 1386 cum
365 1347 536 1398 singulis
558 1351 741 1398 personis
763 1346 1002 1384 distantium
1023 1357 1114 1396 pro-

86 1409 325 1448 vinciarum.
362 1408 558 1454 Secundo,
581 1409 677 1458 quia
708 1408 784 1446 hoc
815 1408 936 1446 modo
970 1407 1115 1445 melius

85 1475 270 1511 servatur
288 1470 464 1521 perfecta
486 1470 778 1515 subordinatio,
800 1473 840 1507 et
869 1469 968 1506 unio
990 1469 1115 1507 totius

86 1533 261 1583 corporis
281 1544 372 1570 cum
391 1544 463 1570 suo
484 1532 628 1583 capite,
655 1543 745 1582 quae
775 1533 951 1568 maxime
982 1541 1116 1568 neces-

85 1594 189 1633 saria
208 1597 267 1632 est
287 1593 338 1631 ad
359 1593 513 1632 bonum
548 1594 650 1644 ejus.
679 1593 830 1638 Tertio,
850 1592 946 1642 quia
965 1592 1008 1629 in
1044 1592 1117 1630 So-

83 1656 227 1694 cietate
258 1659 372 1693 tanta
406 1660 465 1694 est
483 1655 632 1703 unitas,
649 1663 708 1702 ut,
738 1659 940 1704 quantum
958 1653 1009 1691 ad
1029 1665 1116 1691 mu-

84 1718 201 1754 tuum
222 1718 415 1766 juvamen
444 1721 483 1755 et
517 1716 774 1755 affectionem
804 1716 988 1754 omnium
1009 1715 1117 1753 inter

84 1788 142 1825 se,
161 1777 334 1827 perinde
354 1778 580 1828 reputanda
602 1778 668 1822 sit,
687 1789 732 1815 ac
752 1777 786 1814 si
804 1781 907 1816 esset
926 1788 1007 1814 una
1026 1787 1115 1826 pro·

84 1837 218 1877 vincia
239 1842 278 1875 et
306 1850 387 1875 una
408 1839 536 1876 natio.
569 1838 681 1884 Quod
704 1838 814 1875 enim
840 1837 1115 1887 multiplicen-

85 1901 152 1937 tur
165 1899 397 1948 provinciae,
414 1898 543 1935 solum
566 1902 627 1935 est
648 1902 811 1947 propter
832 1898 1115 1936 necessitatem

85 1959 391 2010 provenientem
422 1970 474 1997 ex
505 1958 697 1996 distantia
723 1957 929 2003 locorum;
954 1958 995 1995 in
1024 1959 1115 1997 reli-

84 2020 175 2072 quis
193 2032 288 2058 vero
306 2024 505 2071 quantum
519 2020 623 2065 ratio
639 2020 811 2057 instituti
830 2019 1020 2070 postulat,
1034 2033 1114 2060 ser-

87 2081 218 2120 vanda
235 2086 294 2120 est
308 2082 484 2120 maxima
503 2081 637 2119 unitas
657 2085 695 2119 et
712 2082 1026 2119 communicatio
1047 2083 1115 2121 bo-

86 2155 233 2182 norum
256 2144 456 2190 omnium,
473 2147 512 2181 et
532 2146 719 2180 mutuum
742 2142 959 2190 auxilium,
981 2143 1115 2192 quoad

86 2204 173 2244 fieri
189 2206 312 2256 possit
331 2218 339 2251 ;
363 2205 471 2243 unde
489 2204 534 2242 fit
552 2209 596 2241 ut
609 2204 798 2242 Rectores
819 2207 857 2241 et
880 2204 1115 2254 Superiores

87 2267 208 2306 unius
228 2267 444 2317 provinciae
467 2276 573 2316 saepe
608 2276 658 2302 ex
695 2264 774 2302 alia
795 2263 1083 2314 provideantur
1101 2293 1113 2312 ,

87 2327 165 2376 vel,
187 2340 208 2366 e
226 2339 433 2375 converso,
456 2328 502 2366 ut
534 2325 604 2376 qui
627 2326 670 2363 in
691 2337 772 2363 una
803 2329 861 2363 est
890 2325 1082 2375 Superior
1101 2354 1114 2373 ,

85 2389 137 2429 ad
156 2389 277 2427 aliam
297 2393 494 2436 mittatur,
513 2391 559 2426 ut
577 2385 845 2425 concionandi
863 2386 927 2424 vel
942 2385 1115 2424 docendi

87 2461 237 2488 munus
248 2453 446 2489 exerceat.
471 2448 529 2487 Ob
551 2449 658 2487 hanc
678 2460 775 2496 ergo
788 2459 966 2493 causam,
981 2459 1117 2486 neces-

88 2512 240 2550 sarium
266 2516 324 2549 est
342 2515 386 2549 ut
404 2514 579 2561 potestas
599 2509 834 2548 conferendi
855 2513 893 2546 et
905 2508 1117 2548 auferendi

90 2571 160 2612 bas
179 2572 438 2610 Praelationes
455 2572 505 2610 sit
527 2572 570 2608 in
587 2582 777 2620 supremo
796 2572 941 2620 capite.

142 2635 207 2673 12.
224 2633 386 2671 Accedit
402 2636 561 2683 quarto,
575 2631 682 2682 quod
697 2630 903 2669 Generalis
921 2642 1014 2670 cum
1029 2642 1117 2682 per-

88 2698 234 2747 petuus
247 2695 312 2741 sit,
330 2693 609 2733 haberedebet
627 2693 979 2743 comprehensam,
999 2699 1044 2731 ut
1060 2695 1117 2733 ita

89 2756 238 2804 dicam,
257 2760 383 2793 totam
405 2755 658 2801 Societatem,
683 2760 722 2791 et
736 2755 857 2792 altius
878 2755 1115 2805 prospicere,

89 2829 179 2869 quae
195 2829 373 2868 personae
393 2816 564 2865 singulis
587 2815 684 2853 locis
705 2816 939 2854 necessariae
960 2817 1054 2860 sint,
1078 2819 1118 2854 et

91 2889 141 2918 ex
172 2877 416 2929 quibusdam
446 2877 558 2924 locis,
579 2877 643 2915 vel
679 2877 914 2928 provinciis,
943 2877 1118 2916 aliarum

92 2938 280 2980 Rectores
304 2938 530 2988 providere,
551 2938 585 2976 si
621 2939 750 2988 magis
789 2938 1007 2988 expediens
1035 2951 1118 2978 esse

92 3000 346 3052 judicaverit.
372 3000 421 3037 Et
440 2999 641 3046 similiter,
663 3011 756 3037 cum
785 3011 926 3038 omnes
946 3001 1118 3051 expositi

95 3073 179 3101 esse
200 3061 373 3100 debeant
387 3060 437 3098 ad
456 3060 661 3098 missiones
679 3060 1022 3112 Pontificias‚quae
1036 3062 1119 3113 ple-

94 3133 266 3172 rumque
284 3134 354 3172 per
376 3121 611 3160 Generalem
631 3121 751 3169 fiunt,
771 3123 923 3171 optime
945 3128 1118 3173 potestas

96 3183 332 3235 providendi
348 3182 618 3232 Superiorem,
632 3195 724 3221 cum
746 3187 938 3234 potestate
961 3187 1122 3223 mitten-

97 3242 139 3283 di
155 3243 260 3289 illos,
274 3244 316 3281 in
328 3243 468 3281 eodem
483 3243 670 3283 Generali
684 3246 960 3295 conjungitur,
971 3254 1014 3282 ut
1028 3257 1123 3284 cum

77 3301 86 3318 ·“
97 3303 276 3355 aliquem
296 3305 522 3351 Rectorem,
537 3305 649 3344 verbi
664 3307 808 3355 gratia,
823 3307 927 3344 inter
941 3305 1123 3345 infideles

96 3365 238 3413 mittit,
260 3365 395 3404 statim
414 3366 538 3416 possit
556 3366 682 3404 alium
701 3367 788 3405 loco
803 3367 912 3405 illins
926 3367 1120 3407 sufficere.

78 3479 81 3482 ἱ
100 3424 265 3481 Accedit
286 3426 453 3465 tandem
473 3427 595 3478 quod,
610 3427 703 3466 licet
728 3433 899 3477 potestas
923 3428 1125 3479 principa·

56 3534 59 3538 .
82 3483 154 3525 'lin
179 3488 230 3526 sit
256 3488 299 3526 in
327 3488 530 3536 Generali,
551 3489 611 3526 uti
634 3488 896 3526 nihilominus
916 3489 1034 3528 debet
1053 3501 1125 3529 au-

104 3545 200 3590 xilio
217 3549 545 3599 Provincialium,
565 3552 613 3588 ut
626 3548 749 3600 digne
768 3553 809 3588 et
838 3550 1124 3590 convenienter

316 179 406 215 cAt’.
430 179 486 214 111.
507 178 565 212 AN
585 177 856 214 coNVENlENTJ
875 177 987 212 MODO
1006 174 1173 216 RELIQUI
1191 175 1380 210 PRAELATI
1400 177 1634 210 SOCIETATIS
1656 174 1972 211 INSTITUANTUR.

1160 239 1285 291 possit
1306 239 1357 280 de
1378 240 1662 292 Superioribus
1682 239 1909 292 providere,
1930 243 1972 280 et
1990 251 2098 293 saepe
2117 253 2195 292 po-

1160 303 1239 340 test
1258 301 1335 340 hoc
1351 301 1432 341 illis
1449 302 1716 341 committere.
1739 302 1855 342 Unde
1869 301 1915 341 fit
1932 305 1977 340 ut
1997 315 2068 354 per
2081 302 2194 343 hunc

1161 362 1330 401 modum
1362 375 1445 401 non
1480 363 1718 402 excludatur
1749 364 1881 402 omnis
1901 363 2068 411 utilitas,
2099 373 2193 416 quoe

1163 422 1379 474 provenire
1402 427 1535 474 posset
1565 435 1615 462 ex
1640 427 1833 474 potestate
1862 424 2193 472 Provincialium‚

1164 484 1198 523 si
1223 484 1281 523 eis
1318 484 1652 530 committeretur,
1684 489 1724 522 et
1754 484 1917 523 additur
1946 485 2027 524 alia
2062 486 2197 538 maj01·

1164 558 1255 597 qnae
1273 557 1324 585 ex
1354 557 1403 585 eo
1423 543 1583 596 operari
1612 549 1756 596 potest,
1775 547 1882 597 quod
1902 548 2108 587 Generalis
2128 562 2195 588 su-

1164 619 1237 659 per
1267 618 1408 646 omnes
1436 606 1599 655 vigilet,
1623 610 1663 644 et
1699 609 1819 656 possit
1849 608 1915 646 vel
1950 610 2195 650 confirmare

1166 669 1273 719 qnod
1298 673 1405 708 recte
1435 680 1459 706 a
1484 666 1802 710 Provincialibus
1833 671 2084 720 propositum
2122 675 2195 712 aut

1165 730 1318 770 factum
1338 730 1475 776 fuerit,
1491 729 1605 780 juxta
1621 732 1860 779 potestatem
1872 730 1930 768 eis
1944 743 2193 783 concessam,

1166 791 1232 830 vel
1251 796 1358 830 certe
1378 790 1596 830 emendare
1623 788 1733 844 quod
1764 789 1903 828 minus
1922 793 2112 843 expedire
2129 794 2195 846 ju·

1167 851 1376 892 dicaverit.

1224 915 1288 953 13.
1311 914 1380 954 Ad
1406 912 1584 964 primam
1611 912 1858 965 objectionem
1878 914 1924 955 in
1945 927 1986 955 n.
2007 915 2046 964 3,
2071 917 2201 968 quoad

1165 977 1284 1029 prius
1310 974 1523 1015 membrum
1554 977 1754 1026 responsio
1782 977 1932 1029 prima.
1954 1000 2006 1007 -
2026 978 2087 1016 Ad
2116 979 2199 1030 pri-

1169 1049 1280 1077 mam
1297 1049 1394 1088 ergo
1413 1038 1682 1088 objectionem
1698 1039 1742 1076 in
1760 1039 2010 1078 contrarium
2029 1040 2108 1078 dici
2129 1053 2199 1091 po-

1167 1102 1245 1138 test
1264 1100 1412 1150 primo,
1435 1100 1543 1137 hunc
1562 1099 1728 1138 modum
1752 1100 1991 1151 providendi
2010 1102 2200 1152 Superio-

1167 1170 1231 1199 res
1251 1172 1334 1198 non
1356 1172 1441 1199 esse
1455 1172 1608 1199 novum
1624 1161 1666 1199 in
1680 1160 1969 1210 religionibus;
1985 1174 2079 1200 nam
2100 1163 2199 1204 olim

1167 1221 1367 1272 Episcopi,
1389 1221 1460 1272 qui
1481 1226 1596 1260 erant
1613 1222 1727 1272 quasi
1749 1224 1928 1273 supremi
1948 1223 2109 1263 Praelati
2135 1237 2201 1264 re-

1167 1282 1386 1332 ligionum,
1409 1282 1583 1321 Abbates
1614 1283 1657 1320 in
1693 1283 1946 1322 monasteriis
1983 1287 2201 1325 constitue-

1168 1343 1282 1391 bant,
1302 1344 1420 1394 juxta
1434 1343 1660 1382 Concilium
1677 1343 1919 1382 Toletanum
1935 1345 2003 1392 IV,
2020 1358 2108 1385 can.
2130 1348 2197 1394 50;

1168 1404 1342 1443 habetur
1365 1405 1409 1442 in
1445 1416 1479 1442 c.
1515 1406 1561 1452 1,
1588 1406 1651 1452 18,
1684 1409 1825 1455 quaest.
1851 1406 1891 1454 2,
1909 1405 1997 1444 ibi:
2028 1407 2202 1448 Abbates

1170 1467 1324 1517 aliaque
1360 1467 1495 1514 officia
1524 1467 1748 1506 instituere.
1772 1467 1868 1505 Haec
1906 1471 2043 1506 tamen
2076 1469 2203 1509 verba

1169 1527 1302 1577 glossa
1318 1526 1374 1564 ibi
1388 1528 1444 1564 ita
1462 1527 1610 1564 limitat
1626 1531 1665 1565 et
1685 1530 1866 1578 exponit,
1885 1532 1931 1566 ut
1958 1540 2117 1580 semper
2142 1530 2204 1570 in·

1169 1588 1378 1637 telligatur
1406 1588 1546 1627 electio
1581 1587 1747 1626 Abbatis
1768 1589 2012 1640 pertinuisse
2037 1590 2090 1628 ad
2116 1603 2203 1630 mo-

1170 1649 1342 1695 nachos;
1375 1661 1471 1687 nam
1500 1649 1723 1697 instituere,
1746 1650 1928 1700 exponit,
1950 1650 1991 1689 id
2011 1656 2084 1698 est,
2104 1664 2204 1692 con-

1170 1709 1350 1756 firmare,
1372 1710 1453 1756 vel,
1486 1711 1519 1749 si
1560 1711 1722 1762 proprie
1755 1716 1941 1750 sumatur
1957 1742 1970 1760 ,
2011 1713 2206 1764 intelligit

1169 1784 1263 1810 cum
1286 1772 1543 1819 limitatione,
1569 1773 1719 1811 scilicet
1736 1773 1900 1822 quando
1922 1775 2109 1813 monachi
2130 1787 2204 1815 ne-

1169 1833 1367 1884 gligentes
1397 1838 1504 1880 sunt,
1530 1837 1602 1871 aut
1642 1833 1861 1882 indignum
1892 1834 2063 1885 eligunt,
2085 1848 2205 1888 argu-

1170 1899 1310 1933 mento
1336 1907 1422 1945 cap.
1462 1894 1516 1935 Sz·
1545 1895 1635 1946 quis
1656 1893 1808 1940 Aeeta,
1837 1895 1981 1933 eadem
2012 1908 2131 1936 causa
2165 1910 2206 1938 et

1169 1957 1409 2006 quaestione.
1434 1956 1563 2003 Quam
1589 1956 1882 2006 expositionem
1903 1963 2129 2009 sequuntur
2147 1959 2204 2000 ibi
2237 1995 2241 1999 .

1170 2019 1360 2058 Doctores
1386 2018 1671 2063 communiter,
1694 2018 2001 2071 fundantur-que
2035 2020 2079 2059 in
2115 2021 2205 2062 aliis

1165 2081 1328 2132 juribus
1347 2079 1623 2119 tribuentibus
1655 2079 1760 2118 hanc
1794 2079 2034 2120 electionem
2064 2094 2205 2122 mona-

1169 2142 1271 2189 chis,
1292 2153 1383 2192 quae
1413 2142 1508 2191 jura
1544 2142 1630 2178 sine
1664 2140 1788 2178 dubio
1818 2141 2052 2192 antiquiora
2072 2150 2204 2196 sunt;

1170 2203 1373 2254 praecipue
1387 2203 1498 2240 enim
1522 2205 1616 2239 sunt
1634 2200 1816 2252 Gregorii
1833 2209 1871 2241 et
1898 2203 2047 2254 Pelagii
2068 2216 2203 2256 papae,

1171 2274 1272 2313 quos
1307 2262 1567 2300 antecessisse
1599 2263 1826 2302 Concilium
1852 2265 2094 2306 Toletanum
2117 2268 2170 2306 IV
2187 2297 2203 2318 ‚

1171 2329 1326 2363 certum
1343 2327 1416 2362 est.
1440 2324 1576 2373 Neque
1604 2325 1759 2375 aliquid
1778 2338 1826 2364 ex
1852 2325 1933 2365 illis
1963 2329 2095 2367 verbis
2123 2330 2204 2369 col-

1170 2385 1241 2436 ligi
1263 2390 1418 2436 potest3
1441 2385 1544 2423 sicut
1560 2386 1684 2423 etiam
1704 2397 1814 2424 nunc
1846 2391 1974 2436 potest
1992 2389 2071 2427 dici
2090 2390 2205 2441 Epis-

1172 2459 1295 2498 copus
1313 2447 1534 2497 haberejus
1551 2447 1786 2486 instituendi
1798 2447 2044 2497 Abbatissas‚
2058 2463 2204 2503 quam-

1171 2510 1232 2548 vis
1261 2522 1343 2547 non
1366 2511 1488 2558 possit
1507 2509 1596 2547 illas
1628 2520 1766 2547 creare
1793 2510 1880 2548 sine
1902 2510 2096 2552 electione
2118 2526 2204 2554 mo-

1169 2570 1358 2608 nialium.
1380 2570 1573 2616 Quocirca
1599 2569 1850 2620 probabilius
1878 2575 1939 2609 est
1960 2584 1983 2610 a
2003 2574 2201 2626 principio

1171 2631 1419 2680 religionum
1441 2631 1554 2669 illam
1574 2630 1911 2670 consuetudinem
1931 2632 2053 2672 fuisse
2073 2635 2204 2686 magis

1171 2698 1391 2742 receptam,
1415 2696 1461 2731 ut
1480 2704 1617 2745 supia,
1647 2692 1771 2732 etiam
1799 2696 1915 2744 tract.
1944 2694 1986 2743 8,
2006 2706 2080 2735 suo
2097 2695 2203 2746 loco,

1171 2754 1446 2806 probavimus.

1228 2817 1292 2854 14.
1316 2816 1469 2854 Dicitur
1489 2826 1586 2865 ergo
1607 2811 1783 2855 secundo
1802 2821 1939 2857 nostra
1954 2818 2060 2858 nihil
2079 2816 2203 2859 refer-

1172 2889 1231 2923 re,
1258 2877 1366 2927 quod
1387 2877 1454 2914 hic
1482 2877 1627 2916 modus
1659 2879 1901 2929 providendi
1922 2880 2109 2918 Praelatos
2131 2892 2206 2920 no—

1174 2951 1247 2977 vus
1261 2940 1327 2984 sit,
1344 2938 1405 2976 vel
1423 2940 1631 2989 antiquus,
1649 2940 1715 2979 sed
1729 2941 1769 2978 id
1788 2942 1919 2980 solum
1938 2942 2203 2992 attendimus,

1174 3012 1227 3039 an
1245 3001 1296 3039 sit
1311 3000 1543 3051 expediens,
1562 3013 1657 3039 nam
1674 3006 1829 3041 constat
1840 3003 1889 3041 de
1900 3014 1941 3041 se
1958 3003 2108 3042 malum
2122 3014 2207 3042 non

1173 3074 1275 3108 esse,
1297 3066 1335 3100 et
1366 3063 1407 3099 in
1430 3062 1605 3100 Ecclesia
1637 3063 1679 3100 in
1705 3064 1963 3113 providendis
1982 3063 2209 3114 pastoribus

1172 3124 1403 3162 animarum
1420 3122 1671 3174 frequentius
1686 3125 1874 3175 usurpari
1890 3137 1899 3170 ;
1920 3125 1953 3162 si
1969 3135 2065 3172 ergo
2084 3123 2210 3162 etiam

1176 3184 1272 3222 huic
1292 3185 1414 3222 statui
1446 3185 1635 3234 religioso
1654 3187 1783 3236 magis
1803 3184 1993 3236 expedire
2023 3184 2210 3222 constite-

1175 3246 1245 3293 rit,
1266 3250 1373 3284 recte
1396 3245 1512 3283 faciet
1532 3245 1602 3284 illo
1622 3247 1789 3292 utendo,
1812 3245 1972 3282 etiamsi
1992 3244 2082 3282 aliae
2114 3242 2211 3282 reli-

1177 3308 1317 3357 giones
1356 3306 1408 3345 ob
1451 3306 1550 3344 alias
1595 3307 1726 3357 justas
1765 3316 1904 3343 causas
1946 3303 2211 3343 electionibus

1178 3370 1363 3415 utantur,
1387 3367 1452 3405 vel
1473 3379 1633 3418 semper
1654 3378 1735 3404 usae
1748 3365 1915 3403 fuerint.
1938 3366 2051 3412 Quod
2068 3368 2210 3404 autem

1178 3428 1295 3466 nobis
1314 3428 1380 3467 hic
1404 3429 1549 3467 modus
1568 3427 1769 3478 expediat,
1790 3427 1967 3464 rationes
1989 3437 2013 3463 a
2027 3437 2069 3463 n.
2095 3427 2118 3462 6
2138 3422 2212 3464 ad-

1178 3490 1326 3537 ductae,
1347 3494 1393 3528 ut
1423 3490 1639 3535 credimus,
1661 3488 1756 3526 satis
1776 3486 2037 3538 persuadent,
2060 3489 2101 3524 et
2125 3495 2212 3529 non

1178 3551 1315 3589 minus
1336 3551 1529 3590 diuturna
1545 3549 1795 3601 experientia
1817 3547 2117 3599 quinquaginta
2132 3558 2206 3588 an-
