2352 3880
150 229 265 275 1192·

192 301 288 342 Quos
313 301 460 337 ordines
490 300 655 336 conferre
673 300 814 345 possint
837 300 925 337 dicti
947 301 1088 339 Praelati
1106 306 1190 349 jure

187 350 355 394 utiquo,
380 352 430 385 11).

189 398 286 440 Quos
303 409 347 433 ex
366 407 460 434 novo
476 400 558 442 jure
575 399 737 442 speciali,
759 400 810 434 ib.

188 449 257 491 Qui
281 449 443 484 ordinari
469 449 608 492 possint
631 459 653 483 a
675 449 781 484 dictis
800 450 958 486 Proelatis
974 460 1019 486 ex
1033 452 1071 489 vi
1093 453 1187 496 iuris

123 496 128 508 '
189 499 350 541 antiqui;
366 502 402 533 et
416 507 488 542 quo
505 499 543 532 in
560 500 652 541 loco,
665 499 714 533 ih.

123 551 126 555 ’
186 550 242 584 An
262 550 387 582 saltem
403 550 448 583 de
467 549 613 584 licentia
627 549 808 584 ordinarii
822 550 893 584 loci
915 559 958 585 ex
970 551 1005 587 vi
1021 552 1183 594 ejusdem

184 599 280 641 juris
296 600 436 642 possint
456 600 542 634 dicti
561 600 699 634 Praelati
720 601 890 635 ordinare
904 605 1002 636 extra
1016 611 1081 637 sua
1102 611 1183 638 mo-

186 650 356 692 nasteria,
370 651 418 684 ib.

182 700 239 736 An
261 709 303 733 ex
326 701 454 735 eodem
474 701 555 743 jure
578 701 716 744 possint
746 701 914 736 ordinare
932 702 1097 737 subditos
1124 703 1181 738 al-

183 750 298 785 terius
315 751 455 785 Praelati
471 751 516 785 de
536 751 636 785 illius
650 751 809 792 licentia,
826 751 874 784 ib.

181 799 307 835 Utrum
326 801 412 835 dicti
441 801 579 835 Praelati
603 802 783 844 regulares
807 800 926 834 valide
945 801 1116 835 ordinent
1136 810 1180 836 ex

180 849 219 885 vi
239 850 339 885 illius
352 852 456 893 J'uris,
472 852 503 885 si
525 852 677 885 formam
696 851 774 892 eJus
801 850 986 889 excedant,
1013 855 1052 884 ut
1077 852 1179 886 ordi—

181 901 307 935 nando
323 910 398 935 non
411 901 588 943 subditos,
599 905 660 934 aut
673 903 769 933 extra
783 908 889 933 suum
904 901 1175 944 monasterium,

181 948 233 984 ib.

176 999 335 1042 Quinam
362 1001 525 1035 ordinari
557 1000 696 1043 possint
723 1008 744 1033 a
771 998 876 1033 dictis
901 999 1059 1033 Praelatis
1077 1008 1120 1034 ex
1139 1001 1175 1036 vi

180 1052 266 1086 novi
291 1052 384 1094 juris
403 1051 584 1094 specialis,
608 1050 806 1094 praesertim
832 1050 862 1084 si
890 1050 1059 1085 Praelatus
1074 1050 1177 1086 ordi-

182 1109 275 1135 nans
294 1101 340 1134 sit
358 1102 535 1143 mitratus,
551 1102 600 1134 ib.

138 1147 319 1184 Ordinum
340 1151 541 1193 interstitia,
557 1150 640 1185 vide
656 1149 858 1185 interstitia.

573 1236 747 1261 orlosrrAS.

135 1298 302 1335 otiositas
323 1299 494 1334 castitatis
515 1299 678 1340 inimica,
693 1303 739 1333 tr.
759 1299 851 1341 10,l.
864 1300 988 1342 ⁴,c.8.

630 1407 670 1464 t>

604 1530 700 1558 mm.

131 1596 239 1641 Papa,
260 1597 298 1632 in
317 1598 364 1633 iis
382 1606 464 1641 quae
479 1598 525 1633 ad
538 1599 739 1633 doctrinam
755 1600 947 1643 pertinent,
962 1609 1081 1636 errare
1094 1610 1169 1638 non

173 1651 289 1691 potest
311 1657 352 1682 ex
375 1649 503 1682 Christi
522 1649 759 1691 institutione,
777 1651 1014 1693 promissione
1030 1656 1063 1685 et
1080 1660 1171 1687 con-

174 1699 350 1738 cessione,
372 1702 415 1731 tr.
433 1702 488 1739 10,
503 1699 526 1732 1.
545 1703 575 1741 3,
592 1708 622 1733 c.
640 1702 670 1733 4.

130 1745 225 1790 Papa
258 1749 296 1781 in
329 1749 563 1791 approbanda
587 1749 710 1792 aliqua
741 1751 915 1793 religione
944 1760 1063 1785 errare
1094 1760 1169 1786 non

172 1801 299 1840 potest,
316 1799 365 1832 ib.

171 1848 272 1882 Unde
296 1849 584 1891 dignoscendum
604 1849 650 1883 sit
671 1850 803 1892 Papam
831 1859 904 1885 non
933 1859 975 1884 ex
999 1851 1089 1885 falsa
1108 1852 1168 1886 in-

171 1898 402 1942 formatione,
427 1909 545 1942 neque
567 1905 607 1935 ut
629 1901 810 1943 privatum
824 1903 1022 1946 Doctorem,
1043 1903 1107 1938 sed
1127 1906 1169 1939 ut

169 1948 378 1983 Pontificem
393 1950 533 1992 aliquid
547 1951 711 1994 definire,
726 1952 777 1986 ib.

174 1997 264 2033 Vide
283 2000 391 2034 etiam
413 2001 544 2035 Gratia.

555 2085 730 2111 PARENTES.

125 2147 319 2186 Parentum
355 2150 578 2193 indigentia,
613 2159 673 2191 an,
703 2154 739 2185 et
772 2152 955 2193 quomodo
991 2152 1164 2196 impediat

169 2207 216 2233 ne
239 2200 322 2242 quis
341 2200 549 2234 admittatur
580 2200 619 2234 in
648 2200 844 2244 societate,
863 2202 973 2236 etiam
1000 2211 1063 2246 per
1083 2207 1164 2238 vota

167 2249 359 2293 simplicia,
374 2253 417 2283 tr.
440 2253 491 2291 10,
510 2250 533 2283 l.
551 2252 583 2292 4,
607 2259 637 2284 c.
656 2253 688 2284 4.

124 2296 246 2335 Patres
264 2300 393 2334 docere
414 2303 582 2334 tenentur
602 2299 696 2335 filios
709 2308 794 2335 suos
818 2301 1019 2336 doctrinam
1041 2302 1165 2338 Chris-

166 2349 317 2393 tianam,
333 2350 359 2384 1.
375 2354 408 2393 6,
431 2354 517 2385 css.

561 2435 731 2462 uulnus.

121 2495 258 2535 Patrini
277 2498 407 2533 docere
424 2501 595 2533 tenentur
616 2499 818 2534 doctrinam
833 2499 929 2536 sslios
948 2508 1034 2538 suos
1053 2499 1161 2546 spiri·

163 2547 291 2590 tuales,
306 2551 351 2582 tr.
368 2551 420 2589 10,
437 2548 461 2580 l.
476 2552 509 2590 6,
521 2555 552 2582 c.
576 2551 609 2582 3.

554 2632 733 2661 arnonus.

119 2693 294 2733 tatronus
315 2698 469 2740 alicujus
482 2700 694 2734 monasterii
718 2708 792 2735 non
810 2701 917 2737 habet
924 2702 984 2744 jus
995 2701 1155 2747 eligendi

161 2747 241 2789 ejus
262 2749 460 2791 praelatum,
483 2752 527 2782 tr.
549 2753 580 2790 8,
599 2750 623 2782 1.
645 2752 677 2791 2,
693 2758 724 2783 c.
742 2754 773 2784 6.

161 2794 335 2831 Electioni
350 2800 471 2832 tamen
490 2798 591 2833 factae
604 2799 739 2842 praebet
752 2808 951 2843 assensum,
965 2799 1015 2835 ib.

549 2880 730 2908 unocuns.

119 2939 270 2978 warochi
289 2941 418 2976 docere
439 2946 608 2979 tenentur
630 2945 725 2980 filios
746 2954 829 2980 suos
844 2945 1051 2990 spirituales
1064 2946 1156 2984 doc-

161 2990 298 3026 trinam
310 2991 561 3035 Christianam,
581 2997 626 3027 tr.
642 2997 695 3036 10,
715 2994 741 3028 1.
761 2999 792 3036 6,
806 3003 838 3029 c.
862 2999 893 3029 3.

430 3074 568 3109 nuptu,
591 3070 627 3101 et
646 3077 842 3103 mutnus.

119 3136 362 3181 Pauperibus,
386 3136 506 3180 potius
520 3145 630 3180 quam
652 3140 931 3182 consanguineis
955 3140 1055 3175 hona
1070 3149 1154 3177 ero-

163 3187 282 3230 ganda
295 3195 385 3228 esse,
405 3190 449 3220 tr.
470 3190 522 3228 10,
539 3187 563 3220 1.
580 3190 613 3227 4,
629 3195 660 3221 c.
681 3192 712 3221 5.

121 3234 314 3280 Paupertas
331 3237 498 3280 religiosa
513 3263 521 3278 ,
554 3238 755 3280 modusque
786 3239 989 3274 communis
1005 3239 1153 3276 vivendi

164 3290 328 3322 mutuam
351 3287 560 3322 charitatem
587 3292 622 3322 et
652 3287 829 3322 unionem
857 3289 1047 3332 conciliat,
1068 3289 1095 3324 1.
1119 3293 1152 3333 8,

163 3345 196 3371 c.
219 3340 250 3371 8.

121 3384 344 3429 Paupertatis
358 3385 516 3429 optimus
529 3394 618 3421 usus
635 3388 690 3421 est
706 3385 756 3421 ita
780 3386 962 3430 superflua
981 3387 1151 3431 abjicere,

164 3438 206 3470 ut
218 3435 421 3470 necessaria
438 3443 514 3470 non
529 3436 661 3478 desint,
676 3435 702 3470 l.
718 3438 751 3478 4,
769 3444 801 3470 c.
817 3439 850 3470 7.

123 3485 370 3529 Paupertatem
385 3486 539 3519 maxime
555 3487 831 3522 convenientem
843 3494 921 3522 esse
941 3486 988 3522 ad
1005 3487 1154 3530 expedi-

164 3538 238 3570 tam
250 3535 353 3571 verbi
372 3536 434 3570 Dei
458 3536 761 3579 praedicationem,
776 3545 808 3571 c.
822 3540 874 3571 10.

163 3583 369 3628 Dispensari
387 3593 462 3620 non
476 3589 590 3629 potest
610 3595 693 3621 cum
707 3587 888 3630 religioso,
910 3588 951 3622 ut
967 3588 1088 3622 utatur
1114 3595 1154 3622 re

166 3633 290 3678 aliqua
303 3638 345 3670 ut
364 3635 523 3679 propria,
540 3644 572 3670 c.
596 3638 630 3672 4.

1064 242 1194 279 INDEX
1212 243 1366 280 RERUM.

1283 307 1450 342 solemne
1471 308 1690 350 paupertatis
1709 315 1833 348 votum
1863 313 1971 347 habet
1992 313 2084 349 duos
2101 313 2270 355 effectum

1283 358 1434 391 alterum
1457 358 1670 401 naturalem,
1690 362 1754 404 qui
1773 367 1826 398 est
1856 363 2015 405 obligare
2033 364 2081 398 ad
2108 373 2183 400 non
2205 365 2270 400 ha-

1281 406 1454 446 bendum,
1469 406 1526 439 vel
1549 415 1623 442 non
1639 412 1814 447 utendum
1830 421 1868 447 re
1895 413 2017 455 aliqua
2036 415 2084 450 ‚ut
2102 415 2269 458 propria;

1279 457 1432 490 alterum
1454 455 1616 500 legalem,
1633 462 1730 502 quod
1749 466 1802 497 est
1819 463 1969 498 reddere
1984 471 2175 506 personam
2189 474 2269 508 per..

1279 510 1387 549 petuo
1410 506 1610 541 inhabilem
1632 510 1679 545 ad
1711 511 1918 548 dominium
1950 517 1985 549 et
2016 513 2268 556 proprietatem

1277 556 1456 590 bonorum
1470 559 1734 604 temporalium,
1751 566 1795 597 tr.
1815 566 1847 606 8,
1868 564 1892 597 l.
1913 567 1945 606 3,
1959 571 1990 597 c.
2011 566 2063 596 16.

1235 605 1479 648 Paupertatem
1501 607 1707 653 perfectam,
1722 613 1830 646 etiam
1844 613 1964 655 quoad
1982 612 2179 647 carentiam
2205 613 2261 648 do·

1276 656 1382 689 minii
1405 657 1445 737 lin
1478 659 1661 693 communi
1695 662 1881 703 profitetur
1911 662 2067 698 Societas
2095 662 2264 706 professa,

1275 709 1317 738 11².
1335 709 1387 746 10,
1423 732 1429 738 .
1456 708 1487 746 1,
1508 714 1537 739 C.
1561 711 1591 740 3.

1274 754 1411 794 Quanto
1431 755 1548 797 rigore
1571 760 1606 791 et
1620 759 1841 800 perfectione
1854 761 2062 803 hujusmodi
2077 763 2266 804 paupertas

1275 803 1312 836 in
1326 812 1367 836 ea
1387 804 1603 847 observetur,
1620 806 1669 840 ib.

1273 854 1404 887 Caetera
1417 862 1481 896 pro
1494 859 1700 898 paupertate
1715 857 1900 893 Societatis
1915 859 2083 902 professae
2096 861 2260 903 propriae,

1271 903 1354 936 vide
1373 905 1506 938 Domus
1521 905 1690 948 professae
1704 907 1898 942 societatis.

1230 953 1294 993 Qui
1315 955 1532 996 paupertatis
1545 957 1674 990 modus
1688 957 1726 990 in
1741 958 1908 1000 collegiis
1922 958 2105 993 Societatis
2119 967 2263 994 servan-

1272 1003 1339 1037 dus
1358 1004 1415 1045 sit,
1431 1008 1503 1039 tam
1518 1006 1556 1039 in
1572 1007 1881 1050 administrandis,
1893 1018 2001 1051 quam
2021 1009 2059 1042 in
2074 1009 2262 1051 acquiren-

1271 1053 1327 1086 dis
1342 1053 1460 1096 bonis,
1477 1055 1500 1088 l.
1520 1059 1552 1097 4,
1572 1065 1603 1090 c.
1628 1060 1680 1090 11.

1229 1101 1451 1144 Paupertatis
1466 1109 1589 1139 votum
1605 1107 1703 1148 quod
1725 1107 1926 1142 scholastici
1955 1108 2139 1143 societatis
2155 1108 2262 1142 emit-

1270 1155 1362 1195 tunt,
1387 1163 1461 1188 non
1481 1163 1542 1189 eos
1563 1157 1681 1190 statim
1704 1158 1820 1200 privat
1839 1159 2002 1193 dominio
2034 1162 2068 1193 et
2094 1159 2261 1202 proprie-

1268 1205 1338 1236 tate
1352 1212 1498 1238 suorum
1519 1205 1712 1247 bonorum,
1729 1215 1760 1240 c.
1782 1210 1811 1240 4.

1266 1252 1326 1286 Est
1340 1256 1460 1288 tamen
1476 1256 1819 1291 sufficientissimum
1838 1259 1884 1293 ad
1902 1266 2047 1293 omnem
2066 1258 2259 1302 perfectio-

1267 1310 1351 1335 nem
1371 1305 1642 1347 acquirendam,
1662 1307 1711 1340 ib.

1266 1351 1316 1385 Ex
1333 1352 1368 1386 vi
1389 1354 1497 1395 hujus
1514 1356 1587 1389 voti
1610 1360 1779 1391 tenentur
1795 1358 1996 1392 scholastici
2013 1367 2121 1393 omne
2136 1358 2260 1392 domi-

1265 1400 1367 1434 nium
1381 1411 1527 1437 suorum
1543 1405 1722 1439 bonorum
1734 1407 1914 1449 abdicare,
1931 1416 2014 1442 cum
2030 1409 2188 1451 primum
2198 1417 2257 1443 su-

1263 1451 1396 1492 periori
1412 1452 1529 1486 visum
1554 1454 1673 1496 fuerit,
1691 1456 1740 1489 ib.

1262 1500 1382 1542 Neque
1397 1503 1504 1535 etiam
1520 1508 1670 1545 possunt
1682 1514 1799 1547 usum,
1826 1509 1887 1540 aut
1905 1506 2166 1548 possessionem
2191 1506 2258 1541 ha-

1264 1548 1350 1583 bere
1370 1551 1522 1595 aliquus
1537 1554 1587 1586 rei
1608 1558 1648 1587 ut
1667 1555 1833 1597 propriae,
1856 1555 1903 1588 ib.

1263 1600 1317 1632 An
1336 1600 1482 1643 aliquod
1506 1603 1710 1637 dominium
1724 1605 1768 1637 de
1790 1612 1882 1638 novo
1907 1605 2092 1646 acquirere
2119 1605 2259 1648 possint

1266 1650 1401 1692 absque
1425 1651 1570 1685 licentia
1587 1654 1797 1695 superioris,
1814 1655 1870 1688 vel
1886 1662 1968 1688 cum
1986 1654 2059 1696 illa,
2076 1655 2124 1688 ih.

1266 1700 1354 1733 Cum
1389 1702 1582 1744 capacitate
1614 1704 1659 1736 ad
1693 1705 1899 1738 habendum
1933 1705 2136 1738 dominium
2164 1707 2257 1740 stare

1264 1753 1378 1792 potest
1396 1756 1585 1794 paupertas
1598 1754 1853 1795 substantialis,
1874 1758 1908 1788 et
1927 1754 2098 1796 perfectio
2113 1754 2257 1797 religio·

1264 1799 1333 1840 nis,
1352 1809 1382 1833 c.
1402 1805 1433 1833 6.

1260 1850 1337 1884 Imo
1360 1856 1393 1884 et
1415 1859 1497 1885 cum
1522 1852 1599 1894 ipso
1621 1853 1751 1886 actuali
1777 1853 1941 1888 dominio
1969 1857 2004 1887 et
2025 1854 2254 1897 proprietate,

1263 1898 1311 1933 ih.

1220 1948 1331 1989 Quem
1351 1951 1571 1993 paupertatis
1586 1961 1691 1985 usum
1715 1952 1905 1986 observent
1923 1951 2080 1994 religiosi
2101 1952 2254 1986 Societa—

1258 1999 1305 2034 tis
1327 2007 1368 2032 ex
1385 2001 1419 2033 vi
1436 2002 1566 2043 regulae
1583 2002 1702 2043 quoad
1719 2003 1901 2035 esculenta
1919 2011 2072 2035 munera
2085 2002 2252 2045 missilia,

1256 2050 1448 2090 vestitum,
1479 2051 1603 2093 libros,
1638 2055 1672 2084 et
1701 2052 2066 2085 communicationem
2093 2052 2252 2095 denique

1258 2099 1384 2140 dandi,
1409 2100 1625 2143 accipiendi,
1650 2101 1853 2142 mutuandi,
1869 2104 1949 2142 etc,
1974 2109 2008 2134 c.
2030 2105 2061 2134 7.

1257 2149 1322 2188 Qui
1345 2158 1431 2183 usus
1445 2150 1541 2183 circa
1556 2150 1683 2184 eadem
1708 2150 1955 2184 observandus
1973 2150 2020 2183 sit
2041 2158 2084 2184 ex
2104 2151 2140 2185 vi
2163 2151 2251 2196 voti,

1260 2198 1308 2232 ib.

1216 2247 1437 2289 Paupertatis
1452 2257 1539 2282 usus
1554 2249 1592 2281 in
1608 2249 1714 2282 rebus
1729 2249 1899 2283 omnibus
1911 2249 2159 2291 spiritualibus
2170 2251 2251 2287 sine

1257 2298 1439 2340 stipendio
1462 2298 1759 2332 administrandis
1773 2325 1782 2332 .
1804 2302 1981 2341 quantus,
2010 2302 2045 2332 et
2065 2299 2183 2341 qualis
2208 2300 2249 2336 in

1256 2347 1445 2389 societate,
1470 2347 1518 2380 ib.

1255 2398 1309 2432 An
1333 2397 1494 2439 accipere
1522 2397 1727 2438 hujusmodi
1758 2397 2001 2440 stipendium,
2032 2406 2250 2441 quacunque

1255 2447 1394 2481 ratione
1417 2447 1627 2489 accipiatur,
1649 2447 1695 2480 sit
1716 2451 1839 2481 contra
1857 2450 1978 2480 votum
2004 2448 2246 2491 paupertatis;

1255 2504 1301 2530 an
1314 2496 1512 2538 aliquando
1529 2496 1574 2530 sit
1589 2500 1727 2530 tantum
1743 2500 1867 2530 contra
1878 2496 2048 2538 regulam,
2061 2497 2084 2530 l.
2101 2502 2132 2538 6,
2144 2505 2173 2531 c.
2191 2501 2246 2532 1⁰.

1252 2546 1388 2580 Habere
1411 2546 1550 2588 aliquid
1567 2547 1634 2580 sub
1650 2546 1754 2587 clavi,
1767 2555 1813 2580 an
1836 2546 1882 2580 sit
1894 2549 2033 2580 tantum
2047 2551 2170 2581 contra
2186 2555 2248 2581 re-

1251 2595 1386 2638 gulam,
1403 2596 1459 2630 vel
1476 2595 1522 2630 sit
1537 2596 1645 2629 etiam
1661 2604 1802 2638 semper
1815 2599 1939 2630 contra
1952 2600 2074 2630 votum
2094 2605 2248 2639 pauper-

1253 2645 1346 2687 tatis,
1370 2645 1512 2688 quoties
1537 2646 1648 2681 clavis
1671 2654 1759 2680 usus
1785 2645 1866 2680 sine
1894 2645 2060 2680 facultate
2079 2646 2245 2688 hahetur,

1252 2694 1302 2728 ib.

1252 2745 1492 2780 observantiae
1522 2746 1741 2789 paupertatis
1764 2745 1919 2779 maxime
1948 2745 2243 2788 prospiciendum

1252 2795 1358 2828 estin
1379 2796 1565 2838 religione,
1586 2799 1621 2829 et
1642 2804 1731 2838 quas
1747 2795 1794 2828 ob
1811 2803 1949 2836 causas,
1971 2795 1995 2828 l.
2015 2798 2047 2837 4,
2067 2803 2099 2829 c.
2120 2799 2152 2829 6.

1205 2839 1427 2887 Paupertatis
1442 2853 1515 2878 non
1533 2844 1734 2878 relaxandae
1750 2843 1991 2885 votum,quod
2009 2843 2159 2886 professi
2174 2843 2242 2880 So-

1247 2895 1386 2928 cietatis
1408 2895 1597 2936 emittunt,
1622 2901 1694 2937 quo
1717 2893 1789 2927 fine
1811 2893 1905 2928 fierit
1924 2894 2018 2929 ultra
2043 2894 2244 2937 professio·

1247 2952 1333 2978 nem
1356 2944 1578 2986 adjunctum,
1596 2943 1620 2977 1.
1644 2948 1678 2985 6,
1696 2951 1727 2978 c.
1745 2947 1776 2977 6.

1250 2993 1333 3034 Quae
1353 2994 1431 3035 ejus
1449 2992 1610 3034 materia,
1630 2993 1679 3027 ib.

1247 3043 1319 3077 Cur
1337 3043 1404 3077 soli
1424 3042 1574 3085 professi
1597 3046 1752 3085 quatuor
1766 3045 1931 3078 votorum
1950 3042 2042 3077 illud
2062 3042 2241 3084 emittant,

1246 3141 1300 3177 Ad
1325 3140 1415 3183 quid
1433 3141 1804 3184 obligentur-professi
1823 3150 1866 3176 ex
1878 3141 1915 3176 vi
1928 3141 2036 3183 hujus
2046 3140 2132 3182 voti,
2146 3139 2198 3175 ib.

1248 3192 1397 3232 Quando
1415 3193 1526 3235 possit
1544 3200 1682 3226 cessare
1702 3192 1800 3226 illius
1821 3191 1983 3234 materia,
2000 3191 2048 3225 ib.

1249 3242 1341 3281 Quid
1364 3241 1440 3275 fieri
1458 3242 1569 3284 possit
1582 3241 1621 3274 in
1641 3241 1753 3276 dubio
1767 3250 1814 3274 an
1834 3241 1965 3275 melius
1984 3240 2032 3274 sit
2052 3241 2241 3282 pauperta-

1248 3294 1319 3325 tem
1342 3293 1514 3333 relaxare,
1538 3291 1590 3324 ib.

1246 3341 1300 3375 An
1323 3341 1456 3383 obliget
1474 3340 1582 3375 etiam
1599 3340 1668 3374 hoc
1680 3342 1804 3375 votum
1825 3339 1872 3374 ad
1892 3347 1967 3374 non
1982 3337 2241 3380 acceptandam

1247 3391 1465 3434 paupertatis
1480 3390 1735 3424 relaxationem
1752 3399 1775 3424 a
1795 3390 1942 3426 Summo
1962 3388 2132 3423 Pontifice
2142 3394 2240 3431 pro-

1248 3446 1401 3482 ceptam,
1419 3441 1476 3475 vel
1496 3447 1716 3482 concessam,
1737 3439 1788 3474 ib.

1247 3490 1371 3523 Utrum
1386 3490 1497 3533 possit
1509 3490 1672 3524 Pontifex
1691 3490 1761 3524 hoc
1777 3491 1911 3530 votum,
1926 3490 1988 3523 aut
2002 3487 2103 3522 aliud
2115 3482 2236 3521 simil·

1247 3539 1455 3573 substantiae
1476 3538 1664 3582 religionis
1678 3547 1873 3580 annexum,
1888 3538 2041 3579 irritare,
2057 3536 2106 3570 11).

1205 3587 1425 3630 Paupertatis
1455 3592 1578 3624 votum
1609 3589 1791 3631 quomodo
1820 3587 2037 3622 servandum
2066 3582 2238 3626 religioso
2299 3601 2306 3626 ·,

1248 3638 1424 3682 Episcopo
1437 3665 1447 3682 ,
1475 3638 1725 3681 Beneficiario,
1747 3637 1901 3682 Expulso
1915 3663 1929 3680 ,
1953 3637 2148 3680 apostatae,
2169 3633 2234 3673 m
