2352 3880
63 318 172 361 *non
190 315 324 358 solum
340 326 456 359 amor
472 317 650 366 Praelati,
669 315 742 356 sed
759 315 883 355 etiam
901 316 1060 356 debitus
1075 320 1117 354 et

62 377 299 430 §ordinatus
320 391 437 420 amor
464 381 640 433 propriae
666 378 808 419 salutis
828 379 881 418 ad
903 379 1117 431 perfectio·

78 453 182 483 -nem
213 441 458 482 obedientiae
481 442 628 494 ,iuvare
653 444 816 494 potest;
847 453 931 481 non
951 441 1118 493 quidem

84 502 307 544 intrinsece
321 508 362 544 et
371 503 610 554 formaliter,
625 503 697 544 sed
709 503 940 554 dispositive
953 503 1111 543 saltem.

77 565 217 618 Atque
234 578 286 607 ex
304 566 369 606 his
381 565 571 605 omnihus
587 569 843 616 consurgunt
858 566 946 605 aliae
963 565 1116 617 perfec-

82 626 216 667 tiones
233 627 476 676 voluntatis,
506 639 599 679 quae
623 627 802 666 maxime
818 627 862 666 in
882 627 1116 668 obedientia

76 681 354 740 postulantur,
377 692 425 727 ut
443 688 550 740 quod
567 688 619 727 sit
637 700 733 728 cum
748 688 956 728 hilaritate
973 693 1013 729 et
1031 689 1112 740 spi-

32 801 34 803 >
81 749 222 790 rituali
241 750 407 800 gaudio,
426 754 466 790 et
481 749 590 801 quod
610 749 681 789 fiat
699 751 964 790 constantiae
978 763 1113 802 perse-

80 812 238 850 veranti
251 811 414 859 animo,
435 815 476 850 et
493 823 586 850 cum
602 811 836 851 humilitate
854 826 864 859 3
893 812 943 852 de
966 812 1113 863 quibus

79 873 208 912 videri
236 877 428 924 possunt,
460 885 551 924 quae
571 874 711 914 scribit
730 874 970 913 Laurentius
990 874 1112 914 Justi-

79 934 228 973 nianus
242 964 252 979 ‚
284 935 327 974 in
354 934 548 986 opusculo
583 936 759 987 Liqnum
781 938 889 981 vitae,
924 949 964 989 p.
989 937 1030 985 8,
1061 936 1112 976 de

79 995 329 1044 Ohedientia,
352 1009 385 1036 c.
405 997 446 1045 6,
468 1002 507 1036 et
526 1009 615 1048 quae
630 998 672 1036 in
690 998 825 1036 citatis
841 997 940 1037 locis
956 998 1112 1037 Consti-

77 1058 302 1109 tutionum,
323 1062 363 1099 et
380 1059 426 1098 in
446 1059 617 1111 epistola
633 1058 685 1099 de
704 1059 943 1099 Obedientia
962 1072 1111 1112 propo-

73 1123 250 1160 nuntur.

448 1243 617 1284 CAPUT
642 1243 729 1285 XV.

73 1374 126 1406 1)ss
139 1377 463 1408 PERFECTIONIBUS
477 1377 639 1407 GONSILII
652 1377 898 1408 oBEmE-NTIAE
910 1377 963 1407 Ex
977 1376 1111 1426 PQRTE

452 1439 726 1471 INTELLEGTUS.

127 1555 167 1592 1.
198 1552 345 1593 Prima
375 1553 562 1604 perfectio
594 1553 819 1594 obedientia²
845 1564 893 1594 ete
917 1557 1034 1604 parte
1051 1553 1112 1593 in-

74 1616 262 1656 tellectus.
285 1637 338 1643 —
366 1614 552 1655 Secunda
569 1615 773 1665 perfectio.
794 1636 846 1644 —
867 1616 911 1653 ln
932 1615 1007 1654 hac
1025 1628 1113 1666 per-

73 1677 248 1717 fectione
263 1676 503 1727 explicanda
517 1677 648 1727 major
662 1681 722 1716 est
735 1676 968 1725 difficultas,
987 1689 1112 1728 quam

73 1739 117 1779 in
135 1739 285 1778 caeteris
302 1751 311 1784 ;
334 1738 431 1789 quia
449 1738 493 1776 in
510 1739 631 1777 modo
648 1738 865 1777 obediendi
882 1738 962 1777 duo
979 1739 1022 1777 in
1041 1739 1112 1778 So-

73 1801 217 1840 cietate
234 1799 510 1852 postulantur,
533 1811 625 1851 quae
643 1803 684 1838 et
699 1801 807 1839 inter
826 1812 869 1839 se
887 1801 1108 1849 contraria,

72 1866 114 1902 et
145 1862 319 1901 alterum
355 1873 479 1911 supra
513 1861 673 1899 virtutis
704 1861 903 1909 debitum,
936 1861 1110 1900 alterum

70 1934 168 1962 vero
186 1928 326 1962 contra
343 1922 544 1961 rationem
563 1922 741 1971 virtutis,
769 1927 808 1962 et
829 1923 1022 1973 periculis
1043 1936 1110 1962 ex-

70 1987 248 2038 positum
268 1996 354 2024 esse
374 1984 551 2023 videtur.
583 1985 719 2022 Primo
736 1996 834 2034 ergo
853 1985 1107 2035 postulatur,

70 2052 118 2086 ut
148 2047 332 2086 subditus
356 2058 440 2085 non
467 2046 660 2097 respiciat
689 2046 950 2097 Superiorem
971 2051 1017 2085 ut
1037 2047 1110 2085 ho-

70 2109 242 2158 minem,
265 2109 334 2148 sed
353 2112 399 2147 ut
420 2108 562 2156 Deum,
586 2113 632 2146 ut
651 2109 707 2147 ita
726 2113 977 2159 praeceptum
999 2109 1106 2158 ejus,

70 2182 155 2210 non
177 2175 223 2209 ut
252 2170 498 2216 humanum,
531 2170 601 2208 sed
628 2177 674 2208 ut
700 2170 888 2208 divinum
909 2170 1106 2221 recipiat;

72 2233 130 2270 sic
155 2231 275 2270 tertia
295 2235 410 2282 parte
439 2231 778 2270 Constitutionem
798 2261 808 2278 ‚
833 2243 922 2282 cap.
947 2231 1107 2282 primo,

73 2293 99 2345 ξ
123 2293 320 2344 vigesimo
348 2294 467 2332 tertio
500 2305 509 2331 :
555 2294 675 2336 Valde
698 2294 967 2334 necessarium
988 2297 1044 2333 est
1065 2297 1111 2333 ut

74 2366 204 2395 omnes
220 2355 407 2405 persectoe
427 2354 652 2396 obedientiae
669 2367 710 2395 se
730 2355 886 2404 dedant,
915 2354 1111 2404 Superio-

73 2427 171 2463 rem,
206 2415 434 2467 quicumque
459 2415 530 2456 ille
560 2416 630 2464 sit,
665 2416 744 2456 loco
777 2415 931 2457 Christi
959 2416 1011 2455 D.
1045 2415 1107 2457 N.

74 2480 341 2528 aquoseentes.
372 2477 423 2515 Et
449 2480 561 2515 sexta
587 2482 718 2528 parte,
750 2489 838 2527 cap.
861 2477 994 2528 primo
1015 2489 1023 2515 z
1044 2477 1114 2516 Ad

73 2540 160 2591 ejus
171 2551 313 2587 vocem,
323 2539 486 2590 perinde
499 2551 545 2579 ac
557 2540 595 2579 si
609 2551 634 2579 a
650 2539 810 2580 Christo
819 2540 986 2579 Domino
1002 2549 1112 2588 epre-

73 2601 249 2649 deretur,
267 2612 386 2652 quam
402 2600 699 2652 promptissimi
714 2601 856 2640 simus.
878 2600 929 2638 Et
944 2600 986 2638 in
1007 2600 1112 2638 Exa-

72 2662 208 2711 mine,
236 2673 324 2712 cap.
358 2666 519 2712 quarto,
550 2661 574 2713 ξ
600 2661 810 2712 trigesimo
834 2673 842 2699 :
874 2661 950 2709 Qui
969 2662 1109 2709 obedit,

72 2723 318 2764 considerare
337 2734 384 2762 ac
401 2723 635 2773 perpendere
654 2723 760 2762 debet
778 2734 907 2762 vocem
935 2735 959 2763 a
980 2722 1112 2773 Supe-

72 2786 178 2825 riore
193 2795 390 2835 eyressam
404 2814 417 2833 ,
438 2787 484 2824 ut
503 2784 540 2824 si
558 2796 584 2824 a
606 2783 767 2826 Christo
784 2783 953 2823 Domino
973 2787 1110 2823 nostro

73 2847 334 2898 egrederetur,
366 2849 411 2886 ut
432 2846 587 2885 omnino
606 2846 762 2897 placere
782 2846 930 2886 divinoe
955 2846 1111 2896 Majes-

74 2909 154 2949 tati
166 2907 309 2962 possit.
331 2908 381 2946 Et
396 2908 441 2947 in
456 2907 627 2959 epistola
643 2908 693 2947 de
710 2907 968 2956 Obedientia,
992 2905 1016 2958 ἓ
1035 2907 1110 2946 16;

73 2968 168 3011 Non
190 2970 430 3010 intueamini
452 2970 495 3008 in
513 2981 684 3022 persona
717 2969 956 3020 Superioris
987 2969 1113 3008 homi-

72 3042 160 3098 pem
192 3031 397 3072 obnoxium
428 3031 630 3071 erroribus
661 3033 778 3083 atque
808 3030 986 3070 miseriis
1001 3059 1012 3077 ‚
1046 3029 1117 3071 sed

112 3092 286 3132 hristum
304 3093 453 3145 ipsum,
477 3093 546 3144 qui
565 3097 621 3133 est
640 3091 840 3143 sapientia
858 3103 1029 3138 summa,
1049 3092 1113 3131 bo·

107 3152 188 3192 itas
203 3151 408 3201 immensa,
428 3155 466 3193 et
483 3154 664 3194 charitas
681 3154 865 3201 infinita,
878 3152 948 3204 qui
962 3163 1031 3193 nec
1051 3152 1114 3192 de-

101 3212 161 3262 ipi
185 3216 326 3264 potest,
352 3225 421 3254 nec
452 3226 520 3254 vos
545 3215 632 3255 vult
662 3215 748 3266 ipse
776 3214 962 3265 decipere.
998 3214 1113 3254 Unde

109 3275 220 3312 ostea
237 3273 441 3312 concludit
460 3285 472 3314 :
500 3275 644 3327 Itaque
661 3274 898 3327 Superioris
915 3286 1045 3316 vocem
1062 3286 1111 3316 ae

96 3334 201 3374 ‘ussa
219 3344 298 3373 non
316 3345 426 3374 secus
444 3346 491 3375 ac
507 3334 657 3376 Christi
674 3348 802 3378 vocem
821 3337 1004 3388 excipite.
1036 3337 1119 3376 Nec

101 3395 214 3435 olum
234 3394 278 3434 in
298 3395 677 3444 Constitutionibus,
698 3398 768 3437 sed
785 3398 910 3437 etiam
928 3397 972 3435 in
988 3397 1118 3437 Bullis

114 3455 199 3495 auli
218 3456 271 3495 111
287 3460 328 3495 et
346 3455 445 3495 Julii
464 3456 516 3495 III
538 3457 595 3496 sic
621 3458 770 3498 dicitur
795 3471 806 3498 ε
829 3458 1010 3505 Subdiu,
1033 3462 1119 3499 tum

81 3521 243 3571 propter
258 3518 435 3569 ingentes
453 3516 607 3558 ordinis
625 3519 838 3569 utilitates,
859 3524 945 3561 tum
956 3524 1121 3572 propter

86 3589 298 3630 numquam
313 3578 420 3619 satis
433 3578 637 3619 laudatum
653 3580 898 3621 humilitatis
913 3581 1123 3622 assiduum

88 3639 336 3689 enormium,
344 3639 572 3694 Praeposito
581 3640 626 3681 in
640 3641 819 3682 omnibus
828 3641 882 3683 ad
892 3641 1124 3685 institutum

561 251 653 288 CAP.
672 249 743 286 XV.
765 249 822 286 DE
839 247 1187 286 Psaramomus
1207 248 1265 286 Ex
1283 250 1420 287 mnu:
1440 250 1732 291 metaurus,

1676 178 1691 197 O
2167 187 2170 194 .

2088 266 2101 290 e
2125 249 2208 291 7¹17

1166 315 1456 368 pertinentibus
1487 329 1630 368 parere
1663 329 1814 370 semper
1846 318 2069 367 teneantur,
2102 324 2139 359 et
2165 319 2208 368 ia,

1169 376 1240 417 illo
1264 377 1472 418 Christum
1497 378 1619 418 veluti
1641 384 1870 430 proesentem
1892 384 2111 432 aynoscant
2125 414 2137 426 ,
2171 383 2208 421 et

1171 443 1363 491 quantum
1381 439 1498 488 decet,
1527 445 1772 481 venerentur.
1795 442 1933 481 Altera
1951 454 2050 482 vero
2068 434 2209 497 condi-f

1170 499 1244 548 tio,
1272 511 1363 551 quae
1383 499 1428 539 in
1452 499 1532 539 hac
1557 499 1790 541 obedientia
1811 504 2052 553 postulatur,
2075 508 2137 544 est
2160 508 2208 544 ut

1169 560 1223 600 sit
1242 573 1364 610 caeca,
1388 565 1436 601 ut
1454 573 1505 602 ex
1533 561 1688 602 eisdem
1715 562 1813 602 locis
1833 569 2005 604 constat.
2039 567 2142 606 Nam
2161 566 2208 606 in

1170 623 1210 664 d.
1232 627 1348 662 sexta
1366 627 1482 675 parte
1498 653 1509 671 ‚
1538 636 1625 675 cap.
1648 623 1783 675 primo
1798 654 1811 672 ,
1846 625 1996 665 dicitur
2014 624 2212 667 obedien-⁶

1167 684 1270 724 dum
1288 697 1388 732 esse,
1414 685 1546 726 omnia
1557 685 1678 737 justa
1698 697 1780 725 esse
1795 685 1904 726 nobis
1918 690 2205 740 persuadendo,

1166 758 1313 787 omnem
1331 748 1568 788 sententiam
1586 758 1632 787 ae
1641 747 1842 798 judicium
1857 752 2037 788 nostrum
2051 754 2208 791 contra-

1165 809 1274 847 rium
1305 820 1408 849 coeca
1438 809 1610 860 quadam
1644 809 1860 849 obedientia
1890 810 2127 860 abneqondo.
2158 814 2216 852 Et,

1165 869 1274 908 infra
1288 870 1516 920 explicatur
1533 870 1599 908 hic
1622 869 1840 909 obediendi
1858 870 2004 908 modus
2020 872 2207 922 exemplo

1167 931 1390 976 cadaveris.
1423 931 1490 970 vel
1510 931 1658 977 baculi,
1679 943 1771 983 quae
1792 931 1878 970 sine
1892 931 2040 982 judicii
2059 932 2207 972 discre-

1165 993 1278 1032 tione
1297 993 1452 1032 moveri
1475 1005 1516 1032 se
1534 994 1700 1041 sinunt3
1722 997 1762 1032 et
1780 993 1887 1044 quod
1909 993 2114 1033 difficilius
2129 1002 2217 1037 est.)

1166 1054 1211 1093 in
1225 1055 1394 1105 epistola
1402 1055 1653 1094 Obedientiae
1667 1055 1831 1094 additur
1844 1056 2097 1107 comparatio
2111 1069 2207 1096 cum

1166 1116 1417 1167 subjectione
1435 1117 1667 1156 intellectus
1689 1118 1733 1155 in
1753 1117 1973 1166 credendo,
1993 1121 2041 1158 ut
2060 1119 2114 1158 ad
2127 1131 2213 1158 crea

1167 1178 1292 1218 denda
1308 1190 1393 1230 quoe
1409 1179 1606 1219 catholica
1617 1180 1716 1230 fides
1730 1180 1932 1231 proponit,
1952 1183 2033 1220 toto
2047 1191 2202 1228 conatu,

1166 1249 1403 1291 assensuque
1435 1244 1562 1279 vestro
1601 1241 1744 1281 statim
1775 1242 2004 1281 incumbitis
2023 1272 2036 1290 ‚
2069 1243 2129 1283 sie
2156 1217 2218 1282 adl

1165 1302 1352 1350 facienda
1371 1313 1415 1341 ea
1435 1313 1683 1354 quaecumque
1704 1300 1906 1353 Superior
1923 1303 2090 1351 diaeo-it,
2109 1315 2207 1343 coeco

1165 1365 1332 1414 quodam
1348 1364 1498 1415 impetu
1515 1364 1736 1404 voluntatis
1749 1365 1918 1414 parendi
1938 1366 2106 1416 cupida-²,
2123 1378 2216 1407 sine·

1163 1425 1251 1466 ulla
1267 1438 1436 1476 prorsus
1452 1426 1733 1477 disquisitione
1750 1426 1954 1478 feramini.

1219 1489 1258 1526 2.
1285 1487 1455 1537 Objectio
1475 1487 1850 1540 „emeratis—Duce
1870 1487 2099 1539 objectiones
2118 1493 2219 1550 eon-)

1167 1553 1234 1590 tra
1250 1549 1425 1602 priorem
1443 1550 1739 1599 perfectionem.
1752 1571 1805 1578 —
1826 1550 1968 1589 Tertia
1990 1555 2128 1590 contra
2148 1564 2215 1612 sei-j

1168 1613 1336 1652 cundum
1351 1612 1645 1664 perfectionem.
1677 1633 1730 1640 —
1767 1611 1948 1662 Auqetur
1969 1613 2216 1670 difficultas.1

1165 1694 1219 1702 —
1235 1673 1331 1711 Haec
1347 1685 1444 1724 ergo
1457 1673 1539 1711 duo
1560 1672 1752 1711 videntur
1775 1673 2079 1724 quodammodo
2099 1675 2207 1715 inter

1166 1746 1208 1774 se
1242 1735 1518 1786 repugnantia
1540 1746 1550 1779 ;
1574 1746 1672 1772 nam
1703 1734 1754 1772 ad
1784 1735 2030 1774 intuendum
2062 1736 2106 1774 in
2134 1672 2218 1847 ho}

1165 1796 1277 1835 mine
1307 1797 1451 1844 Deum,
1475 1808 1627 1846 magna
1650 1796 1898 1846 perspicacia
1920 1801 1960 1836 et
1990 1799 2187 1837 ratiocina

1164 1858 1222 1897 tio
1243 1858 1470 1897 necessaria
1489 1862 1572 1904 est;
1596 1857 1802 1909 quomodo
1838 1869 1936 1908 ergo
1966 1863 2096 1909 potest
2119 1872 2209 1909 esse

1164 1918 1396 1958 obedientia
1419 1931 1543 1966 coeca,
1569 1919 1601 1957 si
1622 1923 1708 1957 tam
1727 1919 1903 1958 elevatos
1924 1924 1965 1958 et
1984 1925 2124 1959 acutos
2142 1934 2205 1962 re·

1165 1980 1291 2030 quirit
1309 1980 1447 2019 oculos
1464 1981 1637 2019 mentis?
1658 1981 1811 2019 Deinde
1832 1981 2009 2020 nimium
2026 1982 2211 2037 videtur,1

1166 2046 1205 2080 et
1237 2054 1360 2092 supra
1393 2043 1596 2080 rationem
1617 2042 1799 2090 virtutis,
1822 2042 1946 2081 talem
1979 2045 2210 2095 apprehew

1165 2103 1323 2142 sionem
1350 2103 1415 2142 vel
1442 2103 1642 2154 judicium
1663 2104 1706 2142 in
1734 2104 1949 2144 obediente
1982 2106 2204 2156 postulare,

1165 2165 1261 2216 quia
1278 2165 1472 2216 perfectio
1493 2166 1659 2204 virtutis
1679 2179 1760 2204 non
1782 2167 1958 2217 requirit
1978 2159 2208 2218 apprehen-¹

1164 2228 1333 2275 sionem,
1359 2227 1424 2266 vel
1442 2228 1640 2278 J'udicium
1672 2228 1820 2266 falsum
1843 2243 1853 2276 ;
1875 2233 1934 2266 est
1962 2237 2098 2268 autem
2132 2230 2207 2269 fal-

1165 2301 1256 2328 sum
1275 2290 1583 2341 apprehendere
1602 2302 1648 2328 ac
1661 2290 1846 2340 judicare
1868 2296 2119 2342 praeceptum
2133 2292 2205 2332 ho-

1164 2351 1290 2389 minis
1310 2355 1505 2401 tanquam
1527 2351 1612 2399 Dei,
1630 2352 1726 2402 quia
1755 2364 1888 2403 neque
1907 2365 1951 2391 re
1970 2353 2058 2404 ipsa
2076 2358 2116 2392 et
2146 2366 2206 2394 se-

1167 2413 1348 2451 cundum
1377 2414 1592 2452 veritatem
1626 2418 1686 2452 est
1720 2419 1973 2466 praeceptum
1999 2395 2213 2465 divinum)

1167 2474 1237 2512 sed
1252 2474 1507 2524 humanum;
1525 2487 1656 2526 neque
1674 2476 1800 2514 etiam
1819 2477 2113 2527 aequivalenter
2132 2490 2207 2518 seu

1166 2537 1461 2586 appretiatione
1480 2537 1587 2575 tanti
1607 2537 1803 2576 aestimari
1825 2538 1960 2587 dehet,
1995 2551 2088 2578 eum
2120 2534 2210 2580 non*

1165 2597 1218 2635 sit
1243 2609 1359 2648 aeque
1382 2598 1649 2648 conjunctum
1668 2598 1768 2637 Deo.
1793 2599 2006 2648 Praeterea,
2028 2601 2062 2639 si
2081 2602 2207 2642 verba

1166 2659 1289 2697 citata
1321 2663 1363 2698 et
1394 2660 1643 2710 comparatio
1677 2659 1856 2699 adducta
1888 2665 2044 2700 attente
2080 2659 2218 2715 inspi-l,

1165 2720 1339 2768 ciantur,
1360 2721 1614 2771 significatur
1633 2721 1677 2760 in
1698 2721 1772 2769 eis,
1794 2722 1851 2760 ita
1871 2734 1956 2761 esse
1976 2724 2220 2774 apprehen-)

1165 2781 1348 2821 dendum
1366 2787 1619 2834 praeceptum
1641 2783 1885 2834 Superioris,
1904 2788 1951 2823 ut
1975 2786 2093 2824 nohis
2117 2799 2205 2838 per-

1167 2843 1410 2883 suadeamus
1438 2845 1557 2883 illum
1586 2856 1663 2883 nee
1690 2845 1853 2896 decipi,
1889 2858 1965 2885 nec
1998 2847 2103 2887 velle
2130 2861 2206 2888 nos

1167 2904 1381 2957 decipere3
1414 2906 1493 2945 hoc
1526 2910 1666 2945 autem
1700 2911 1772 2945 aut
1799 2911 1859 2946 est
1888 2907 2007 2948 valde
2037 2908 2204 2959 falsum,

1167 2971 1237 3006 aut
1268 2967 1450 3007 humano
1482 2968 1606 3007 modo
1634 2968 1898 3020 impossibile.
1933 2970 2036 3008 Nam
2072 2972 2106 3010 si
2135 2972 2206 3012 illa

1167 3030 1377 3080 persuasio
1412 3034 1617 3081 supponat
1650 3029 1791 3078 aliam,
1821 3030 1983 3079 scilicet,
2017 3033 2205 3084 Superio-

1167 3102 1256 3130 rem
1284 3102 1367 3130 non
1390 3103 1507 3143 posse
1540 3091 1701 3143 decipi,
1735 3103 1812 3131 nec
1840 3092 2070 3132 voluntarie
2095 3095 2217 3144 deci-1

1167 3162 1279 3203 pere,
1300 3151 1419 3191 valde
1440 3164 1613 3192 erronea
1632 3156 1707 3202 est,
1728 3157 1776 3192 ut
1794 3165 1867 3205 per
1894 3166 1936 3194 se
1965 3159 2151 3206 constat3
2170 3154 2217 3195 si'

1167 3218 1308 3252 autem
1340 3214 1427 3253 haec
1463 3225 1548 3253 non
1579 3220 1849 3266 supponatur,
1869 3216 2120 3269 impossihile
2145 3220 2206 3255 est

1172 3285 1333 3326 semper
1351 3275 1633 3315 indifferenter
1661 3281 1702 3316 et
1733 3276 1822 3316 sine
1846 3278 1931 3317 ulla
1963 3278 2205 3317 discretione

1172 3340 1214 3376 et
1246 3337 1539 3388 ponderatione
1569 3338 1984 3388 circumstantiarum,
2006 3344 2090 3377 tam
2115 3319 2214 3389 per-³

1172 3410 1282 3438 sonae
1309 3411 1434 3450 quam
1465 3411 1619 3448 rerum,
1639 3400 1824 3451 judicare
1849 3401 2106 3452 Superiorem
2129 3384 2214 3672 a]
2244 3412 2249 3423 ‘

1173 3459 1321 3512 decipi,
1341 3472 1416 3500 nec
1435 3461 1541 3501 velle
1568 3461 1769 3513 decipere.
1790 3462 1922 3512 Atque
1955 3461 2051 3498 hinc
2079 3460 2207 3500 etiam

1174 3525 1333 3561 constat
1352 3533 1476 3574 quam
1496 3523 1549 3561 sit
1564 3522 1737 3561 difficilis
1753 3522 1907 3560 creditu
1927 3519 2056 3559 altera
2070 3522 2190 3560 condi

1173 3582 1233 3622 tio
1249 3593 1264 3633 ;
1284 3595 1382 3623 nam
1400 3584 1435 3623 si
1453 3583 1525 3623 illa
1539 3585 1700 3623 caecitas
1715 3581 1956 3621 obedientiae
1977 3581 2021 3620 in
2039 3581 2118 3622 hoe
2133 3595 2159 3635 p

1175 3643 1307 3694 nitur,
1323 3649 1372 3684 ut
1388 3644 1584 3686 obediens
1601 3643 1680 3684 hoc
1693 3642 1851 3694 J‘udicet
1877 3642 1967 3683 sine
1999 3644 2212 3695 examine,¹
