2352 3880
197 371 384 426 ,Concilio
400 368 504 411 nihil
521 370 660 422 agitur
677 369 730 409 de
749 368 990 420 privilegiis,
1010 368 1076 408 vel
1091 367 1145 408 de
1164 368 1236 408 de

199 434 416 487 rogatione
438 440 600 478 eorum,
617 430 692 471 sed
712 430 945 470 declaratur
959 431 1029 481 jus
1049 429 1236 470 divinum

199 501 240 539 et
270 506 492 535 commune
506 519 520 541 ,
552 497 639 532 tam
660 492 799 544 quoad
820 496 1068 544 potestatem
1099 502 1235 531 reser-

196 558 337 605 vandi,
362 568 490 608 quam
522 555 663 606 quoad
693 554 887 595 effectum
924 555 996 606 qui
1031 554 1233 606 sequitur,

196 619 332 673 posita
355 617 650 659 reservatione.
679 617 846 657 Falsum
876 617 1002 656 etiam
1033 620 1096 656 est
1127 617 1236 655 hanc

197 682 440 722 facultatem
473 692 560 720 non
601 679 691 719 dari
722 692 800 733 per
831 679 961 719 verba
991 678 1231 729 generalia,

196 743 365 795 quando
390 742 461 781 illa
486 741 585 782 talia
606 744 716 788 sunt,
736 745 782 779 ut
801 752 923 780 casus
945 739 1070 778 etiam
1091 739 1234 778 Ponti-

195 803 263 843 fici
297 805 533 843 reservatos
563 802 905 853 comprehendat.
937 800 1056 846 Quod
1087 804 1236 851 praeter

196 864 306 904 dicta
323 868 438 917 patet
455 875 506 904 ex
519 863 601 903 alia
621 862 902 902 declaratione
923 861 1115 913 ejusdem
1132 861 1235 901 Con

194 926 450 977 gregationis
467 923 750 964 Cardinalium
762 955 771 970 ‚
789 922 1031 969 dicentium,
1051 934 1126 975 per
1141 923 1236 962 Bul-

193 987 280 1027 lam
293 989 315 1027 J
319 987 453 1026 ubilaei
469 985 612 1025 indicti
626 997 650 1024 a
665 985 836 1025 Summo
856 985 1052 1025 Pontifice
1068 996 1154 1026 oum
1169 986 1234 1034 fa-

195 1050 345 1092 cultate
371 1048 597 1088 absolvendi
625 1058 651 1088 a
680 1047 988 1099 quibuscumque
1015 1046 1236 1087 enormibus

191 1110 364 1164 peccatis
375 1109 591 1149 reservatis
598 1107 629 1148 A
633 1108 783 1159 postoli
787 1120 842 1148 σαι
848 1107 883 1148 S
886 1109 947 1147 edi
958 1108 1077 1148 etiam
1087 1108 1130 1147 in
1138 1107 1236 1148 Bul-

192 1172 235 1212 la
249 1170 381 1212 Ooenoe
395 1170 573 1217 Domini,
579 1181 701 1220 posse
715 1169 861 1208 fideles
877 1168 1035 1208 absolvi
1052 1181 1076 1207 a
1090 1180 1236 1219 pecca·

191 1233 244 1272 tis
275 1232 481 1283 Episcopo
516 1231 752 1271 reservatis.
774 1232 859 1271 Nec
887 1230 1054 1270 videtur
1079 1230 1236 1269 referre

190 1293 337 1356 quod
326 1306 371 1332 ιιι
390 1294 472 1332 hac
494 1292 777 1332 declaratione
799 1291 935 1331 forma
956 1291 1237 1332 concessionis

188 1360 256 1395 'est
267 1367 365 1395 cum
380 1356 624 1395 extensione
636 1355 688 1394 ad
697 1366 819 1394 casus
831 1354 1070 1394 contentos
1059 1366 1103 1392 ιιι
1117 1353 1236 1393 Bulla

194 1416 322 1458 Coenoe
340 1417 522 1464 Domini,
537 1417 582 1455 in
597 1421 739 1455 nostro
759 1428 858 1455 vero
873 1416 1037 1455 Indulto
1059 1420 1121 1455 est
1140 1427 1236 1456 cum

194 1478 465 1530 exceptione3
490 1479 589 1529 quia
625 1490 711 1516 non
742 1478 883 1517 minus
922 1479 1013 1517 haec
1048 1477 1237 1529 exceptio

190 1539 330 1579 firmat
352 1540 543 1592 regulam
561 1539 616 1578 ad
635 1551 782 1579 omnes
802 1540 906 1578 alios
929 1551 1050 1579 casus
1069 1539 1125 1578 ibi
1151 1551 1235 1580 non

191 1606 426 1650 contemne,
449 1602 700 1651 cuicumque
728 1602 928 1640 reservati
962 1602 1044 1639 sint
1064 1631 1075 1649 ,
1108 1612 1233 1651 quam

191 1664 363 1714 ampliet
383 1663 493 1703 dicta
517 1663 720 1702 extensio.
742 1663 833 1702 Alia
865 1675 965 1714 ergo
996 1663 1141 1701 ultima
1163 1662 1237 1702 de·-

191 1726 363 1765 claratio
389 1726 513 1765 citata
533 1725 698 1764 videtur
718 1724 930 1776 postulare
955 1725 1009 1763 ad
1034 1725 1143 1764 hanc
1173 1724 1236 1763 fa·—

190 1788 405 1836 cultatem,
427 1787 596 1837 quando
616 1798 701 1825 non
729 1787 852 1825 datur
877 1798 953 1837 per
978 1787 1104 1826 verba
1140 1797 1235 1837 spe-

189 1849 325 1897 cialia,
345 1849 456 1900 quod
478 1848 688 1887 Indultum
710 1849 761 1887 sit
782 1860 1029 1887 concessum
1046 1848 1113 1887 vel
1136 1860 1234 1887 con-

189 1910 401 1949 firmatum
428 1914 520 1960 post
541 1909 772 1948 Concilium
794 1910 1082 1948 Tridentinum
1099 1939 1112 1958 ,
1133 1909 1233 1960 quia

191 1973 427 2024 antiquiora
445 1977 612 2023 reputat
626 1972 770 2021 dubia,
790 1976 832 2012 et
851 1985 936 2011 non
956 1973 1229 2021 admittenda,

189 2037 257 2076 vel
285 2039 397 2075 certe
431 2035 632 2087 derogata
655 2047 740 2074 non
769 2046 846 2086 per
871 2035 1099 2074 Concilium
1116 2065 1126 2083 ,
1157 2035 1232 2074 sed

190 2110 265 2149 per
276 2098 400 2136 aliam
412 2097 737 2136 declarationem
747 2097 912 2135 citatam
926 2097 1111 2148 Gregorii
1123 2097 1227 2136 XIII.

190 2160 277 2198 Hoc
297 2162 440 2198 autem
460 2162 651 2197 nostrum
672 2158 934 2209 privilegium
947 2188 960 2207 ,
988 2158 1086 2197 licet
1106 2158 1231 2197 fuerit

191 2225 286 2260 ante
309 2221 541 2260 Concilium
559 2220 849 2259 Tridentinum
870 2232 1131 2269 concessum,
1152 2220 1231 2260 fuit

190 2287 332 2323 tamen
352 2282 643 2322 confirmatum
663 2294 688 2321 a
707 2281 816 2322 Julio
838 2282 903 2331 ΙΙΙ,
923 2281 966 2319 in
987 2281 1106 2321 Bulla
1132 2282 1231 2321 anni

192 2346 311 2392 1552,
332 2355 415 2395 quo
437 2356 547 2382 anno
565 2344 653 2394 jam
673 2347 761 2383 erat
779 2342 889 2382 facta
909 2343 1039 2382 sessio
1059 2344 1109 2382 14
1123 2343 1233 2382 Con-

192 2406 274 2444 cilii
292 2404 524 2445 Tridentini
541 2417 551 2451 ;
573 2417 671 2444 nam
692 2405 902 2444 celebrata
919 2409 981 2443 est
998 2405 1064 2443 die
1081 2406 1132 2444 25
1151 2406 1232 2444 No-

191 2467 374 2506 vembris
391 2467 489 2505 anni
512 2467 629 2514 1551,
645 2466 722 2506 sub
739 2466 887 2505 eodem
902 2467 924 2506 J
929 2466 1026 2514 ulio,
1041 2467 1110 2516 qui
1131 2479 1233 2518 prae-

192 2527 346 2568 dictum
366 2528 628 2579 privilegium
648 2539 742 2568 cum
763 2527 853 2566 aliis
873 2528 1145 2576 confirmavit,
1164 2529 1233 2568 die

191 2590 243 2630 22
277 2589 462 2629 Octobris
496 2589 596 2628 anni
630 2591 749 2629 1552.
779 2590 829 2628 Et
862 2589 942 2628 alia
974 2589 1232 2630 confirmatio

191 2651 328 2702 colligi
348 2654 484 2702 potest
505 2662 555 2689 ex.
574 2651 693 2689 Bulla
715 2650 772 2689 Pii
801 2651 848 2698 V,
869 2652 977 2691 Dum
1009 2651 1229 2700 indefessa,

191 2714 292 2753 anni
315 2714 433 2752 1571.
457 2713 516 2751 Ac
538 2712 721 2762 denique
742 2711 967 2763 Gregorius
982 2713 1071 2752 XIII
1091 2714 1168 2752 hoc
1186 2714 1231 2752 in

195 2774 332 2826 specie
360 2773 587 2813 declaravit
609 2778 650 2813 et
666 2773 942 2821 confirmavit,
975 2778 1021 2813 ut
1052 2774 1232 2813 diximus

190 2836 234 2875 in
266 2836 350 2875 fine
370 2847 485 2875 num.
513 2837 591 2886 {43
620 2836 741 2875 video
763 2836 1036 2875 nihilominus
1063 2849 1231 2876 revoca*

191 2901 277 2936 tam
297 2902 441 2948 postea
462 2910 486 2937 a
505 2899 718 2938 Clemente
737 2898 822 2937 VlIl
842 2898 1082 2937 facultatem
1111 2908 1234 2938 men-

192 2958 419 2998 dicantium
443 2958 688 2999 absolvendi
714 2971 739 2998 a
766 2959 931 2998 casibus
961 2971 1067 3010 quos
1098 2972 1230 3000 reser-

193 3024 292 3059 vant
313 3020 503 3071 Episcopi
516 3030 530 3070 3
558 3019 633 3059 sed
650 3032 700 3059 ea
719 3021 944 3070 revocatio,
975 3033 1055 3060 nec
1085 3021 1128 3060 in
1150 3022 1232 3062 Lu-

192 3081 341 3120 sitania
359 3111 370 3128 ,
403 3093 542 3132 neque
563 3081 637 3132 (ut
669 3082 822 3132 credo)
852 3086 969 3122 extra
999 3083 1230 3137 temporale

192 3142 425 3183 dominium
449 3143 656 3183 Pontificis
676 3144 870 3185 obtinuit.

193 3238 452 3294 Empenditur
457 3240 854 3341 privilquigxceptio
869 3240 916 3283 da
926 3239 1085 3284 casibus
1094 3240 1233 3283 Bulla

700 3314 779 3343 nae.

249 3381 314 3429 16.
343 3385 537 3438 ffaeoeptio
557 3396 721 3429 cascum
737 3388 876 3428 coense
892 3392 972 3429 novt
985 3388 1166 3441 procedit
1181 3389 1228 3430 in

193 3450 292 3491 locis
311 3449 590 3490 remotis-simia
614 3450 856 3499 infidelium.
871 3464 923 3478 —··—
939 3449 1067 3502 quue
1083 3450 1228 3501 probae

194 3511 326 3551 biiiter
350 3509 472 3550 etiam
496 3510 626 3562 quoad
654 3510 852 3551 koeresim.
868 3511 1008 3552 —Ita
1034 3512 1078 3551 in
1103 3512 1228 3563 specio

195 3572 383 3613 concessit
403 3570 544 3613 Julius
573 3572 670 3613 III.
703 3593 756 3601 —
781 3572 936 3621 Quarto
968 3575 1079 3613 circa
1107 3580 1228 3614 exce-

195 3633 379 3684 ptionem
402 3633 519 3674 illam
538 3644 561 3673 t¹
579 3635 776 3685 Exceptis
800 3634 991 3677 contentis
1026 3636 1072 3675 in
1101 3633 1228 3677 Balla

193 3705 284 3748 quoe
307 3694 354 3737 in
375 3695 442 3738 die
460 3695 774 3740 GoehaeDbmt’m
795 3695 918 3741 solita
938 3700 998 3740 m
1027 3697 1133 3750 lsai,
1154 3696 1228 3738 ada

523 298 612 339 tm.
635 299 692 339 nt.
715 301 772 338 ιιιι
789 296 942 344 uenus,
961 299 1041 338 ssu
1060 298 1317 343 ammius,
1339 297 1489 342 oureus
1507 296 1564 337 Aa
1583 291 1876 344 reomanensi
1885 294 1986 338 Bw

1289 367 1534 407 vertendum
1555 371 1618 408 est
1635 360 1945 407 limitationem
1951 365 2061 408 huno
2076 368 2182 422 Ψ

1288 440 1393 480 quos
1416 441 1537 468 casus
1557 428 1623 468 vel
1649 439 1850 480 personas
1868 438 1945 498 per
1969 427 2048 467 alia
2074 427 2220 471 indu

1288 491 1443 530 blatam
1463 502 1569 530 esse.
1591 491 1641 529 Et
1659 490 1861 541 imprimis
1876 489 2057 529 interris
2074 475 2246 533 infide-tf·
2295 541 2297 543 χ

1289 557 1331 593 et
1350 551 1534 603 partibus
1551 552 1852 599 remotissimis,
1871 563 1896 590 a
1917 550 2068 602 quibus
2085 563 2168 592 non
2199 571 2204 588 ι
2236 551 2239 555 ’
2240 549 2273 629 ’χχχ

1290 614 1395 654 adm
1409 614 1540 654 Sedes
1559 614 1810 666 Apostolica,
1831 617 1968 665 potest
1996 614 2250 664 generalis
2271 604 2296 618 ”

1287 676 1448 730 positus
1475 676 1706 716 concedere
1733 676 1884 715 nostris
1914 675 2155 717 facultatem
2184 686 2229 718 α

1287 736 1429 786 vendi,
1447 737 1565 780 etiam
1583 750 1609 778 a
1627 738 1785 779 casibus
1802 739 1847 777 in
1865 737 1993 778 Bulla
2010 737 2142 778 Coeme
2161 738 2243 779 D

1288 800 1534 847 reservatis,
1566 803 1614 838 ut
1645 798 1850 839 concessit
1879 799 1993 838 idem
2019 797 2169 838 Paulus
2216 803 2240 826 ἔ·
2263 816 2268 828 ·χ

1289 861 1407 901 Bulla
1422 861 1535 902 Licet
1555 861 1739 908 debitum,
1762 861 1862 900 anni
1880 862 1998 908 1549,
2014 865 2055 901 et
2069 860 2282 902 confirm

1288 924 1422 963 Julius
1447 923 1514 971 111,
1541 927 1584 964 et
1613 924 1728 963 auxit
1745 922 1968 973 Gregorius
1987 923 2097 970 XHI,
2131 923 2177 962 in
2207 924 2266 964 Β

1288 984 1355 1026 Ad
1371 989 1600 1037 perpetuam
1618 987 1679 1026 rei
1692 985 1936 1033 memoriam,
1955 984 2051 1023 anni
2071 986 2191 1025 1575.
2211 967 2293 1045 (11.χῖ

1289 1058 1415 1097 quam
1436 1045 1724 1086 extensionem
1742 1046 1925 1097 vulgaris
1954 1046 2156 1086 dubitatio
2187 1028 2293 1119 loo-³3*

1289 1107 1431 1156 habet,
1450 1120 1503 1147 an
1526 1108 1603 1147 sub
1620 1108 1689 1147 illa
1709 1108 2087 1159 comprehendatur
2108 1108 2273 1149 etiam
2316 1131 2319 1138 ·

1289 1182 1386 1210 men
1414 1170 1608 1219 haeresis,
1638 1182 1739 1209 nam
1770 1170 1848 1209 sub
1875 1170 1965 1209 aliis
1988 1170 2264 1210 concessioni
2282 1136 2320 1210 1

1288 1233 1554 1284 generalibus
1576 1236 1735 1271 celtum
1756 1235 1818 1271 est
1839 1243 1923 1271 non
1945 1232 2272 1283 comprehendi,
2283 1212 2320 1296 Ξ

1289 1294 1394 1345 disp.
1429 1296 1497 1342 21,
1534 1294 1586 1334 de
1615 1294 1738 1334 Fide
1775 1297 1876 1333 sect.
1901 1295 1950 1342 4,
1976 1305 2092 1333 num.
2126 1293 2294 1343 vigesio-¹
2287 1334 2321 1364 i

1287 1356 1439 1407 primo,
1472 1356 1664 1403 diximus,
1700 1359 1740 1396 et
1770 1356 1920 1394 docent
1942 1356 2218 1394 communiter
2250 1373 2319 1419 ι.ι

1290 1418 1408 1457 derni
1425 1419 1635 1466 Doctoies,
1658 1421 1698 1457 et
1722 1417 1945 1456 declaravit
1971 1418 2065 1456 Pius
2083 1418 2132 1466 V,
2158 1417 2310 1468 speci„

1289 1479 1402 1518 Motu
1426 1479 1608 1530 proprio,
1631 1490 1756 1530 quem
1780 1479 1906 1518 refeit
1922 1479 2060 1530 Rojas,
2078 1478 2148 1518 lib.
2171 1479 2222 1518 de
2243 1477 2319 1539 Pj'*

1289 1541 1449 1591 vilegiis
1479 1541 1791 1591 Inquisitorum,
1827 1552 1944 1579 num.
1979 1541 2081 1587 416,
2114 1544 2155 1579 et
2179 1540 2251 1579 lib.
2280 1560 2298 1575 n>

1290 1602 1462 1648 Haeresi,
1477 1604 1496 1641 1
1512 1606 1638 1652 part.,
1656 1605 1802 1640 essert.
1817 1602 1880 1641 39.
1895 1602 2021 1652 Cujus
2038 1601 2258 1641 declaratio
2272 1619 2279 1637 ι
2299 1600 2310 1652 f,

1289 1663 1610 1702 fundamentum
1635 1668 1712 1710 est,
1742 1663 1838 1714 quia
1869 1675 1988 1702 casus
2021 1663 2210 1714 specialis
2240 1644 2345 1719 n'ff

1288 1726 1400 1765 venit
1430 1727 1507 1765 sub
1537 1726 1806 1765 concessione
1836 1726 1941 1765 adeo
1976 1726 2182 1778 generali,
2207 1726 2310 1778 ,iux-'5

1287 1788 1480 1840 regulam
1501 1791 1547 1828 81
1578 1789 1701 1840 juris,
1722 1788 1766 1827 in
1785 1789 1825 1827 6.
1855 1787 1995 1826 Videri
2023 1791 2163 1826 autem
2191 1793 2298 1839 pot
2340 1783 2345 1837 χ’

1287 1851 1376 1890 haec
1394 1852 1499 1890 ratio
1531 1851 1572 1890 in
1600 1850 1790 1902 praesenti
1815 1861 1992 1897 cessare,
2018 1849 2116 1901 quia
2141 1854 2204 1888 rat
2209 1850 2246 1889 io
2280 1868 2287 1885 t
2308 1874 2313 1884 .

1287 1924 1413 1964 quam
1441 1915 1532 1951 haec
1552 1912 1766 1951 concessio
1787 1911 1893 1950 facta
1924 1915 2012 1959 est,
2037 1911 2205 1960 scilicet,
2228 1920 2320 1980 (χιι.

1285 1986 1371 2014 ιιοιι
1402 1978 1538 2026 potest
1563 1974 1797 2025 Apostolica
1826 1973 1954 2012 Sedes
1974 1973 2103 2021 adiri,
2137 1973 2262 2012 etiam
2292 1983 2310 2008 .
2303 1951 2346 1986 ³·

1285 2041 1456 2088 peccato
1471 2036 1640 2075 haeresis
1659 2036 1797 2074 locum
1814 2035 1954 2082 habet,
1969 2040 2009 2074 et
2023 2035 2116 2074 ideo
2133 2039 2311 2089 respec
2342 2020 2347 2070 '.

1289 2109 1433 2136 earum
1455 2098 1676 2149 regionum
1698 2099 1916 2148 peccatum
1942 2095 2115 2136 haeresis
2145 2109 2229 2136 non
2252 2095 2313 2148 pq}
2341 2103 2347 2141 4

1285 2162 1367 2198 test
1385 2159 1637 2198 considerari
1665 2162 1712 2197 ut
1746 2157 1941 2210 speciale,
1971 2157 2047 2197 sed
2077 2161 2122 2198 ut
2147 2158 2315 2198 indue

1287 2221 1480 2261 eamdem
1512 2221 1731 2260 rationem.
1766 2220 1833 2259 Sic
1865 2219 1977 2259 enim
1999 2219 2131 2260 multa
2157 2233 2260 2274 prop
2288 2231 2347 2276 χ

1286 2283 1522 2323 distantiam
1541 2282 1842 2329 conceduntur,
1867 2293 1960 2333 quae
1981 2282 2083 2320 alias
2103 2286 2257 2334 negant
2306 2290 2322 2327 ‘v
2340 2287 2347 2338 3

1286 2349 1332 2384 ut
1361 2345 1462 2383 dixit
1494 2345 1647 2396 glossa,
1668 2344 1710 2381 in
1731 2355 1767 2383 c.
1795 2343 1895 2384 Cum
1923 2355 1971 2383 em
1999 2343 2175 2392 litteris,
2204 2344 2261 2384 De
2291 2386 2306 2401 χ,
2338 2337 2347 2405 3

1285 2407 1497 2457 integrum
1517 2405 1717 2453 restitut.;
1735 2409 1776 2444 et
1795 2405 2129 2455 Panormitanus,
2150 2405 2194 2444 in
2216 2417 2252 2445 c.
2308 2417 2310 2419 ·
2335 2419 2347 2465 χχ·

1287 2473 1441 2514 nostra,
1469 2467 1520 2506 de
1541 2467 1750 2518 Sepultur.
1768 2496 1778 2514 ‚
1800 2471 1840 2506 et
1860 2479 1910 2505 ex
1933 2467 2061 2505 Bullis
2081 2467 2314 2507 eorumde
2332 2513 2345 2521 χ

1288 2530 1315 2568 Γ
1331 2529 1534 2568 ἰιῐὶΙίοιιιιι
1556 2528 1691 2580 colligi
1712 2528 1919 2580 potest,in
1934 2528 2082 2579 quibus
2099 2529 2228 2568 multa
2247 2540 2272 2581 p
2295 2535 2313 2582 ζχ
2342 2528 2344 2531 ’

1287 2591 1366 2630 iliis
1394 2590 1564 2630 remotis
1593 2590 1836 2641 regionibus
1863 2590 2148 2630 conceduntur
2174 2603 2250 2630 nos
2291 2600 2317 2652 ζχ,χ

1287 2653 1502 2705 operariis,
1521 2663 1612 2703 quae
1637 2663 1712 2703 pro
1734 2652 1823 2691 aliis
1840 2652 1940 2691 locis
1959 2652 2130 2691 minime
2153 2647 2316 2710 perm‘w
2336 2683 2344 2693 ,-

1285 2718 1441 2754 tuntur.
1465 2714 1562 2761 Quae
1599 2714 1781 2752 rationes
1814 2713 1991 2752 suadent
2024 2714 2131 2752 hanc
2157 2718 2275 2765 parte
2288 2736 2314 2772 χχ,

1284 2776 1405 2816 valde
1425 2775 1708 2827 probabiliter,
1731 2774 1912 2813 maxime
1941 2787 2016 2826 pro
2035 2774 2098 2813 his
2125 2775 2228 2815 locis
2248 2777 2315 2831 115„
2344 2795 2345 2818 1

1284 2849 1423 2888 neque
1453 2836 1637 2875 officium
1662 2835 1958 2887 inquisitorum
1979 2841 2209 2886 exercetur,
2241 2831 2314 2881 11:5⁵3

1283 2899 1370 2938 fere
1391 2902 1486 2936 sunt
1512 2896 1729 2949 Episcopi,
1753 2900 1825 2936 aut
1853 2910 1974 2936 suum
2007 2910 2160 2938 munus
2190 2898 2274 2938 lib
2276 2933 2314 3025 5

1283 2960 1576 2999 administrare
1605 2971 1689 2998 non
1715 2959 2034 3011 permittuntur-3
2073 2961 2126 3000 ad
2152 2968 2269 3019 omn

1284 3025 1424 3062 tamen
1443 3020 1745 3060 dubitationem
1761 3020 2002 3071 tollendam,
2021 3022 2130 3062 hoc‘
2119 3034 2163 3061 ln
2178 3015 2291 3074 spevls
2303 3057 2314 3090 ⁸.

1283 3082 1490 3123 concessit
1505 3082 1640 3122 Julius
1655 3083 1721 3129 111,
1737 3082 1838 3122 vivae
1857 3083 1968 3122 vocis
1989 3084 2171 3131 oraculo,
2190 3082 2236 3123 ut
2297 3116 2314 3138 -a

1283 3142 1415 3183 fertur
1437 3143 1482 3183 in
1507 3142 1760 3194 Compendio
1779 3143 2088 3194 privilegiorum
2107 3143 2272 3188 statim
2297 3166 2313 3187 ι

1285 3206 1445 3254 tando,
1482 3208 1525 3244 et
1556 3204 1734 3244 habetur
1767 3204 1810 3243 in
1844 3205 1962 3244 Bulla
1997 3206 2184 3259 ejusdem
2217 3199 2258 3246 1
2266 3189 2338 3286 3

1287 3268 1385 3308 anni
1409 3268 1528 3318 1552,
1555 3265 1709 3308 Dilecto
1729 3267 1810 3317 fiii,
1830 3267 1910 3306 ibi:
1931 3267 1994 3308 Et
2017 3270 2251 3323 quoscum
2272 3280 2313 3318 4¹

1282 3330 1442 3371 casibus
1461 3328 1640 3376 Icoerest's,
1672 3332 1708 3368 et
1729 3328 1825 3369 aliis
1848 3331 1990 3370 contra
2007 3330 2200 3380 fldem&
2242 3347 2314 3392 ,ᾗ

1281 3389 1528 3444 sequentibus
1547 3389 1738 3435 censuris,
1760 3387 2075 3443 quibuscumque,
2098 3392 2176 3430 etc.
2166 3402 2216 3437 .,·
2210 3383 2262 3428 25
2298 3394 2313 3442 3

1280 3452 1442 3493 ceditur
1459 3454 1604 3490 autem
1624 3449 1718 3489 talis
1739 3449 1914 3489 facultas
1932 3450 2011 3490 soii
2029 3447 2205 3501 Proepo
2227 3448 2269 3515 ‚⁴2³³
2298 3439 2313 3493 ,’

1279 3516 1392 3566 proso
1392 3513 1473 3553 ssia·
1493 3511 1643 3553 idoneis
1653 3521 1727 3563 per
1743 3510 1858 3551 ilium
1873 3510 2100 3563 deputdm;
2118 3513 2242 3550 non
2245 3482 2312 3602 3

1280 3577 1393 3615 tatur
1429 3577 1570 3614 autem
1601 3572 1656 3612 ad
1676 3572 1870 3624 regiones
1883 3569 2262 3620 remotissimas,

1283 3635 1525 3688 simpliciter
1545 3633 1790 3674 conceditur
1806 3633 1863 3674 aa
1881 3638 2149 3687 quoscumque
2159 3635 2224 3675 a
2232 3586 2312 3711 3

1282 3697 1354 3739 us
1374 3696 1558 3738 'aarum
1566 3698 1613 3737 ιν,
1628 3693 1886 3737 mmm
1907 3690 2028 3744 fiam
2079 3715 2084 3722 .
2174 3716 2186 3723 ’χ
