2352 3880
139 234 244 274 1⁴76

136 299 334 336 Consilium
350 299 503 333 aliorum
515 296 560 330 ab
574 295 756 337 omnibuS,
775 294 930 330 maxime
941 294 989 329 iis
1010 294 1074 338 qui
1095 303 1163 332 cu-

177 361 254 386 ram
276 351 480 387 animarum
500 351 643 391 gerunt,
654 347 878 382 audiendum
889 349 954 389 est,
966 349 1011 382 tr.
1022 345 1114 390 10,1.
1126 350 1161 391 0,

174 408 208 436 e.
225 403 247 434 9

540 467 757 493 consrirurto.

133 545 343 581 constitutio
365 543 552 587 religionis
565 546 600 577 et
628 542 754 586 regula
776 543 957 586 quomodo
981 542 1160 588 differant,

172 599 217 631 tr.
240 599 271 635 8,
294 595 365 637 l.1,
385 603 415 628 c.
441 597 472 628 1.

133 645 410 680 constitutiones
428 645 583 686 integras
604 646 640 677 et
655 642 814 686 regulam
834 646 944 677 totam
959 642 1059 678 nulla
1073 642 1162 680 reli·

174 696 299 738 religio
315 695 459 738 propria
475 694 678 728 austeritate
693 698 830 728 mutare
845 697 970 737 potest,
986 694 1035 728 ib.

131 746 409 780 constitutiones
435 745 607 786 cujusque
629 744 828 787 religionis,
853 751 933 784 quae
958 743 1161 786 approbatae

171 799 289 829 sunta
307 796 454 828 Summo
474 794 658 835 Pontifice,
672 793 867 837 praevalent
886 792 958 835 juri
979 794 1161 828 communi

170 845 211 879 in
239 845 316 888 ipsa
347 845 544 888 religione;
569 852 672 878 secus
692 844 722 877 si
745 851 819 878 non
842 843 917 879 sint
944 844 1160 889 approbatae,

170 894 196 929 l.
218 898 251 937 2,
274 902 306 928 c.
330 898 361 928 6.

129 945 407 980 constitutiones
421 943 599 978 condendi
614 945 822 985 potestatem
837 949 910 977 non
925 943 1040 978 solum
1054 944 1163 982 habet

169 996 338 1035 Societas,
355 995 416 1028 sed
429 995 537 1028 etiam
550 996 643 1028 uteo
658 993 748 1036 ipso,
761 993 860 1037 quod
875 1001 934 1027 eas
946 995 1158 1031 condiderit.

169 1045 389 1080 confirmatae
408 1053 429 1077 a
443 1044 532 1077 Sede
552 1043 754 1085 Apostolica
775 1047 999 1078 censeantur.
1018 1046 1060 1080 Et
1072 1047 1162 1088 quid

170 1096 237 1129 hoc
256 1094 484 1137 privilegium
507 1093 686 1135 importet,
700 1096 744 1127 tr.
762 1094 852 1135 10,1.
869 1097 900 1135 1,
916 1103 946 1128 c.
963 1097 994 1128 1ο.

127 1144 405 1179 constitutiones
421 1143 606 1178 societatis
624 1151 646 1177 a
667 1143 700 1178 S.
720 1143 856 1186 ignatio
871 1144 989 1186 editae,
1014 1146 1162 1188 quando

170 1194 346 1236 coeperint
364 1194 495 1227 habere
514 1193 675 1236 vigorem
692 1196 729 1226 et
743 1194 988 1228 auctoritatem
1002 1194 1047 1228 ad
1064 1195 1160 1229 obli-

167 1244 339 1285 gandum,
358 1242 380 1274 Ι.
399 1246 451 1284 10,
469 1251 500 1276 c.
519 1245 570 1275 14.

166 1294 258 1333 Quid
278 1293 427 1326 nomine
457 1292 760 1327 constitutionum
789 1292 974 1327 societatis
996 1301 1163 1338 compre-

167 1344 357 1384 hendatur,
382 1344 430 1376 ib.

125 1393 428 1427 constitutionum
445 1393 629 1426 Societatis
643 1393 792 1426 materia
811 1396 846 1426 et
866 1391 1067 1436 dispositio,
1080 1394 1130 1429 ib.

166 1443 297 1477 Earum
317 1443 554 1477 summarium
576 1443 666 1485 quid
688 1443 843 1476 maxime
856 1443 1050 1484 contineat,
1069 1443 1117 1478 ib.

534 1527 756 1554 consummo.

124 1590 354 1624 consuetudo
375 1589 415 1622 in
435 1589 610 1631 religione
623 1588 809 1624 societatis
829 1598 1016 1632 nunquam
1030 1591 1162 1624 intelli-

166 1640 262 1682 gitur
286 1640 514 1673 introducere
530 1648 674 1682 gravem
698 1640 968 1682 obligationem,
986 1640 1057 1676 nisi
1081 1644 1163 1676 iun-

165 1690 271 1723 detur
284 1690 323 1723 in
344 1697 510 1732 expresso
525 1693 701 1732 praecepto
712 1690 940 1732 obedientiae,
959 1695 1004 1725 tr.
1020 1694 1074 1734 10,
1089 1693 1113 1726 l.
1128 1695 1165 1735 8,

165 1746 199 1773 e.
219 1742 254 1773 2.

545 1812 749 1841 consumen-

125 1886 353 1922 consultores
373 1888 604 1924 Praelatorum
621 1889 807 1925 Societatis
819 1895 909 1934 quot
920 1892 1006 1935 sint,
1020 1895 1059 1927 et
1067 1893 1167 1936 quod

165 1937 378 2021 Ξυίῖταςίιιῐη
401 1940 560 1973 babeant
578 1940 617 1973 in
639 1941 917 1983 consultatione,
939 1946 983 1977 tr.
1003 1945 1058 1984 10,
1085 1944 1109 1978 l.
1131 1946 1167 1984 ’1,

126 2036 346 2071 consultatio
364 2045 411 2070 an
426 2040 462 2070 et
478 2047 587 2080 quam
610 2040 813 2073 necessaria
824 2040 884 2082 sit,
899 2044 940 2075 ut
951 2041 1090 2075 Praelati
1104 2049 1163 2076 re-

166 2085 315 2129 ligionis
333 2092 509 2130 praecepta
524 2089 663 2131 possint
678 2090 865 2132 imponere
886 2094 949 2125 aut
964 2091 1061 2135 leges
1072 2099 1163 2127 con-

167 2136 267 2180 dere,
280 2138 363 2172 vide
378 2138 461 2173 Lex.

518 2222 774 2251 communitio.

126 2288 386 2331 contemplatio
400 2289 558 2323 nobilior
565 2297 646 2323 cum
657 2290 703 2323 sit
712 2290 865 2333 actione,
877 2291 922 2326 ad
932 2299 1012 2325 eam
1025 2290 1163 2328 nihilo-

168 2339 293 2373 minus
310 2339 514 2382 ordinatur,
533 2344 654 2381 etqua
669 2341 822 2383 ratione,
836 2345 880 2376 tr.
894 2345 930 2383 9,
943 2341 967 2375 l.
982 2344 1015 2383 1,
1029 2348 1062 2375 c.
1076 2344 1108 2376 5.

459 2423 729 2450 comminativum
749 2425 839 2454 vlu·

129 2484 222 2521 Vide
241 2483 321 2522 Vita
333 2486 450 2523 activa
465 2489 501 2521 et
513 2487 808 2530 contemplativa.

536 2572 754 2599 comunimus.

126 2639 358 2681 contemptus
378 2638 511 2681 regulae
529 2638 708 2681 religiosae
728 2639 876 2683 quando
901 2640 949 2675 sit
977 2644 1163 2683 peccatum

168 2689 328 2728 mortale,
342 2692 386 2722 tr.
405 2692 436 2729 8,
454 2689 478 2722 l.
494 2691 528 2730 1,
550 2696 581 2722 c.
601 2691 636 2724 Ιι.

127 2740 358 2781 contemptus
371 2738 605 2772 consiliorum
619 2747 679 2779 an,
692 2741 730 2773 et
745 2739 894 2782 quando
915 2739 962 2774 sit
977 2745 1162 2784 peccatum

168 2789 330 2831 mortale,
353 2789 437 2823 vide
459 2788 673 2822 Consilium.

381 2873 572 2906 contiuno,
594 2873 635 2900 81·
655 2872 903 2900 conmunosos.

128 2936 328 2977 contentio,
343 2937 553 2979 propriique
569 2937 698 2979 judicii
718 2938 890 2972 tenacitas
906 2937 945 2972 in
960 2938 1163 2974 defenden-

169 2986 226 3020 dis
241 2986 488 3028 opinionibus,
504 2988 651 3029 quando
664 2987 712 3022 sit
728 2988 1036 3030 reprehensibilis,
1052 2993 1089 3024 et.
1104 2989 1164 3024 vi-

169 3037 291 3075 tanda,
309 3039 353 3069 tr.
371 3039 424 3078 10,
442 3036 514 3075 1.·8,
532 3045 563 3070 c.
580 3039 613 3071 7.

165 3086 280 3120 Nimis
292 3086 538 3121 contentiosus
552 3086 767 3121 incurabilis
779 3090 846 3129 est,
860 3086 914 3121 ib.

105 3199 108 3209 .
551 3170 737 3198 conversa.

101 3224 114 3240 ‚.
166 3212 257 3248 Vide
274 3211 454 3251 uonialis.

551 3269 747 3296 convensus.

126 3334 310 3376 conversi,
326 3333 388 3377 qui
402 3333 584 3377 propriam
598 3332 858 3376 professionem
873 3341 948 3368 non
963 3333 1162 3370 emiserunt

168 3384 208 3418 in
225 3393 290 3419 sua
308 3383 495 3426 religione,
519 3383 672 3418 transire
693 3386 841 3426 possunt
857 3384 904 3417 ad
924 3383 1033 3418 aliam
1053 3385 1161 3420 etiam

168 3433 352 3475 laxiorem,
367 3437 411 3468 tr.
427 3433 499 3476 8,1.
513 3437 547 3476 3,
560 3442 593 3468 c.
608 3436 663 3470 10.

169 3483 258 3519 vide
278 3486 447 3520 Donatus,

557 3567 746 3595 continent).

131 3627 336 3672 Explicatur
350 3630 452 3666 locus
464 3631 583 3667 llattb.
603 3634 644 3666 18
658 3642 668 3665 :
683 3632 723 3666 si
735 3633 929 3676 peccaverit
949 3633 990 3667 in
1002 3636 1033 3667 te
1048 3634 1158 3675 trater

1037 230 1162 266 mnssx
1183 229 1338 268 mml-

1256 297 1348 334 ωας,
1361 293 1449 333 etc.;
1464 293 1503 326 et
1519 291 1642 326 utrum
1660 288 1820 325 cbristus
1841 287 1894 337 ibi
1908 289 2063 333 speciale
2079 295 2243 334 praecep-

1255 345 1357 376 tuum
1370 339 1605 376 correctionis
1621 339 1844 383 imposuerit,
1862 342 1906 373 tr.
1919 342 1974 381 10,
1991 338 2017 376 l.
2032 343 2085 383 1ο,
2099 349 2130 375 c.
2145 343 2180 375 ’1.

1207 390 1295 428 -nari
1309 393 1526 434 praeceptum
1535 390 1696 425 naturale
1715 389 1948 425 correctionis
1960 389 2126 427 fraterna
2137 391 2245 430 indu-

1255 442 1407 476 bitatum
1421 443 1474 475 est
1491 441 1588 485 apud
1601 440 1811 482 Theologos,
1825 439 1876 474 ib.

1254 491 1340 532 Ejus
1355 490 1504 525 materia
1522 494 1575 526 est
1594 498 1670 527 non
1696 490 1813 524 solum
1832 493 2016 533 peccatum
2033 490 2242 537 corripienti

1257 538 1486 582 injuriosum,
1500 541 1563 576 sed
1581 548 1811 585 quocumque
1822 540 1922 576 aliud
1938 548 1982 575 ex
1993 540 2096 584 cujus
2106 550 2243 580 correc-

1256 590 1355 625 tione
1375 592 1512 626 fructus
1532 596 1705 635 speratur,
1720 591 1770 625 ib.

1214 639 1337 675 Utrum
1367 642 1477 676 verba
1498 641 1560 676 illa
1580 642 1697 676 Matth.
1720 642 1783 676 18:
1807 640 1933 674 Adhibe
1958 649 2066 675 uniam
2084 642 2137 677 vel
2156 643 2244 678 duos

1257 694 1366 734 testes,
1386 692 1596 727 contineant
1617 695 1856 736 praeceptum,
1886 691 1943 727 vel
1963 695 2102 727 tantum
2121 693 2244 729 consi·

1258 741 1359 783 lium,
1380 742 1430 776 ib.

1257 791 1299 825 Et
1318 795 1439 826 utrum
1470 791 1629 827 cbristus
1659 792 1844 831 Dominus,
1875 790 1971 827 dicto
2001 793 2081 827 loco
2110 793 2242 837 natm,

1257 842 1369 883 egerit
1381 845 1521 877 tantum
1533 842 1581 877 de
1597 846 1742 884 peccato
1760 842 1918 885 publico,
1931 850 1980 877 an
1999 842 2108 877 etiam
2122 844 2168 878 de
2180 852 2241 880 oc-

1258 892 1366 933 culto,
1387 891 1435 925 ib.

1257 941 1343 981 Quis
1365 940 1602 984 correptionis
1628 940 1717 976 ordo
1738 940 1936 977 servandus
1961 941 2009 976 sit
2029 941 2069 978 in
2099 946 2244 986 peccato

1257 991 1416 1034 publico,
1431 999 1495 1026 seu
1510 991 1704 1035 probabili,
1722 991 1772 1026 ib.

1215 1040 1397 1077 correctio
1416 1050 1488 1084 qua
1502 1041 1650 1076 lenitate
1663 1045 1699 1076 et
1718 1041 1891 1076 charitate
1910 1042 2194 1087 temperanda,l.
2208 1047 2243 1087 8,

1258 1099 1289 1126 e.
1313 1094 1344 1124 7.

1256 1140 1345 1176 Vide
1365 1142 1620 1185 Reprehensio.

1215 1190 1455 1226 correctionis
1476 1192 1644 1226 fraternae
1665 1192 1838 1236 obligatio
1855 1199 1931 1228 non
1946 1193 2063 1228 solum
2079 1193 2245 1230 extendi-

1256 1244 1315 1275 tur
1342 1242 1387 1277 ad
1423 1242 1711 1277 subveniendum
1742 1243 1931 1287 proximo,
1951 1244 2026 1287 jam
2054 1244 2165 1287 lapsa,
2181 1246 2247 1281 sed'

1257 1291 1366 1325 etiam
1388 1291 1428 1325 in
1450 1293 1577 1327 morali
1601 1293 1746 1328 labendi
1775 1294 1936 1335 periculo
1961 1294 2171 1338 constituto,
2197 1287 2248 1333 ne¹

1258 1340 1411 1382 labatur,
1430 1341 1455 1375 l
1476 1345 1528 1385 10,
1548 1351 1579 1378 c.
1600 1345 1632 1376 8.

1258 1391 1342 1432 Quae
1365 1392 1481 1427 forma
1501 1394 1657 1436 publicae
1678 1393 1912 1429 correctionis
1937 1394 1977 1428 in
2009 1394 2246 1438 religionibus

1256 1443 1434 1477 servanda
1449 1442 1505 1483 sit,
1521 1450 1552 1477 c.
1578 1447 1629 1477 11.

1213 1490 1455 1526 correctionis
1471 1493 1654 1535 judicialis
1675 1493 1843 1536 strepitus
1861 1493 1900 1528 in
1915 1493 2152 1538 religionibus
2168 1504 2246 1532 ser·

1256 1542 1333 1575 vari
1357 1551 1501 1576 necesse
1523 1551 1597 1576 non
1616 1546 1679 1582 est,
1703 1546 1738 1576 et
1759 1551 1881 1585 quare,
1902 1543 1951 1578 ib.

1214 1589 1455 1625 correctionis
1474 1592 1657 1635 judicialis
1672 1592 1787 1626 forma
1806 1596 1913 1634 certa,
1940 1592 2111 1628 adhucin
2124 1594 2247 1629 Socie-

1258 1644 1328 1674 tate
1347 1641 1493 1684 speciali
1511 1643 1591 1684 jure
1610 1646 1738 1676 statuta
1753 1650 1827 1676 non
1849 1646 1913 1684 est,
1932 1650 1964 1677 c.
1989 1646 2042 1678 13.

1215 1690 1350 1725 caetera
1366 1699 1432 1735 pro
1451 1693 1685 1733 correctione,
1701 1693 1785 1727 vide
1798 1692 2047 1728 Denunciatio.

1669 1778 1802 1805 catum«.

1217 1837 1391 1921 criminis
1408 1840 1539 1874 occulti
1552 1843 1590 1874 et
1603 1840 1740 1884 publici
1761 1841 1884 1877 varius
1892 1842 2039 1886 gradus,
2054 1846 2098 1882 tr,
2113 1846 2167 1888 10,
2181 1845 2247 1889 Lo,

1262 1895 1294 1923 c.
1338 1893 1366 1922 ο.

1219 1938 1365 1974 crimen
1388 1938 1570 1973 notorium
1593 1939 1785 1982 dupliciter
1805 1940 1950 1982 dicitur,
1965 1941 2021 1975 vel
2041 1944 2250 1978 notoreitate

1254 1988 1361 2030 juris,
1386 1988 1443 2022 vel
1457 1989 1667 2024 notoreitate
1679 1989 1777 2025 facti.
1793 1989 1834 2024 Et
1850 1989 1998 2032 quando
2011 1994 2162 2035 utraque
2179 2001 2250 2031 no-

1257 2038 1404 2073 toreitas
1424 2038 1540 2081 detur,
1564 2039 1589 2072 l.
1606 2041 1659 2082 10,
1678 2047 1711 2074 c.
1734 2042 1788 2074 18.

1719 2165 1764 2213 D

1668 2268 1798 2297 onum.

1216 2334 1342 2371 Debita
1361 2336 1400 2371 in
1420 2336 1543 2372 seculo
1565 2339 1744 2371 contracta
1770 2345 1818 2371 an
1837 2337 2015 2381 impedire
2032 2341 2170 2384 possint
2186 2341 2248 2377 in-

1258 2394 1420 2429 gressum
1434 2387 1474 2421 in
1495 2388 1717 2428 Societatem,
1733 2390 2039 2430 quemadmodum
2063 2392 2103 2427 in
2124 2402 2250 2436 quam-

1259 2436 1348 2472 libet
1365 2437 1474 2471 aliam
1496 2437 1723 2480 religionem,
1743 2441 1787 2472 tr.
1805 2441 1857 2480 10,
1876 2439 1901 2473 l.
1916 2443 1949 2482 3,
1962 2449 1994 2476 c.
2010 2444 2042 2475 6.

1258 2487 1306 2521 Ea
1327 2495 1430 2530 posse
1443 2495 1485 2522 ac
1498 2488 1629 2522 debere
1641 2487 1730 2522 solvi
1749 2496 1770 2523 a
1788 2489 1956 2532 religioso
1975 2490 2161 2527 societatis
2171 2499 2247 2529 non

1257 2537 1420 2580 professo
1436 2538 1591 2572 habente
1606 2538 1746 2581 aliquot
1761 2537 1872 2582 bona,
1887 2539 1937 2574 ib.

1615 2622 1846 2650 nssuunclnto.

1214 2688 1454 2726 Denunciatio
1468 2688 1558 2732 quid
1574 2692 1610 2724 et
1626 2690 1822 2733 quotuplex
1839 2690 1898 2733 sit,
1920 2691 1945 2725 l.
1966 2694 2021 2734 10,
2034 2699 2069 2728 c.
2089 2694 2122 2727 8.

1257 2739 1404 2773 monitio
1417 2743 1552 2773 secreta
1564 2744 1647 2774 ante
1662 2740 1979 2775 denunciationem
1998 2746 2183 2784 paternam
2194 2747 2248 2779 est

1258 2789 1408 2824 materia
1439 2789 1576 2832 gravis,
1602 2789 1783 2823 sufficiens
1813 2790 1860 2825 ad
1889 2791 2146 2834 obligationem
2178 2794 2247 2829 sub

1259 2838 1426 2880 mortali,
1443 2838 1514 2872 nisi
1534 2838 1694 2882 legitima
1715 2846 1823 2874 causa
1850 2839 1897 2875 ab
1927 2848 1970 2874 ea
1997 2842 2247 2883 praemittenda

1257 2891 1412 2929 excuset,
1435 2894 1467 2922 c.
1489 2890 1524 2922 7.

1215 2938 1337 2973 Utrum
1353 2937 1513 2971 Christus
1530 2937 1715 2979 Dominus,
1730 2938 1847 2972 matth.
1866 2941 1920 2980 18,
1938 2940 2092 2983 speciale
2109 2949 2246 2985 praece-

1257 2992 1356 3030 ptum
1373 2987 1594 3029 imposuerit.
1617 2992 1689 3022 tam
1709 2988 1753 3022 de
1771 2989 1970 3023 substantia
1989 2999 2099 3033 quam
2116 2992 2164 3027 de
2183 3000 2247 3028 or-

1255 3038 1341 3071 dine
1363 3038 1596 3072 correctionis
1610 3042 1645 3072 et
1657 3039 1962 3082 denunciationis,
1978 3040 2026 3074 ib.

1254 3087 1457 3177 Explicssitur
1474 3092 1568 3124 totus
1586 3089 1687 3124 locus
1704 3090 1850 3125 Hatth..
1871 3090 1911 3124 Si
1930 3091 2122 3133 peccaverit
2139 3091 2180 3126 in
2199 3090 2249 3135 u,

1254 3141 1310 3171 etc
1353 3148 1363 3172 ι

1213 3186 1336 3222 Utrum
1349 3188 1471 3231 regula
1486 3188 1671 3224 societatis
1683 3192 1854 3223 secretam
1867 3189 2105 3224 monitionem
2117 3190 2164 3225 ad
2177 3180 2248 3226 ‹le-J
2303 3204 2306 3213 ·

1255 3237 1527 3274 nunciationem
1550 3238 1747 3281 Superiori,
1769 3241 1812 3273 ut
1830 3238 1936 3283 patri,
1950 3238 2153 3274 faciendam
2167 3248 2242 3275 non
2304 3270 2305 3274 ,

1255 3288 1521 3330 praerequirens
1540 3289 1635 3331 justa
1653 3288 1713 3330 sit,
1735 3287 1784 3322 ib.

1212 3336 1350 3372 Dictam
1380 3339 1539 3381 regulam
1575 3346 1694 3381 neque
1722 3341 1901 3382 praecepto
1920 3337 2102 3381 naturali.
2122 3345 2246 3384 neque.

1255 3387 1430 3422 doctrinae
1443 3388 1666 3432 Evangelicae
1683 3396 1896 3445 repugnare,
1912 3387 1962 3422 ib.

1199 3445 1201 3448 ’
1255 3437 1354 3472 lianc
1366 3438 1684 3473 denunciationem
1706 3446 1750 3473 ex
1769 3439 1805 3474 vi
1826 3438 1959 3481 regulae
1978 3436 2162 3472 societatis
2180 3442 2244 3473 ex·
2289 3466 2291 3470 ⁴

1253 3487 1353 3522 tendi
1376 3488 1423 3522 ad
1443 3495 1571 3523 omnes
1590 3488 1770 3530 defectus,
1800 3487 2030 3531 quantumvis
2056 3494 2181 3531 graves
2205 3490 2243 3523 et

1252 3538 1433 3593 occultos.
1453 3546 1546 3582 quos
1566 3539 1650 3583 quis
1674 3543 1774 3574 extra
1797 3538 2062 3574 contessionem
2088 3537 2241 3582 accepit,
2276 3548 2285 3571 ,τ

1250 3587 1329 3672 :ibon
1347 3636 1467 3674 solum
1485 3637 1628 3674 crimen
1648 3637 1689 3673 in
1709 3637 1938 3674 confessione
1955 3635 2142 3679 coenittun
2153 3634 2263 3679 ,sodi
