2352 3880
146 305 275 344 etiem
293 302 432 355 quoad
449 302 561 339 hunc
581 299 758 352 gradum
776 299 896 339 valde
915 298 1092 338 difficilis
1108 298 1174 346 sit,

146 369 190 406 et
210 377 263 406 ex
280 368 398 417 parte
417 362 583 413 objecti,
605 372 680 400 seu
699 360 896 409 materiae,
919 372 967 400 ac
987 359 1100 399 modi
1118 359 1177 399 vi-

141 426 283 472 vendi,
306 436 400 464 cum
428 434 691 474 quocumque
707 423 786 462 alio
808 421 1113 473 comparabilis,
1130 425 1177 461 ut

141 487 248 526 libro
271 486 418 537 primo,
447 485 583 535 capite
606 484 742 534 tertio,
763 496 788 523 a
814 495 989 523 numero
1010 486 1172 534 quarto,

143 553 184 587 et
203 548 337 598 capite
359 546 551 597 septimo,
569 558 745 585 numero
763 551 896 590 sexto,
919 544 1103 593 ostendi;
1124 555 1174 582 ex

139 612 258 659 parte
282 612 422 647 autem
442 607 609 654 vinculi,
626 607 720 646 licet
735 606 925 645 videatur
940 605 1174 655 aliquantu-

138 669 227 708 lum
250 670 387 708 minus
409 668 692 707 indissolubile
707 697 720 715 ,
751 672 891 706 tamen
920 667 1022 705 illud
1042 670 1173 705 totum

139 733 204 770 est
227 742 277 769 ex
295 733 412 781 parte
433 730 658 780 religionis,
680 733 720 768 et
739 729 779 766 in
796 729 886 779 ejus
906 728 1174 767 commodita-

136 795 236 831 tem.
259 791 482 830 Concilium
504 795 643 829 autem
671 791 716 828 in
739 791 814 828 hoc
839 790 1006 829 decreto
1027 801 1173 827 consu-

138 851 224 891 lere
254 853 387 902 magis
411 852 540 891 voluit
570 851 801 890 commodis
833 855 874 890 01
895 851 1086 902 perfectae
1103 851 1171 889 de-

136 913 371 953 liberationi
404 914 533 964 ipsius
564 914 761 964 religiosi,
794 925 885 964 quae
917 926 1001 952 non
1032 914 1169 952 minus

135 976 362 1026 unicuique
390 976 626 1015 necessaria
646 976 766 1014 estin
786 976 1068 1026 assumptione
1094 976 1169 1014 hu—

131 1038 200 1088 jus
216 1041 361 1084 status,
384 1048 480 1075 cum
505 1048 556 1075 ex
578 1041 695 1087 parte
719 1049 796 1076 sua
813 1037 982 1076 omnino
1014 1049 1058 1076 se
1085 1042 1167 1076 tra-

133 1098 206 1136 dat
224 1103 264 1137 et
291 1099 460 1148 obliget,
495 1110 543 1137 ac
574 1102 776 1148 perpetuo
807 1099 960 1150 ligatus
976 1103 1142 1138 maneat
1152 1110 1167 1149 ;

135 1169 248 1205 nam,
273 1160 307 1198 si
328 1159 440 1210 quod
469 1160 700 1199 remedium
723 1161 910 1200 adhiberi
931 1166 1071 1211 postea
1094 1173 1169 1212 po-

132 1220 340 1267 test,illud
353 1221 484 1259 solum
508 1226 570 1260 est
590 1233 640 1260 ex
660 1227 777 1272 parte
798 1223 1022 1273 religionis,
1040 1234 1167 1273 quan-

132 1280 186 1319 do
206 1282 297 1332 ipsa
316 1282 562 1332 judicaverit
595 1283 671 1321 sibi
709 1284 950 1332 convenire3
986 1295 1082 1321 nam
1116 1295 1167 1323 ex

130 1347 248 1393 parte
267 1343 465 1393 religiosi,
489 1343 625 1382 solum
646 1344 703 1383 illi
725 1348 914 1396 superest
933 1345 1165 1384 remedium

130 1403 464 1455 dispensationis,
503 1406 615 1456 quod
649 1407 774 1457 longe
810 1407 1015 1446 difficilius
1043 1407 1165 1445 estin

130 1468 218 1504 toto
260 1467 337 1504 hoc
371 1470 505 1514 statu,
539 1478 668 1517 quam
706 1468 747 1505 in
779 1468 1028 1518 quibuslibet
1061 1468 1166 1506 votis

130 1526 386 1577 simplicibus
405 1532 518 1566 extra
538 1530 693 1568 statum
712 1529 952 1580 religiosum
971 1529 1105 1578 factis,
1123 1533 1166 1568 ut

127 1583 171 1625 iu
200 1598 234 1626 0.
257 1586 296 1635 8,
317 1589 549 1627 ostendam.

180 1650 221 1687 4.
244 1650 410 1688 Accedit
431 1651 556 1700 quod,
583 1652 616 1690 si
637 1651 863 1690 Concilium
880 1652 1079 1690 voluisset
1091 1652 1166 1692 So·

128 1709 320 1748 cietatem
350 1711 403 1749 ab
423 1711 501 1751 hac
522 1713 666 1763 regula
689 1714 893 1764 excipere,
915 1714 959 1752 id
982 1713 1165 1763 profecto

129 1771 270 1821 aiiquo
293 1773 416 1811 modo
450 1774 723 1821 insinuasset,
753 1775 856 1814 sicut
884 1775 926 1813 in
946 1775 1078 1826 capite
1100 1787 1165 1814 se-

129 1835 272 1883 quenti
293 1835 404 1881 fecit,
425 1837 636 1886 excipiens
658 1837 905 1876 Societatem
927 1849 950 1875 a
978 1837 1164 1888 generali

126 1896 272 1946 regula
285 1908 409 1946 quam
426 1898 668 1942 tradiderat,
683 1903 742 1945 ut,
762 1899 924 1950 expleto
945 1911 1054 1938 anno
1071 1911 1168 1950 pro-

125 1953 320 2002 bationis,
344 1957 484 1996 novitii
503 1959 567 1997 vel
594 1959 824 2009 ejiciantur,
847 1960 911 1998 vel
933 1960 984 1998 ad
1004 1959 1165 2010 profes-

127 2018 287 2056 sionem
305 2018 589 2059 admittantur.
613 2021 809 2059 Existimo
833 2021 944 2060 enim
962 2022 1075 2060 illam
1096 2034 1166 2060 ex—

125 2079 361 2129 ceptionem
394 2093 478 2119 non
513 2082 645 2120 solum
663 2112 674 2129 ‚
707 2083 771 2121 vel
801 2083 936 2133 potius
963 2096 1047 2121 non
1077 2087 1163 2122 tam

123 2140 253 2180 fuisse
291 2142 469 2192 positam
490 2155 515 2181 a
535 2142 715 2183 Concilio
745 2149 915 2195 propter
944 2144 1164 2195 professio-

123 2212 221 2240 nem
241 2203 495 2252 solemnem,
519 2216 612 2255 quae
639 2207 734 2255 post
768 2206 920 2244 multos
957 2218 1088 2244 annos
1117 2206 1160 2245 in

123 2263 326 2303 Societate
356 2265 421 2311 fit,
444 2277 570 2316 quam
601 2270 771 2316 propter
793 2267 899 2305 hanc
919 2267 1160 2318 incorpora-

123 2323 279 2363 tionem
311 2326 586 2374 scholarium,
609 2338 701 2377 quae
735 2340 818 2366 non
855 2332 949 2378 post
983 2340 1158 2376 annum,

123 2385 199 2424 sed
217 2390 311 2436 post
330 2386 544 2426 biennium
571 2387 630 2426 fit.
656 2390 757 2427 Nam
786 2389 981 2428 solemnis
1004 2390 1161 2440 profes-

123 2446 184 2484 sio
207 2458 257 2484 ex
276 2447 376 2497 ipsis
407 2448 545 2487 verbis
575 2448 680 2500 legis
711 2450 883 2501 intelligi
907 2455 1069 2501 poterat
1093 2463 1159 2490 ex-

122 2510 265 2559 cepta;
291 2509 388 2559 quia
417 2509 483 2548 lex
516 2510 586 2548 illa
622 2510 756 2549 solum
785 2512 968 2562 loquitur
991 2513 1041 2551 de
1065 2525 1160 2563 pro-

122 2569 317 2619 fessione,
340 2583 433 2622 quae
451 2572 691 2612 immediate
713 2578 805 2624 post
827 2574 1116 2625 probationem
1135 2587 1159 2613 a

122 2631 302 2670 novitiiis
317 2631 378 2680 fit,
402 2638 442 2672 et
461 2645 536 2684 per
556 2633 669 2673 illam
690 2635 898 2686 praecipue
915 2636 1043 2675 voluit
1059 2636 1161 2675 Con-

122 2693 262 2731 cilium
284 2694 593 2743 commendare,
622 2699 669 2735 ut
697 2696 839 2735 novitii
872 2696 1045 2735 aliarum
1065 2697 1158 2736 reli-

123 2754 294 2803 gionum
316 2767 401 2793 non
420 2756 574 2795 diutius
593 2768 719 2807 quam
738 2769 812 2807 per
834 2769 990 2795 annum
1020 2758 1062 2796 in
1082 2770 1159 2796 no-

124 2814 262 2854 vitiatu
300 2815 587 2866 detineantur3
612 2818 654 2856 in
679 2818 882 2858 Societate
915 2822 1053 2856 autem
1078 2831 1156 2858 1100

124 2875 333 2914 soletfieri
354 2878 554 2927 professio
579 2879 773 2918 solemnis
801 2879 1037 2918 immediate
1065 2882 1158 2930 post

124 2936 368 2975 novitiatum
383 2968 393 2984 ,
416 2951 493 2979 nec
514 2945 684 2991 propter
702 2940 944 2979 dilationem
972 2941 1063 2991 ejus
1085 2941 1158 2980 de-

127 2997 307 3036 tinentur
346 3000 487 3039 novitii
522 3001 675 3040 diutius
708 3001 751 3040 in
785 3002 1046 3052 probatione,
1084 3001 1158 3042 sed

128 3071 207 3098 *am
230 3059 409 3111 religiosi
448 3062 489 3100 in
520 3064 703 3114 quodam
726 3063 909 3103 inferiori
938 3063 1085 3115 gradu,
1117 3067 1158 3103 et

122 3119 217 3159 ideo
238 3132 289 3160 ex
309 3122 398 3172 ipsa
420 3122 553 3162 forma
587 3124 680 3163 talis
713 3124 817 3176 legis
844 3124 972 3164 videri
996 3128 1158 3176 poterat

122 3193 208 3220 non
232 3184 531 3232 comprehensa
553 3186 736 3225 Societas
766 3186 904 3237 quoad
938 3186 1158 3237 professio-

123 3254 222 3282 nem
245 3244 490 3284 solemnem.
513 3246 722 3297 Praecipue
746 3259 846 3299 ergo
870 3247 1033 3287 videtur
1055 3248 1160 3287 Con-

123 3304 264 3343 cilium
290 3316 365 3355 per
386 3305 502 3344 illam
523 3309 810 3358 exceptionem
841 3308 1070 3347 concedere
1083 3338 1095 3356 ,
1112 3312 1160 3348 ut

124 3365 266 3405 novitii
286 3366 502 3406 Societatis
522 3368 628 3407 ultra
649 3380 807 3408 annum
826 3370 983 3420 possint
1002 3369 1044 3408 in
1063 3382 1159 3421 pro-

124 3425 292 3466 batione
315 3426 505 3476 detineri,
527 3430 769 3480 priusquam
790 3430 832 3469 in
850 3442 1156 3482 quemcumque

126 3488 300 3537 gradum
316 3489 440 3540 hujus
461 3491 672 3542 religionis
694 3492 1033 3543 incorporentur3
1056 3505 1155 3545 ergo

126 3549 294 3588 nomine
322 3551 588 3601 professionis
613 3553 873 3594 intellexerat
892 3567 977 3594 non
997 3558 1157 3594 tantum

1820 22 1825 25 ,
1884 0 1902 27 ἃ
1926 10 1937 23 α
2163 0 2199 31 -ἦ1
2231 0 2352 71 ’χῖιᾝ

1796 92 1803 100 .
2189 79 2194 85 ·
2254 84 2268 91 ’
2294 87 2307 100 v
2324 74 2352 107 ,·ῑ“.

2243 136 2259 147 ο

534 234 611 271 tm.
633 235 690 269 111.
714 235 767 268 ni:
788 233 1030 269 Annisswnn
1049 232 1312 269 senensium:
1330 233 1386 268 An
1406 224 1753 276 νοτΑ“51111>1.101Α,
1775 228 1878 270 tm·

1230 297 1513 366 receptionem
1544 297 1599 337 ad
1627 309 1774 338 verum
1805 300 1958 338 statum
1986 297 2252 350 religiosnm;

1232 371 1331 412 ergo
1352 358 1475 398 etiam
1495 359 1536 397 in
1567 359 1770 411 superiori
1797 359 1928 410 capite
1950 358 2096 400 eodem
2129 359 2307 402 modo<

1229 421 1282 462 de
1303 420 1556 473 professione
1572 421 1755 462 locutum
1772 421 1921 462 fuerat.
2015 423 2049 439 “”·

1282 485 1322 523 5.
1353 483 1552 533 Denique,
1573 484 1762 535 quamvis
1788 483 1875 523 haec
1905 483 1972 523 lex
1996 483 2183 524 videatur
2199 483 2254 524 ri-

1227 556 1370 595 gorem
1389 545 1615 593 continere,
1637 550 1778 586 tamen
1795 557 1942 585 revera
1973 546 2110 598 potius
2129 545 2256 597 001111-Ι

1227 612 1299 646 net
1317 607 1468 645 favoris
1498 608 1696 658 gratiam;
1719 607 1954 659 amplianda
1982 619 2081 659 ergo
2109 611 2171 647 est
2200 587 2256 678 adl'

1227 672 1357 708 totum
1379 670 1528 707 statum
1548 669 1803 720 religiosum.
1835 669 2093 709 Antecedens
2119 669 2255 709 decla-

1229 733 1358 778 ratur,
1392 729 1504 779 quia‚
1530 730 1643 780 quod
1674 730 1875 781 professio
1896 730 1986 770 fieri
2018 744 2103 770 non
2127 731 2254 782 possit

1229 790 1334 829 intra
1356 803 1511 829 annum
1533 791 1768 840 novitiatus,
1801 792 1918 832 favor
1948 797 2010 832 est
2039 793 2248 843 religiosi·
2238 821 2249 840 ,

1227 852 1338 903 quod
1369 857 1506 891 autem
1534 864 1620 891 non
1653 852 1725 892 fiat
1759 857 1855 893 ante
1889 858 2042 894 certam
2073 857 2250 901 aetatem,

1224 914 1430 964 publicam
1455 914 1674 953 utilitatem
1694 915 1904 966 religionis
1929 916 2108 967 respicit,
2131 916 2251 955 111ἀί-

1222 975 1280 1014 xit
1300 976 1521 1023 Navarrus,
1543 988 1657 1015 cons.
1680 978 1747 1023 25,
1769 976 1821 1016 de
1838 977 2048 1028 Regular.,
2062 977 2174 1029 quod
2191 977 2252 1016 in-

1222 1038 1319 1087 cipit
1340 1050 1349 1077 :
1371 1039 1426 1078 In
1457 1039 1592 1078 ordine
1610 1039 1834 1078 Minoo-um.
1858 1038 1932 1076 Vel
1952 1043 2058 1078 certe
2079 1040 2151 1089 (ut
2175 1051 2251 1090 ego

1223 1099 1439 1150 existimo)
1471 1103 1693 1149 utrumque
1726 1098 1929 1138 redundat
1963 1100 2006 1137 in
2039 1091 2252 1149 utriusque

1222 1159 1456 1199 utilitatem.
1477 1161 1581 1199 Nam
1602 1160 1726 1199 etiam
1757 1164 1820 1199 est
1842 1171 2039 1212 magnum
2074 1172 2251 1201 commo-

1217 1220 1322 1258 dum
1354 1221 1560 1272 religiosi,
1595 1226 1639 1260 ut
1675 1233 1755 1260 non
1786 1222 1935 1272 ligetur
1969 1226 2064 1261 ante
2096 1226 2251 1262 certam

1221 1286 1397 1329 aetatem,
1430 1283 1471 1320 in
1504 1295 1586 1333 qua
1607 1283 1829 1333 perfectius
1850 1282 2078 1322 deliberare
2110 1278 2253 1334 possit,¹

1222 1343 1327 1382 sicut
1356 1350 1415 1381 est
1448 1344 1712 1382 commodum
1745 1346 1834 1395 ejus
1869 1356 1953 1383 non
1984 1357 2105 1395 posse
2135 1345 2252 1396 ligari

1221 1409 1318 1445 ante
1341 1406 1550 1445 sufficiens
1569 1407 1693 1445 unius
1713 1407 1811 1445 anni
1840 1407 2183 1457 experimentum.
2204 1409 2251 1447 Et

1221 1479 1246 1506 e
1265 1479 1480 1515 converso,
1507 1469 1632 1507 etiam
1661 1469 1747 1507 haec
1766 1481 1862 1519 pars
1882 1469 1933 1507 de
1954 1469 2114 1520 integro
2142 1481 2249 1507 anno

1220 1528 1443 1568 novitiatus
1470 1529 1634 1579 publica
1655 1530 1808 1568 utilitas
1828 1534 1889 1569 est
1910 1530 2133 1580 religioniS,
2155 1530 2254 1589 quia⁴

1221 1601 1305 1628 non
1324 1590 1462 1628 minus
1482 1591 1523 1628 in
1546 1590 1636 1640 ejus
1662 1590 1861 1637 favorem,
1898 1602 2023 1641 quam
2055 1589 2248 1641 religiosi,

1220 1650 1478 1689 introductus
1506 1655 1565 1689 est
1587 1651 1804 1690 novitiatus
1838 1664 1987 1701 annus,
2015 1650 2131 1701 juxta
2159 1663 2246 1704 cap.

1219 1711 1289 1752 Ad
1304 1712 1593 1765 Apostolicam,
1616 1713 1668 1751 de
1692 1714 1887 1764 Regular.

1271 1775 1312 1813 6.
1347 1775 1487 1815 Tertia
1514 1787 1660 1827 quoque
1690 1777 1744 1816 ad
1768 1778 2050 1827 professionem
2081 1776 2250 1818 conditio

1216 1836 1410 1886 probatur
1440 1837 1644 1887 procedere
1681 1838 1799 1876 etiam-
1835 1839 1879 1877 de
1907 1838 2112 1887 proedictis
2149 1838 2247 1879 votis

1218 1897 1475 1937 scholarium.
1504 1919 1557 1927 -—
1579 1898 1808 1937 Tridentini
1836 1899 2030 1938 decretum
2061 1900 2106 1939 de
2129 1901 2245 1951 quin-

1220 1958 1384 2009 quennio
1414 1959 1469 1998 ad
1486 1959 1781 1998 reclamandum
1812 1960 1953 1999 eisdem
1980 1960 2082 1999 votis
2099 1972 2245 2000 aecem--

1219 2021 1415 2060 medetur.
1434 2042 1488 2049 —
1501 2021 1717 2073 Inyressus
1735 2020 1943 2072 reliyiorzis
1968 2022 2165 2061 interdum
2183 2034 2246 2062 su-

1218 2081 1343 2121 mitur
1368 2093 1442 2132 pro
1465 2085 1644 2121 votorum
1665 2080 1870 2121 emissione
1898 2082 2014 2132 finito
2034 2082 2245 2124 novitiatu.

1217 2142 1414 2181 —Tertia
1435 2142 1613 2181 conditio
1631 2142 1683 2180 ad
1701 2141 1997 2193 professionem
2014 2145 2248 2183 necessaria

1215 2208 1279 2242 est
1305 2207 1352 2242 ut
1376 2216 1460 2243 non
1480 2203 1552 2243 fiat
1569 2216 1620 2243 ex
1646 2208 1759 2242 metu
1780 2203 1953 2243 cadente
1974 2205 2019 2242 in
2053 2211 2248 2245 constan-

1215 2268 1299 2303 tem
1315 2263 1466 2312 virum,
1482 2265 1534 2304 de
1556 2277 1638 2315 qua
1659 2265 1891 2304 conditione
1916 2266 2062 2304 eadem
2088 2267 2248 2306 dubita-

1214 2326 1271 2365 tio
1302 2338 1393 2377 quae
1427 2327 1479 2366 de
1516 2327 1843 2378 praecedentibus
1881 2327 2049 2367 tractari
2087 2332 2243 2379 potest,

1215 2386 1327 2438 quia,
1347 2392 1392 2427 ut
1421 2388 1599 2427 diximus
1619 2393 1732 2427 tomo
1755 2389 1975 2439 superiori,
1997 2389 2086 2428 haec
2106 2389 2247 2428 condi-

1214 2450 1270 2490 tio
1289 2461 1371 2488 non
1394 2454 1455 2489 est
1473 2450 1708 2489 necessaria
1733 2449 1828 2500 jure
1854 2455 2016 2488 naturae
2048 2450 2101 2489 ad
2131 2451 2247 2490 valo-

1214 2523 1303 2550 rem
1324 2511 1612 2562 professionis,
1632 2511 1705 2550 sed
1726 2514 1889 2551 tantum
1914 2512 2008 2562 jure
2029 2513 2242 2552 canonico.

1215 2573 1264 2611 Et
1287 2572 1379 2612 ideo
1400 2572 1579 2613 dubitari
1602 2576 1737 2623 potest
1756 2585 1808 2612 an
1837 2573 1903 2611 hic
1922 2572 2071 2611 modus
2088 2573 2246 2623 profes-

1215 2633 1342 2673 sionis
1362 2645 1436 2672 seu
1455 2634 1795 2684 incorporationis
1819 2637 2054 2671 nostrorum
2084 2633 2245 2672 schola-

1213 2695 1320 2733 rium
1346 2694 1423 2733 sub
1459 2691 1530 2733 iL'.)
1551 2695 1645 2744 jure
1668 2693 1886 2743 antiquiori
1918 2694 2245 2744 comprehenda-

1213 2758 1292 2793 tur.
1320 2755 1476 2793 Eodem
1506 2758 1646 2793 tamen
1674 2754 1797 2792 modo
1824 2754 2115 2794 affirmandum
2147 2768 2244 2795 cen-

1213 2828 1297 2855 seo.
1322 2816 1473 2864 Primo,
1495 2815 1590 2866 quia
1609 2816 1690 2865 1115,
1728 2815 1893 2854 irritans
1910 2816 2123 2868 religionis
2151 2830 2243 2869 pro-

1209 2877 1433 2916 fessionem
1457 2888 1507 2915 ex
1525 2880 1640 2915 metu
1661 2876 1834 2925 factam,
1864 2876 2061 2917 fundatur
2079 2878 2121 2917 in
2141 2879 2242 2918 diffi-

1212 2938 1365 2978 cultate
1394 2942 1435 2977 et
1454 2938 1707 2989 proprietate
1726 2942 1856 2977 status
1873 2938 2069 2990 religiosi,
2088 2951 2179 2990 quae
2196 2940 2242 2980 in

1212 2999 1292 3039 hoc
1324 3003 1432 3038 statu
1461 2999 1688 3048 invenitur,
1721 3002 1923 3050 quantum
1954 3003 2016 3040 est
2043 3011 2093 3039 ex
2123 3004 2240 3050 parte

1213 3060 1489 3112 obligationis,
1511 3065 1551 3101 et
1570 3061 1810 3101 mutationis
1828 3062 1919 3101 vitae
1934 3061 2064 3113 ipsius
2079 3061 2242 3113 religio-

1213 3123 1262 3162 si.
1284 3122 1475 3162 Secundo
1492 3153 1502 3170 ,
1534 3123 1630 3173 quia
1652 3135 1742 3174 cap.
1762 3123 1874 3162 unic.
1895 3123 1955 3163 De
1981 3123 2046 3162 liis
2068 3135 2155 3174 quoe
2182 3124 2238 3172 vi,

1211 3185 1255 3224 in
1280 3196 1363 3235 quo
1394 3184 1571 3224 maxime
1600 3185 1669 3224 illa
1698 3184 1876 3224 conditio
1904 3184 2125 3233 fundatur,
2146 3185 2241 3225 licet

1213 3246 1257 3287 in
1286 3246 1521 3297 particulari
1556 3246 1750 3298 loquatur
1773 3246 1824 3285 de
1849 3246 2021 3285 muliere
2042 3258 2133 3297 quae
2153 3257 2240 3285 mo-

1212 3308 1431 3348 nachalem
1463 3308 1650 3347 habitum
1686 3307 1812 3347 invita
1846 3311 2100 3359 susceperat,
2123 3310 2238 3346 meta

1211 3370 1356 3409 mortis
1374 3369 1670 3409 monasterium
1695 3369 1949 3420 ingrediens,
1963 3367 2237 3407 'nihilominus

1213 3431 1496 3471 definitionem
1531 3431 1716 3471 continet
1749 3431 2000 3482 generalem,
2034 3433 2074 3468 et
2105 3429 2148 3468 in
2186 3440 2237 3468 ea

1210 3505 1296 3534 non
1316 3493 1601 3533 consideratur
1616 3522 1626 3540 ,
1659 3492 1739 3531 nisi
1760 3505 1812 3534 an
1833 3492 1973 3532 timore
1989 3491 2129 3530 mortis
2145 3489 2237 3530 reli-

1211 3554 1362 3606 yionem
1383 3556 1612 3602 immi-erit,
1644 3558 1690 3594 ut
1721 3554 1764 3592 in
1795 3553 1879 3592 fine
1905 3555 2040 3591 textus
2070 3545 2247 3591 dicitur.'

127 3609 427 3657 professionem
458 3613 706 3664 solemnem,
742 3615 820 3656 sed
848 3626 1156 3668 quamcumque
1184 3616 1458 3673 derba
1483 3615 1695 3667 generalia
1715 3618 1824 3662 sunt,
1839 3617 1996 3654 etcum
2013 3613 2125 3652 omni
2141 3623 2235 3665 pro·

1161 3668 1183 3681 f
1231 3681 1235 3685 .

1128 3695 1223 3735 lxi-,-

1121 3734 1148 3750 1,
1171 3739 1185 3749 Ι.

1088 3795 1145 3830 ms
1169 3809 1173 3821 ι

1166 3823 1220 3844 μυί

1117 3850 1127 3859 .

1196 3811 1353 3848 ’“3ἷῒ.“1ἴ.

1225 3716 1230 3719 .
1241 3711 1292 3718 —x

1303 3704 1413 3753 &fn
