2352 3880
64 292 240 350 uictoris
256 295 491 348 fungendo,
512 296 610 337 vel
598 309 642 336 m
660 296 810 336 litteris
836 293 1090 338 humaniori-

63 364 150 411 bus,
168 363 239 400 aut
263 357 500 397 liberalibus
527 357 682 397 artibus
712 356 926 396 edocendis
945 369 992 396 ac
1010 348 1091 396 ela-

37 420 264 471 flhorandiS,
280 419 373 459 vel
363 432 408 459 ιιι
427 419 644 459 audiendis
661 417 983 458 confessionibus
1002 429 1091 458 nos-

35 487 215 531 luorum
228 481 492 529 scholarium,
507 483 547 518 et
560 491 658 519 cura
673 479 851 530 gerenda
866 478 1090 531 spiritualis

43 543 262 600 'prefectus
281 542 460 581 illorum.
478 541 658 591 Denique
677 541 721 579 in
739 540 928 579 domibus
947 541 1089 593 proba-

32 553 52 652 Ι
61 605 179 648 &onis
196 604 313 655 fungi
331 605 502 655 possunt
528 602 662 641 officio
689 603 884 647 Rectoris,
906 607 978 642 aut
1000 614 1089 642 ma-

37 666 174 724 ·gistri
196 665 460 710 novitiorum,
479 663 546 703 vel
563 664 607 702 in
625 664 714 702 aliis
732 676 853 715 supra
875 665 989 704 dictis
1010 664 1087 704 mi-

38 727 233 773 misteriis
256 727 423 779 juvare3
446 737 544 776 ergo
563 731 670 765 recte
695 727 931 765 institutum
951 731 1013 766 est
1041 730 1088 766 ut

36 788 292 842 {huiusmodi
311 799 497 840 personae-
509 788 553 826 in
571 788 771 827 Societate
793 789 1085 839 reciperentur,

36 851 99 895 iet
115 862 187 903 per
214 849 292 889 tria
311 853 405 888 vota
424 849 793 901 incorporarentur.
814 850 1088 891 confirmatur

36 914 99 954 tet
113 910 341 952 declaratur
365 911 452 950 haec
470 912 575 955 ratio
598 925 607 949 :
628 923 724 949 uam
748 911 867 949 multi
886 917 980 950 sunt
1000 912 1086 962 apti

36 972 107 1016 lad
125 972 260 1024 aliqua
284 973 494 1012 Societatis
522 972 770 1020 ministeria,
792 972 863 1023 qui
885 985 967 1010 non
991 976 1087 1012 sunt

36 1033 114 1076 lita
130 1033 281 1081 idonei,
298 1038 346 1073 ut
364 1046 406 1074 se
425 1034 477 1074 ad
495 1034 706 1073 missiones
725 1033 954 1072 pontificias
972 1033 1085 1073 abso-

37 1092 139 1142 llute
171 1094 418 1143 devoveant3
439 1106 512 1134 nec
531 1099 579 1134 ut
611 1094 662 1134 ab
690 1094 777 1145 ipsa
806 1095 1004 1134 Societate
1032 1094 1085 1134 ad

37 1154 144 1199 uillas
160 1161 439 1207 exponantur3
458 1168 556 1208 ergo
583 1156 627 1196 hi
649 1156 792 1194 merito
823 1157 1086 1208 incorporan-

38 1220 122 1258 utur
139 1218 225 1257 sine
246 1218 315 1258 illo
338 1223 483 1270 quarto
506 1222 623 1266 voto,
643 1223 766 1268 atque
786 1218 886 1257 adeo
915 1230 988 1269 per
1006 1219 1085 1258 tria

35 1283 171 1328 *vota3
193 1279 257 1318 vel
289 1279 408 1318 aliter
443 1279 562 1319 multi
599 1282 695 1317 sunt
729 1279 798 1328 qui
813 1309 825 1327 ,
849 1279 942 1318 licet
978 1280 1086 1329 mitti

37 1343 221 1394 {possint,
239 1353 322 1380 nou
340 1351 448 1380 certe
470 1345 669 1392 tanquam
689 1341 821 1391 capita
844 1341 1085 1381 missionum

37 1403 116 1454 ·(ut
135 1404 191 1442 sic
210 1403 380 1454 dicam),
404 1403 472 1443 sed
503 1408 550 1441 ut
569 1403 666 1442 socii
687 1404 988 1454 praecipuorum
1012 1404 1085 1442 mi-

38 1465 293 1513 :nistrorum3
326 1478 423 1518 ergo
443 1466 539 1504 satis
572 1470 634 1504 est
668 1470 713 1503 ιιι
742 1466 817 1513 illi,
849 1466 919 1516 qui
950 1478 1023 1517 per
1045 1479 1086 1506 se

35 1531 147 1570 esunt
178 1527 314 1566 idonei
343 1532 388 1566 ut
418 1527 702 1579 principaliter
738 1527 971 1576 mittantur,
994 1540 1086 1579 spe-

35 1587 145 1627 ·eiali
164 1594 257 1628 voto
278 1600 319 1628 se
338 1598 576 1628 consecrent
607 1588 659 1626 ad
679 1588 778 1626 illud
803 1600 972 1635 munus;
997 1589 1087 1628 aliis

51 1650 149 1688 vero
164 1651 260 1688 satis
279 1654 337 1690 est
353 1655 398 1688 ιιι
412 1650 594 1700 generali
611 1654 704 1688 voto
721 1649 977 1697 obedieutiae,
993 1663 1087 1690 cum

51 1710 142 1750 aliis
170 1711 502 1750 substantialibus
532 1711 741 1760 religionis
761 1712 1082 1761 adstringantur.

47 1806 48 1809 ,
105 1773 147 1811 Δ,
178 1772 281 1811 Hinc
308 1778 452 1824 quarto
476 1784 690 1823 possumus
713 1772 788 1810 hoc
820 1773 1088 1812 institutionis

51 1843 181 1884 genus
221 1835 398 1884 antiquis
438 1834 634 1884 exemplis
671 1833 914 1872 confirmare
934 1844 948 1884 3
990 1847 1088 1874 nam

51 1894 230 1934 Christus
263 1895 474 1943 Dominus,
503 1895 699 1934 missurus
737 1896 1018 1946 praedicatores
1045 1898 1088 1935 in

52 1955 269 2003 mundum,
302 1968 451 2007 paucos
480 1956 602 2006 elegit
624 1956 693 2007 qui
722 1961 853 1995 essent
882 1957 1089 2008 praecipua

52 2018 184 2068 cupita
201 2017 309 2056 illius
327 2017 568 2067 ministerii3
583 2017 729 2056 deinde
747 2018 936 2068 adjunxit
954 2018 1088 2069 plures

52 2076 152 2118 alios
169 2107 183 2126 ,
216 2079 288 2130 qui
324 2083 458 2117 essent
497 2079 663 2117 illorum
698 2084 990 2129 cooperatores.
1030 2081 1088 2119 lta

52 2141 163 2194 prius
182 2140 343 2179 vocavit
362 2140 577 2179 duodecim
601 2140 832 2191 Apost01053
851 2145 988 2191 postea
1007 2140 1087 2180 illis

51 2203 309 2254 septuaginta
347 2201 565 2252 discipulos
600 2202 813 2251 adjunxit,
851 2205 897 2239 ut
934 2203 1089 2241 notavit

51 2263 270 2306 Anacletus
293 2264 415 2315 Papa,
438 2262 596 2314 epistol.
618 2263 669 2301 ad
692 2274 832 2301 omnes
854 2263 1085 2314 Episcopos‚

51 2333 138 2378 cap.
173 2325 332 2364 decimo
358 2329 522 2371 octavo;
543 2335 631 2372 seu,
654 2328 699 2362 ut
732 2324 873 2363 scribit
901 2325 1086 2375 Zepheri

50 2396 142 2436 ιιιιε,
165 2387 284 2438 epist.
315 2387 350 2433 l,
385 2386 577 2437 praecepit
605 2386 822 2436 Apostolis,
850 2390 895 2423 ut
923 2391 1086 2436 septua-

51 2448 165 2500 ginta
178 2447 258 2486 duo
271 2445 488 2497 discipulos
505 2445 549 2484 in
564 2446 850 2496 adjumentum
865 2445 1083 2497 eligerent3

50 2517 101 2550 ex
114 2508 280 2548 Actibus
297 2509 419 2547 etiam
434 2508 734 2559 Apostolorum,
751 2507 940 2558 Epistolis
954 2508 1083 2556 Pauli,

51 2574 92 2612 et
111 2570 387 2610 ecclesiasticis
407 2569 587 2608 historiis
606 2573 778 2618 constat,
801 2581 893 2607 cum
918 2571 1087 2620 Aposto-

51 2629 101 2673 lis
117 2644 276 2683 semper
298 2633 505 2670 incessisse
534 2630 715 2682 aliquos,
746 2632 816 2682 qui
837 2636 953 2670 crant
972 2632 1083 2681 socii,

53 2697 94 2734 et
113 2694 227 2745 quasi
255 2693 510 2744 coadjutores
538 2705 692 2731 eorum.
718 2692 783 2732 Sic
802 2693 851 2731 de
871 2693 1085 2732 Timotheo

54 2754 110 2795 ait
130 2755 274 2794 Paulus
291 2785 300 2801 ,
323 2755 374 2793 ad
396 2754 568 2806 Philipp.
591 2756 616 2794 2
637 2765 646 2792 :
671 2753 800 2806 Spero
838 2755 882 2794 in
916 2754 1084 2794 Domino

52 2815 154 2857 Jesu
184 2817 428 2858 Timotheum
457 2828 516 2856 me
533 2817 609 2856 cito
627 2818 786 2856 mittere
803 2816 856 2856 ad
879 2828 961 2864 vos,
983 2819 1031 2856 at
1050 2819 1085 2856 et

54 2887 122 2929 090
134 2879 227 2918 bono
241 2881 371 2918 animo
384 2878 477 2925 sim,
494 2878 668 2928 coqnicr's
682 2889 767 2928 quoe
781 2879 889 2917 circa
902 2890 970 2917 vos
983 2879 1080 2918 sint.

54 2934 105 2980 Et
122 2939 228 2978 infra
247 2951 258 2980 z
279 2939 608 2989 Experimentum
626 2942 754 2978 autem
776 2940 862 2988 ejus
882 2940 1083 2992 coynosoi-

55 3000 133 3047 m,-
147 3001 240 3053 quia
258 3002 363 3041 sicut
377 3001 494 3054 patri
509 3000 638 3050 filius,
658 3001 716 3040 sio
735 3000 834 3039 milii
855 3001 1020 3041 servii-it
1039 3003 1083 3041 in

57 3057 290 3114 Evanyelio.
309 3062 357 3100 Et
375 3062 496 3110 infra,
521 3061 842 3112 Epaphroditum
865 3067 982 3100 vocat
995 3064 1084 3111 fra-

57 3123 170 3172 trem,
185 3127 222 3163 et
242 3127 539 3174 cooperatorem,
561 3127 597 3163 et
614 3123 915 3162 commilitonem
934 3136 1085 3171 meum,-

56 3186 99 3225 et
113 3196 202 3234 cap.
221 3185 248 3222 4
267 3193 279 3222 :
301 3184 463 3235 Adjuva
479 3184 590 3230 illas,
613 3197 698 3236 quoe
717 3197 865 3225 mecum
884 3185 1079 3226 laborave·

57 3248 154 3293 mni
182 3243 226 3283 in
261 3245 482 3296 Evanyelio
519 3257 605 3285 cum
644 3246 850 3291 Clemente,
874 3250 909 3285 et
931 3249 1083 3288 eoeteris

58 3305 307 3358 qdjutorz'bus
338 3307 448 3345 meis.
479 3305 544 3344 Sic
560 3307 682 3344 etiam
702 3308 726 3345 Ξ
756 3306 940 3346 Corinth.
974 3307 1013 3353 8,
1033 3307 1080 3347 de

58 3361 166 3411 Luca
196 3366 254 3405 ait
275 3377 285 3405 z
309 3365 390 3406 Ortl
409 3371 527 3407 natus
561 3370 616 3406 est
652 3368 698 3407 ab
730 3367 924 3407 Ecclesiz's
961 3379 1084 3410 comes

16 3454 20 3455 ν
54 3426 388 3487 peregrinationis
405 3430 576 3471 nostroe;
595 3431 634 3465 et
653 3428 760 3466 idem
780 3428 852 3475 ibi,
871 3433 909 3467 et
932 3440 1021 3479 cap.
1040 3431 1079 3479 7,

61 3482 114 3527 de'
124 3487 214 3526 Tito
229 3487 446 3539 significat.
460 3488 617 3527 Marcus
630 3489 751 3526 etiam
768 3488 819 3526 ab
837 3490 1084 3540 Hieronymo

55 3543 184 3588 eomes
206 3551 243 3590 et
270 3551 430 3602 adjutor
448 3550 564 3589 Petri
597 3549 802 3588 interdum
841 3551 1079 3600 appellator.

60 3602 114 3647 Et
130 3609 272 3651 eodem
291 3610 412 3650 modo
429 3611 692 3662 ooadjiltorem
712 3611 819 3649 Petri
835 3609 1083 3653 Clementem

271 3687 356 3718 XVI.

291 230 382 266 mr.
402 230 432 266 1.
451 228 534 266 ΕΗΒ
555 229 647 264 HAEG
666 228 887 264 PROFESSIO
906 227 952 264 m
969 224 1195 263 summme
1214 227 1493 272 senmurum
1518 229 1571 267 m·
1590 229 1649 267 An
1666 230 1781 272 Quen
1799 200 1944 270 mllffl.

2096 223 2180 268 ma

1142 300 1291 334 vocant
1310 296 1488 336 Joannes
1504 297 1572 346 ΙΙΙ,
1596 296 1826 348 Pontifex,
1814 310 1857 337 ιιι
1874 299 1992 352 epist.
2008 297 2061 338 ad
2079 297 2176 349 Epi-

1143 367 1284 408 scopos
1307 358 1559 406 Germaniae3
1578 362 1618 398 et
1636 360 1716 398 Leo
1739 352 1796 409 ll,
1817 360 1862 400 in
1883 361 2064 413 quadam
2087 358 2173 412 epi·

1143 418 1262 466 stola,
1277 423 1319 459 et
1330 418 1480 458 similia
1498 419 1653 458 multa
1642 432 1687 459 ιιι
1702 420 1883 461 historiis
1896 423 2173 476 reperiuntur.

1143 479 1319 525 Eratque
1354 479 1440 518 haec
1471 479 1678 519 distinctio
1711 484 1949 533 necessaria,
1974 485 2071 536 quia
2101 492 2176 524 nee

1141 540 1324 591 Apostoli
1358 553 1432 593 per
1454 553 1539 580 sese
1571 547 1760 592 poterant
1791 545 1931 584 omnia
1961 545 2174 598 perficere,

1140 613 1216 641 nec
1234 602 1411 641 invicem
1428 602 1569 640 sociati
1585 605 1774 653 poterant
1791 615 1950 656 semper
1968 607 2174 658 incedere,

1141 675 1218 702 nec
1237 663 1342 702 solos
1361 663 1612 715 peregrinari
1623 663 1799 708 ‚decebat
1820 670 1892 703 aut
1911 668 2176 720 expediebat3

1141 724 1382 777 indigebant
1414 737 1511 777 ergo
1543 724 1629 764 suis
1666 725 1921 776 adjutoribus
1960 733 2002 766 et
2033 730 2174 780 sociis,

1141 799 1240 839 quos
1272 787 1486 839 oportebat
1513 786 1652 838 aliquo
1677 787 1799 826 modo
1829 799 1914 827 esse
1946 789 1990 827 in
2009 789 2081 828 illo
2100 790 2178 830 mi-

1140 848 1307 888 nisterio
1342 848 1593 900 inaequales,
1623 860 1671 887 ac
1701 848 1759 888 eis
1792 848 2093 900 subordinatos,
2128 855 2178 891 ut

1140 910 1392 949 commodius
1419 913 1580 961 possent
1604 909 1745 949 omnia
1775 910 1959 950 ordinate
1987 911 2092 951 fieri.
2116 912 2176 952 Ita

1140 983 1237 1022 ergo
1263 971 1454 1017 Societas,
1477 972 1672 1022 quoniam
1691 972 1978 1023 Apostolorum
2007 984 2174 1022 munus,

1139 1032 1275 1084 quoad
1307 1033 1617 1072 discurrendum
1649 1046 1721 1085 per
1749 1035 1904 1081 orbem,
1939 1035 1990 1074 ad
2024 1035 2176 1087 praedi-

1139 1096 1315 1134 candum
1337 1096 1620 1145 Evangelium,
1637 1096 1868 1147 participat,
1885 1098 2082 1148 quosdam
2101 1098 2176 1137 ha-

1139 1156 1222 1205 bet,
1244 1156 1392 1208 quibus
1413 1169 1462 1195 ex
1485 1157 1525 1195 vi
1545 1169 1628 1196 suae
1650 1157 1911 1208 professionis
1938 1159 2015 1198 hoc
2035 1160 2176 1199 minis-

1139 1219 1288 1257 terium
1318 1218 1598 1270 principaliter
1619 1220 1854 1268 conveniat,
1877 1232 1977 1271 quos
2006 1219 2178 1271 proinde

1140 1280 1304 1331 speciali
1323 1284 1418 1318 voto
1435 1281 1486 1318 ad
1506 1280 1583 1319 hoc
1602 1280 1785 1331 obligare
1806 1283 2053 1321 conveniens
2070 1282 2175 1332 fnit3

1140 1341 1230 1380 aliis
1252 1354 1347 1380 vero
1368 1341 1539 1392 indiget,
1559 1342 1629 1392 qui
1648 1342 1778 1381 solum
1810 1344 1891 1381 sint
1909 1343 2035 1382 veluti
2064 1343 2175 1394 socii,

1141 1405 1182 1441 et
1210 1403 1463 1453 coadjutores
1494 1402 1685 1450 aliorum,
1721 1404 1805 1443 sive
1835 1404 1877 1443 in
1915 1405 2177 1445 missionibus

1140 1464 1251 1515 ipsis,
1270 1465 1353 1503 sive
1370 1464 1413 1502 ιιι
1434 1464 1639 1512 domibus,
1656 1463 1722 1503 vel
1742 1465 1938 1515 collegiis,
1957 1467 2014 1505 eis
2034 1478 2178 1518 coope-

1140 1526 1289 1572 rand03
1311 1538 1412 1577 quos
1434 1539 1509 1565 nec
1529 1538 1691 1566 necesse
1714 1527 1792 1566 fuit
1811 1527 1882 1566 illo
1901 1528 2063 1578 speciali
2081 1531 2180 1568 voto

1141 1587 1331 1637 obligari,
1344 1600 1418 1626 nec
1442 1589 1565 1627 etiam
1588 1588 1822 1639 expediens,
1838 1594 2003 1640 propter
2021 1591 2178 1641 priores

1140 1650 1318 1688 rationes
1350 1662 1466 1689 num.
1502 1652 1525 1689 3
1559 1650 1698 1698 factas,
1727 1654 1766 1689 et
1797 1654 1844 1689 ut
1869 1651 1954 1690 haec
1989 1651 2179 1703 aliqualis

1141 1711 1371 1750 differentia
1399 1724 1735 1763 unumquemque
1755 1712 1818 1750 sui
1839 1713 2020 1751 muueris
2040 1713 2178 1752 admo-

1142 1780 1275 1819 neret,
1295 1777 1334 1812 et
1355 1773 1526 1823 gradum
1549 1786 1666 1812 suum
1689 1777 1845 1821 tenere,
1867 1774 2176 1824 obligationem-

1142 1847 1222 1886 que
1241 1835 1464 1885 adimplere
1485 1835 1689 1874 suaderet.

1196 1898 1235 1936 5.
1271 1896 1458 1937 Secunda
1479 1898 1662 1943 assertio,
1685 1897 1812 1936 trium
1830 1900 2010 1936 votorum
2041 1902 2178 1938 solem·

1143 1956 1253 1996 nitas
1270 1958 1409 1997 merito
1429 1957 1636 1996 instituta.
1653 1979 1706 1984 —
1722 1957 1807 1995 Hoc
1828 1969 1926 2007 ergo
1946 1958 2175 2008 generatim

1141 2018 1365 2069 supposito,
1389 2017 1504 2056 facile
1530 2017 1690 2056 suaderi
1714 2022 1860 2069 potest,
1886 2021 2033 2058 merito
2061 2020 2179 2059 insti·

1142 2081 1202 2117 tui
1230 2079 1406 2130 potuisse
1427 2083 1471 2117 ut
1491 2079 1618 2129 aliqui
1638 2091 1688 2118 ex
1711 2078 1774 2117 his
1794 2081 2085 2127 sacerdotibus,
2104 2081 2177 2132 qui
2222 2090 2231 2097 ‘

1142 2150 1333 2193 quartum
1349 2146 1490 2180 votum
1509 2153 1591 2180 non
1611 2143 1821 2190 emittunt,
1840 2143 2109 2182 nihilomiuus
2125 2142 2178 2185 ad

1138 2205 1365 2242 solemnem
1398 2203 1690 2254 professionem
1728 2204 1853 2243 trium
1889 2210 2078 2244 votorum
2105 2205 2176 2245 ad-

1142 2265 1372 2303 mittantur.
1399 2265 1534 2303 Primo
1555 2266 1736 2316 quidem,
1758 2266 1868 2316 quia,
1891 2270 1936 2305 ut
1954 2268 2083 2338 capite
2114 2279 2176 2308 se-

1142 2326 1283 2377 quenti
1317 2325 1567 2374 videbimus,
1603 2327 1736 2377 potius
1769 2327 1931 2366 difficile
1956 2333 2016 2367 est
2052 2315 2175 2369 ratio-

1142 2399 1236 2426 nem
1264 2386 1458 2434 reddere
1493 2399 1566 2426 cur
1595 2400 1678 2427 non
1713 2400 1854 2428 omnes
1880 2389 1921 2428 hi
1949 2391 2174 2430 sacerdotes

1141 2460 1214 2499 per
1232 2448 1455 2487 solemnem
1478 2449 1767 2499 professionem
1796 2451 2120 2502 incorporentur,
2140 2451 2173 2492 si

1141 2509 1211 2548 illa
1235 2510 1351 2560 digni
1376 2511 1657 2550 inveniantur.
1693 2513 1879 2551 Secundo
1903 2543 1912 2560 ,
1949 2515 2046 2565 quia
2073 2526 2173 2555 non·

1141 2571 1244 2610 nulli
1265 2583 1352 2610 esse
1381 2577 1547 2622 possunt
1582 2584 1681 2623 quos
1703 2573 1769 2612 vel
1794 2586 1954 2613 neccsse
1987 2588 2071 2614 non
2097 2579 2173 2627 est,

1141 2632 1207 2671 vel
1244 2644 1327 2671 non
1357 2633 1520 2683 expedit
1545 2638 1737 2684 quartum
1776 2635 1961 2675 emittere
1995 2641 2136 2676 votum
2156 2665 2174 2687 ‚

1140 2693 1236 2744 quia
1264 2705 1346 2732 non
1369 2693 1524 2732 habent
1553 2707 1694 2734 omnes
1721 2695 1838 2735 dotes
1879 2697 1930 2736 ad
1970 2697 2071 2737 illud
2095 2698 2173 2738 mi-

1139 2755 1353 2793 nisterium
1387 2756 1665 2806 necessarias,
1697 2760 1737 2796 et
1771 2761 1908 2797 tamen
1940 2758 2172 2809 dignissimi

1139 2820 1235 2855 sunt
1250 2817 1321 2867 qui
1337 2817 1387 2855 ad
1405 2817 1630 2857 solemnem
1651 2818 1942 2869 professionem
1968 2822 2170 2872 recipian-

1138 2882 1222 2925 tur,
1242 2878 1305 2917 vcl
1323 2883 1487 2930 propter
1505 2880 1757 2929 singularem
1778 2881 1871 2920 vitae
1893 2886 2167 2932 sanctitatem,

1137 2939 1201 2979 vel
1222 2941 1319 2990 quia
1339 2945 1505 2991 propter
1523 2941 1702 2991 insignia
1722 2942 1827 2982 facta
1845 2948 1915 2982 aut
1934 2956 2059 2995 opera
2075 2956 2168 2996 spe-

1137 3000 1293 3040 cialiter
1322 3006 1417 3040 sunt
1441 3002 1490 3041 de
1523 3003 1720 3042 Societate
1739 3003 1843 3043 bene
1862 3006 2010 3044 meriti.
2043 3006 2170 3045 Inter-

1138 3062 1237 3101 dum
1262 3065 1385 3101 etiam
1417 3067 1547 3114 potest
1567 3064 1758 3115 expedire
1778 3065 1935 3117 aliquos
1962 3066 2089 3118 recipi
2113 3064 2167 3106 ad

1138 3123 1213 3163 hoc
1228 3136 1356 3175 genus
1373 3125 1646 3175 professionis,
1665 3130 1712 3165 ut
1731 3127 1782 3165 sit
1800 3128 1844 3166 in
1863 3128 2061 3167 Societate
2082 3139 2167 3167 mo·

1140 3186 1214 3224 dus
1249 3186 1496 3225 dissolvendi
1528 3188 1839 3228 matrimonium
1887 3194 2021 3228 ratum
2045 3218 2057 3236 ,
2080 3200 2165 3228 non

1137 3248 1359 3297 emittendo
1381 3248 1674 3299 professionem
1695 3254 1870 3301 quatuor
1889 3255 2092 3295 votorum,
2124 3251 2165 3288 et

1136 3313 1182 3348 ut
1208 3310 1419 3348 vinculum
1441 3310 1518 3349 hoc
1542 3323 1636 3349 cum
1655 3311 1855 3351 Societate
1878 3313 1930 3351 sit
1958 3316 2003 3350 ut
2029 3309 2163 3348 utrin-

1136 3381 1215 3421 que
1235 3370 1417 3410 absolute
1446 3377 1704 3423 perpetuum,
1726 3373 1834 3423 quod
1864 3384 1971 3423 saepe
1999 3374 2164 3422 propter

1137 3431 1384 3471 extrinsecas
1412 3434 1590 3472 rationes
1620 3434 1892 3472 necessarium
1924 3436 1996 3479 est,
2029 3434 2074 3469 ut
2099 3431 2163 3471 in-

1137 3493 1267 3543 telligi
1286 3498 1418 3544 potest
1435 3506 1486 3533 ex
1502 3495 1636 3546 capite
1660 3495 1793 3546 primo
1815 3491 2087 3545 praecedentis
2109 3491 2164 3532 li·

1136 3552 1215 3594 bri.

1192 3616 1234 3656 6.
1266 3615 1458 3659 Primum
1486 3616 1777 3666 corollarium,
1814 3616 1926 3658 dicta
1955 3619 2051 3660 vota
2083 3626 2167 3658 non
