2352 3880
59 38 82 59 Q.
125 26 148 58 -.

263 123 274 133 x

255 153 269 163 ι

0 278 3 286 “
71 255 73 259 ¹
131 281 293 324 =tionem
309 280 351 317 et
377 273 673 325 obligationem
695 266 827 320 ipsius
851 263 1054 311 voventis,
1082 270 1168 301 non

132 314 276 383 ltamen
293 349 338 378 se
350 333 570 387 obligando
586 331 639 371 ad
648 339 812 379 semper
828 324 1088 366 retinendum
1109 323 1168 375 ip·
1211 320 1407 372 jusquam
1418 322 1492 359 :ut
1509 319 1579 359 noe
1591 324 1723 361 votum
1737 319 1814 361 soli
1825 320 1904 362 Deo
1922 322 2111 373 offertur,
2126 324 2163 363 et
2174 330 2254 364 non

132 384 232 443 {sum
241 402 474 444 voventem,
489 398 559 433 aut
574 395 668 431 vota
685 389 795 440 ejus3
811 387 883 427 sed
900 386 1031 426 solum
1045 394 1167 438 qnan-

138 466 224 505 tum
235 459 486 512 Proepositzes
500 449 705 498 Generalis
724 460 786 490 eos
802 449 848 489 in
859 447 1058 489 Societate
1070 444 1167 485 reti-

135 523 284 567 nendos
306 516 513 562 censuerit.
538 516 765 562 Utrumque
795 513 857 550 est
884 508 1165 555 manifestum,

137 597 188 625 ac
215 581 364 633 saepius
397 576 619 629 repetitum
648 574 691 612 in
721 570 1089 612 Constitutionibus
1120 579 1169 607 ao

137 645 264 687 Bullis
285 639 513 682 Societatis.
537 637 654 682 Nam,
684 633 797 686 quod
817 633 869 672 ad
899 632 1076 684 primum
1105 632 1167 668 at·

136 705 252 751 tinet,
274 702 376 741 nihil
404 699 536 749 magis
557 697 610 736 ab
633 693 884 735 scholasticis
911 690 1162 744 approbatis,

135 765 203 804 vel
215 776 239 802 a
258 762 421 801 novitiis
443 759 603 810 expleto
621 756 805 803 biennio,
826 759 869 794 ut
885 755 927 793 in
948 754 1059 792 illum
1076 764 1167 804 gra-

136 826 235 867 dum
247 825 531 869 admittantur,
544 819 788 871 postulatur,
804 828 928 868 quam
943 819 986 854 ut
1001 814 1164 852 firmum

135 887 392 940 propositum
423 884 605 922 habeant
638 880 802 920 vivendi
828 883 868 918 et
893 876 1095 917 moriendi
1122 875 1166 913 in

135 949 351 989 societate.
370 945 487 986 Unde
507 945 548 982 in
561 954 651 993 cap.
675 942 795 980 tertio
818 938 1041 983 Examinis,
1061 936 1166 989 §de-

136 1009 388 1055 611110161110,
406 1007 586 1058 primum
602 1005 877 1052 interrogatur
896 1000 1092 1046 novitius,
1113 1009 1167 1039 an

135 1070 292 1111 omnino
313 1067 525 1109 decreverit
538 1064 711 1105 seculum
726 1061 962 1112 relinquere,
982 1064 1019 1101 et
1037 1060 1164 1100 oonsi-

136 1130 195 1173 lia
213 1131 379 1170 Domini
399 1127 527 1167 nostri
548 1125 583 1164 J
584 1135 652 1163 esu
679 1122 834 1163 Christi
859 1123 982 1173 sequi.
1011 1122 1061 1159 Et
1081 1125 1164 1159 sta-

136 1190 264 1241 tim,§
285 1191 334 1229 14
353 1201 362 1227 t
382 1188 495 1228 Num
515 1185 767 1225 deliberatum
780 1183 917 1223 habeat
937 1183 1061 1223 animi
1071 1193 1166 1234 pro-

133 1252 309 1306 positum
338 1246 492 1288 vivendi
511 1250 548 1287 et
574 1245 767 1285 moriendi
792 1246 833 1283 in
860 1245 1043 1291 Domino,
1079 1255 1166 1283 cum

135 1314 208 1356 hac
225 1313 261 1351 et
278 1311 321 1350 in
339 1310 413 1349 hac
433 1308 633 1348 Societale
653 1307 751 1346 Jesu
770 1305 922 1346 Christi
945 1305 1163 1354 Creatoris,

134 1383 181 1414 ac
198 1370 531 1412 Domininostri?
553 1370 600 1407 Et
614 1380 757 1406 rursus
776 1380 810 1407 c.
831 1370 869 1414 7,
893 1367 916 1418 ξ
937 1368 961 1406 5
978 1366 1066 1406 :An
1083 1371 1166 1407 sta-

59 1479 62 1483 ,
134 1432 254 1474 tuerit
269 1432 423 1471 omnino
441 1431 549 1483 apud
563 1442 616 1478 se,
630 1429 775 1470 studiis
793 1429 999 1475 absolutis,
1014 1441 1059 1469 ac
1073 1440 1167 1480 pro-

133 1494 354 1536 bationibus
370 1493 560 1544 peractis,
574 1491 811 1532 Societatem
828 1492 882 1530 ad
899 1491 1106 1532 vivendum
1121 1491 1165 1530 in

132 1567 192 1604 ea,
216 1559 251 1596 et
270 1555 513 1594 moriendum
543 1552 712 1605 ingredi.
736 1553 783 1590 Et
804 1552 924 1598 infra,
946 1564 988 1591 n.
1011 1553 1035 1590 7
1063 1556 1102 1590 et
1121 1551 1160 1599 8,

131 1615 220 1656 haec
257 1616 454 1655 stabilitas
501 1615 650 1665 saepius
687 1613 961 1652 examinanda
1000 1612 1161 1651 dleitur.

131 1677 288 1717 Deinde
311 1677 421 1715 idem
446 1679 606 1714 constat
637 1687 686 1713 ex
718 1675 806 1726 ipsa
836 1674 968 1712 forma
988 1674 1163 1712 vovendi

132 1739 210 1779 tria
229 1742 323 1777 vota
356 1736 663 1782 substantialia,
702 1740 826 1786 atque
857 1736 1088 1786 ingressum
1122 1736 1165 1773 in

135 1799 401 1846 Societatem,
433 1801 479 1837 ut
509 1799 633 1837 vitam
657 1797 701 1836 in
720 1809 764 1836 ea
794 1801 979 1848 perpetuo
1006 1798 1162 1847 deqant,

130 1861 216 1911 jam
237 1858 401 1897 formati
422 1861 492 1896 aut
510 1857 698 1908 professi,
720 1862 765 1896 ut
787 1862 946 1896 constat
978 1869 1028 1895 ex
1047 1861 1163 1907 parte

133 1920 276 1971 quinta
295 1919 654 1967 Constitutionum,
673 1931 708 1958 6.
732 1921 768 1966 4,
786 1918 809 1969 ξ
827 1920 866 1966 4,
889 1930 980 1968 quae
996 1922 1089 1957 vota
1110 1918 1164 1957 ad

131 1982 266 2033 majus
297 1981 488 2020 meritum
515 1985 555 2020 et
575 1980 839 2019 stabilitatem
873 1979 1000 2019 emitti
1021 1979 1163 2018 dicun-

132 2045 214 2091 tur,
235 2043 277 2081 in
296 2043 455 2089 Exam„
478 2054 513 2081 6.
538 2044 577 2090 7,
597 2042 637 2080 in
658 2042 870 2092 principio.
895 2042 1081 2092 Denique
1101 2040 1164 2079 ni-

132 2101 190 2144 hil
208 2103 464 2155 frequentius
493 2103 534 2141 in
559 2103 924 2142 Constitutionibus
945 2103 1160 2153 repetitur,

133 2166 172 2205 et
182 2164 376 2213 rationes,
393 2164 541 2215 quibus
555 2164 678 2215 paulo
700 2168 795 2202 ante
813 2164 855 2202 in
875 2164 1056 2203 secunda
1070 2176 1164 2215 sup-

134 2225 336 2276 positione
364 2226 583 2275 probatum
611 2227 701 2274 est,
724 2226 1006 2264 necessarium
1037 2225 1163 2263 fuisse

134 2286 340 2325 scholares
360 2285 604 2336 approbari,
636 2289 675 2325 et
700 2286 858 2325 admitti
892 2287 934 2324 in
962 2287 1166 2325 Societate

136 2346 213 2384 sub
236 2347 501 2398 obligatione,
522 2347 700 2396 probant
721 2347 846 2385 etiam
864 2347 990 2386 talem
1008 2347 1165 2398 obliga-

136 2406 292 2445 tionem
314 2408 502 2445 debuisse
520 2419 610 2446 esse
630 2412 889 2458 perpetuam,
909 2409 1061 2459 alioqui
1081 2421 1165 2448 non

137 2468 362 2506 vitarentur
380 2467 642 2505 incommoda
663 2479 753 2517 quae
772 2469 825 2507 ibi
846 2470 954 2508 dicta
974 2474 1082 2509 sunt.

191 2529 231 2566 7.
264 2527 496 2568 Ostenditur
513 2529 723 2579 posterior.
745 2549 799 2557 —
819 2529 1049 2580 Eccponitur
1077 2540 1165 2570 con-

137 2588 359 2629 stitutio.-
376 2589 514 2626 Altera
533 2589 632 2626 item
654 2601 766 2639 pars,
788 2590 900 2639 quod
917 2590 1097 2629 Societas
1115 2602 1166 2629 ex

136 2652 252 2700 parte
286 2660 360 2686 sua
395 2660 477 2686 non
506 2648 694 2688 absolute
716 2649 933 2700 obligetur,
971 2662 1164 2702 expresse

137 2709 313 2749 habetur
342 2710 384 2748 in
416 2710 627 2757 Examine,
658 2722 693 2749 6.
729 2712 769 2758 7,
800 2714 839 2749 et
870 2711 1013 2762 quinta
1032 2716 1162 2762 parte,

139 2783 230 2822 cap.
251 2772 290 2818 4,
311 2771 369 2809 lit.
389 2771 437 2818 D,
467 2774 507 2809 et
524 2771 587 2809 his
607 2771 743 2810 verbis
760 2772 926 2822 ponitur
944 2773 987 2810 in
1008 2774 1164 2812 Consti-

139 2832 293 2871 tutione
314 2831 555 2871 Ascendente
574 2833 757 2881 Domino,
773 2833 955 2883 Gregorii
973 2836 1074 2882 XIII,
1095 2836 1165 2875 ubi

139 2904 234 2933 cum
255 2905 390 2932 sermo
411 2893 461 2931 sit
480 2893 531 2931 de
549 2893 819 2941 scholaribus,
841 2894 1012 2935 dicitur:
1035 2897 1166 2945 Quan-

138 2958 222 2997 tum
241 2959 300 2995 est
320 2967 366 2994 esc
382 2958 499 3007 parte
527 2956 720 3007 ipsorum,
737 2962 924 3008 perpetuo
936 2973 952 3003 ;
975 2969 1022 2998 ecc
1047 2963 1166 3011 parte

136 3026 227 3057 vero
258 3016 490 3064 Societatis,
508 3017 636 3067 juxta
666 3017 898 3069 Apostolica
928 3020 1098 3060 Indulta
1126 3023 1167 3065 et

140 3075 450 3117 Constitutiones
464 3079 681 3127 praedictas
701 3079 853 3120 tamdiu
869 3081 1033 3134 obliqati
1053 3086 1162 3130 sunt,

139 3136 325 3188 quamdiu
345 3139 596 3190 Proepositus
608 3138 811 3182 Generalis
827 3153 888 3181 eos
903 3142 947 3180 in
964 3141 1165 3183 Societate

139 3196 362 3237 retinendos
397 3210 477 3238 esse
509 3200 771 3250 judicaverit.
805 3202 854 3240 Et
891 3202 983 3241 ideo
1021 3202 1164 3252 quinta

142 3258 258 3304 parte
272 3256 627 3309 Constitutionum,
642 3273 678 3300 6.
698 3262 739 3308 4,
755 3261 806 3301 de
828 3262 890 3301 his
909 3263 1165 3303 scholaribus

143 3312 289 3353 dicitur
308 3329 318 3354 ἔ
353 3316 447 3366 Qui,
465 3325 640 3370 peracta
676 3333 750 3362 sua
781 3323 911 3374 priori
939 3325 1167 3375 probatione

140 3377 183 3430 ct
211 3375 484 3426 experimentis
508 3392 578 3430 per
599 3381 811 3432 biennium,
841 3385 885 3425 in
910 3385 1167 3426 scholasticos

144 3437 377 3487 approbatos
408 3439 687 3492 admittuntur,
715 3455 848 3486 coram
881 3445 1078 3498 aliquibus
1100 3448 1168 3488 do-

143 3496 334 3546 mesticis,
354 3500 536 3550 quamois
552 3511 631 3540 non
652 3504 698 3543 in
720 3506 904 3547 manibus
933 3508 1166 3559 cujusquam

143 3559 237 3613 'tota
252 3568 327 3598 sua
345 3561 542 3610 emittant,
563 3564 641 3601 etc.
662 3563 740 3603 Ubi
760 3565 805 3604 in
822 3566 1098 3610 declaratione
1111 3568 1168 3608 ita

401 211 492 246 cAP.
514 211 541 244 Ι.
563 200 860 241 Pnoronnurmt
880 196 1146 240 ARGUMENTA,
1167 191 1317 238 QUILAE
1335 195 1378 229 m
1399 193 1656 230 senmurum
1675 192 1878 235 Amttssto,
1899 192 1992 229 mo.

2171 188 2258 234 8113

1222 259 1478 311 explicantur
1495 260 1567 299 illa
1582 259 1710 300 verba
1726 269 1758 300 :-
1772 259 1871 303 Non
1897 258 1943 300 in
1965 257 2150 302 manibus
2180 271 2253 303 cu-

1221 378 1384 427 homini,
1405 380 1467 420 ita
1480 389 1588 420 nemo
1603 379 1646 420 id
1663 382 1861 427 admittit,·
1869 385 2079 434 propterea
2097 383 2142 422 in
2159 381 2254 424 nul-

1220 441 1302 482 lius
1318 439 1501 482 manibus
1522 441 1615 491 fieri
1646 441 1810 482 dicitur.
1834 443 1931 489 Quae
1950 442 2075 483 verba
2101 443 2251 483 obscu-

1221 503 1332 542 riora
1352 506 1462 549 sunt,
1484 505 1525 540 et
1545 504 1670 552 egent
1701 503 1968 552 expositione,
1988 516 2080 556 quae
2099 505 2251 544 iterum

1220 563 1267 604 in
1283 575 1320 604 6.
1339 566 1381 612 5,
1397 563 1448 603 ad
1462 562 1602 610 finem,
1619 562 1841 602 recolenda
1859 565 1949 604 erit.
1970 567 2072 605 Nam
2089 570 2254 615 certum,

1222 627 1286 665 est
1313 626 1401 664 haec
1430 628 1525 663 vota
1557 623 1646 662 fieri
1681 623 1819 673 aliquo
1843 624 1967 663 modo
1988 628 2030 665 in
2058 619 2255 668 manibus'

1221 686 1380 726 Praelati
1401 685 1629 733 Societatis,
1652 685 1911 735 multumque
1930 685 1973 723 in
1990 687 2068 726 hoo
2084 680 2253 728 differre

1221 759 1246 788 a
1273 749 1392 796 votis,
1415 759 1507 798 quae
1529 746 1802 785 novitius‘suo
1822 747 1992 785 arbitrio
2013 748 2148 788 facere
2176 747 2253 801 po-'

1220 812 1314 857 test,
1337 813 1375 848 et
1406 819 1514 859 saepe
1537 808 1648 855 facit,
1678 811 1718 847 et
1737 808 1886 859 repetit
1915 808 2040 847 etiam
2071 802 2254 860 publice,'

1222 875 1262 910 et
1281 871 1322 909 in
1341 871 1560 921 praesentia
1575 870 1812 914 muſtrjrum,
1830 871 1946 921 Juxta
1964 869 2132 908 easdem
2151 871 2252 911 Con-

1222 932 1454 971 stitutiones
1475 930 1707 980 Societatie,
1726 931 1770 969 in
1794 931 2007 978 Examine,
2031 943 2067 970 6.
2095 932 2133 979 1,
2156 936 2196 970 et
2227 934 2251 973 3

1219 1005 1260 1045 p.
1285 993 1646 1041 Constitutionum,
1669 1004 1704 1032 6.
1733 995 1772 1040 1,
1793 993 1851 1032 111.
1882 993 1926 1040 F,
1950 992 2018 1030 ubi
2037 992 2159 1030 etiam
2181 992 2255 1032 de-'

1221 1055 1412 1103 claratur,
1434 1055 1531 1093 talia
1555 1060 1646 1094 vota
1668 1067 1750 1094 non
1771 1054 1859 1094 fieri
1884 1055 1925 1092 in
1954 1054 2145 1093 manibus
2178 1044 2255 1094 cu-¹

1215 1117 1426 1169 jusquam,
1458 1129 1593 1168 neque
1627 1117 1801 1166 admitti,
1833 1116 1945 1168 quod
1974 1117 2098 1168 longe
2133 1116 2251 1156 aliter

1220 1191 1345 1230 quam
1371 1179 1422 1218 de
1445 1179 1548 1218 votis
1569 1179 1906 1218 scholasticorum
1927 1179 2251 1229 approbatorum

1220 1252 1393 1279 necesse
1415 1245 1478 1279 est
1504 1241 1688 1291 intelligi.
1712 1241 1813 1287 Quia
1834 1240 1978 1291 negari
2009 1240 2130 1278 etiam
2166 1251 2251 1279 non

1220 1306 1355 1353 potest
1382 1302 1480 1352 quin
1505 1302 1590 1340 haec
1620 1306 1714 1341 vota
1747 1301 2087 1340 scholasticorum
2113 1301 2250 1352 aliquo

1219 1363 1343 1402 modo
1370 1375 1395 1401 a
1429 1364 1632 1402 Societate
1666 1363 1957 1409 admittantur,
1981 1363 2133 1413 alioqui
2166 1365 2254 1401 11011

1218 1436 1316 1464 vere
1349 1437 1444 1464 611111
1475 1425 1545 1463 illa
1579 1425 1809 1464 unirentur.
1832 1424 1879 1464 Et
1905 1424 2014 1470 ideo,
2038 1424 2080 1461 in
2108 1423 2255 1475 quint(

1219 1490 1335 1538 parte
1367 1487 1726 1532 Constitutionum,
1754 1498 1843 1536 cap.
1878 1487 1915 1531 1,
1947 1485 2120 1523 dicitur:
2148 1486 2252 1532 Quia

1217 1548 1449 1589 scholastici
1467 1549 1689 1601 approbati,
1707 1548 1825 1587 etiam
1845 1547 1954 1586 modo
1968 1547 2136 1598 quodam
2153 1547 2252 1586 intc-

1217 1610 1320 1649 riori
1340 1622 1457 1662 quam
1483 1611 1651 1650 admissi
1668 1610 1721 1648 ad
1736 1608 2017 1660 probationem,
2043 1607 2086 1646 in
2111 1618 2254 1660 corpus*

1221 1671 1440 1712 Societalis
1461 1674 1709 1723 coaptantur,
1727 1671 1770 1710 de
1787 1681 1918 1709 eorum
1939 1680 2086 1720 quoque
2102 1669 2250 1708 admis-

1217 1731 1324 1772 sione
1351 1734 1394 1771 in
1413 1733 1492 1772 koec
1512 1732 1652 1783 quinta
1678 1735 1793 1782 parte
1821 1731 1986 1770 dicetur.
2013 1730 2251 1770 Inscribitur

1217 1798 1358 1833 autem
1379 1794 1446 1831 illa
1468 1806 1580 1844 pars,
1601 1794 1660 1832 De
1676 1792 1729 1831 iis
1743 1804 1829 1843 quoe
1843 1793 1896 1831 ad
1908 1793 2194 1831 admittendum
2207 1792 2251 1831 in

1221 1866 1361 1905 corpus
1381 1854 1601 1894 Societatis
1618 1854 1818 1904 pertinent
1832 1869 1848 1898 ,·
1865 1851 1932 1891 ubi
1951 1863 2092 1903 corpus
2123 1849 2253 1892 SocteA

1221 1917 1321 1955 tatis
1342 1915 1519 1952 sumitur
1541 1918 1586 1952 ut
1614 1916 1772 1952 constat
1800 1925 1850 1952 ex
1874 1913 1960 1952 suis
1985 1913 2092 1950 veris
2120 1925 2251 1951 mem-

1219 1976 1318 2024 bris,
1343 1975 1599 2015 excludendo
1621 1975 1812 2022 novitios,
1832 1974 1882 2013 de
1902 1986 2076 2024 quorum
2098 1974 2250 2012 admis-

1216 2038 1335 2076 sione
1359 2037 1403 2075 in
1425 2038 1556 2088 prima
1577 2041 1690 2088 parte
1712 2037 1866 2075 dictum
1883 2036 2028 2074 fuerat.
2053 2036 2160 2086 Ergo
2176 2047 2250 2074 ne-

1218 2111 1334 2138 cesse
1354 2103 1415 2138 est
1438 2104 1483 2138 ut
1503 2098 1731 2138 scholastici
1752 2098 1804 2137 ab
1829 2099 1916 2148 ipsa
1947 2098 2150 2137 Societate
2179 2097 2249 2136 ad-

1215 2162 1429 2200 mittantur
1450 2161 1494 2198 in
1510 2173 1607 2200 vera
1637 2160 1822 2199 membra
1844 2160 1947 2210 ejus,
1970 2159 2082 2208 quod
2101 2171 2186 2197 non
2205 2158 2250 2199 fit

1217 2223 1297 2262 nisi
1317 2236 1391 2274 per
1410 2224 1498 2262 haec
1530 2226 1639 2262 vota.
1667 2222 1782 2261 Unde
1815 2221 1847 2260 si
1881 2222 1978 2260 talia
2007 2225 2101 2259 vota
2122 2221 2249 2261 etiam

1218 2287 1312 2335 post
1333 2284 1546 2322 biennium
1567 2283 1668 2321 fiant
1688 2294 1827 2321 coram
1850 2282 2004 2331 aliquo,
2025 2282 2096 2331 qui
2113 2286 2253 2338 potes-⁸

1219 2349 1347 2384 tatem
1367 2357 1451 2383 non
1472 2345 1622 2383 habeat
1642 2343 1884 2382 admittendi
1902 2343 1983 2388 illa,
1998 2355 2080 2381 non
2096 2343 2254 2394 habent,

1219 2407 1301 2445 vim
1317 2406 1605 2456 incorporandi
1624 2405 1664 2443 in
1681 2405 1898 2453 Societate,
1913 2416 2050 2454 neque
2069 2404 2251 2444 efficiunt

1218 2468 1451 2507 scholarem
1465 2467 1752 2518 approbatum,
1771 2479 1850 2506 nec
1868 2466 2047 2516 denique
2066 2466 2250 2506 efficiunt

1219 2533 1315 2569 vota
1334 2529 1559 2567 Societatis.
1579 2529 1818 2567 Necessaria
1834 2540 1931 2579 ergo
1948 2531 2011 2567 est
2024 2528 2163 2578 aliqua
2180 2527 2249 2566 ad-

1220 2589 1388 2635 1111551ος
1415 2589 1567 2639 alioqui
1598 2589 1649 2627 ad
1671 2589 1770 2639 quid
1791 2593 1899 2627 esset
1920 2589 2154 2628 necessaria
2179 2600 2248 2639 po-

1220 2655 1345 2690 testas
1366 2650 1410 2688 in
1433 2650 1702 2689 admittente?
1723 2651 1768 2688 In
1790 2650 1868 2688 hoc
1889 2661 1987 2700 ergo
2009 2661 2133 2688 sensu
2165 2660 2250 2688 non

1219 2716 1380 2750 tantum
1408 2712 1512 2750 fiunt
1532 2724 1670 2750 coram
1691 2712 1793 2762 ipso,
1815 2712 1887 2750 sed
1907 2712 2029 2750 etiam
2051 2711 2092 2748 in
2117 2710 2252 2763 mani-j

1218 2773 1296 2812 bus
1319 2774 1423 2824 ejus,
1441 2773 1583 2824 utipse
1599 2773 1727 2824 possit
1747 2785 1796 2812 ea
1809 2778 2039 2824 acceptare.
2056 2772 2120 2812 Sic
2139 2773 2250 2811 enim

1219 2834 1318 2873 dixit
1332 2835 1553 2885 Gregorius
1567 2836 1666 2882 XIII,
1685 2835 1728 2872 in
1741 2835 1935 2885 praedicta
1952 2834 2250 2874 Constitutione

1218 2896 1462 2936 Ascendente
1482 2897 1668 2944 Domino,
1691 2897 1914 2944 scholares,
1939 2909 2012 2947 per
2040 2897 2128 2935 haec
2153 2899 2249 2935 vota

1217 2968 1260 2997 se
1281 2956 1478 2997 Societati
1490 2959 1683 3006 dedicare,
1699 2961 1814 3009 atque
1829 2962 1920 2998 actu
1939 2958 2093 2998 tradere
2103 2974 2119 3004 ,·
2138 2955 2249 3007 quod

1217 3017 1471 3069 impossibile
1493 3023 1553 3057 est
1571 3018 1676 3065 fieri,
1698 3020 1776 3057 nisi
1797 3020 1838 3057 in
1857 3019 2050 3058 manibus
2075 3019 2248 3069 alicujus

1218 3079 1287 3118 illa
1305 3081 1506 3119 emittant.
1524 3081 1569 3119 In
1584 3080 1777 3131 praedicta
1795 3080 1918 3131 igitur
1934 3080 2245 3128 Constitutione,

1218 3141 1411 3181 dicuntur
1427 3141 1513 3181 haec
1531 3144 1626 3180 vota
1642 3154 1724 3180 non
1743 3142 1832 3181 fieri
1854 3142 1895 3180 in
1913 3142 2107 3180 manibus
2124 3141 2248 3180 alicu-

1214 3202 1298 3253 jus,
1333 3203 1403 3253 qui
1434 3202 1489 3241 ita
1516 3203 1585 3241 illa
1604 3206 1790 3254 acceptet
1814 3203 1880 3242 vel
1899 3203 2083 3255 recipiat,
2111 3203 2260 3241 ut80-1·

1219 3263 1412 3302 cietatem
1438 3264 1593 3315 obliget
1611 3264 1664 3303 ad
1689 3276 1738 3304 ea
1763 3277 1929 3316 semper
1946 3265 1988 3303 in
2012 3276 2087 3303 suo
2109 3263 2246 3302 valore

1218 3325 1436 3364 retinenda
1472 3329 1513 3364 et
1544 3326 1844 3365 conservanda.
1868 3327 1917 3365 Et
1948 3326 2094 3365 eodem
2123 3333 2248 3361 sensu

1221 3385 1370 3425 dicitur
1400 3387 1444 3425 in
1479 3387 1755 3427 declaratione
1782 3388 1994 3427 neminem
2023 3385 2120 3423 talia
2152 3386 2247 3422 vota

1221 3448 1454 3497 admittere,
1478 3449 1644 3497 scilicet,
1667 3454 1712 3489 ut
1728 3450 1913 3489 absolute
1933 3450 2132 3497 perpetua
2149 3445 2243 3493 sint,

1221 3509 1295 3548 sed
1318 3510 1451 3548 solum
1487 3511 1565 3550 sub
1601 3511 1836 3550 conditione
1870 3505 2168 3551 subintellecta,
2191 3503 2249 3549 Si

1222 3569 1405 3611 Societas
1426 3571 1654 3622 hujusmodi
1664 3580 1854 3623 personas
1875 3567 2042 3608 retinere
2071 3567 2178 3615 velit,
2202 3568 2252 3616 ut
