2352 3880
175 251 279 294 ¹092

173 317 295 359 candi
336 316 529 369 seipsum.
563 317 804 358 Fundantur
830 316 1010 357 maxime
1042 316 1088 359 in
1122 315 1194 358 illo

170 378 311 426 verb0,
331 379 369 418 si
391 379 614 430 peccaverit
632 377 676 420 in
694 382 731 420 te
741 395 759 426 ;
779 390 878 419 nam
908 377 1012 419 illud
1040 389 1125 420 non
1142 378 1196 419 si-

161 438 339 491 ·gnificat
358 451 489 480 coram
509 443 560 490 te,
578 443 625 480 ut
650 439 771 480 multi
797 439 1027 492 exposuisse
1048 439 1195 481 viden-

167 501 250 548 tur,
277 499 347 539 sed
366 503 505 542 contra
524 505 575 552 te,
596 505 643 541 ut
663 502 886 554 proprietas
912 501 1040 551 verbi,
1061 502 1194 554 Scrip-

167 561 270 599 turae
301 572 410 610 usus,
431 563 640 614 Evangelii
668 567 892 612 contextus,
914 567 956 603 et
974 563 1093 603 multi
1121 564 1193 604 Pa-

183 631 248 661 res
267 621 410 663 docere
428 624 632 665 videntur.
650 626 752 666 Nam
765 627 883 678 juxta
892 625 1079 665 Latinam
1099 636 1192 676 pro-

148 681 395 735 ³prietatem,
415 686 615 738 particula
631 687 687 735 in,
707 687 831 727 talem
844 686 968 726 habet
987 685 1191 737 significa-

163 743 318 785 tionem
336 746 380 786 in
399 748 524 791 simili
541 753 749 798 contextu,
765 750 885 801 juxta
895 747 998 788 illud
1010 747 1188 799 Virgilii,

163 804 327 848 AEneid.
347 809 388 851 1.

254 905 349 951 Quid
364 916 466 943 meus
482 910 610 944 AEneas
627 909 666 943 in
679 911 714 942 te
730 908 955 943 committere
970 910 1125 948 tantum,

253 962 343 1004 Quid
356 961 476 995 Troies
492 964 637 1001 potuere
646 959 665 991 ⁴?

146 1063 376 1116 2Nunquam
393 1064 530 1100 autem
546 1057 776 1110 significare
793 1058 895 1099 solet
907 1058 963 1100 In
981 1062 1032 1108 te,
1048 1057 1090 1099 id
1108 1063 1182 1110 est,

157 1138 294 1166 coram
314 1129 369 1172 te,
391 1126 462 1161 aut
488 1125 530 1160 te
556 1120 707 1159 sciente
723 1135 735 1169 3
759 1132 843 1159 non
862 1124 921 1160 est
954 1124 1093 1160 autem
1112 1133 1184 1161 cur

145 1186 334 1234 ‚litteram
355 1183 406 1223 ad
426 1181 696 1234 improprium
714 1192 879 1221 sensum
898 1185 1181 1233 torqueamus.

143 1238 220 1297 >sic
237 1246 360 1287 etiam
372 1245 514 1284 Genes.
536 1244 603 1292 39,
620 1250 660 1282 et
673 1242 799 1283 Exod.
815 1244 880 1292 10,
896 1242 1046 1282 dicitur
1063 1255 1072 1281 :
1088 1242 1185 1285 Peo-

153 1319 244 1350 σανα
259 1308 303 1350 in
322 1308 538 1347 Dominum
555 1321 572 1352 ,·
593 1308 633 1344 et
649 1308 665 1343 1
690 1305 790 1355 Reg.
813 1306 864 1344 2:
889 1303 942 1345 Si
954 1305 1184 1356 peccaverit

142 1370 218 1425 ,vir
235 1370 281 1410 in
297 1368 441 1415 virum,
458 1366 617 1420 placari
638 1365 672 1406 ei
688 1368 818 1418 potest
843 1366 971 1410 Deus,·
993 1365 1030 1405 si
1047 1368 1178 1407 autem

151 1430 196 1472 in
207 1431 422 1470 Dominum
435 1427 655 1481 peccaverit
667 1427 745 1475 cir,
763 1425 851 1478 quis
873 1426 1003 1466 orabit
1014 1437 1090 1478 pro
1110 1427 1178 1468 eo?

151 1495 192 1531 et
209 1492 303 1531 Luc.
323 1492 374 1530 27
397 1503 406 1527 ε
437 1488 491 1531 Si
505 1489 727 1541 peccaverit
747 1488 910 1539 (inquit)
931 1488 1028 1528 inte
1046 1489 1179 1538 frater

150 1557 259 1602 tuus,
271 1554 433 1604 increpa
451 1551 585 1598 illum,
608 1554 643 1590 et
672 1549 708 1590 si
731 1550 1006 1602 paenitentiam
1039 1550 1175 1603 eyerit,

150 1617 305 1658 dimitte
326 1615 415 1662 illi‚·
437 1618 473 1655 et
491 1613 528 1654 si
540 1612 679 1665 septies
690 1614 734 1653 in
753 1614 815 1653 die
833 1611 1049 1664 peccaverit
1069 1614 1175 1660 inte,

142 1674 186 1719 'et
196 1677 340 1730 septies
358 1677 402 1717 in
421 1674 481 1716 die
509 1686 713 1715 conversus
734 1674 858 1726 fuerit
875 1675 929 1714 ad
948 1678 998 1719 te,
1021 1674 1151 1715 dicens
1163 1691 1177 1713 .-

140 1729 323 1781 'Poenitet
338 1750 411 1786 me,
430 1737 586 1778 dimitte
605 1736 672 1776 uzi
690 1752 707 1782 ,-
723 1748 814 1788 quae
833 1735 956 1774 verba
970 1766 982 1784 ‚
1001 1735 1067 1775 νει
1084 1739 1179 1775 sunt

148 1801 305 1850 eadem,
329 1799 395 1839 vel
422 1798 572 1837 similia
588 1798 653 1837 his
683 1810 775 1850 quae
808 1797 950 1837 Matth.
977 1797 1116 1846 refert,
1138 1801 1178 1837 et

146 1865 286 1902 tamen
299 1860 433 1900 inillis
453 1860 563 1899 idem
578 1863 650 1908 est,
664 1870 826 1910 peccare
855 1860 899 1898 in
916 1862 966 1907 te,
986 1871 1047 1908 ac,
1068 1859 1176 1910 inju-

145 1923 252 1963 riam
267 1922 342 1961 tibi
358 1922 564 1967 facere,ut
590 1920 764 1972 probant
787 1920 911 1959 verba
933 1920 1172 1971 subjuncta,

147 1983 303 2027 dimitte
318 1983 384 2023 itti
401 2000 415 2030 ;
435 1994 518 2021 non
538 1981 649 2021 enim
675 1985 807 2032 potest
826 1981 951 2020 homo
969 1981 1175 2021 dimittere

147 2046 287 2085 omnia
305 2048 469 2097 peccata
497 2054 587 2095 quae
622 2054 758 2082 coram
782 2054 823 2081 se
840 2042 945 2081 fiunt
959 2072 972 2091 ,
995 2042 1065 2082 sed
1085 2054 1175 2094 quae

145 2105 253 2146 fiunt
279 2106 324 2145 in
363 2117 478 2144 suam
511 2104 718 2155 injuriam.
756 2103 870 2143 Unde
897 2103 1006 2143 hunc
1051 2103 1175 2142 etiam

146 2180 311 2209 sensum
323 2167 567 2207 confirmant
582 2165 720 2215 verba,
737 2177 845 2217 quae,
860 2165 1004 2207 Matth.
1022 2166 1086 2214 18,
1103 2166 1175 2206 Pe-

146 2233 235 2270 trus
263 2229 503 2280 subjunxit:
523 2227 717 2276 Domine,
740 2228 891 2279 quotics
918 2227 1098 2278 peccabit
1131 2227 1176 2267 in

145 2303 206 2332 me
235 2293 369 2342 frater
392 2301 514 2339 meus,
533 2293 569 2331 et
600 2288 800 2330 dimittam
835 2288 898 2329 ei?
918 2288 959 2327 id
976 2292 1052 2336 est,
1077 2298 1175 2339 quo-

147 2353 223 2392 ties
251 2364 317 2392 me
345 2351 551 2392 offendet?
575 2350 834 2390 intellexerat
872 2361 969 2400 ergo
1002 2349 1175 2389 verbum

138 2413 355 2456 christiin
379 2413 449 2452 illo
472 2424 618 2459 sensu;
641 2422 738 2451 nam
766 2414 980 2462 propterea
1008 2410 1176 2462 subjun-

143 2476 206 2518 xit
221 2474 335 2514 illam
354 2473 731 2526 interrogationem,
754 2472 921 2524 ejusque
940 2471 1174 2523 intelligen-

144 2536 248 2577 tiam
274 2535 532 2575 confirmavit
557 2535 752 2582 Christus,
770 2534 951 2585 subjecta
979 2533 1174 2586 parabola

145 2597 196 2639 de
221 2609 318 2650 rege
337 2598 403 2637 cui
431 2609 571 2637 servus
590 2596 764 2637 debebat
796 2595 936 2636 decem
965 2596 1096 2637 millia
1114 2600 1175 2636 ta-

145 2659 273 2709 lenta,
295 2671 385 2711 quae
399 2659 556 2699 dimisit
582 2659 620 2699 ei
642 2673 654 2708 3
677 2658 763 2710 ipse
788 2661 928 2697 autem
948 2662 1084 2710 postea
1101 2670 1173 2697 ur-

145 2720 268 2772 gebat
301 2732 542 2760 conservum
574 2718 650 2759 sibi
680 2718 906 2759 debitorem
928 2749 938 2767 ,
969 2719 1113 2759 nolens
1137 2719 1175 2759 ei

145 2781 354 2821 remittere
369 2796 381 2831 3
402 2793 500 2834 ergo
520 2784 582 2821 est
609 2792 742 2820 sermo
761 2780 811 2819 de
829 2783 992 2832 peccato
1026 2781 1071 2820 in
1104 2780 1175 2820 ali-

145 2853 286 2894 quem,
312 2854 365 2885 ex
383 2855 466 2897 quo
484 2842 668 2884 debitum
686 2842 846 2882 ratione
864 2841 1027 2892 injuriae
1043 2842 1173 2882 nasci-

144 2905 239 3005 tmg·
271 2965 470 3005 Praeterea
487 2966 545 3004 ita
560 2963 762 3003 intellexit
780 2962 891 3002 hunc
906 2963 1040 3002 locum
1058 2963 1176 3002 Inno-

148 3026 304 3065 centius
324 3027 390 3073 ΙΙΙ,
421 3027 466 3066 in
497 3038 532 3066 c.
563 3026 704 3075 Novit,
723 3025 772 3064 de
790 3025 977 3076 Judiciis,
1004 3025 1087 3064 ibi:
1115 3025 1177 3067 Et

147 3099 219 3129 rea>
236 3087 398 3141 Anqlioe
421 3088 477 3128 sit
507 3091 681 3139 paratus
715 3087 958 3138 sufficienter
978 3088 1176 3129 ostendere

139 3149 250 3201 'quod
266 3159 338 3190 rea>
356 3148 611 3189 Francorum
639 3151 772 3199 peceat
802 3149 846 3189 in
871 3150 1018 3202 ipsum,
1036 3148 1078 3187 id
1098 3152 1171 3199 est,

138 3210 318 3250 'offendit
336 3211 486 3262 ipsum,
505 3210 689 3262 quamvis
708 3211 840 3259 glossa
855 3210 913 3249 ibi
935 3211 1043 3249 dicat
1061 3211 1174 3251 Chri-

147 3275 257 3311 stum
282 3271 503 3311 Dominum
521 3271 566 3310 in
585 3270 666 3310 alio
685 3282 805 3309 sensu
827 3271 949 3310 fuisse
966 3271 1169 3320 locutum3

147 3332 258 3386 quod
275 3336 414 3373 tamen
442 3345 526 3373 non
559 3331 717 3385 probat.
748 3332 870 3371 Favet
905 3332 1030 3371 etiam
1063 3333 1173 3373 idem

94 3388 98 3391 ⁴
148 3395 408 3435 Innocentius
427 3395 492 3444 III,
508 3395 553 3434 in
569 3407 605 3435 c.
628 3394 727 3436 Cum
745 3405 792 3435 exc
811 3393 1006 3445 injuncte,
1022 3394 1071 3434 de
1087 3395 1176 3435 Hae-

148 3460 225 3496 ret.
239 3467 253 3507 3
273 3460 314 3496 et
339 3455 663 3508 Chrysostomus,
693 3455 764 3506 qui
794 3453 936 3494 homil.
964 3456 1015 3494 70
1033 3455 1084 3495 ad
1104 3468 1173 3508 po-

149 3517 295 3569 pulum
314 3517 373 3558 ita
390 3517 534 3558 alludit
553 3517 605 3557 ad
634 3516 745 3556 hunc
763 3515 898 3555 locum
915 3527 925 3556 :
961 3517 1014 3557 Si
1034 3521 1173 3559 contra

148 3589 210 3619 me
226 3583 464 3630 peccantem,
482 3582 692 3632 postquam
725 3589 784 3618 me
805 3589 880 3617 non
900 3578 1089 3628 audierit,
1113 3581 1175 3619 ita

147 3641 336 3693 pracepit
349 3641 546 3690 aversari,
567 3643 662 3690 etc.;
679 3642 722 3681 et
741 3638 885 3680 eodem
915 3639 1036 3680 modo
1051 3651 1175 3693 expo-

451 254 527 291 ΠΒ.
549 254 591 289 Χ.
613 253 668 289 m:
686 252 882 288 REGfflINE
901 251 1148 295 SOCIETATIS,
1171 253 1225 289 ET
1245 250 1564 294 CONSEQUEN'I'ER
1582 252 1638 289 DE
1655 252 1868 290 PRAELA'HS
1885 256 1994 295 EIUS.
2315 305 2318 309 Ι

1247 318 1310 359 nit
1321 317 1492 358 Basilius
1509 317 1554 358 in
1572 316 1717 370 regula
1732 318 1827 368 232,
1847 330 1899 360 ex
1913 321 2183 374 brevioribus,
2196 321 2271 366 uhi

1249 380 1406 420 confert
1426 378 1551 420 verba
1579 378 1653 419 illa
1670 379 1835 429 Christi,
1852 380 1996 422 Matth.
2013 385 2058 425 ss
2081 397 2092 426 z
2114 386 2269 431 Dimit-

1249 441 1334 489 tite,
1371 440 1411 482 si
1443 441 1542 494 quid
1572 441 1724 483 habetis
1758 441 1948 484 adversus
1969 443 2152 498 aliquem,
2175 457 2271 490 cum

1247 503 1354 542 illis:
1377 500 1432 544 Si
1451 504 1675 554 peccaverit
1691 503 1737 544 in
1755 506 1791 544 te
1809 505 1941 555 frater
1958 507 2078 552 tuum
2091 508 2269 551 sentiens

1246 564 1289 603 in
1302 567 1474 616 utroque
1495 576 1580 605 esse
1599 576 1826 605 sermonem
1858 565 1908 606 de
1941 565 2141 607 inferente
2157 569 2269 622 inju-

1244 625 1363 674 riam,
1381 638 1503 677 quam
1521 630 1661 666 tamen
1671 627 1730 666 ita
1743 626 1841 666 dicit
1859 638 1945 667 esse
1963 628 2265 682 dimittendam,

1244 690 1290 725 ut
1309 688 1447 727 tamen
1469 687 1749 728 admonitione
1766 688 1851 730 leni
1866 693 1906 729 et
1920 690 2186 742 castigatione
2200 689 2270 732 ad-

1243 758 1381 787 versus
1399 748 1535 800 ipsum
1553 749 1716 802 injuriae
1743 754 1951 791 auctorem
1970 751 2033 791 uti
2067 753 2266 804 oporteat.

1241 809 1352 849 Idem
1370 811 1492 850 sentit
1523 811 1569 851 in
1602 811 1755 864 regulis
1789 811 1918 852 fusius
1935 812 2163 864 disputatis,
2183 822 2270 854 res-

1240 881 1356 924 pons.
1378 873 1418 911 9.
1440 871 1519 912 Ubi
1537 884 1631 913 cum
1661 873 1828 912 dixisset
1849 885 1933 913 non
1952 886 2035 913 esse
2063 873 2267 926 religiosis

1240 931 1485 984 litigandum
1502 945 1598 974 cum
1617 933 1681 973 his
1694 945 1719 974 a
1733 934 1880 985 quibus
1895 935 2090 986 injuriam
2104 936 2267 987 patiun-

1240 997 1320 1044 tur,
1344 994 1481 1034 subdit
1502 1005 1513 1036 :
1533 995 1777 1038 Admonendi
1794 1000 1889 1038 sunt
1906 1000 2051 1046 tamen,
2073 996 2140 1049 qui
2165 996 2267 1041 tates

1237 1060 1349 1106 sunt,
1374 1064 1469 1106 etc.,
1489 1061 1538 1100 ut
1552 1068 1766 1108 pareamus
1780 1061 1976 1111 proecepto
1999 1058 2179 1107 Domini,
2195 1059 2275 1115 quis

1238 1117 1344 1159 dixit
1359 1135 1373 1157 .·
1396 1117 1451 1160 Si
1467 1120 1687 1171 peccaverit
1714 1119 1760 1159 in
1786 1123 1823 1160 te
1841 1120 1976 1169 frater
2013 1124 2120 1162 tuus.
2145 1120 2274 1160 Eam-¹

1235 1178 1328 1218 dem
1349 1180 1644 1232 expositionem
1662 1180 1845 1220 indicant
1866 1180 2045 1221 Hilarius
2064 1186 2104 1222 et
2121 1182 2265 1223 Hiero·

1234 1251 1384 1291 nymus
1419 1241 1463 1280 in
1494 1241 1655 1289 Matth„
1677 1246 1717 1281 et
1745 1242 1982 1283 Ambrosius
2011 1244 2056 1282 in
2093 1244 2273 1294 Lucam,-

1234 1301 1318 1342 imo
1340 1305 1380 1342 et
1399 1303 1661 1343 Innocentius
1679 1304 1746 1352 III,
1762 1304 1807 1343 in
1826 1317 1860 1344 c.
1882 1304 1979 1348 Cum
1998 1317 2045 1346 ecc
2065 1304 2260 1357 injuncto,

1235 1363 1284 1403 de
1303 1363 1469 1413 Haeret„
1491 1365 1600 1405 idem
1627 1365 1879 1417 significans,
1903 1371 1944 1406 et
1971 1366 2134 1407 dicens:
2160 1366 2260 1410 Cum

1232 1426 1345 1468 aliud
1357 1428 1415 1468 sit
1429 1428 1599 1476 fratrem
1617 1429 1662 1468 in
1681 1431 1718 1468 te
1735 1432 1952 1480 peccantem
1972 1429 2115 1469 occulte
2134 1428 2257 1470 corri-

1228 1500 1319 1540 pere
1354 1490 1565 1529 secundum
1595 1490 1775 1540 requiam
1811 1490 2114 1541 Evanqucam,
2154 1489 2257 1532 illud

1231 1550 1343 1589 enim
1362 1551 1402 1590 in
1421 1554 1471 1598 te,
1490 1550 1601 1589 idem
1617 1550 1818 1601 significat
1838 1563 1885 1590 ac
1903 1556 2045 1591 contra
2062 1556 2116 1592 te.
2140 1553 2260 1593 Deni-

1233 1624 1311 1664 que
1329 1613 1453 1651 etiam
1469 1613 1514 1652 D.
1536 1612 1802 1664 Augustinus,
1823 1624 1943 1652 serm.
1965 1615 2015 1652 16
2035 1614 2084 1653 de
2113 1614 2257 1655 Verbis

1231 1674 1408 1722 Domini,
1433 1674 1482 1713 de
1516 1674 1669 1726 injuria
1695 1674 1858 1725 propria
1885 1674 1955 1713 illa
1986 1674 2111 1714 verba
2139 1675 2260 1716 intel‹

1230 1735 1344 1784 lexit,
1381 1736 1541 1775 dicens:
1560 1736 1638 1777 Ille
1658 1737 1854 1787 injuriam
1872 1736 1976 1786 fecit,
1996 1741 2032 1778 et
2059 1737 2257 1788 injuriam

1229 1797 1405 1849 faciendo
1438 1799 1555 1850 yravi
1588 1799 1763 1850 seipsum
1791 1798 1950 1839 vulnero
1972 1799 2188 1851 percussit,
2213 1802 2258 1842 tu

1231 1859 1375 1900 vulnus
1393 1861 1541 1910 fratris
1577 1864 1837 1908 contemnens,
1860 1860 1974 1912 pejor
2007 1872 2046 1900 es
2081 1859 2256 1910 tacendo,

1229 1932 1346 1972 quam
1363 1919 1431 1961 ille
1449 1921 1719 1966 convitiando;
1732 1925 1772 1960 et
1786 1920 1881 1959 inde
1901 1921 2055 1971 colligit
2070 1933 2155 1960 non
2171 1932 2258 1963 esse

1230 1981 1318 2020 leve
1336 1987 1547 2033 peccatum
1567 1994 1731 2033 peccare
1748 1982 1792 2021 in
1810 1981 2021 2021 hominem
2034 1993 2047 2032 3
2062 1982 2257 2034 intelligit

1230 2054 1327 2093 ergo
1348 2055 1512 2094 peccare
1542 2043 1586 2082 in
1615 2047 1669 2092 te,
1691 2042 1801 2082 idem
1834 2055 1920 2083 esse
1954 2044 2059 2094 quod
2089 2036 2262 2096 peccare'

1230 2107 1371 2143 contra
1387 2108 1439 2144 te.
1460 2105 1643 2156 Denique
1659 2105 1705 2143 D.
1725 2104 1917 2153 Thomas,
1939 2117 2059 2155 super
2090 2104 2263 2155 Matth.,·

1229 2164 1288 2204 ita
1305 2176 1400 2204 cum
1417 2166 1536 2217 gloss.
1558 2166 1753 2218 exponit:
1777 2166 1832 2208 Si
1851 2165 2049 2208 iniuriam
2085 2167 2146 2207 vet
2165 2177 2256 2208 con-

1229 2227 1433 2267 tumeliam
1453 2227 1637 2269 intulerit
1656 2227 1745 2271 tibi.
1775 2227 1825 2266 Et
1848 2227 2064 2278 Cajetanus
2082 2226 2141 2265 ibi
2173 2223 2262 2284 ait,}

1230 2287 1285 2330 Si
1312 2291 1533 2342 peccaverit
1550 2289 1596 2332 in
1615 2291 1666 2338 te,
1687 2288 1863 2341 positum
1883 2300 1968 2327 esse
1989 2289 2038 2328 ad
2058 2288 2261 2346 differem,-

1227 2348 1330 2391 tiam
1351 2350 1506 2402 peccati
1536 2350 1581 2391 in
1618 2349 1809 2390 alterum.
1832 2349 1981 2390 Probat
2002 2349 2126 2391 etiam
2146 2350 2262 2409 ΛΜΝ-ξ

1226 2409 1350 2451 lensis
1380 2410 1452 2462 ibi,
1477 2423 1520 2464 q.
1545 2411 1598 2454 84
1609 2426 1622 2461 3
1650 2411 1996 2465 Theophylactus,
2030 2416 2069 2454 et
2097 2411 2261 2467 Euthy-*t

1228 2482 1348 2515 m1us.

1280 2536 1322 2575 9.
1351 2531 1423 2577 E'ae
1456 2531 1553 2576 data
1581 2533 1911 2586 interpretatione
1945 2545 2024 2575 non
2048 2532 2254 2589 cottiyitur

1229 2597 1320 2637 ordo
1356 2594 1417 2637 cel
1447 2599 1691 2649 praeceptum
1711 2594 1963 2639 correctionis
1979 2598 2251 2646 fraternae.—

1227 2658 1350 2698 Juxta
1368 2657 1474 2696 hanc
1489 2669 1585 2708 ergo
1603 2658 1982 2709 interpretationem
2004 2670 2087 2697 non
2116 2658 2251 2698 solum

1227 2732 1309 2759 non
1330 2719 1466 2770 agitur
1486 2719 1536 2758 de
1555 2719 1667 2758 omni
1686 2724 1848 2770 peccato
1865 2720 2015 2766 fratris,
2034 2718 2106 2758 sed
2127 2719 2252 2759 etiam

1227 2780 1430 2831 colligitur
1446 2779 1615 2818 ulterius
1631 2778 1833 2818 Christum
1845 2780 2063 2818 Dominum
2083 2779 2149 2819 hic
2167 2791 2251 2822 nou

1227 2843 1355 2893 egisse
1388 2840 1439 2880 de
1462 2840 1585 2880 modo
1621 2840 1799 2879 fraterne
1836 2840 2079 2891 corripiendi
2114 2841 2252 2882 omnia

1227 2906 1404 2955 peccata,
1426 2901 1495 2940 sed
1517 2901 1567 2941 de
1582 2901 1759 2953 perfecto
1778 2901 1900 2941 modo
1920 2902 2122 2942 tolerandi
2143 2902 2252 2954 inju-

1226 2964 1321 3010 rias,
1344 2966 1389 3001 ut
1408 2974 1491 3001 non
1518 2962 1648 3001 solum
1682 2974 1749 3002 eas
1779 2975 1863 3002 non
1881 2963 2156 3012 vendicemus,
2177 2974 2256 3005 ve-⁴

1227 3037 1320 3065 rum
1349 3024 1472 3063 etiam
1497 3024 1763 3075 injuriantem
1789 3024 1941 3063 lucrari
1967 3035 2225 3076 procuremus
2233 3034 2247 3074 ;

1228 3085 1440 3134 Probatur,
1461 3086 1558 3137 quia
1580 3085 1638 3125 ibi
1655 3085 1834 3127 Christus
1861 3098 1943 3125 non
1961 3086 2045 3136 agit
2060 3086 2108 3124 de
2137 3086 2252 3126 omni

1226 3152 1406 3201 peccato,
1426 3147 1495 3187 sed
1514 3147 1645 3187 solum
1666 3148 1716 3187 de
1757 3147 1910 3199 injuria
1939 3147 2125 3199 propria3
2151 3158 2250 3199 ergo

1226 3210 1321 3249 inde
1344 3221 1426 3248 non
1460 3213 1590 3262 potest
1615 3209 1749 3261 colligi
1772 3208 1960 3260 generale
1979 3212 2248 3260 praeceptum;

1226 3274 1326 3325 quin
1343 3273 1477 3325 potius
1496 3283 1628 3324 neque
1647 3272 1691 3310 in
1710 3272 1875 3323 propria
1891 3271 2041 3322 injuria
2072 3269 2250 3310 curanda

1227 3334 1389 3374 videtur
1403 3335 1471 3374 ille
1486 3334 1582 3373 ordo
1598 3345 1623 3372 a
1641 3333 1798 3373 Christo
1815 3333 1987 3372 Domino
2005 3335 2253 3384 praeceptus,

1227 3400 1317 3435 tum
1340 3397 1437 3448 quia
1454 3395 1614 3434 nullum
1640 3399 1700 3434 est
1718 3394 1778 3433 ibi
1796 3394 1983 3442 verbum,
2007 3393 2115 3444 quod
2137 3389 2256 3440 rigo-'

1227 3469 1315 3497 rem
1333 3459 1526 3509 praecepti
1545 3467 1626 3507 prae
1645 3467 1687 3496 se
1709 3455 1827 3504 ferat,
1849 3455 1918 3495 sed
1935 3458 2096 3494 tantum
2112 3450 2248 3502 cujus-

1227 3518 1322 3558 dam
1350 3518 1462 3558 utilis
1483 3518 1675 3558 doctrinae
1696 3517 1763 3558 vel
1791 3516 1976 3565 consilii;
2002 3519 2091 3553 tum
2122 3511 2248 3552 etiam

1227 3581 1323 3631 quia
1344 3580 1523 3619 Christus
1556 3579 1751 3619 Dominus
1785 3577 1946 3618 nullum
1961 3574 2072 3614 dedit
2096 3583 2248 3624 praece-

1228 3645 1345 3693 ptum
1361 3642 1597 3694 positivum,
1618 3641 1698 3681 nisi
1713 3641 2075 3686 sacramentorum,
2086 3637 2134 3676 ut
2145 3633 2255 3676 alius
2279 3662 2282 3664 -
2348 3631 2352 3639 '

2229 3766 2278 3880 i
2348 3775 2352 3864 2
