2352 3880
350 299 440 334 cAP.
462 300 505 334 X.
528 297 582 334 m:
602 297 713 334 VOTO
731 291 1032 334 mmesunm
1052 283 1307 336 DIGMTATEH
1326 299 1511 342 meum
1531 301 1838 338 PROCURANTES.

14 342 226 473 ψ
254 361 356 416 felia
389 366 609 409 Societatis
638 363 773 421 'status
805 366 1070 414 conservetur,

19 441 31 448 ·
102 427 346 484 iyeutissime
376 427 628 470 ambitionem
657 424 893 477 submovere,
916 439 963 470 ae
985 426 1073 468 adi-

20 486 129 536 'M
160 488 216 532 ad
251 490 513 542 diquitatm,
542 489 603 530 vel
637 489 912 541 praelationem
947 489 1072 532 ultam

22 547 187 602 ‘Ur-ecte
214 551 274 593 vel
304 549 491 592 indirecte
523 550 774 602 quaerendam
807 551 852 592 iu
875 551 1074 608 Societate

22 621 30 627 ·
127 613 308 660 cludere,·
325 617 367 653 et
393 611 582 664 proxime·
605 611 842 652 subduntur
858 613 985 652 verba
1002 610 1074 652 illa

25 682 35 690 “
122 679 192 724 ta,
207 668 344 716 *omues
362 674 554 727 professi,
587 677 666 714 etc.
687 674 747 714 Ex
777 687 859 726 quo
880 677 1073 715 contextu

24 728 164 792 [piane
196 739 380 784 constat,
401 735 503 774 illud
531 735 774 785 relativum,
794 737 848 777 ad
874 748 959 778 eam
978 731 1074 777 obti-

15 793 221 845 ‘fumeum
241 797 396 837 referre
428 797 564 837 solum
593 797 839 850 dignitatem
863 802 903 838 et
931 799 1074 850 praela-

27 855 193 902 ‘fiunem
208 859 253 898 in
271 860 488 899 Societate.
510 861 611 900 Item
624 890 634 907 ,
658 860 756 912 quia
774 860 826 900 de
848 860 938 899 aliis
959 863 1076 899 extra

31 916 286 963 'Societatem
301 922 437 960 statim
454 921 644 961 subditur
663 934 672 960 ε
689 921 938 963 Promittant
954 922 1074 962 etiam

31 982 262 1025 ‘helizatiam
293 987 408 1024 extra
435 983 672 1024 Societatem
692 982 988 1035 praelationem,
1011 982 1073 1022 eet

42 1038 271 1101 lignitatem
284 1057 325 1085 se
338 1044 551 1098 quidquam
570 1049 743 1086 acturos.
760 1046 817 1084 De
837 1044 1073 1084 deferendis

38 1101 179 1146 *nutem
195 1106 516 1157 praetensoribus
540 1106 687 1144 harum
704 1103 950 1157 dignitatum
970 1105 1072 1144 nihil

42 1166 317 1218 subjungitur.
349 1167 430 1207 Nee
462 1167 542 1207 dici
569 1171 702 1219 potest
730 1167 817 1206 haec
843 1167 1075 1219 posteriora

39 1229 165 1270 'Verba
180 1229 450 1281 intelligenda
470 1242 558 1268 esse
569 1229 688 1279 juxta
707 1229 860 1279 priora,
878 1229 977 1280 quia
996 1230 1074 1268 1106

40 1290 200 1332 nullum
229 1291 356 1330 habet
382 1291 424 1330 iu
454 1294 647 1330 contextu
668 1289 1004 1339 fundamentum,
1034 1295 1078 1331 et

42 1352 223 1392 materiae
246 1357 342 1391 sunt
371 1353 540 1391 omnino
570 1351 767 1400 diversae3
799 1353 904 1391 sicut
926 1366 949 1392 6
978 1364 1075 1391 6011-

41 1424 158 1455 verso
174 1413 217 1453 in
232 1414 450 1466 posteriori
467 1413 653 1453 clausula
672 1413 836 1453 additur
855 1414 1075 1465 promissio

42 1480 126 1517 hon
142 1476 384 1527 acceptandi
405 1476 650 1528 dignitatem
670 1480 784 1515 extra
810 1476 1074 1523 Societatem,

41 1538 119 1578 nisi
138 1543 347 1590 praecepto
369 1541 587 1589 cogantur,
611 1537 738 1588 quod,
757 1537 854 1588 quia
882 1539 923 1576 in
949 1536 1076 1588 priori

42 1599 228 1640 additum
249 1612 333 1638 non
352 1599 428 1638 fuit
444 1629 453 1647 ,
490 1598 543 1639 ad
574 1598 795 1650 dignitates
815 1598 922 1637 intra
941 1598 1076 1637 Socie-

42 1666 171 1702 tatem
191 1673 275 1701 non
302 1661 552 1709 extenditur,
575 1664 620 1699 ut
641 1673 782 1712 supra,
800 1672 890 1712 cap.
912 1664 1074 1708 octavo,

43 1735 219 1764 numero
266 1723 450 1765 secundo
471 1753 485 1772 ‚
529 1722 708 1762 vidimus
730 1735 742 1770 ;
784 1734 884 1774 ergo
931 1722 1078 1761 simili-

44 1788 121 1835 ter,
144 1789 222 1826 etc.

100 1849 139 1888 2.
163 1845 395 1899 Oppositum
413 1845 641 1886 resolvitur.
657 1866 711 1875 —
723 1846 881 1885 Puncta
901 1846 987 1886 tria
1005 1846 1079 1885 ku-

44 1909 112 1959 ius
142 1906 658 1957 capitis.-Nihilominus
693 1907 832 1959 praxis
862 1906 1081 1947 Societatis

45 1970 184 2028 habet,
207 1973 252 2010 ut
270 1969 321 2009 de
342 1969 529 2021 utrisque
549 1969 818 2021 dignitatibus
839 1969 919 2008 1106
938 1973 1081 2008 votum
1117 1968 1120 1972 ’

47 2031 131 2074 fiat.
154 2031 257 2072 Nam
280 2033 374 2084 post
393 2030 476 2070 duo
494 2035 591 2070 vota
610 2044 696 2071 nou
712 2030 964 2082 procurandi
980 2042 1082 2081 prae-

33 2094 243 2151 ·ljffiionem
274 2096 347 2133 aut-
372 2092 617 2145 diguitatem
645 2092 753 2131 iutra
778 2093 844 2132 vel
875 2095 991 2132 extra
1009 2092 1083 2130 So-

33 2152 253 2203 aetatem,
270 2155 435 2195 additur
454 2154 584 2197 :Tum
601 2155 640 2196 si
658 2167 768 2208 quem
786 2155 909 2196 sciam
930 2153 1087 2206 aliquid

34 2219 327 2289 ,proediotorum
355 2218 524 2258 duorum
543 2228 708 2265 curare,
737 2215 798 2257 vel
823 2217 1083 2268 proeteudere,

34 2281 237 2334 2promitto
259 2280 376 2320 illum
396 2290 552 2331 remque
575 2282 698 2320 totam
722 2289 782 2319 me
805 2279 1086 2326 manifestatu-

35 2341 143 2392 «νάπη
162 2341 375 2390 Societati,
395 2341 456 2382 vel
484 2341 712 2394 Proeposito
732 2341 833 2392 eJ‘us.
863 2340 980 2381 Unde
1001 2351 1087 2379 non

35 2393 117 2447 test
136 2404 308 2445 dubium
339 2403 439 2454 quin
459 2402 539 2442 hoc
563 2406 703 2442 votum
737 2402 893 2454 obliget
912 2402 955 2442 in
975 2406 1088 2442 utro-

35 2450 137 2520 ‹fq'ue
172 2477 326 2518 genere
346 2464 595 2515 dignitatum
608 2493 619 2512 ‚
649 2464 736 2503 sive
756 2463 858 2503 illud
885 2463 958 2503 fiat
979 2475 1030 2504 ex
1048 2463 1090 2503 vi

36 2527 259 2586 lpraedictae
277 2526 603 2575 Constitutionis,
630 2526 715 2566 sive
732 2525 858 2580 (quod
875 2527 976 2565 mihi
997 2538 1091 2578 pro-

37 2593 148 2644 'pter
164 2593 454 2642 argumentum
474 2593 649 2633 numero
666 2589 916 2640 praecedenti
935 2589 1091 2629 factum

41 2651 271 2711 'probabile
292 2656 352 2691 est
370 2651 379 2703 )
399 2651 470 2690 illa
495 2651 620 2690 fuerit
649 2652 834 2691 extensio
856 2652 1046 2702 quaedam
1066 2663 1092 2690 a

42 2708 178 2755 ttertia
216 2713 399 2766 generali
428 2712 760 2764 Congregatione
795 2713 903 2752 facta
917 2744 930 2763 ,
973 2714 1092 2765 cujus

45 2767 320 2825 s‘auctoritate,
337 2776 502 2815 decreto
522 2775 842 2826 quadragesimo
863 2780 994 2822 sexto,
1011 2775 1093 2814 for-

44 2839 133 2882 uila
147 2837 323 2878 vovendi
343 2850 368 2877 a
387 2838 520 2889 prima
544 2838 872 2890 Congregatioue
884 2839 973 2889 jam
989 2849 1094 2889 prae-

44 2900 229 2952 ascripta,
251 2900 416 2939 decreto
436 2901 529 2948 102,
556 2899 612 2940 ita
639 2903 808 2939 extensa
829 2904 905 2947 est,
925 2911 1022 2938 nam
1042 2898 1097 2938 ad

47 2960 146 3017 11106
162 2965 407 3013 potestatem
426 2960 551 3000 habet
570 2960 842 3012 Congregatio
863 2961 1094 3013 generalis;

48 3019 294 3064 cettortasse
314 3034 408 3062 cum
422 3023 480 3062 illi
490 3023 619 3062 tertiae
636 3022 954 3074 Congregationi
974 3023 1099 3062 inter—

48 3082 221 3141 Ofneriut
238 3084 355 3124 multi
373 3097 424 3124 ex
454 3085 654 3137 patribus,
675 3085 747 3136 qui
771 3089 811 3124 et
825 3084 1099 3124 intentionem

50 3144 118 3198 Ιὶξ,
137 3144 180 3190 P.
201 3145 372 3197 Ignatii,
402 3149 444 3185 et
466 3158 589 3186 usum
619 3146 834 3186 Societatis
854 3159 878 3184 a
898 3146 1098 3196 principio

47 3203 370 3271 eopgnoverunt‚
387 3206 494 3259 hanc
511 3208 600 3259 ejus
615 3208 741 3248 fuisse
759 3211 945 3246 mentem
965 3207 1100 3246 deela-

51 3271 233 3322 emunt,
262 3267 358 3307 licet
387 3268 470 3321 illis
502 3270 638 3309 verbis
665 3269 973 3309 Constitutionis
1003 3269 1102 3308 satis

110 3325 122 3331 ’
139 3322 278 3385 116616
298 3340 384 3368 11011
402 3329 539 3370 fuerit.
561 3330 648 3370 Hoc
671 3331 796 3382 igitur
823 3334 918 3370 voto
951 3342 1104 3381 suppo-

101 3438 108 3445 ,
143 3387 148 3389 ’
188 3386 268 3430 tria
283 3390 387 3430 sicut
404 3390 447 3430 in
466 3391 715 3442 praecedenti
730 3392 862 3444 capite
878 3391 987 3431 circa
1003 3390 1106 3430 illud

119 3448 126 3454 ”
219 3451 329 3493 anda
364 3455 601 3503 occurrunt,
633 3452 804 3502 utilitas,
840 3452 1028 3502 materia,
1064 3455 1108 3493 et

247 3614 286 3642 11-
334 3596 397 3642 De
413 3600 596 3642 utilitato
615 3599 736 3652 hujus
752 3599 850 3640 voti.

1119 365 1295 421 partita.
1314 386 1367 396 —
1380 365 1586 417 Probatur
1604 370 1774 420 utraque
1790 380 1893 421 pare
1906 371 2177 416 auctoritate.·'

1125 420 1294 467 -Circa
1309 427 1531 467 utilitatem
1544 428 1650 468 ratio
1664 430 1880 471 dubitandi
1898 442 1989 475 esse
2008 437 2159 486 potest,

1126 488 1223 540 quia
1241 488 1310 540 vel
1328 488 1407 528 1106
1436 488 1681 540 intelligitur
1700 491 1752 530 de
1773 492 2009 544 detegendo
2026 495 2164 536 erimi-

1126 561 1182 589 ne
1201 549 1386 598 alterius,
1409 550 1576 601 quande
1603 551 1658 589 ad
1674 563 1894 593 commune
1914 556 2071 596 bonum
2089 558 2164 597 So-

1127 612 1287 668 cietatis
1305 616 1367 652 est
1383 612 1681 671 necessarium,
1702 617 1744 653 et
1763 619 1900 664 potest
1917 628 2012 658 cum
2026 619 2165 659 fructu

1126 673 1233 723 fieri,
1251 674 1318 713 vel
1338 674 1526 714 absolute
1545 678 1585 713 et
1607 674 1695 713 sine
1715 675 1987 728 limitatione,
2007 684 2055 719 ut
2071 693 2165 720 ver-

1127 735 1182 776 ba
1216 740 1380 776 sonant.
1414 735 1544 776 Priori
1579 736 1704 774 modo
1737 741 1880 776 votum
1915 744 1976 779 est
2016 753 2166 791 parum

1127 797 1243 846 utile,
1261 798 1358 848 quia
1379 801 1478 836 tunc
1495 798 1584 849 ipsa
1600 798 1705 837 ratio
1726 798 1937 839 charitatis
1956 801 2112 852 obligat
2126 807 2167 844 et

1127 859 1277 898 sufficit
1303 860 1412 899 inter
1442 861 1552 900 viros
1581 860 1812 911 religiosos,
1832 873 1971 914 neque
2005 868 2168 915 oportet

1126 921 1299 972 laqueos
1328 923 1507 973 addere,
1531 923 1751 974 posteriori
1780 929 1920 964 autem
1950 926 2075 965 modo
2094 939 2165 966 vo«

1125 985 1215 1023 tum
1244 988 1354 1023 esset
1383 985 1587 1035 iniquum,
1622 986 1720 1035 quia
1743 986 1830 1025 sine
1852 989 2098 1027 necessitate
2126 990 2168 1030 61

1125 1045 1262 1084 fructu
1283 1045 1381 1084 boni
1401 1046 1634 1085 communis
1651 1059 1735 1086 non
1755 1052 1817 1086 est
1833 1050 2047 1099 proximus
2066 1051 2170 1090 inta-

1127 1108 1319 1148 mandus.
1343 1109 1618 1148 Nihilominus
1643 1110 1866 1150 dicendum
1899 1118 1985 1161 est,
2022 1118 2169 1156 votum-2

1127 1170 1207 1209 hoc
1230 1175 1270 1209 et
1291 1174 1480 1210 sanctum
1495 1202 1504 1218 ‚
1530 1177 1571 1211 et
1592 1173 1691 1211 utile
1711 1186 1801 1212 esse
1820 1175 2026 1215 Societati.
2049 1174 2170 1224 Quod

1129 1233 1372 1272 auctoritate
1393 1234 1647 1272 sufficienter
1666 1235 1866 1285 probatur
1885 1249 1936 1275 ex
1964 1236 2171 1289 approba-

1128 1294 1240 1333 tione
1257 1294 1523 1333 Summorum
1544 1296 1803 1346 Pontificum,
1820 1298 1886 1336 vel
1907 1299 2107 1349 generali,
2126 1302 2171 1339 ut

1130 1368 1154 1395 a
1183 1357 1310 1395 Paulo
1332 1358 1384 1396 ΙΙΙ
1411 1359 1451 1396 et
1470 1358 1578 1397 Julio
1599 1359 1666 1405 ΙΙΙ,
1693 1360 2037 1401 confirmantibus
2056 1362 2172 1401 insti-

1129 1422 1288 1466 tutum,
1320 1423 1362 1458 et
1390 1419 1718 1470 approbantibus
1746 1422 2081 1472 Constitutiones,
2104 1423 2171 1463 vel

1127 1480 1314 1530 speciali,
1336 1483 1382 1519 ut
1409 1493 1433 1518 a
1461 1481 1660 1533 Gregorio
1681 1483 1784 1531 XIII,
1803 1485 1845 1521 in
1871 1485 2171 1524 Constitutione

1130 1540 1372 1581 Ascendeute
1398 1543 1585 1590 Domino,
1620 1556 1670 1582 ex
1701 1556 1783 1594 qua
1813 1546 1938 1584 etiam
1964 1547 2174 1597 colligitur

1132 1602 1211 1641 hoc
1247 1607 1390 1641 votum
1425 1603 1575 1643 cadere
1609 1605 1652 1643 in
1686 1608 1883 1657 utrasque
1919 1607 2140 1658 dignitates
2155 1604 2174 1657 3'

1132 1676 1231 1702 nam
1256 1669 1349 1716 post
1377 1669 1473 1704 vota
1507 1678 1592 1704 non
1623 1668 1909 1718 praetendendi
1930 1668 2173 1719 dignitatem

1132 1726 1241 1765 intra
1282 1730 1353 1765 aut
1385 1731 1499 1766 extra
1530 1729 1781 1768 Societatem
1821 1730 2010 1768 subditur
2035 1732 2173 1771 :Item

1134 1787 1335 1829 Societati
1348 1819 1360 1837 ,
1390 1789 1451 1829 vel
1471 1790 1558 1840 eJus
1577 1791 1804 1842 Proeposito
1826 1793 2171 1842 manifestaturos,

1133 1849 1171 1889 si
1188 1861 1299 1901 quem
1317 1850 1446 1890 sciant
1468 1851 1627 1903 aliquid
1642 1853 1874 1903 hujusmodi
1895 1854 2045 1892 moliri.

1186 1912 1227 1948 4.
1259 1911 1466 1950 Probatur
1487 1912 1623 1950 deiude
1651 1914 1810 1952 ratione
1840 1914 1972 1964 quoad
1998 1914 2176 1966 priorem

1129 1974 1304 2024 partem.
1335 1991 1386 2000 -·-
1413 1970 1529 2010 Ratio
1565 1975 1704 2010 autem
1742 1974 1883 2022 quoad
1914 1975 2176 2014 honestatem

1137 2033 1263 2084 hujus
1280 2033 1363 2071 voti
1379 2033 1489 2071 clara
1509 2037 1585 2080 est,
1609 2034 1705 2084 quia
1727 2034 1889 2073 deferre
1910 2036 1963 2073 ad
1982 2037 2176 2087 Superio-

1137 2104 1227 2133 rem
1246 2098 1466 2145 peccatum
1489 2095 1667 2142 subditi,
1689 2096 1870 2134 maxime
1893 2097 2060 2146 quando
2081 2109 2176 2137 ver-

1139 2156 1197 2208 git
1217 2156 1260 2194 in
1280 2168 1501 2195 commune
1523 2156 1841 2203 detrimentum,
1872 2169 1948 2207 per
1974 2170 2018 2197 se
2049 2163 2090 2198 et
2127 2171 2176 2198 ex

1141 2218 1302 2270 objecto
1322 2218 1480 2256 bonum
1504 2222 1580 2264 est,
1602 2218 1828 2256 dummodo
1859 2218 1998 2258 debito
2034 2220 2117 2258 fine
2138 2224 2177 2260 et

1140 2280 1458 2320 circumstantiis
1488 2279 1701 2318 vestiatur.
1734 2278 1799 2319 Sic
1828 2279 2013 2319 Christus
2049 2282 2177 2331 dixit,

1139 2342 1283 2382 Matth.
1305 2342 1355 2381 18
1375 2352 1385 2380 :
1408 2342 1486 2381 Dic
1506 2341 1727 2388 Ecclesia,-
1747 2346 1890 2380 votum
1919 2347 2059 2382 autem
2082 2344 2178 2392 hoc,

1142 2405 1330 2456 quamvis
1363 2403 1603 2454 simpliciter
1629 2405 1670 2442 et
1701 2404 1889 2442 absolute
1912 2404 2007 2453 fiat,
2031 2405 2181 2444 intelli-

1145 2466 1327 2518 gendum
1351 2468 1412 2505 est
1440 2465 1493 2504 de
1512 2464 1765 2504 revelatione
1790 2466 1902 2515 justa
1933 2470 1974 2504 et
1993 2465 2181 2505 charitati

1145 2530 1440 2574 consentanea,
1453 2527 1555 2565 utin
1571 2526 1693 2565 simili
1710 2526 1811 2564 dixit
1823 2527 2045 2577 Sylvester‚
2061 2527 2179 2566 verb.

1145 2590 1425 2635 Denuneiatz'o,
1460 2599 1503 2638 q.
1539 2589 1578 2635 5,
1617 2587 1729 2638 quod
1764 2588 1969 2638 explicare
1997 2599 2082 2627 non
2106 2588 2184 2627 fuit

1146 2665 1335 2700 necesse,
1351 2651 1446 2701 quia
1465 2654 1506 2690 et
1525 2663 1574 2689 ex
1589 2650 1765 2689 materia
1782 2651 1888 2700 ipsa,
1901 2655 1943 2690 et
1955 2663 2005 2689 ex
2022 2651 2185 2690 ratione

1145 2715 1228 2754 voti
1250 2717 1338 2753 erat
1363 2714 1461 2752 satis
1491 2713 1774 2759 manifestum,
1797 2723 1895 2750 nam
1928 2717 2088 2752 certum
2123 2715 2186 2752 est

1147 2778 1226 2816 hoc
1247 2788 1379 2828 genus
1408 2775 1548 2813 delicti
1567 2775 1745 2814 multum
1777 2786 1900 2825 posse
1937 2786 2086 2814 nocere
2115 2775 2187 2813 So-

1149 2839 1299 2878 cietati.
1335 2839 1500 2877 Certum
1523 2837 1648 2875 etiam
1684 2840 1745 2875 est
1780 2837 1857 2875 hoc
1887 2841 2187 2875 nocumentum

1150 2901 1287 2952 majus
1318 2900 1518 2947 futurum,
1538 2898 1572 2936 si
1593 2898 1673 2936 tale
1699 2897 1895 2936 delictum
1918 2910 1941 2935 a
1962 2897 2188 2936 scientibus

1153 2962 1404 3008 occultetur3
1430 2972 1529 2999 nam
1563 2963 1603 2998 et
1624 2960 1747 2998 timor
1776 2970 2010 3010 poenarum,
2035 2962 2072 2998 et
2094 2971 2190 3009 pro-

1151 3024 1333 3063 videntia
1347 3022 1615 3073 Superiorum
1634 3021 1810 3059 multum
1827 3021 1973 3072 juvare
1993 3025 2126 3071 potest
2146 3022 2191 3059 ut

1153 3086 1255 3125 illud
1274 3097 1359 3124 non
1380 3088 1530 3135 serpat,
1554 3095 1691 3133 neque
1713 3083 1906 3121 effectum
1934 3083 2100 3120 habeat.
2120 3082 2192 3119 Est

1155 3160 1254 3199 ergo
1273 3155 1348 3198 per
1367 3158 1411 3186 se
1430 3146 1604 3192 bonum,
1621 3157 1668 3183 ac
1678 3144 1895 3183 moraliter
1909 3143 2191 3182 necessarium

1156 3211 1209 3250 ad
1229 3219 1450 3249 commune
1470 3208 1628 3246 bonum
1643 3205 1873 3252 Societatis‚
1896 3209 1942 3243 ut
1962 3201 2192 3255 Superiori-

1155 3273 1234 3312 bus
1251 3271 1563 3318 manifestetur;
1585 3279 1685 3321 ergo
1708 3269 1788 3307 hoc
1807 3267 1934 3307 etiam
1952 3277 2102 3305 vovere
2118 3265 2194 3301 ho·-

1156 3337 1323 3374 nestum
1343 3337 1418 3372 est.

1211 3396 1249 3435 5.
1281 3395 1487 3435 Probatur
1528 3392 1659 3444 quoad
1688 3389 1959 3443 posteriorem.
1985 3405 2039 3415 -
2073 3380 2197 3434 Quod,

1159 3468 1257 3496 vero
1269 3455 1395 3495 etiam
1414 3454 1513 3494 utile
1533 3453 1600 3502 sit,
1614 3452 1862 3497 declaratur,
1875 3453 1960 3488 tum
1982 3445 2079 3496 quia
2097 3444 2197 3502 licet·

1161 3517 1339 3558 charitas
1359 3515 1489 3566 possit
1502 3526 1578 3565 per
1596 3526 1640 3552 se
1658 3513 1711 3550 ad
1734 3513 1812 3550 hoc
1834 3508 2033 3558 obligare,
2051 3507 2197 3544 tamen*

1162 3578 1381 3630 peculiaris
1404 3574 1604 3627 obligatio
1632 3570 1844 3623 religionis
1864 3580 1915 3607 ex
1933 3568 2028 3606 voto
2059 3569 2101 3606 et
2130 3567 2197 3604 est

1164 3639 1297 3690 magis
1312 3638 1427 3678 clara.
1437 3640 1483 3675 et
1502 3642 1713 3685 expressa,
1736 3634 1776 3669 et
1794 3629 1970 3667 multum
1985 3627 2091 3666 solet
2107 3627 2199 3665 mo-'

207 3683 309 3745 'Noe
324 3686 453 3746 vida-i
477 3686 593 3746 utile.
609 3723 660 3734 —
675 3701 830 3745 Puuoti
855 3702 1042 3744 resolutio
1060 3701 1115 3744 bi·
1167 3713 1266 3743 vere
1291 3698 1587 3741 conscientiam
1606 3691 1820 3745 religiosi3
1838 3695 1929 3732 tum
1944 3690 2070 3731 etiam
2097 3688 2195 3741 quia
