2352 3880
814 14 820 30 ἶ
829 18 839 36 0
955 44 957 49 Ι
1020 24 1024 29 ,
1079 22 1092 45 λ

908 50 964 94 ,54
1036 67 1043 71 -

445 219 534 253 CAP.
557 218 599 253 11.
620 217 678 251 AN
697 208 929 251 sociss'm'ris
952 212 1153 247 numeros!
1174 212 1216 246 ΙΝ
1238 211 1537 247 pultosopfflcts
1559 211 1727 252 smnus,
1747 210 1841 247 E'rc.

86 290 186 335 caiis
202 284 439 329 necessaria.
451 304 504 313 —
516 283 664 330 Quibus
682 283 771 321 item
788 279 1111 330 philosophia.—

60 353 187 402 „Nam
213 347 356 401 peritia
378 345 611 396 linguarum
634 344 709 382 hoc
727 345 912 391 tempore
933 339 1110 379 maxime

54 401 62 410 ’
188 406 317 450 siaria
347 411 410 446 est
441 407 494 445 ad
518 403 793 444 resistendum
828 402 1046 447 haereticis,
1072 403 1112 439 et

31 473 58 503 Ἀ
102 480 105 481 ’
137 483 227 512 rum
244 469 513 522 petulantiam
530 464 856 511 retundendam3
879 464 1110 514 aliquarum

15 518 208 610 *otiam
230 532 463 582 linguarum
485 527 662 579 cognitio
684 525 736 564 ad
760 525 1044 564 seminandam
1062 524 1111 563 fi·-

76 594 180 635 =dem
200 594 306 632 inter
324 601 508 642 paganos
525 592 565 627 et
585 586 760 637 gentiles
778 587 955 625 maxime
971 598 1110 625 neces-

85 655 191 696 saria
211 657 288 696 est.
301 651 429 697 Unde,
445 650 547 688 sicut
563 649 735 699 Spiritus
755 652 920 687 sanctus
933 648 986 686 ob
1003 648 1110 686 hanc

82 716 330 770 praecipuam
349 723 513 751 causam
530 710 672 760 primis
690 709 899 759 Evangelii
920 708 1112 760 praedica-

82 777 238 818 toribus
255 774 393 814 tribuit
413 773 646 823 linguarum
670 771 840 815 donum,
863 772 918 810 ita
944 769 1111 821 quando

83 838 153 878 illa
186 837 299 887 signa
329 836 554 880 cesserunt,
588 833 747 884 religio,
776 845 867 883 quae
888 833 987 871 illud
1019 844 1111 870 mu-

83 911 162 940 nus
181 897 409 950 participat,
434 896 571 935 debita
606 895 817 946 diligentia
845 897 884 933 et
911 894 1110 933 industria

83 959 233 1011 linguae
253 959 526 996 instrumenta
544 969 790 1008 praeparare,
815 960 855 995 et
871 955 1007 1006 quoad
1022 954 1111 994 fieri

83 1020 224 1074 possit,
253 1019 484 1057 universale
515 1019 675 1057 efficere
700 1018 846 1062 debet;
879 1017 990 1066 quod
1025 1016 1110 1054 sine

83 1081 227 1135 peritia
249 1082 482 1132 linguarum
503 1092 584 1118 non
605 1079 663 1118 fit.
692 1080 778 1117 Hac
799 1078 957 1116 ratione
986 1078 1112 1115 utitur

85 1142 270 1183 Pontifex
292 1143 332 1179 in
353 1142 533 1180 Clemen.
565 1142 603 1187 1,
622 1140 672 1178 de
696 1139 840 1190 Magis,
864 1139 1027 1177 dicens:
1053 1139 1114 1178 Il-

84 1202 176 1253 lius,
204 1205 317 1254 cujus
339 1205 461 1243 vicem
481 1203 525 1241 in
548 1202 670 1240 terris
700 1201 890 1251 perimus,
912 1200 1115 1240 imitantes

85 1265 316 1315 eoeemplum,
342 1264 409 1315 qui
428 1265 557 1303 ituros
574 1273 648 1314 per
679 1262 906 1300 universum
925 1263 1114 1301 anundum

85 1327 138 1368 ad
160 1325 499 1378 evanqelizandum
518 1323 727 1374 Apostolos
754 1324 798 1361 in
821 1324 925 1361 omni
953 1323 1113 1372 linqua-

85 1398 175 1428 rum
187 1399 323 1439 §eriere
339 1387 425 1436 fore
451 1385 576 1425 voluit
596 1384 782 1427 eruditos,
809 1384 912 1423 viris
938 1382 1115 1423 Catholi-

86 1449 143 1489 cis
151 1449 335 1499 peritiam
348 1447 404 1485 lin
408 1458 577 1498 quarum
589 1445 833 1493 habentibus,
847 1444 984 1497 quibus
998 1449 1115 1484 utun-

88 1513 154 1552 tur
171 1510 211 1548 in
216 1509 364 1557 fideles,
380 1508 578 1560 praecipue
592 1508 790 1546 abundare
804 1511 983 1546 sanctam
995 1507 1114 1558 affec-

87 1573 217 1612 tamus
244 1570 482 1615 Ecclesiam,
514 1570 582 1620 qui
606 1568 780 1619 infideles
805 1568 911 1620 ipsos
932 1568 1060 1607 sciant
1080 1572 1115 1607 et

87 1631 243 1672 valeant
264 1632 389 1670 sacris
417 1630 617 1669 institutis
648 1631 858 1669 instruere.
889 1631 945 1667 De
967 1641 1047 1679 qua
1070 1640 1115 1667 re

86 1693 218 1733 videri
250 1697 384 1743 potest
415 1692 570 1730 Ludov.
601 1691 768 1740 Gomez,
799 1704 922 1741 super
950 1691 1114 1741 regulas

88 1754 366 1799 Cancellariae,
391 1765 478 1803 reg.
510 1754 569 1792 De
589 1754 787 1794 idiomate,
810 1765 850 1802 q.
879 1754 915 1797 1,
951 1753 1018 1790 ubi
1041 1752 1118 1791 hoc

89 1815 224 1867 ipsum
245 1819 534 1866 argumentum
552 1818 661 1852 recte
679 1814 942 1864 prosequitur
961 1813 1116 1860 dicens,

90 1887 213 1926 quam
239 1876 289 1914 sit
324 1875 554 1914 necessaria
575 1874 628 1912 ad
651 1873 747 1912 fidei
778 1874 1116 1924 propagationem

89 1937 324 1988 linguarum
340 1937 495 1981 notitia,
512 1936 674 1974 illarum
687 1935 891 1985 praecipue
907 1947 996 1984 quae
1009 1934 1120 1984 apud

89 1998 582 2047 infidelesfrequentiores
598 2001 705 2036 sunt.
725 1997 985 2047 Philosophia
998 1997 1120 2035 etiam

90 2060 323 2099 necessaria
355 2064 416 2098 est
447 2060 540 2098 huic
569 2059 772 2110 religioni,
796 2071 880 2096 non
911 2059 1043 2097 solum
1066 2058 1121 2097 ad

90 2121 355 2171 Theologiam
391 2121 468 2159 sibi
496 2120 806 2171 acquirendam,
832 2120 905 2158 sed
932 2121 1054 2158 etiam
1076 2124 1121 2159 ut

91 2194 165 2235 per
185 2195 276 2221 eam
294 2186 544 2233 praepararet
557 2182 665 2220 viam
684 2181 735 2220 ad
752 2180 1010 2219 tractandam
1027 2193 1120 2219 cum

92 2243 320 2285 Gentilibus
344 2244 488 2290 fidem,
524 2242 804 2282 convincendo
838 2254 979 2280 eorum
1012 2254 1122 2280 erro-

92 2317 174 2352 reS,
200 2311 241 2345 et
259 2306 467 2344 naturales
498 2305 693 2344 veritates
719 2304 770 2342 de
791 2305 874 2342 Deo
910 2303 1122 2342 evidenter

93 2367 446 2406 demonstrando:
483 2367 594 2405 hunc
627 2366 737 2405 enim
770 2378 929 2404 morem
964 2364 1122 2416 antiqui

94 2429 249 2472 Patres,
271 2432 310 2467 et
353 2428 543 2466 Ecclesiae
563 2431 741 2466 rectores
761 2427 1045 2474 observarunt,
1078 2430 1123 2465 ut

95 2493 257 2529 constat
290 2501 339 2527 ex
372 2490 617 2540 Augustino,
654 2489 696 2526 in
725 2488 837 2526 libris
871 2488 920 2527 de
950 2488 1122 2527 Civitate

96 2551 192 2598 Dei;
211 2551 400 2598 Eusebio,
418 2552 459 2589 in
479 2551 591 2589 libris
612 2551 662 2589 de
675 2551 976 2601 Praeparatione
995 2554 1033 2588 et
1055 2550 1123 2588 de-

95 2613 391 2652 monstratione
407 2613 668 2664 Evangelica3
690 2613 864 2660 Justino,
887 2612 925 2650 in
939 2611 1124 2650 oratione

95 2674 342 2713 Paraenetica
374 2674 425 2712 ad
453 2674 620 2722 Gentes,
642 2678 682 2713 et
718 2676 892 2723 utraque
924 2673 1125 2724 Apologia

96 2747 170 2787 pro
191 2735 447 2782 Christianis;
485 2736 649 2787 Cyrillo,
676 2735 789 2773 libris
824 2740 966 2774 contra
998 2735 1127 2774 Julia—

97 2808 220 2843 num;
243 2797 505 2845 Tertulliano,
528 2797 724 2844 Arnobio,
738 2800 777 2835 et
800 2796 902 2835 aliis.
926 2796 1031 2835 Fieri
1052 2809 1125 2834 au-

97 2858 178 2898 tem
205 2870 287 2896 non
309 2863 455 2909 potest,
479 2860 638 2898 secluso
660 2858 872 2902 miraculo,
896 2862 967 2897 aut
993 2862 1125 2896 extra-

99 2919 302 2959 ordinaria
325 2921 577 2971 providentia
605 2921 691 2967 Dei,
715 2924 758 2959 ut
786 2919 933 2970 aliquis
953 2919 1126 2959 sufficiat

98 2980 141 3020 vi
159 2984 198 3020 et
213 2981 392 3020 efficacia
409 2982 613 3020 rationum
636 2993 795 3020 errores
815 2981 990 3020 naturali
1008 2981 1125 3020 lumi-

99 3041 143 3081 ni
161 3043 386 3081 contrarios
401 3044 658 3091 convincere,
679 3043 758 3081 nisi
772 3043 811 3080 in
831 3043 1126 3094 philosophicis

101 3101 324 3154 disciplinis
345 3109 531 3143 accurate
547 3105 771 3143 instructus
793 3109 833 3142 et
852 3104 1037 3142 eruditus
1058 3104 1121 3143 sit.

157 3166 196 3204 7.
227 3165 437 3206 Firmatur
472 3167 682 3208 necessitas
721 3167 928 3217 utriusque
967 3166 1127 3217 peritia²

103 3227 468 3276 attempta—Quod
486 3228 636 3278 optime
657 3227 873 3267 confirmat
893 3227 1125 3278 exemplum

104 3286 297 3333 Danielis,
323 3292 440 3338 prout
458 3288 556 3327 illud
576 3289 768 3340 expendit
787 3289 931 3328 Glossa
965 3288 1127 3327 ordina-

105 3347 184 3396 ria,
204 3348 310 3386 circa
336 3348 436 3386 illud
469 3349 639 3388 verbum
666 3350 871 3389 Danielis:
911 3349 1127 3400 Proposuit

107 3413 238 3450 autem
259 3409 403 3448 Daniel
434 3409 477 3448 in
501 3411 612 3449 corde
630 3422 714 3457 suo,
743 3423 789 3450 ne
807 3410 1054 3463 pollueretur
1087 3410 1129 3449 de

58 3521 61 3526 Ι
108 3480 243 3511 mensa
260 3481 383 3520 reqzs,
406 3475 482 3509 etc.
504 3470 669 3509 Dixerat
688 3471 795 3509 enim
822 3471 935 3522 prius
957 3470 1132 3520 jussisse

110 3541 254 3583 regem
264 3532 484 3582 praeposito
502 3543 593 3578 suo,
610 3537 656 3570 ut
673 3530 953 3571 introduceret
968 3531 1019 3570 de
1040 3531 1131 3570 filiis

111 3591 239 3632 Israel
257 3604 408 3643 pueros
441 3593 616 3634 eruditos
633 3591 739 3632 omni
766 3593 980 3644 sapientia,
999 3595 1133 3636 cautos

1165 279 1347 320 scientia,
1378 281 1414 316 et
1449 279 1577 315 doctos
1617 275 1847 327 disciplina,
1870 277 1908 315 et
1938 273 2007 327 qui
2036 276 2191 326 possint

1164 341 1273 378 stare
1283 339 1326 376 in
1342 337 1495 389 palatio
1512 337 1635 388 reqis,
1651 339 1697 376 ut
1718 337 1867 377 doceret
1887 347 1949 376 eos
1965 335 2143 382 litteras,
2154 338 2193 376 et

1165 398 1345 450 linquam
1358 397 1646 437 Chaldreorum.
1659 397 1708 435 Et
1722 397 1922 448 adjungit,
1934 396 2194 436 constituisse

1167 460 1225 498 eis
1246 471 1441 499 annonam.
1460 469 1533 509 per
1552 457 1732 507 singulos
1757 459 1837 497 dies
1857 459 1900 499 de
1926 458 2018 499 cibis
2035 460 2136 504 suis,
2155 458 2194 499 ot

1166 521 1209 560 de
1227 521 1331 566 cino,
1355 520 1454 558 unde
1473 518 1619 557 bibebat
1638 518 1722 569 ipse
1738 533 1754 562 ,·
1772 523 1914 569 postea
1930 532 2027 559 vero
2058 520 2193 558 solum

1165 581 1262 620 dicit
1282 580 1545 631 proposuisse
1579 578 1805 625 Danielem,
1827 592 1873 619 ne
1891 581 2135 630 pollueretur
2151 581 2196 620 de

1164 654 1312 689 mensa,
1334 642 1455 680 tacite
1475 639 1712 691 significans
1733 651 1757 678 a
1784 640 1970 680 doctrina
1991 647 2031 680 et
2048 641 2195 693 peritia

1166 703 1406 754 linguarum
1427 715 1508 740 non
1544 700 1791 740 abstinuisse
1809 714 1818 747 ;
1845 701 1917 751 qui
1950 703 2060 741 enim
2094 703 2196 742 duo—

1165 764 1242 803 bus
1282 764 1500 816 propositis
1531 775 1661 801 unum
1697 763 1891 811 excludit,
1926 763 2038 801 aliud
2072 766 2195 803 tacite

1167 826 1357 873 admittit,
1380 832 1425 864 ut
1456 828 1769 863 arnumentatur
1800 825 2038 875 Gregorius,
2064 825 2197 863 homi-

1165 889 1219 927 lia
1242 888 1402 927 decima
1428 900 1460 925 cr
1495 898 1571 928 ava
1604 886 1647 925 in
1676 887 1912 938 Evangelia,
1935 890 1975 925 et
2000 898 2074 936 pro
2101 887 2196 936 jure

1166 951 1345 1002 positum
1385 955 1444 988 est
1484 961 1512 987 n
1546 948 1667 1000 capit.
1701 949 1864 994 Nonne,
1904 947 1954 986 de
1999 948 2197 986 Praesum·

1166 1012 1390 1064 ptionibus.
1426 1011 1455 1056 Q
1489 1022 1513 1049 o
1538 1012 1784 1060 argumento
1821 1008 2046 1060 supposito,
2084 1012 2196 1047 recte

1168 1074 1265 1113 dicit
1285 1073 1476 1124 praedicta
1495 1074 1653 1118 Gossa,
1676 1083 1726 1110 ex
1751 1071 2001 1122 Hieronymo
2018 1070 2095 1108 ibi:
2122 1070 2199 1117 Qui

1169 1137 1213 1176 de
1233 1148 1364 1175 mensa
1386 1137 1494 1185 reqis
1512 1145 1589 1173 non
1615 1133 1699 1172 vult
1725 1133 1931 1178 comedere,
1960 1144 2007 1172 ne
2040 1131 2200 1183 pollua-

1169 1202 1252 1242 tur,
1272 1199 1307 1236 si
1328 1197 1581 1249 sapientiam,
1601 1199 1716 1245 atque
1735 1195 1957 1234 doctrinam
1978 1192 2201 1245 AE'qyptio-

1168 1271 1259 1299 ram
1278 1259 1396 1298 sciret
1414 1270 1495 1298 esse
1511 1259 1711 1308 peccatam
1747 1267 1949 1306 nunquam
1970 1256 2174 1294 didicisset
2182 1270 2199 1300 ,-

1169 1321 1311 1360 adicit
1331 1324 1476 1365 autem,
1503 1330 1580 1356 non
1617 1322 1663 1356 ut
1696 1322 1896 1368 sequatur,
1918 1318 1987 1356 sed
2015 1321 2061 1355 ut
2084 1316 2200 1366 judi-

1169 1383 1225 1420 cet
1245 1383 1360 1432 atque
1375 1379 1589 1420 convincat.
1612 1378 1665 1419 Si
1680 1379 1782 1417 enim
1803 1377 1889 1428 quis
1905 1378 2114 1429 imperitus
2127 1378 2202 1416 llu-

1161 1442 1236 1492 jus
1269 1443 1372 1481 artis
1401 1443 1590 1481 adversus
1613 1440 1913 1479 mathematicos
1948 1439 2111 1484 scribat,
2131 1439 2203 1478 aut

1170 1515 1308 1555 expers
1341 1503 1601 1554 philosophice
1633 1504 1772 1541 contra
1805 1499 2058 1551 philosophos
2087 1503 2199 1549 afflat,

1170 1565 1400 1604 irridendus
1418 1567 1488 1603 est.
1508 1564 1601 1603 Hac
1621 1575 1711 1614 erqo
1733 1563 1947 1602 intentione
1963 1560 2201 1611 (concludit)

1171 1628 1328 1666 discunt
1348 1627 1463 1677 paeri
1504 1626 1756 1666 Chaldaicam
1790 1626 2023 1670 doctrinam,
2055 1635 2131 1675 qua
2166 1627 2204 1664 et

1172 1689 1332 1739 Moyses
1353 1699 1500 1726 omnem
1527 1687 1764 1739 sapientiam
1785 1686 2080 1737 AEqyptiorum
2101 1685 2204 1724 didi-

1176 1753 1298 1790 cerat.
1320 1751 1366 1788 Et
1383 1750 1425 1787 in
1445 1750 1526 1787 fine
1547 1749 1704 1799 capitis,
1725 1749 1880 1787 indicat
1902 1747 2042 1785 Daniel
2072 1748 2204 1785 Deum

1176 1812 1408 1862 specialiter
1428 1816 1694 1862 cooperatum
1715 1811 1842 1849 fnisse
1862 1809 2203 1856 hnicintentioni,

1175 1878 1216 1911 et
1254 1873 1387 1911 studio
1428 1885 1599 1911 eorum:
1626 1872 1771 1911 Pueris
1799 1871 1981 1921 (inquit)
2007 1871 2070 1910 liis
2101 1871 2207 1911 dedit

1177 1935 1286 1974 Deus
1306 1935 1514 1973 scientiam
1536 1938 1571 1972 et
1590 1934 1848 1985 disciplinam
1867 1934 1911 1970 in
1929 1933 2034 1970 omni
2052 1931 2150 1970 libro
2170 1934 2207 1971 et

1176 1996 1402 2045 sapientia‚·
1424 1999 1464 2032 et
1487 1994 1587 2032 infra
1608 2008 1616 2032 :
1641 1995 1702 2033 Εἰ
1728 2005 1837 2032 omne
1869 1993 2025 2032 verbum
2046 1994 2205 2043 sapien-

1178 2057 1245 2096 tice
1267 2060 1303 2096 et
1323 2057 1562 2103 intellectas,
1591 2057 1694 2107 quod
1712 2055 1942 2094 sciscitatus
1976 2058 2033 2093 est
2071 2055 2117 2093 ab
2151 2054 2206 2094 eis

1175 2130 1263 2167 rece,
1279 2119 1431 2157 invenit
1450 2119 1493 2156 in
1507 2119 1563 2157 eis
1575 2117 1777 2167 decuplum
1795 2129 1913 2167 super
1927 2120 2083 2156 cunctos
2098 2116 2207 2156 ario-

1176 2181 1234 2219 los
1253 2184 1290 2220 et
1309 2192 1460 2233 mayos,
1481 2181 1549 2231 qui
1570 2183 1682 2219 erant
1707 2179 1749 2217 in
1768 2178 1948 2218 universo
1967 2189 2084 2229 reqno
2105 2178 2204 2228 ejus.

1178 2242 1292 2288 Quod
1306 2243 1426 2292 plane
1448 2242 1687 2291 intelligitur
1708 2241 1758 2280 de
1777 2241 1942 2292 propria
1961 2241 2148 2279 doctrina
2167 2243 2208 2280 et

1177 2304 1435 2354 philosophia
1461 2303 1645 2354 ipsorum
1677 2303 1971 2350 Chaldaeorum,
1996 2307 2041 2341 ut
2068 2302 2206 2340 Hiero-

1177 2377 1328 2416 nymus
1349 2370 1388 2404 et
1422 2366 1706 2404 Theodoretus
1725 2365 1989 2403 adnotarunt.
2010 2364 2080 2402 His
2108 2376 2206 2415 ergo

1177 2427 1353 2477 propriis
1375 2431 1414 2465 et
1444 2427 1691 2477 specialibus
1717 2427 1944 2465 rationibus
1972 2425 2207 2465 necessaria

1178 2492 1239 2527 est
1267 2488 1461 2527 Societati
1476 2488 1623 2527 harum
1642 2500 1782 2527 rerum
1803 2500 1963 2526 summa
1988 2487 2178 2527 eruditio.

1233 2551 1272 2588 8.
1303 2550 1425 2589 Dicta
1436 2551 1586 2600 peritia
1608 2551 1792 2601 quomodo
1819 2548 2016 2589 Societati
2034 2559 2208 2589 necessa-

1178 2612 1313 2651 ria.—
1333 2612 1379 2649 In
1397 2623 1477 2661 quo
1499 2613 1623 2649 etiam
1644 2610 1877 2656 considero,
1907 2610 2018 2648 aliud
2041 2622 2131 2649 esse
2151 2610 2208 2648 lo·

1181 2673 1250 2723 qui
1271 2672 1322 2710 de
1339 2676 1425 2710 toto
1446 2684 1633 2722 corpore,
1654 2684 1724 2710 seu
1746 2671 1914 2709 confuse
1938 2671 1987 2709 de
2008 2683 2129 2721 opera
2139 2670 2208 2709 riis

1182 2734 1408 2778 Societatis,
1437 2733 1549 2772 aliud
1578 2745 1675 2772 vero
1713 2733 1764 2772 de
1803 2732 1975 2782 singulis
2018 2732 2208 2783 personis

1181 2796 1285 2846 ejus,
1322 2796 1425 2833 Nam
1457 2795 1581 2845 priori
1616 2794 1739 2833 modo
1769 2794 1992 2843 loquendo,
2020 2794 2207 2833 absolute

1180 2857 1317 2896 dicere
1332 2868 1554 2906 possumus
1586 2855 1865 2894 necessariam
1896 2867 1986 2894 esse
2016 2855 2207 2894 Societati

1180 2918 1402 2956 maximam
1445 2917 1743 2967 perfectionem
1782 2917 1967 2956 omnium
2004 2917 2208 2956 dictarum

1180 2979 1488 3030 disciplinarum
1520 2983 1560 3018 et
1578 2979 1839 3029 linguarum;
1863 2979 1974 3029 quia,
1994 2979 2088 3018 licet
2106 2979 2208 3018 diffi-

1181 3041 1272 3089 cile,
1288 3041 1353 3080 vel
1368 3040 1579 3079 moraliter
1591 3041 1845 3091 impossibile
1870 3042 1933 3088 sit,
1952 3053 2097 3079 omnes
2118 3042 2208 3080 illas

1182 3102 1302 3141 simul
1342 3113 1435 3140 cum
1472 3102 1705 3153 theologica
1738 3102 1922 3141 doctrina
1961 3102 2002 3140 in
2037 3102 2210 3152 singulis

1181 3163 1368 3215 personis
1401 3163 1581 3214 perfecte
1621 3164 1832 3215 conjungi,
1870 3168 2008 3203 tamen
2046 3164 2087 3202 in
2121 3165 2210 3214 ipso

1182 3237 1353 3276 corpore
1374 3225 1585 3275 Societatis
1606 3237 1696 3264 esse
1716 3229 1864 3276 potest,
1884 3229 1924 3264 et
1951 3225 2210 3276 procuranda

1182 3289 1244 3326 est
1263 3287 1506 3326 excellentia
1526 3290 1566 3326 et
1585 3287 1807 3326 eminentia
1826 3287 1867 3325 in
1897 3286 2086 3325 omnibus
2104 3285 2207 3334 lillis.

1183 3349 1300 3395 Quod
1319 3354 1359 3388 et
1391 3349 1511 3388 facile
1534 3350 1764 3400 comparari
1784 3349 1947 3400 poterit,
1967 3349 1999 3386 si
2032 3348 2072 3384 in
2110 3356 2211 3383 una-

1186 3422 1351 3461 quaque
1379 3410 1596 3462 disciplina
1617 3411 1763 3461 aliquis
1782 3411 1847 3449 vel
1867 3409 1991 3458 aliqui
2024 3407 2117 3451 sint,
2139 3403 2212 3455 qui

1185 3471 1384 3522 peculiari
1419 3472 1570 3519 studio,
1593 3476 1633 3511 et
1667 3471 1910 3511 diuturniori
1942 3473 2140 3517 tempore,
2163 3477 2213 3506 ae

1186 3533 1420 3584 diligentius
1439 3534 1496 3572 illi
1517 3534 1742 3578 incumbat,
1762 3531 1871 3571 etad
1887 3529 2000 3568 varia
2020 3526 2212 3566 Ecclesioe

1186 3594 1401 3646 obsequia,
1419 3606 1512 3646 quae
1532 3607 1608 3647 pro
1631 3599 1867 3644 temporum
1886 3593 1926 3629 et
1947 3589 2215 3629 occasionum
