2352 3880
186 228 220 250 Γ,
264 229 265 233 ,

37 286 39 297 ,
68 301 71 308 Α
207 260 213 270 '
235 277 257 293 0
278 255 348 291 τ’]
385 255 492 311 ‘quia
519 256 616 297 Pius
649 257 795 298 an
816 256 1146 301 tecitfflunffle-

196 341 209 356 >2
235 319 380 360 ‘onem
416 318 478 359 ad
502 318 818 370 ampliandam,
847 320 932 360 sed
960 319 1026 360 aa
1048 328 1146 360 *res-

52 417 53 425 ,
84 398 105 427 χ
210 378 374 420 ndum
387 379 626 420 facultatem
639 381 904 422 absolvendi.
925 383 1144 422 Aniense-

35 445 60 472 -”
83 434 149 506 ξ’
127 452 260 515 Qun
275 442 582 483 concedebatur
597 441 668 480 illa
706 441 882 488 facultas
915 443 1001 483 ullo
1019 441 1144 483 medo

168 503 293 544 ·for0
314 502 522 551 exteriori,
548 506 594 542 et
613 514 703 553 prm
696 503 893 543 ›interiori
927 514 1146 560 nunquam

42 540 111 622 fif
157 566 198 606 't-
195 577 418 614 concessa,
435 564 518 603 nisi
532 563 741 602 satisfacta
761 569 895 615 parte,
918 570 964 605 ut
983 567 1144 605 constat

43 637 73 687 3
78 653 81 657 ·
86 626 160 668 ¹-ex
186 626 425 666 auctoribus
447 625 830 676 interpretantibus
865 626 1144 679 indulgentias

45 696 54 742 j.
76 727 78 731 ,
108 691 205 728 aute
221 688 342 727 Pium
361 687 395 725 V
421 697 670 732 concessas;
706 699 806 738 ergo
831 688 1054 727 verisimile
1083 690 1146 727 e'st

43 798 53 802 ἡ
71 748 229 790 *Pium
249 748 381 786 Vnon
407 746 555 786 fecisse
575 747 689 786 illam
719 749 1019 789 extensionem.
1040 749 1145 788 'rum

45 859 52 862 .
76 822 78 829 ·
100 809 288 859 denique
307 807 405 859 quia
425 820 476 847 ex
490 812 639 848 natura
654 810 715 848 rei
735 810 896 850 videtur
919 811 1086 861 injusta,
1102 812 1146 849 et

46 900 49 901 ν
78 887 81 891 ⁴
109 870 244 911 aliena
280 870 333 908 ab
366 870 593 909 intentione
628 871 836 911 Pontificis
872 870 1144 911 absolutioin

73 959 79 964 -
110 932 197 973 foro
218 931 419 978 interiori,
443 943 528 970 non
560 932 768 971 satisfacta
795 936 940 984 parte3
964 932 1146 971 maxime

98 997 232 1048 ‹prout
271 993 550 1031 communiter
584 994 806 1044 exponitur
839 994 909 1033 illa
946 991 1143 1040 conditio,

102 1055 278 1104 scilicet,
301 1055 523 1104 satisfacta
544 1059 673 1106 parte,
697 1055 762 1094 vel
787 1055 969 1103 realiter,
995 1055 1031 1093 si
1049 1053 1144 1094 fieri

102 1117 252 1170 possit,
267 1117 334 1156 vel
353 1117 534 1168 praestita
547 1117 987 1165 sufficienticautione,
1011 1127 1143 1165 quan-

103 1184 195 1220 tum
216 1178 306 1217 fieri
330 1182 481 1228 potest,
517 1178 686 1228 quando
712 1178 885 1217 actualis
914 1177 1142 1217 satisfactio

101 1239 198 1280 'fieri
218 1251 302 1278 non
321 1239 431 1278 valet.
447 1250 462 1289 3
483 1239 540 1279 sic
561 1240 670 1279 enim
690 1244 832 1279 contra
851 1239 1058 1278 rationem
1079 1243 1143 1279 est

107 1300 324 1342 absolvere
360 1312 613 1351 quemquam
638 1313 721 1340 non
761 1301 969 1340 satisfacta
1006 1304 1140 1351 parte,

99 1363 208 1416 -quia
229 1366 270 1402 et
291 1366 353 1401 est
371 1362 415 1401 in
433 1363 718 1414 praejudicium
738 1363 864 1411 tertii,
897 1366 939 1403 et
968 1362 1036 1401 ille
1057 1374 1143 1401 non

102 1424 571 1476 se·disponit-quantum
585 1427 722 1475 potest
733 1425 799 1465 vel
826 1424 952 1465 debet
981 1423 1037 1463 ad
1068 1423 1144 1463 ah-

128 1485 371 1526 olutionem.

152 1548 225 1587 40.
249 1547 332 1587 Sed
345 1545 540 1586 licet'haec
559 1545 860 1598 interpretatio,
873 1546 1003 1587 solam
1019 1546 1143 1586 ratio-

106 1620 206 1649 nem
220 1609 468 1659 spectando,
505 1609 694 1648 videatur
717 1622 941 1660 apparens,
962 1608 1145 1647 nonnul-

106 1671 191 1710 lam
215 1674 355 1710 tamen
371 1670 456 1709 vim
474 1670 614 1719 infert,
633 1669 730 1721 quia
761 1672 828 1710 vix
857 1675 994 1722 potest
1023 1671 1143 1721 juxta

107 1732 221 1771 illam
243 1735 456 1770 contextus
488 1731 685 1770 ordinari.
716 1733 766 1771 Et
789 1732 883 1771 ideo
923 1731 1144 1771 retinendo

107 1793 276 1844 planum
296 1805 480 1841 sensum,
499 1798 805 1844 consequenter
821 1794 1045 1834 dicendum
1066 1797 1141 1840 est,

105 1854 162 1894 ibi
172 1854 498 1893 satisfactionem
519 1855 647 1905 partis
673 1855 826 1894 debere
863 1867 954 1894 esse
976 1855 1144 1894 realiter

105 1915 347 1964 exhibitam,
362 1919 515 1954 etcum
535 1916 699 1963 effectu,
731 1919 778 1954 ut
814 1916 908 1954 talis
933 1916 1142 1955 absolutio

108 1978 240 2018 valeat
258 1978 302 2015 in
324 1977 412 2016 foro
433 1978 641 2025 exteriori,
676 1978 755 2017 hoc
791 1978 903 2016 enim
933 1976 1142 2017 convincit

105 2038 211 2079 ratio
234 2038 275 2077 iu
298 2037 386 2089 ipsa
404 2037 717 2078 confirmatione
750 2051 866 2077 u··.m.
892 2040 944 2078 33
962 2052 990 2078 a
1020 2038 1141 2078 nobis

105 2099 225 2141 faeta.
249 2100 298 2138 Et
317 2101 361 2138 in
389 2101 468 2140 hoc
488 2112 615 2139 sensu
645 2101 830 2140 extensio
861 2101 929 2139 illa
958 2100 1034 2139 fuit
1053 2101 1139 2154 pia,

106 2161 437 2207 etrationabilis‚
475 2161 608 2200 voluit
638 2162 752 2200 enim
785 2161 972 2201 Pontifex
1013 2164 1058 2201 ut
1087 2160 1142 2200 ad

106 2223 299 2263 effectum
325 2222 607 2273 consequendi
642 2223 944 2274 indulgentiam
975 2223 1142 2262 absolu-

106 2284 163 2324 tio
185 2284 256 2323 illa
284 2288 325 2324 et
341 2284 513 2324 effectus
536 2285 628 2335 ejus
645 2297 730 2323 non
759 2289 901 2335 posset
931 2283 1141 2335 impediri,

106 2345 231 2385 etiam
248 2345 290 2384 in
312 2346 504 2385 exteriori
530 2346 636 2393 foro,
658 2346 828 2396 quando
856 2345 1051 2385 creditori
1088 2346 1144 2385 ita

107 2406 363 2446 satisfactum
392 2410 454 2446 est
487 2411 531 2446 ut
556 2407 608 2446 sit
627 2411 847 2446 contentus
869 2417 882 2456 3
908 2419 993 2445 non
1017 2407 1145 2446 inter-

111 2467 302 2508 veniente
321 2472 462 2506 autem
480 2467 551 2506 tali
569 2467 861 2515 satisfactione,
883 2468 980 2508 licet
1005 2468 1146 2518 quoad

107 2528 242 2568 Deum
259 2529 386 2579 possit
405 2529 613 2579 poenitens
639 2541 730 2567 esse
760 2529 999 2579 dispositus,
1026 2532 1069 2568 et
1083 2529 1147 2568 fa-

108 2600 203 2630 cere
225 2590 337 2640 quod
357 2590 464 2629 inse
482 2593 568 2639 est,
600 2594 642 2629 et
662 2590 757 2629 ideo
779 2589 908 2640 possit
935 2590 1047 2640 juste
1073 2590 1146 2629 ab·

108 2650 211 2691 solvi
224 2651 268 2689 in
287 2650 643 2702 foropoenitentiae
660 2652 713 2691 ad
722 2651 1144 2700 eumdemeffectum,

108 2710 393 2760 nihilominus,
416 2713 513 2763 quia
534 2713 587 2752 de
611 2712 896 2752 satisfactione
919 2713 1052 2764 >partis
1071 2713 1146 2751 Ec-

111 2773 245 2814 clesiae
265 2786 349 2812 non
364 2778 539 2822 constat,
566 2775 700 2814 noluit
726 2774 914 2813 Pontifex
934 2774 1038 2813 utin
1054 2774 1145 2812 foro

114 2835 372 2875 contentioso
386 2836 543 2875 valeret
562 2836 631 2875 illa
645 2836 871 2883 absolutio,
906 2835 974 2875 vel
1005 2835 1148 2886 potius

112 2894 246 2936 noluit
265 2899 311 2935 ut
323 2896 455 2947 judex
474 2897 540 2935 vel
562 2898 770 2948 parochus
795 2900 1010 2936 teneretur
1027 2896 1146 2934 illum

111 2957 277 3010 publice
317 2959 721 2998 excommunicatum
759 2971 808 2998 ac
841 2958 1145 3006 denuntiatum,

72 3031 85 3049 ν
113 3018 229 3060 verbi
267 3021 420 3072 gratia,
447 3021 668 3060 admittere
702 3020 756 3059 ad
791 3020 1145 3068 communionem,

78 3089 85 3102 ··
113 3084 283 3132 propter
300 3082 427 3121 talem
443 3083 765 3122 absolutionem.
784 3083 851 3122 Sic
875 3094 975 3132 ergo
1007 3085 1149 3121 exten-

39 3142 41 3144 ’
74 3146 86 3170 ='
113 3152 179 3182 πο
196 3141 285 3181 illaa-
281 3143 476 3193 specialis
487 3144 616 3183 fuitin
633 3145 704 3183 illo
717 3143 842 3182 modo
859 3142 1147 3190 absolutionis,

84 3208 285 3254 μορίω·
298 3204 543 3244 brevitatem
563 3206 653 3256 ejus
670 3210 710 3245 et
722 3203 1027 3252 necessitatem,
1054 3203 1149 3242 abs-

37 3275 41 3313 ]
72 3251 200 3317 ἧψε,
231 3265 472 3315 praejudicio
500 3267 698 3311 1101111,οῐ
732 3266 826 3305 ideo
858 3277 943 3304 non
962 3265 1067 3304 111001,
1083 3265 1150 3304 31)

34 3336 42 3340 ”
108 3322 189 3365 ina
206 3336 372 3364 sumere
388 3331 696 3377 argumentum,
713 3329 759 3366 ut
776 3326 874 3374 dixi,
897 3326 951 3365 ad
985 3325 1066 3364 alia
1086 3326 1151 3366 ln-

102 3383 248 3433 ululis,
273 3397 364 3436 quae
394 3387 628 3427 absolutam
658 3388 896 3427 facultatem
917 3386 1152 3427 concedunt

34 3445 43 3469 .÷
78 3471 79 3474 =
114 3496 122 3506 Ἴ
201 3447 442 3498 simpliciter
469 3448 835 3488 absolvendumz’
825 3461 907 3488 imo
938 3459 1012 3499 per
1032 3459 1152 3498 argu-

34 3511 42 3525 “’
76 3534 78 3538 ψ
138 3563 143 3567 .
219 3511 308 3549 tm
332 3520 370 3550 aa
394 3509 567 3561 speciali
589 3513 726 3562 potest
757 3509 862 3551 inde
897 3509 1152 3551 contrarium

349 162 362 179 ”
427 183 899 238 m.n.1ot1mmossm
916 168 1320 230 mmmm
1332 190 1554 230 nanterum
1552 188 1823 239 mmm,
1814 192 1917 234 ιτα.

1462 0 1528 39 ‘a
1572 0 1903 58 armar

1266 290 1328 335 De
1349 293 1490 336 tortia
1499 290 1693 336 claumoe
1713 294 1940 347 particula,
1965 306 1994 338 a
2008 296 2158 398 ,penis
2191 270 2298 355 b

1564 355 1868 397 ecclesiasticis.

1254 438 1319 480 Η,
1338 438 1488 480 Prima
1505 442 1657 491 opmio,
1674 453 1747 492 per
1754 453 1916 495 poenam
1931 443 2236 498 mollimus*-

1196 499 1505 550 roqulamacem
1530 511 1584 541 ecc
1599 501 1764 543 delicto.
1782 523 1836 533 —
1855 505 2012 545 Ultimo
2042 510 2234 558 superest

1199 560 1447 612 explicanda
1469 560 1542 600 illa
1568 563 1790 612 particula,
1815 568 1854 606 et
1868 567 1999 616 pennis
2032 569 2238 623 ecclesiab-

1197 623 1307 672 tiois,
1329 621 1431 674 quid
1449 621 1648 661 nimirum
1668 623 1870 674 significet
1882 627 1950 665 vel
1961 627 2238 679 compreheli‘-

1198 683 1285 732 dat,
1314 688 1356 724 et
1387 684 1815 736 praesertim-occurrit
1845 688 2004 727 morale
2044 689 2234 740 dubium,

1187 757 1254 787 -an
1276 745 1602 798 comprehendat
1621 745 1732 784 illam
1755 745 2119 799 irregularitatem,
2141 762 2235 802 quae

1197 812 1368 860 propter
1386 808 1585 848 delictum
1597 807 1829 859 imponitur
1848 818 1863 858 3
1895 812 1984 847 esto
2019 811 2131 848 enim
2149 823 2235 850 non

1199 869 1252 909 sit
1270 881 1461 918 censura,
1484 873 1546 910 est
1579 873 1720 909 tamen
1752 880 1852 909 vere
1877 881 2001 921 poena
2019 870 2236 910 ecclesias-

1190 930 1293 977 tica,
1315 931 1421 971 adeo
1441 935 1486 970 ut
1504 932 1538 971 si
1556 931 1649 982 quis
1669 935 1890 971 excusetur
1910 943 1934 970 a
1953 932 2090 982 culpa,
2124 932 2236 973 illam

1198 1003 1284 1030 non
1302 992 1500 1041 incurrat,
1519 996 1565 1031 ut
1599 996 1714 1043 patet
1745 993 1797 1032 de
1819 992 2124 1045 irregularitate
2145 1006 2236 1044 quae

1198 1052 1425 1105 imponitur
1443 1054 1669 1093 celebranti
1684 1066 1778 1093 cum
1809 1054 2236 1094 excommunicatione

1195 1116 1360 1166 majori,
1397 1119 1438 1155 et
1467 1115 1684 1156 similibus
1725 1117 1834 1167 Ergo
1868 1115 2238 1167 comprehenditur

1198 1176 1346 1216 saltem
1367 1177 1444 1216 sub
1458 1177 1527 1216 illa
1544 1177 1764 1230 particula,
1795 1182 1834 1218 et
1860 1178 2006 1228 paenis,
2035 1177 2139 1215 alias
2170 1176 2238 1216 vix

1198 1237 1370 1290 intelligi
1387 1242 1524 1290 potest
1541 1238 1642 1289 quid
1660 1251 1736 1290 per
1755 1238 1868 1277 illam
1888 1237 2135 1288 particulam
2154 1237 2235 1276 :ad-

1199 1299 1321 1338 datur
1335 1300 1446 1338 ultra
1467 1311 1679 1338 censuras.
1702 1301 1836 1349 Atque
1853 1299 1961 1338 hanc
1979 1303 2141 1349 partem
2158 1298 2238 1337 ha-

1197 1361 1298 1400 bere
1320 1362 1609 1400 auctoritatem
1626 1361 1816 1412 gravium
1834 1361 2070 1407 Doctorum,
2086 1364 2129 1399 et
2146 1371 2238 1411 pro-

1198 1422 1361 1461 babiles
1389 1422 1587 1467 rationes,
1605 1422 1785 1474 ideoque
1815 1422 1858 1460 in
1893 1422 2010 1473 praxi
2039 1433 2164 1472 posse
2193 1423 2238 1460 ut

1196 1484 1456 1537 probabilem
1497 1483 1672 1531 admitti,
1711 1486 1890 1535 urgente
1915 1495 2038 1530 casu,
2077 1483 2119 1521 in
2154 1493 2237 1533 quo

1196 1558 1283 1584 non
1309 1546 1359 1585 sit
1378 1545 1511 1584 facilis
1530 1558 1726 1584 recursus
1747 1545 1800 1584 ad
1838 1546 2103 1596 Episcopum,
2127 1543 2238 1583 affir-

1198 1610 1283 1645 mat
1308 1607 1558 1657 HenriqueZ,
1578 1606 1650 1645 lib.
1689 1607 1712 1645 7
1734 1605 1786 1646 de
1821 1606 2002 1657 Indulg.‚
2039 1617 2130 1655 cap.
2164 1603 2238 1644 de-

1199 1668 1305 1707 cimo
1326 1668 1462 1716 tertio,
1496 1679 1673 1706 numero
1695 1671 1827 1706 sexto.
1852 1668 1968 1706 Hanc
1989 1666 2236 1705 sententiam

1197 1729 1294 1768 licet
1313 1729 1394 1767 alio
1416 1729 1541 1767 modo
1561 1729 1826 1780 explicatam,
1844 1728 1927 1767 late
1951 1727 2139 1767 defendit
2156 1727 2240 1766 Gu-

1198 1791 1339 1838 tierez,
1358 1791 1429 1830 lib>v
1456 1793 1472 1829 1
1497 1791 1803 1829 Canonicarum
1822 1789 2118 1840 quaestionum,
2138 1801 2174 1827 0.
2197 1788 2236 1836 3,

1198 1852 1331 1892 citans
1351 1853 1511 1900 Sotum,
1535 1852 1784 1898 Cordubam,
1803 1855 1846 1890 et
1864 1851 1967 1889 alios
1991 1850 2234 1895 modernos;

1198 1913 1347 1952 limitat
1363 1917 1504 1951 tamen
1530 1913 1660 1960 illam,
1688 1916 1732 1950 ut
1755 1910 1912 1950 habeat
1944 1911 2083 1950 locum
2105 1911 2239 1949 solum

1196 1974 1240 2013 in
1261 1974 1564 2025 irregularitate
1584 1985 1676 2024 quae
1698 1977 1868 2024 propter
1888 1972 2083 2011 delictum
2102 1973 2237 2023 impo-

1197 2036 1323 2084 nitur,
1349 2035 1619 2075 commissum
1636 2038 1778 2074 contra
1804 2033 2124 2073 ecclesiasticam
2143 2045 2240 2072 oen-

1197 2109 1354 2144 :uram,
1378 2109 1452 2136 seu
1472 2097 1585 2147 quod
1617 2109 1642 2135 a
1669 2108 1846 2134 censura
1874 2095 1986 2134 ducit
2014 2095 2237 2146 originem,

1195 2162 1244 2199 ut
1288 2162 1353 2198 est
1399 2158 1805 2198 excommunicatum
1847 2157 2060 2196 celebrare
2074 2186 2087 2204 ,
2130 2155 2241 2194 ordi-

1198 2231 1315 2267 nare,
1338 2223 1407 2259 aut
1433 2220 1630 2268 ordinari,
1657 2223 1703 2259 ut
1735 2219 1790 2258 ita
1813 2218 2005 2257 excludat
2033 2217 2236 2267 irregula-

1199 2281 1366 2321 ritatem
1399 2284 1653 2320 contractam
1685 2292 1739 2321 ex
1786 2279 2008 2319 homicidio
2052 2279 2240 2317 volunta-

1197 2342 1276 2392 rio,
1299 2355 1397 2381 nam
1432 2343 1520 2381 hoec
1542 2355 1625 2381 non
1649 2345 1713 2383 est
1730 2354 1835 2392 pura
1855 2353 1997 2392 poena,
2014 2339 2088 2379 sed
2115 2340 2240 2378 etiam

1199 2404 1437 2444 inhabilitas
1478 2405 1650 2455 propter
1700 2400 1981 2441 indecentiam
2026 2399 2239 2440 effusionis

1201 2466 1414 2517 sanguinis
1431 2479 1443 2514 3
1465 2466 1578 2516 prior
1609 2477 1710 2504 vero
1732 2464 2026 2514 ‘irregularitas
2047 2466 2120 2501 -est
2155 2466 2240 2500 tan-

1201 2530 1289 2566 tum
1306 2539 1447 2578 poena.
1469 2527 1557 2565 Imo
1577 2526 1708 2571 addit,
1728 2525 1890 2564 etiamsi
1910 2524 1952 2563 in
1970 2524 2134 2563 Indulto
2154 2534 2239 2561 non

1202 2588 1424 2627 adderetur
1443 2587 1645 2639 particula
1680 2588 1786 2634 haec,
1826 2590 1862 2626 et
1897 2586 2041 2636 paenis,
2076 2584 2238 2624 ratione

1199 2650 1366 2703 prioris,
1383 2655 1421 2690 εί
1445 2650 1640 2697 censuris,
1662 2661 1786 2700 posse
1809 2648 1893 2687 tolli
1913 2648 2021 2686 hanc
2036 2646 2242 2699 irregula-

1200 2712 1380 2760 ritatem,
1404 2712 1501 2762 quia
1523 2710 1648 2750 trahit
1669 2710 1873 2760 originem
1892 2722 1918 2748 a
1939 2708 2138 2748 censuris.

1251 2775 1321 2814 42.
1350 2774 1626 2826 Impuqnatur
1649 2772 1756 2811 dicta
1776 2772 1924 2822 opinio,
1955 2770 2140 2822 quamvis
2162 2767 2241 2809 illa

1200 2835 1490 2888 irregularitas
1519 2838 1615 2874 esset
1643 2845 1752 2885 pura
1777 2844 1911 2883 poma.
1931 2832 2107 2870 —flaec
2131 2841 2239 2869 vero

1203 2897 1342 2949 opinio
1363 2896 1405 2934 in
1424 2894 1597 2934 materia
1618 2894 1670 2934 de
1697 2893 2021 2945 irregularitate,
2044 2892 2149 2943 disp.
2169 2893 2238 2936 40,

1202 2962 1304 2998 sect.
1328 2959 1367 3005 3,
1390 2968 1568 2996 numero
1587 2956 1726 3004 tertio,
1758 2954 2044 3006 etgeneratim
2065 2953 2117 2992 de
2144 2963 2240 2991 cen-

1204 3032 1288 3059 sur.
1312 3020 1354 3058 in
1375 3031 1491 3071 gen.,
1515 3018 1622 3068 disp.
1647 3020 1686 3066 1,
1713 3020 1813 3056 sect.
1833 3018 1872 3062 3,
1894 3028 1918 3054 a
1938 3015 2060 3055 nobis
2086 3015 2241 3064 impro-

1202 3079 1301 3121 bata
1323 3084 1399 3129 est,
1426 3083 1467 3119 et
1489 3092 1601 3118 nunc
1619 3079 1745 3118 etiam
1778 3077 1982 3128 displicet.
2015 3077 2066 3114 Et
2100 3072 2240 3124 impri-

1204 3143 1283 3181 mis
1308 3154 1396 3180 non
1418 3141 1671 3180 sufficienter
1708 3142 1982 3178 numerantur
2004 3132 2239 3186 irregulari-

1202 3206 1310 3244 tates
1331 3202 1479 3242 abillis
1513 3201 1779 3250 auctoribus,
1769 3211 1777 3219 ·
1806 3200 1954 3249 aliquae
1988 3196 2108 3236 zenim
2145 3196 2244 3255 sunt!

1203 3264 1545 3316 irregularitates,
1564 3275 1656 3314 quae
1679 3265 1774 3300 sunt
1792 3271 1907 3312 purae
1926 3270 2076 3310 poenae,
2097 3259 2136 3293 et
2148 3264 2238 3292 non

1205 3327 1364 3367 ducunt
1385 3326 1588 3378 originem
1617 3337 1642 3363 a
1668 3323 1872 3369 censuris,
1906 3324 1950 3358 ut
1970 3322 2032 3357 est
2055 3316 2127 3354 illa
2146 3323 2254 3364 quae..

1206 3387 1477 3427 contrahitur
1476 3399 1536 3426 ex
1553 3382 1877 3435 rebaptizatione
1898 3378 2060 3430 passiva
2089 3373 2152 3413 vel
2171 3383 2239 3413 an·-

1206 3449 1314 3496 tiva3
1338 3448 1404 3488 vel
1423 3459 1515 3498 quae
1537 3444 1782 3497 (secundum
1810 3437 2059 3482 sententiam
2089 3432 2239 3472 multo-

1205 3509 1316 3560 rum)
1337 3508 1594 3548 contrahitur
1612 3508 1781 3557 propter
1799 3501 1994 3541 delictum
2014 3493 2240 3546 suscipien-

1206 3570 1255 3614 ni
1264 3569 1444 3610 Ordines
1470 3568 1634 3616 furtive,
1659 3569 1733 3604 aut
1771 3564 1887 3601 extra
1914 3562 2139 3612 «tempora,
2172 3551 2238 3595 vel
