2352 3880
32 320 156 381 Μ’
161 320 215 378 sstb
231 329 290 377 als
306 329 380 375 11111
396 333 627 387 sumpsisse,
649 333 716 374 vel
731 334 840 373 certe
859 332 1006 373 eodem
1021 333 1104 385 spi-

44 392 160 445 *situ
180 407 262 451 quo
287 393 350 438 illi
374 395 496 438 misse
515 393 714 436 locutum.
745 395 796 435 Et
821 393 1026 447 imprimis
1043 395 1105 435 af-

70 453 183 503 ¹lure
210 465 428 512 possumus
458 457 814 510 Chrysostomum,
846 456 960 496 hom.
996 456 1023 498 Β
1057 456 1103 496 111

43 507 210 585 Jssatt„
226 517 296 574 qui
314 518 468 560 mirum
486 521 531 559 in
549 519 718 560 modum
747 517 888 558 laudat
914 515 1103 559 obedien-

43 570 175 634 tuam
189 580 232 624 S.
247 578 426 635 1103611111,
441 578 513 633 qui
527 581 684 632 Angelo
696 579 1102 634 praecipientifugam

43 650 47 700 j
71 641 119 687 111
145 642 371 698 AEgyptum
397 640 501 683 nihil
520 641 730 694 opposuit,
750 650 827 681 nec
855 643 1011 683 curiose
1029 643 1102 683 ali-

44 702 171 760 i‘quid
203 704 468 758 interrogavit
493 716 503 744 =
535 701 622 746 Sed
648 705 813 746 libenter
845 702 1028 752 obedivit,
1064 709 1102 746 et

0 783 1 800 1
71 766 254 817 credidit,
277 776 406 808 omnes
435 764 710 808 tribulationes
728 774 817 807 cum
846 768 993 818 qaudio
1011 775 1101 808 sus-

70 829 244 872 tinendo.
264 827 315 868 Et
331 826 473 868 eodem
499 826 621 867 modo
644 832 916 879 exaggeratur
933 828 977 868 in
995 829 1100 868 Scri-

69 896 190 946 ptura
209 888 441 930 obedieutia
461 886 699 940 Abraham,
726 889 869 930 Genesi.
891 891 942 930 12
973 895 1014 930 et
1030 883 1096 941 22,

67 955 118 993 ut
143 951 253 992 idem
277 951 586 1004 Chrysostomus
614 951 873 1003 prosequitur
894 951 1006 991 hom.
1026 953 1099 992 tri-

67 1015 224 1067 gesima
257 1014 390 1066 prima
425 1018 466 1054 et
499 1012 812 1066 quadragesima
846 1015 1020 1066 septima
1053 1013 1098 1054 111

67 1074 269 1116 Genesim.
286 1077 363 1116 Sed
376 1088 430 1116 ne
445 1076 536 1128 quis
549 1074 658 1115 dicat
669 1075 873 1115 Abraham
890 1078 930 1115 et
946 1075 1099 1128 Joseph

67 1136 290 1178 obedivisse
315 1138 396 1177 Deo
415 1137 652 1177 immediate
679 1145 752 1188 per
771 1135 975 1187 Angelum
995 1149 1098 1188 prae-

65 1196 248 1251 cipienti‚
270 1198 495 1239 consideret
513 1211 602 1250 quae
621 1200 664 1237 in
684 1198 929 1249 praecedenti
948 1203 1097 1250 puncto

66 1260 244 1303 adducta
259 1267 367 1312 sunt,
386 1265 427 1302 et
445 1262 583 1300 audiat
603 1258 799 1300 Basilium
827 1261 871 1300 in
893 1261 1098 1301 Constitu-

64 1323 169 1364 tion.
190 1329 364 1364 monast.
378 1354 388 1371 ‚
407 1336 442 1363 c.
464 1324 532 1372 23,
553 1323 755 1362 dicentem
774 1337 783 1362 :
808 1323 837 1363 I
839 1324 1016 1365 mitanda
1038 1329 1097 1374 est

65 1387 240 1428 maxime
280 1386 524 1428 Sanctorum
564 1384 777 1427 obedientia
798 1415 808 1433 ,
850 1395 967 1437 quam
1004 1397 1100 1440 crya

66 1445 195 1490 Deum
210 1447 276 1488 itti
292 1449 577 1495 adhibuerunt:
596 1448 632 1487 si
647 1451 791 1495 tamen,
809 1449 1015 1500 proposito
1030 1460 1099 1488 no-

33 1512 36 1514 ’
66 1507 128 1552 δίε
143 1521 275 1552 eorum
294 1511 484 1562 exempto,
505 1521 590 1550 eam
609 1511 781 1559 fortasse
805 1514 906 1550 recte
923 1513 1100 1561 potueri-

65 1583 156 1614 mus
185 1573 352 1625 explere.
374 1572 635 1624 Respondens
665 1583 762 1610 vero
791 1570 852 1609 illi
869 1571 1002 1610 tacitae
1027 1570 1099 1611 ob·-

65 1634 234 1689 iectioni
254 1665 269 1684 ,
306 1634 516 1687 subjungit
546 1644 557 1673 :
596 1631 731 1685 Neque
765 1644 854 1673 vero
899 1634 1099 1676 existimet

66 1695 288 1749 quisquam,
310 1708 370 1737 me
399 1707 520 1737 causa
546 1695 764 1744 formandae
787 1706 882 1745 erqa
900 1694 1100 1736 antistites

67 1758 307 1807 obedientiae,
323 1759 492 1799 elatiora
509 1759 689 1810 quoedam
709 1757 885 1810 eoeempta
898 1759 1097 1808 proferre,

64 1819 190 1872 eique,
208 1820 312 1873 quod
324 1820 405 1860 Deo
426 1819 595 1868 debetur,
614 1817 744 1868 officio
765 1822 1001 1870 arroqanter
1018 1820 1101 1859 obe-

65 1880 258 1922 dientiam
292 1882 481 1922 adversus
517 1878 689 1921 homines
725 1879 866 1920 audere
900 1881 1073 1927 conferre
1084 1899 1102 1929 ‚-

63 1953 184 1996 neque
200 1943 304 1983 enim
323 1943 378 1982 ad
394 1941 496 1983 Itane
513 1940 820 1982 similitudinem
842 1940 1100 1982 inducendam

63 2014 150 2045 mea
162 2008 311 2058 sponte,
325 2002 394 2044 sed
405 2002 550 2044 divinis
565 2003 714 2043 litteris
725 2002 910 2042 inductus
924 2004 1099 2051 accessi,-

64 2066 335 2109 animadverto
352 2066 455 2106 enim
470 2065 568 2118 quid
582 2067 626 2104 in
645 2063 886 2115 annqetiis
903 2064 1100 2105 Dominus

65 2125 174 2169 dicat
189 2158 200 2176 ,
221 2138 310 2169 cum
326 2127 372 2168 de
400 2124 617 2168 obedientia
635 2127 824 2167 adversus
846 2136 979 2165 servos
1007 2137 1100 2167 suos

65 2189 287 2231 adhibenda
301 2188 471 2244 leqimus
498 2188 655 2230 sancire
670 2205 688 2229 .·
711 2187 788 2236 Qui
805 2199 872 2227 vos
892 2188 1022 2237 audit,
1042 2201 1101 2230 me

66 2251 183 2292 audit
190 2267 206 2296 ;
224 2251 293 2304 qui
310 2261 378 2292 vos
395 2252 573 2305 spernit,
594 2262 654 2291 me
670 2250 840 2304 spernit.
865 2249 976 2297 Quod
992 2250 1101 2302 Apo-

66 2311 183 2354 stotis
199 2312 317 2361 didit,
331 2313 613 2364 intelliqendus
627 2315 745 2354 estin
763 2323 960 2352 commune
979 2313 1101 2364 Zeqem

67 2374 252 2416 sanxisse
269 2376 314 2415 in
335 2379 535 2427 posteros,
557 2376 626 2427 qui
645 2375 815 2414 aliorum
833 2375 968 2424 futuri
986 2379 1101 2416 erant

66 2437 331 2478 moderatores
337 2454 352 2484 ,·
370 2437 416 2478 id
442 2448 491 2478 em
515 2436 653 2477 multis
683 2436 899 2488 eisdemque
924 2437 1099 2477 certissi-

67 2499 148 2539 mis
176 2499 406 2539 divinarum
439 2497 666 2539 litterarum
701 2498 953 2545 testimoniis,
974 2500 1100 2539 mani-

65 2560 374 2613 festissimisque
405 2560 650 2614 argumentis
679 2559 844 2610 probari
873 2563 1016 2610 potest.
1051 2559 1102 2600 Et

66 2623 205 2663 statim
224 2622 414 2675 adjungit
444 2623 679 2675 exemplum
710 2624 760 2663 de
789 2622 1040 2672 Abrahamo,
1060 2628 1101 2663 et

65 2689 206 2739 postea
221 2685 534 2725 similitudinem
554 2686 707 2733 ovium,
727 2685 888 2724 dicens:
911 2686 1100 2734 Quemad-

35 2796 38 2801 .
65 2748 222 2789 modum
236 2747 397 2800 pastori
416 2757 487 2788 suo
516 2759 603 2788 oves
621 2747 897 2798 obtemperant,
922 2752 956 2787 et
975 2748 1096 2796 ciam,

66 2821 345 2864 quamcumque
371 2806 440 2848 itte
470 2809 579 2858 vult,
607 2809 912 2860 inqredz'untur,
943 2809 1004 2850 sic
1031 2809 1100 2861 qui

67 2881 116 2912 σω
133 2870 214 2911 Deo
232 2871 400 2912 cultores
419 2869 585 2924 pietatis
603 2873 711 2916 sunt,
727 2870 991 2911 moderatores
1007 2882 1100 2910 suos

29 2927 36 2931 ’
68 2931 178 2985 sequi
208 2932 354 2981 debent,
375 2931 481 2972 nihil
512 2932 667 2972 omnino
693 2931 874 2984 ipsorum
893 2931 1017 2983 jussa
1036 2944 1103 2972 cu-

31 2990 34 2991 ’
67 2994 218 3035 riosius
246 2997 543 3047 perscrutantes
557 3024 570 3043 ,
605 2995 760 3047 quando
794 2993 919 3034 libera
949 2998 1044 3035 sunt
1078 3006 1104 3036 a

66 3060 238 3113 peccato.
257 3055 306 3097 Et
323 3056 491 3096 tandem
510 3056 699 3109 adjungit
718 3055 950 3108 exemplum
971 3056 1020 3096 de
1038 3055 1103 3095 in-

71 3121 298 3160 strumento
316 3117 496 3167 artificis,
514 3118 623 3171 quod
644 3117 732 3159 sine
751 3117 836 3157 ulla
853 3117 1102 3157 discussione

72 3178 312 3232 simpliciter
336 3191 379 3219 se
405 3179 560 3220 moveri
579 3180 692 3220 sinit.
712 3179 763 3219 Et
792 3191 979 3221 sermone
998 3182 1023 3220 2
1051 3180 1102 3219 de

74 3240 203 3281 Instit.
225 3239 413 3281 monach.
428 3270 439 3289 ‚
459 3241 568 3281 circa
587 3241 729 3292 finem,
754 3242 1103 3294 comparationem

74 3302 242 3344 adhibet
269 3301 320 3341 de
349 3301 581 3342 obedientia
600 3302 696 3344 ndei
729 3307 770 3344 et
808 3308 1104 3357 praeceptorum

57 3411 59 3414 .
74 3364 163 3409 Dei.
177 3363 227 3403 Et
245 3362 289 3404 in
304 3363 458 3415 regulis
474 3363 601 3404 fusius
614 3365 842 3418 disputatis,
857 3379 892 3406 c.
907 3366 1104 3417 vigesimo

32 3423 39 3481 f
77 3429 220 3467 octavo
248 3435 260 3464 z
283 3425 343 3466 De
366 3425 519 3476 ,iudicii
546 3425 717 3479 (inquit)
732 3427 910 3480 periculo
938 3439 1107 3480 prorsus

78 3485 195 3533 illum
212 3499 293 3531 esse
311 3486 529 3528 sollicitum
547 3486 682 3536 sinito,
704 3489 772 3540 qui
790 3489 976 3542 imperat.
995 3489 1045 3527 Et
1062 3490 1107 3529 111

32 3546 39 3554 ’
80 3549 224 3593 eodem
252 3561 374 3590 sensu
401 3548 499 3588 dicit
530 3547 575 3587 111
603 3547 885 3589 Constitution.
912 3555 1105 3600 monast„

31 3658 45 3664 ,
81 3621 118 3651 ο.
139 3611 224 3654 20:
244 3610 383 3664 Neque
409 3610 457 3651 ab
476 3621 516 3652 eo
548 3609 716 3661 (scilicet
746 3610 939 3660 Praelato)
959 3621 1105 3662 eorum,

85 3682 173 3754 quoe
201 3671 279 3713 eibi
294 3672 562 3725 imperantur,
590 3672 787 3715 rationem
804 3673 1008 3724 deposcat,
1024 3673 1110 3715 nisi

556 259 647 302 ΒΜ).
668 256 739 302 XV.
760 255 1723 307 mmmmmpmssmffl
1798 265 1800 270 ’

2110 259 2192 311 ’179

1156 332 1256 384 quid
1271 334 1350 373 erit
1364 333 1607 384 hujusmodi,
1623 337 1727 388 quoa
1738 330 1795 377 ad
1808 335 1975 377 satutem
1989 337 2191 390 pertinens

1155 392 1386 445 iquorem-,-
1403 395 1499 434 tunc
1529 394 1703 445 mimici,
1734 407 1801 446 ea,
1822 407 1902 450 qua
1917 406 1999 453 pur
2018 403 2089 450 est,
2110 411 2192 443 mo-

1156 454 1285 496 destia
1311 463 1358 497 ao
1388 447 1609 497 reverentia
1638 458 1848 509 adhibitis,
1877 460 2192 514 inter-reymest

1155 516 1285 557 doceri
1302 515 1450 558 licebit.

1209 579 1248 618 5.
1281 576 1505 621 Cassianus
1524 578 1798 631 suffragratur.
1813 601 1868 612 —
1886 583 2084 626 Praeterea
2102 585 2192 626 Gas-

1154 638 1309 688 sianus‚
1330 639 1372 679 d.
1391 639 1463 679 lib.
1485 641 1527 688 4,
1548 650 1583 680 c.
1604 642 1654 681 10
1673 651 1684 681 :
1706 640 1810 683 Sine
1826 642 1914 684 utta
1929 644 2090 698 (inquit)
2112 649 2192 690 dis-

1154 702 1329 742 cussione
1346 702 1566 751 festinant,
1591 705 1638 743 ut
1654 711 1948 756 nonnumquam
1967 708 2085 748 etiam
2111 711 2191 750 im-

1151 763 1361 813 possibilia
1375 763 1532 804 sibimet
1548 764 1758 816 imperata,
1781 776 1825 806 ea
1838 766 1918 816 fide
1935 777 1980 807 ac
1995 769 2190 812 devotione

1154 825 1378 875 suscipiant
1391 855 1403 874 ,
1423 828 1470 866 ut
1486 828 1570 867 tota
1589 827 1760 874 virtute,
1782 837 1830 868 ac
1848 828 1933 868 sine
1949 829 2037 869 uua
2061 832 2190 872 cordis

1154 886 1400 927 ltoesitatione
1423 898 1468 928 ea
1488 889 1678 938 perficere
1705 892 1742 929 et
1766 898 2036 930 consummare
2054 892 2190 932 nitan-

1153 950 1248 996 tur,
1279 951 1317 988 et
1336 959 1404 988 nec
1427 949 1786 1001 impossibilitatem
1816 950 1973 1002 quidem
2000 955 2193 1005 proecepti

1147 1017 1224 1060 pro
1247 1009 1413 1049 senioris
1434 1013 1658 1052 reverentia
1687 1012 1919 1053 metiantur.
1947 1013 1996 1052 Et
2014 1024 2103 1066 cap.
2130 1015 2192 1053 vi-

1153 1070 1309 1120 gesimo
1329 1075 1475 1123 quarto
1490 1073 1649 1112 inducit
1668 1084 1783 1113 exem
1791 1074 1901 1124 plum
1917 1072 2100 1122 Joannis‚
2119 1077 2192 1127 qui

1147 1132 1263 1184 jussu
1294 1134 1521 1185 Superioris
1550 1135 1710 1185 lignum
1740 1136 1903 1174 aridum
1930 1137 2059 1176 multo
2089 1140 2191 1176 tem-

1151 1205 1248 1247 pore
1269 1195 1468 1246 irrigavit.
1504 1197 1552 1235 Et
1574 1197 1711 1235 subdit
1733 1197 1842 1236 infra
1866 1210 1874 1236 ε
1906 1198 2081 1251 Cumque
2105 1200 2190 1252 ejus

1151 1257 1402 1298 sedulitatem
1419 1258 1566 1298 tacitus
1581 1268 1698 1298 seneoe
1716 1259 1892 1312 sinqulis
1908 1261 2041 1300 diebus
2060 1262 2189 1312 emplo-

1150 1324 1274 1367 φανεῖ,
1306 1322 1342 1360 et
1363 1321 1513 1361 videret
1542 1330 1628 1361 eum
1657 1321 1838 1373 simplici
1866 1322 1996 1363 cordis
2024 1326 2188 1375 affectu,

1152 1382 1384 1422 mandatum
1403 1392 1536 1429 suum,
1556 1382 1662 1422 velut
1677 1383 1863 1423 emissum
1882 1383 2007 1424 divini
2012 1387 2090 1432 tus,
2109 1385 2189 1426 sine

1152 1444 1240 1484 ulla
1260 1445 1552 1495 permutatione
1580 1446 1731 1494 vultus,
1760 1446 1821 1484 vel
1847 1445 2019 1487 rationis
2039 1448 2189 1488 discus-

1152 1507 1262 1546 sione
1292 1516 1465 1551 servare‚
1497 1507 1692 1547 sinceram
1722 1507 1968 1548 humilitatis
1996 1510 2083 1560 ejus
2114 1510 2189 1551 obe-

1155 1567 1347 1608 dientiam
1365 1567 1634 1619 comprobavit
1646 1585 1661 1614 ;
1681 1569 1765 1607 imo
1784 1569 1909 1608 etiam
1925 1570 2050 1609 refert
2064 1572 2190 1611 Deum

1152 1629 1351 1668 miraculo
1381 1628 1493 1667 illam
1527 1629 1805 1669 confirmasse.
1846 1631 1895 1669 Et
1926 1630 2073 1671 deinde
2111 1633 2190 1672 alia

1153 1690 1341 1742 exempla
1357 1692 1616 1743 prosequitur
1630 1705 1757 1744 usque
1774 1692 1826 1732 ad
1840 1705 1928 1745 cap.
1947 1694 2190 1745 vigesimum

1153 1764 1325 1793 nonum.
1348 1753 1405 1792 Ac
1421 1753 1597 1805 denique
1617 1755 1747 1794 multa
1762 1755 1806 1793 in
1824 1755 2011 1794 eamdem
2029 1762 2190 1796 senten-

1154 1815 1256 1854 tiam
1287 1814 1410 1854 habet
1439 1815 1561 1864 infra,
1597 1829 1631 1855 c.
1659 1817 1728 1864 41,
1759 1820 1801 1855 et
1828 1817 1877 1855 de
1909 1817 2108 1857 Institutis
2129 1830 2190 1858 re-

1154 1887 1298 1926 nunc„
1327 1877 1399 1916 lib.
1424 1878 1489 1926 1⁶2,
1512 1890 1545 1916 c.
1571 1878 1636 1925 32,
1660 1878 1732 1916 ubi
1751 1882 1842 1930 post
1862 1881 2191 1919 commendatam

1154 1937 1446 1990 perfectionem
1480 1939 1724 1978 obedientiae
1741 1970 1754 1988 ,
1782 1940 1950 1991 inquit:
1978 1940 2090 1988 Quod
2116 1954 2192 1982 non

1154 1999 1273 2042 aliter
1290 1999 1492 2041 observari
1507 2002 1673 2054 poterit,
1695 2002 1778 2041 nisi
1797 2004 1888 2054 quis
1906 2014 1984 2041 non
2006 2003 2132 2043 sotum
2153 2017 2193 2045 se

1154 2067 1355 2103 mortuum
1380 2062 1472 2102 huic
1498 2063 1656 2111 mundo,
1683 2074 1819 2103 verum
1850 2065 1973 2104 etiam
2001 2065 2193 2117 insipien-

1155 2130 1231 2166 tem
1250 2126 1454 2177 judicarit
1476 2128 1514 2165 et
1542 2126 1733 2174 stultum,
1760 2126 1948 2166 universa
1964 2157 1974 2173 ,
2000 2139 2085 2178 quoe
2115 2129 2195 2169 sibi

1153 2188 1308 2239 fuerint
1330 2199 1354 2227 a
1379 2184 1600 2226 senioribus
1626 2188 1850 2239 imperata,
1883 2189 1968 2228 sine
1996 2189 2083 2229 ulla
2115 2191 2195 2231 dis-

1156 2249 1333 2290 cussi-one
1350 2248 1575 2300 perficiens,
1606 2252 1864 2290 sacrosancta
1883 2262 1928 2290 ea
1949 2252 2119 2300 credens,
2149 2264 2195 2293 ac

1155 2312 1352 2352 divinitus
1378 2309 1654 2362 promulqata.
1693 2311 1793 2350 Item
1826 2312 1960 2351 collat.
1984 2313 2033 2362 ἐξ,
2066 2325 2102 2352 c.
2129 2316 2193 2363 11,

1153 2385 1238 2412 non
1266 2377 1428 2411 tantum
1461 2372 1511 2410 de
1544 2371 1809 2423 Superiorum
1842 2374 2091 2423 obedientia,
2123 2376 2196 2415 sed

1154 2435 1279 2475 etiam
1300 2435 1350 2473 de
1370 2434 1584 2484 sequendis
1601 2435 1786 2484 vestigiis
1806 2436 2015 2475 seniorum
2037 2437 2111 2476 hoc
2133 2438 2196 2476 di-

1153 2495 1208 2535 cit
1224 2508 1308 2535 esse
1322 2495 1642 2545 observandum,
1659 2500 1705 2536 ut
1717 2508 1836 2549 neque
1850 2510 1965 2549 aqere
1980 2497 2195 2551 quidquam

1152 2559 1259 2606 novi,
1277 2570 1396 2609 neque
1414 2558 1633 2597 discernere
1651 2562 1785 2598 nostro
1794 2559 1956 2610 judicio
1974 2572 2195 2612 proesuma-

1154 2631 1243 2661 mus
1259 2651 1270 2668 ‚
1301 2620 1369 2660 sed
1386 2620 1707 2671 quemadmodum
1733 2631 1805 2660 nos
1826 2621 1887 2661 vel
1912 2623 2083 2662 traditio
2102 2624 2195 2662 illo-

1152 2693 1245 2722 rum
1267 2682 1327 2722 cet
1347 2682 1443 2722 oitoe
1465 2681 1651 2733 probitas
1671 2682 1927 2732 informarit,
1954 2682 1998 2722 in
2015 2685 2195 2726 omnibus

1154 2743 1405 2797 yradiamur.
1435 2743 1484 2782 Et
1504 2741 1613 2781 infra
1638 2743 1852 2795 subjungit
1877 2745 2124 2783 sententiam
2143 2746 2195 2784 il-

1154 2807 1252 2855 lam,
1273 2817 1397 2858 quam
1414 2805 1458 2844 B.
1478 2806 1660 2856 ignatius
1676 2805 1721 2844 in
1737 2818 1811 2844 sua
1828 2806 1998 2858 epistola
2014 2808 2190 2859 profert:

1155 2868 1284 2911 Nullo
1310 2868 1390 2908 alio
1417 2867 1513 2907 vitio
1540 2871 1621 2907 tam
1646 2869 1896 2920 praecipitem
1917 2869 2098 2909 diabotus
2114 2883 2194 2910 mo-

1155 2930 1326 2971 nachum
1354 2927 1560 2980 pertrahit
1578 2959 1587 2975 ,
1620 2939 1666 2969 ac
1689 2930 1877 2981 perducit
1913 2931 1968 2971 ad
1997 2935 2159 2973 mortem
2175 2962 2190 2982 ‚

1156 3005 1275 3047 quam
1294 3004 1379 3033 cum
1399 3004 1485 3032 eum
1503 2990 1692 3044 neqlectis
1711 2993 1892 3033 consiliis
1906 2994 2106 3034 seniorum
2121 3007 2193 3036 suo

1147 3054 1307 3108 judicio
1340 3055 1587 3106 persuaserit
1624 3055 1919 3108 definitionique
1959 3056 2153 3106 confidere
2179 3086 2192 3106 ‚

1157 3128 1283 3169 quam
1313 3115 1500 3168 pluribus
1523 3114 1660 3155 verbis
1690 3116 1840 3168 repetit
1871 3117 2008 3158 collat.
2037 3118 2194 3158 decima

1156 3183 1315 3227 octava,
1334 3190 1425 3230 cap.
1444 3176 1582 3217 tertio.

1211 3242 1250 3281 6.
1282 3241 1386 3282 Item
1405 3239 1682 3292 Auqustinus‚
1713 3238 2013 3293 Hieronymus,
2046 3244 2193 3280 etc.—

1159 3305 1362 3345 Praeterea
1387 3302 1434 3341 D.
1472 3301 1725 3352 Augustinus
1754 3302 1851 3342 satis
1880 3303 1991 3342 hunc
2022 3302 2189 3341 modum

1159 3363 1400 3405 obedientiae
1419 3362 1604 3402 insinuat
1622 3362 1666 3402 in
1685 3362 1775 3403 loco
1792 3363 1868 3403 sub
1882 3364 2048 3402 initium
2071 3374 2190 3413 supe·

1159 3427 1278 3468 rioris
1296 3425 1455 3478 capitis,
1484 3436 1526 3464 11.
1561 3425 1600 3475 1,
1631 3425 1768 3473 611610,
1799 3425 2189 3477 apud1Bonaventu-

1160 3500 1250 3529 ram
1265 3488 1310 3527 in
1328 3486 1621 3527 collationibus
1637 3517 1648 3535 ,
1671 3486 1806 3526 collat.
1830 3488 1854 3526 3
1867 3516 1878 3533 ‚
1899 3485 2029 3536 capite
2048 3496 2190 3525 secun·-

1160 3550 1212 3592 do
1228 3580 1239 3599 ‚
1271 3548 1372 3589 dum
1397 3548 1574 3601 postulat
1599 3552 1647 3587 ut
1673 3546 1905 3588 obedientia
1926 3545 1978 3584 sit
2001 3545 2190 3598 simplex,

1161 3611 1249 3652 sine
1264 3611 1511 3650 discussione
1516 3625 1528 3659 3
1546 3614 1587 3649 et
1600 3609 1643 3649 S.
1662 3609 1948 3659 Hieronymus,
1970 3605 2012 3647 d.
2030 3604 2148 3659 epist.
2164 3610 2194 3649 ὁ

1161 3670 1215 3714 ad
1234 3672 1464 3722 Rusticum,
1489 3670 1628 3712 dicens
1645 3680 1660 3711 ε
1683 3668 1831 3711 Credas
1855 3668 2049 3722 satutare,
2075 3670 2198 3724 quid-
