2352 3880
161 214 269 258 nu

203 288 313 324 quam
327 282 446 324 quoad
466 282 556 316 alias
574 288 746 325 personas
767 290 815 318 ne
832 290 959 320 earum
983 272 1202 322 monasteria

204 331 468 375 ingrediantur.
482 332 767 378 Videllonialis.
836 373 841 378 ¹

203 379 331 415 vivere
353 385 451 415 extra
469 379 665 416 claustrum
690 387 738 416 an
756 377 866 417 liceat
886 383 1055 427 religioso
1081 383 1128 419 de
1151 384 1202 419 li-

151 443 156 473 5
203 430 323 466 centia
342 431 558 474 Superioris,
575 434 612 466 et
629 431 692 475 qui
711 432 884 476 superior
902 434 998 468 hanc
1017 433 1200 470 licentiam

204 479 290 514 dare
312 479 435 523 possit,
461 481 511 515 ib.

203 527 329 564 Peccat
338 531 537 566 mortaliter
545 532 716 566 Praelatus
731 531 823 567 dans
835 531 1018 567 licentiam
1033 531 1200 577 religioso

204 579 583 666 {dlivilvegidtgmqextra
598 578 792 617 claustrum
811 581 891 617 sine
915 585 1022 618 causa
1039 583 1200 620 rationa-

204 655 287 719 Quae
309 657 500 717 censeatur
519 691 628 718 causa
648 681 888 718 rationabilis.
911 686 954 717 tr.
979 683 1012 724 9,
1033 683 1150 726 l.1,c.
1166 689 1200 720 6.

202 730 258 814 tAru
273 739 340 814 8eal
360 731 608 816 liaceeltiilsine
635 741 743 768 causa
763 733 971 768 rationabili
997 731 1044 767 sit
1067 732 1200 778 valida,

202 830 245 865 Et
261 808 312 914 ⁷³¹3
334 809 517 877 relinquat
534 810 728 870 'subditum
754 834 871 867 tutum
900 831 941 866 in
967 832 1202 877 conscientia,

207 888 238 914 c.
285 908 294 916 .

203 930 348 1014 gum-Si
369 932 452 968 talis
472 933 620 968 licentia
637 931 853 967 concedatur
873 940 896 966 a
916 928 1063 967 Summo
1077 932 1201 969 Ponti-

205 982 469 1074 Αἳιθῗὲξῖςίοευε
483 1033 646 1065 teneatur
667 1030 723 1064 vel
754 1030 866 1074 possit
886 1029 1034 1066 obedire
1051 1030 1199 1069 Praelato

204 1081 282 1115 sine
297 1083 390 1123 justa
405 1090 512 1115 causa
523 1080 782 1114 habitationem
796 1085 894 1115 extra
903 1081 1097 1117 claustrum
1110 1092 1200 1127 prae-

192 1127 376 1174 'cipiendi‚
400 1131 448 1165 ib.

202 1180 363 1215 Licentia
380 1180 567 1215 habitandi
586 1184 758 1225 perpetuo
777 1185 874 1216 extra
893 1181 1087 1216 claustrum
1106 1189 1198 1219 con-

201 1229 281 1315 {zledi
299 1239 373 1267 non
388 1235 504 1275 potest
515 1231 693 1275 religiosis
710 1231 989 1267 irrevocabiliter
1002 1242 1022 1266 a
1035 1233 1194 1277 Praelato,

198 1329 401 1374 Religiosus
417 1335 514 1366 extra
525 1331 717 1367 claustrum
731 1330 899 1367 habitans
913 1332 957 1367 de
970 1333 1115 1368 licentia
1127 1335 1197 1369 Su-

200 1382 589 1424 periorum‚[quom0do
601 1383 818 1427 paupertatis
827 1387 949 1419 votum
958 1391 1099 1419 servare
1112 1391 1195 1427 pos-

200 1432 248 1467 sit
260 1437 297 1467 et
313 1433 453 1473 debeat,
475 1432 528 1470 ib.

590 1504 756 1534 obtamus.

155 1580 315 1618 clericus
327 1581 499 1616 secularis
516 1585 630 1625 potest
650 1582 735 1626 eligi
761 1582 799 1617 in
819 1580 1033 1626 Episcopum
1060 1583 1107 1619 ad
1127 1584 1195 1619 Ec-

197 1633 344 1667 clesiam
359 1633 575 1676 regularem,
595 1641 676 1676 quae
691 1633 907 1668 cathedralis
921 1633 977 1674 sit,
991 1635 1035 1667 tr.
1059 1635 1091 1675 8,
1114 1632 1139 1668 l.
1160 1636 1193 1676 2,

198 1691 228 1718 c.
249 1686 280 1717 1.

153 1734 377 1771 clericorum
400 1734 619 1778 regularium
638 1737 749 1769 status
768 1734 912 1778 proprie
932 1734 1119 1777 religiosus
1133 1734 1195 1769 in·

195 1785 291 1828 cepit
308 1788 346 1819 in
368 1785 557 1828 Apostolis‚
580 1785 721 1828 fuitque
746 1794 767 1819 a
795 1785 932 1819 christo
948 1786 1142 1827 institutus,
1159 1789 1196 1820 et

194 1844 386 1878 nunquam
409 1836 631 1879 interruptus
651 1834 762 1871 fuisse
787 1835 931 1871 videtur
957 1835 996 1870 in
1021 1835 1191 1879 Ecclesia,

193 1888 237 1920 tr.
257 1889 289 1927 9,
313 1886 336 1919 1.
355 1889 388 1927 1,
405 1893 436 1919 c.
454 1889 489 1920 7.

191 1936 278 1978 Ejus
303 1936 499 1978 antiquitas
527 1936 795 1979 comparatione
819 1937 930 1973 status
954 1935 1189 1978 monachalis,

193 1985 258 2024 ib..
273 1988 308 2019 et
320 1989 363 2019 tr.
381 1989 434 2027 10,
451 1985 476 2018 l.
493 1988 524 2027 1,
540 1994 571 2019 c.
591 1989 621 2019 5.

191 2035 234 2069 Et
247 2036 330 2078 quis
346 2043 471 2069 eorum
486 2034 531 2068 sit
547 2034 752 2078 perfectior,
766 2037 811 2069 tr.
831 2038 865 2076 9,
879 2034 905 2068 l.
920 2038 954 2077 2,
967 2042 1001 2069 c.
1018 2038 1053 2070 ¹1,

190 2085 231 2118 In
253 2093 324 2127 quo
339 2085 520 2125 differant,
538 2085 585 2120 ib.

149 2134 369 2170 clericorum
397 2135 619 2177 regularium
654 2134 800 2178 proprie
837 2134 1088 2178 religiosorum
1123 2134 1187 2170 alii

189 2185 370 2226 canonici,
395 2185 457 2219 alii
474 2185 657 2227 simplices
678 2185 886 2228 presbyteri,
911 2194 943 2219 c.
963 2189 997 2220 9.

189 2235 375 2276 Quomodo
395 2235 431 2269 hi
449 2235 494 2269 ab
513 2235 585 2269 illis
605 2236 914 2275 discriminentur,
939 2235 989 2270 ib.

189 2286 326 2321 Rursus
365 2287 581 2321 clericorum
609 2287 832 2330 simplicium
865 2286 994 2329 religio
1028 2286 1067 2320 in
1102 2289 1192 2329 quot

188 2337 351 2370 membra
366 2336 481 2370 dividi
498 2337 621 2379 possit,
639 2337 689 2370 ib.

146 2385 365 2421 clericorum
387 2388 619 2429 regularium,
645 2387 842 2429 improprie
864 2389 984 2420 tamen
1000 2385 1188 2430 religioso-

189 2446 268 2471 rum
292 2437 590 2480 congregationes
613 2437 743 2479 aliquae
758 2436 997 2479 assignantur,
1014 2437 1063 2470 ih.

146 2487 367 2522 clericorum
383 2487 510 2530 religio
534 2491 586 2521 est
610 2486 672 2521 illa
691 2494 772 2529 quae
792 2495 856 2529 per
878 2495 915 2521 se
934 2487 1122 2521 ordinatur
1141 2487 1188 2522 ad

187 2538 431 2583 perficiendos
447 2539 660 2579 sacerdote53
680 2540 721 2572 ut
737 2537 939 2572 sacerdotes
959 2541 1056 2580 sunt,
1071 2541 1117 2573 tr.
1132 2540 1186 2579 10,

186 2588 213 2624 1.
235 2590 269 2632 1,
290 2596 325 2625 c.
344 2592 380 2624 6.

496 2679 728 2707 ΟΒΙῘΝῘΑΕΕΝΞῙΒ
745 2678 842 2707 ORDO.

145 2756 394 2794 cluniacensis
418 2756 566 2793 ordinis
588 2757 704 2801 origo,
725 2756 865 2801 regula.
892 2756 1088 2799 institutor,
1099 2758 1183 2798 eto..
1214 2782 1217 2784 -

186 2809 230 2845 tr.
252 2812 287 2852 9,
307 2808 335 2844 l.
356 2811 392 2851 2,
412 2816 446 2843 ο.
467 2811 502 2842 2.

452 2905 677 2943 castimoniis
695 2911 892 2942 sociat-sris.

146 2989 377 3033 coadjutores
397 2987 602 3030 spirituales
623 2987 807 3021 societatis
825 2986 976 3029 quinam
995 2986 1081 3029 sint,
1102 2986 1188 3030 quis

188 3049 315 3076 eorum
337 3039 468 3082 gradus
491 3038 529 3070 in
553 3037 738 3079 societate,
766 3040 801 3071 et
826 3037 872 3070 ad
897 3037 986 3080 quid
1005 3037 1043 3070 in
1057 3045 1101 3071 ea
1119 3038 1187 3073 ad-

190 3092 390 3130 mittantur,
403 3092 448 3123 tr.
465 3088 520 3128 10,
541 3087 564 3120 l.
590 3091 622 3127 2,
646 3095 678 3121 c.
703 3091 734 3121 3.

147 3141 413 3178 convenienter
433 3139 511 3175 thos
536 3137 763 3178 coadjutores
776 3137 817 3172 in
839 3135 1014 3173 societate
1031 3136 1188 3180 admitti.

189 3192 215 3226 l.
238 3195 271 3231 7,
295 3199 325 3225 c.
350 3193 384 3225 1.

189 3241 407 3278 Eorumdem
419 3238 667 3281 coadjutorum
676 3236 750 3278 iam
764 3235 999 3271 formatorum
1011 3239 1092 3272 vota
1102 3237 1189 3280 qui-

190 3293 260 3329 hus
281 3290 446 3327 societati
471 3290 758 3330 incorporantur,
777 3286 956 3329 simplicia
974 3290 1069 3328 sunt,
1085 3287 1135 3321 ib.

189 3343 285 3385 Quid
301 3341 373 3375 illis
387 3339 480 3375 votis
494 3338 586 3373 desit
600 3337 795 3380 quominus
809 3336 984 3370 solemnia
998 3337 1082 3378 sint,
1098 3337 1148 3371 ib.

191 3395 240 3428 Ea
253 3400 328 3427 non
346 3390 518 3426 dirimere
536 3387 744 3432 praecedens
769 3383 1041 3421 matrimonium
1054 3389 1186 3430 ratum,

190 3450 224 3478 e.
240 3446 274 3478 2.

192 3493 282 3527 Vide
299 3493 441 3527 Votum.

192 3545 245 3578 An
273 3543 360 3578 dicti
385 3540 615 3583 coadiutores
639 3537 843 3581 spirituales
859 3535 1114 3571 convenienter
1137 3536 1186 3572 ad

192 3593 389 3627 solemnem
412 3590 671 3634 professionem
694 3596 768 3624 non
790 3587 1034 3627 admittantur,
1050 3586 1100 3620 ib.

192 3640 234 3677 ln
254 3650 327 3677 ouo
353 3642 412 3674 hic
427 3641 559 3683 gradus
578 3638 820 3683 spiritualium
840 3636 1100 3679 coadjutorum,
1121 3643 1183 3669 eo-

1078 221 1207 261 nmnx
1226 211 1382 262 mun.

1255 325 1259 335 ι
1296 291 1453 370 {gaique
1463 285 1546 327 vota
1562 281 1891 328 differantncradu
1930 281 2292 342 ,maturarimus

1295 385 1335 420 ln
1355 376 1561 467 quqhssiaau
1579 376 1617 419 st
1641 374 1736 420 votis
1750 379 1822 420 uta
1837 368 1979 423 tantuin
1999 368 2287 437 ffi'ssitroteoso·

1295 442 1390 474 rum,
1415 442 1426 467 1
1455 456 1465 466 .
2083 436 2107 444 ··

1255 480 1486 526 Coadjutores
1506 477 1712 527 spirituales
1733 482 1878 519 formati
1900 478 2090 528 incapaces
2115 478 2202 532 mit}
2217 486 2287 524 do-

1295 533 1402 568 minii
1416 536 1452 567 et
1465 524 1697 575 haereditatis,
1711 531 1762 568 ib.

1253 579 1484 626 coadjutores
1499 577 1703 628 spirituales
1723 582 1865 619 formati
1880 581 2014 622 debent
2029 583 2108 621 esse
2120 576 2290 625 &wdo-

1294 636 1359 675 tes,
1384 633 1433 667 ib.

1255 684 1488 726 coadjutores
1511 680 1718 728 spirituales
1737 678 1870 721 dimitti
1890 682 2041 729 possunt
2059 682 2084 720 lt
2101 677 2288 729 sociem,

1298 734 1347 768 ib.

1297 785 1429 819 Eorum
1450 785 1571 819 tamen
1591 782 1757 819 dimissio
1788 779 1972 828 graviores·
1996 779 2150 830 requirit
2165 790 2292 821 causas

1296 843 1406 877 quam
1429 833 1671 871 scholarium:
1694 837 1731 869 et
1757 842 1925 878 quaenam
1947 835 2020 871 illae
2040 840 2117 872 esse
2139 835 2291 879 possint,

1300 883 1348 918 ib.

1253 933 1486 977 coadjutores
1499 931 1714 977 temporales
1731 929 1917 968 Societatis
1941 937 2052 978 quem
2077 933 2231 977 gradum
2250 932 2292 970 in

1296 992 1338 1018 ea
1353 985 1520 1024 habeant,
1535 987 1570 1018 et
1587 983 1633 1018 ad
1648 980 1737 1026 quid
1755 981 1999 1022 admittantur,
2017 982 2066 1018 ih.

1252 1035 1325 1070 Cur
1343 1035 1391 1069 ita
1407 1035 1644 1078 appellentur.
1660 1038 1755 1069 etan
1769 1034 2038 1075 convenienter,
2053 1041 2084 1068 c.
2099 1036 2134 1068 8.

1295 1083 1428 1122 Horum
1449 1085 1698 1129 coadjutorum
1716 1086 1790 1127 jam
1806 1085 2041 1119 formatorum
2055 1086 2150 1124 vota.
2166 1078 2289 1118 habita

1294 1135 1539 1181 proportione,
1570 1143 1643 1170 non
1675 1131 1846 1170 differunt
1872 1140 1894 1170 a
1914 1134 2008 1171 votis
2032 1132 2287 1177 coadiutorum

1293 1186 1536 1229 spiritualium
1551 1185 1796 1223 formatorum,
1815 1185 1866 1220 ih.

1291 1235 1375 1276 Quae
1392 1236 1584 1270 necessitas
1600 1239 1635 1270 et
1648 1235 1902 1270 convenientia
1916 1230 2026 1270 suerit
2037 1231 2145 1276 hujus
2156 1232 2289 1278 gradus

1292 1286 1548 1328 coadjutorum
1566 1286 1819 1329 temporalium
1841 1285 1879 1319 in
1898 1282 2084 1327 societate,
2100 1282 2152 1318 ih.

1293 1335 1367 1375 Quo
1386 1344 1538 1370 numero
1553 1335 1753 1378 recipiendi
1768 1331 1852 1377 sint,
1868 1329 1918 1370 ib.

1294 1386 1377 1424 Quae
1392 1386 1492 1420 dotes
1513 1389 1547 1419 et
1571 1386 1797 1420 conditiones
1817 1386 1854 1419 in
1871 1386 1924 1419 eis
1938 1384 2178 1428 requirantur.
2191 1373 2245 1418 ib.

1292 1433 1404 1475 Quam
1422 1435 1467 1469 sit
1478 1435 1654 1478 perfectus
1664 1435 1724 1470 hic
1737 1436 1880 1479 gradus,
1896 1437 1932 1470 et
1946 1430 2127 1478 quomodo
2139 1428 2186 1468 ab
2197 1432 2288 1468 alios

1291 1486 1425 1528 gradus
1439 1486 1624 1520 societatis
1636 1491 1874 1529 comparetur,
1892 1486 1940 1520 ib.

1247 1531 1481 1577 coadjutores
1496 1536 1710 1578 temporales
1729 1531 1775 1570 ad
1802 1529 2063 1579 professionem
2086 1526 2286 1570 solemnem

1293 1594 1481 1628 nunquam
1496 1585 1746 1627 admittuntur,
1767 1588 1802 1619 et
1822 1590 1897 1627 cur,
1918 1584 1968 1619 ib.

1291 1636 1403 1676 Quam
1426 1635 1472 1670 sit
1490 1639 1595 1679 aptus
1610 1635 1669 1670 hic
1683 1636 1815 1680 gradus
1829 1636 1875 1671 ad
1887 1630 2145 1679 perfectionem
2159 1630 2287 1675 aequi-

1290 1686 1454 1726 rendam,
1471 1686 1519 1720 ib.

1249 1735 1504 1778 coadjutorum
1533 1737 1768 1771 formatorum
1792 1734 2032 1777 incorporatio
2047 1733 2087 1767 in
2113 1724 2288 1766 societate

1292 1796 1356 1830 per
1374 1791 1455 1821 vota
1482 1786 1662 1831 simplicia
1683 1788 1720 1821 in
1744 1794 1817 1830 quo
1839 1784 1980 1820 differat
1999 1782 2046 1820 ab
2073 1779 2287 1828 incorpora-

1290 1838 1389 1872 tione
1412 1838 1718 1880 scholasticorum,
1733 1838 1755 1871 l.
1781 1840 1813 1879 3,
1836 1845 1868 1870 c.
1893 1840 1925 1870 5.

1246 1887 1477 1930 coadjutores
1489 1889 1629 1923 formati
1642 1888 1778 1931 expulsi
1794 1894 1815 1921 a
1829 1887 2002 1922 socictate
2013 1887 2060 1920 an
2072 1878 2215 1928 aliquas
2225 1888 2293 1918 re->

1289 1939 1429 1975 tineant
1444 1937 1694 1984 obligationes,
1713 1939 1738 1972 l.
1761 1938 1815 1979 11,
1837 1944 1870 1972 c.
1890 1939 1922 1971 3.

1603 2022 1812 2051 coeuomrtcs
1832 2021 1920 2050 vm.

1240 2086 1430 2126 coenobita
1443 2089 1517 2124 vita
1528 2098 1594 2126 cur
1608 2088 1661 2125 sic
1675 2090 1827 2131 dicatur,
1846 2091 1882 2124 et
1896 2090 2005 2132 quam
2017 2079 2064 2122 sit
2073 2081 2114 2121 ln
2125 2077 2285 2129 Ecclesia

1286 2140 1332 2174 ad
1347 2141 1605 2182 perfectionem
1621 2141 1856 2182 conveniens,
1871 2143 1916 2173 tr.
1938 2140 1974 2182 9,
1997 2137 2023 2172 1.
2044 2137 2080 2180 1,
2100 2143 2134 2171 c.
2154 2134 2189 2171 2.

1285 2190 1533 2227 Perfectiorne
1552 2191 1611 2232 sit,
1633 2200 1681 2225 an
1699 2187 1872 2230 solitaria,
1888 2188 1938 2224 ib.

1575 2273 1737 2300 commeta
1757 2273 1955 2301 socierum.

1242 2340 1401 2382 collegia
1418 2335 1605 2384 speietatis
1621 2339 1753 2375 mutari
1770 2339 1834 2374 aut
1857 2332 2006 2374 dissolvi
2020 2340 2095 2382 qua
2110 2336 2282 2382 potestate

1285 2389 1434 2435 possint,
1450 2393 1493 2425 tr.
1518 2390 1552 2431 8,
1574 2387 1599 2424 l.
1623 2393 1658 2431 2,
1678 2397 1710 2424 c.
1733 2391 1787 2423 28.

1283 2442 1358 2481 Qua
1379 2450 1422 2475 ex
1444 2448 1564 2479 causa,
1580 2438 1633 2475 ib.

1283 2492 1372 2526 Vide
1392 2491 1583 2525 Alienatio.
2200 2527 2204 2530 ,

1239 2538 1398 2584 Collegia
1420 2540 1605 2575 societatis
1622 2542 1657 2574 et
1674 2538 1801 2575 domos
1814 2536 2040 2582 probationis
2056 2531 2280 2572 convenien-

1281 2595 1336 2626 ter
1361 2592 1493 2626 habere
1516 2598 1658 2625 annuos
1674 2589 1837 2625 redditus
1857 2589 1991 2632 quibus
2012 2590 2279 2630 sustententur,

1280 2645 1325 2676 tr.
1349 2645 1399 2682 10,
1424 2642 1448 2675 l.
1476 2644 1506 2681 4,
1531 2649 1561 2674 c.
1587 2643 1640 2674 11.

1279 2691 1416 2731 Quibus
1432 2690 1551 2724 modis
1565 2689 1661 2722 dicta
1683 2687 1835 2731 collegia
1849 2686 2037 2730 acquirere
2058 2684 2208 2728 possint,
2225 2683 2275 2717 ib.

1279 2741 1414 2775 Eorum
1440 2740 1647 2774 reddituum
1666 2742 1701 2773 et
1733 2739 1913 2772 bonorum
1932 2734 2200 2771 administratio
2226 2736 2278 2768 est

1280 2799 1408 2834 poenes
1430 2789 1640 2824 Societatem
1654 2786 1851 2831 professam
1863 2795 1928 2831 per
1948 2792 1999 2828 se,
2012 2784 2070 2821 vet
2082 2787 2146 2828 per
2161 2780 2277 2820 Gene-

1279 2842 1391 2876 ralem
1407 2849 1526 2881 suum,
1551 2840 1601 2873 ib.
2219 2872 2221 2874 ¹

1278 2891 1437 2933 collegia
1447 2889 1631 2923 societatis
1647 2894 1722 2922 non
1735 2886 1935 2922 succedunt
1946 2886 2022 2931 ipso
2034 2887 2116 2931 jure
2129 2886 2168 2922 in
2181 2883 2278 2921 hona

1279 2941 1531 2983 religiosorum
1549 2939 1587 2973 in
1603 2947 1646 2973 ea
1659 2934 1904 2984 profitentium
1919 2948 1929 2980 ;
1952 2940 1989 2973 et
2005 2944 2071 2974 cur
2091 2937 2141 2973 ita
2167 2933 2278 2972 fuerit

1279 2989 1543 3077 {iliuaglnrnni'ttelr'e
1572 3037 1712 3083 possint
1739 3035 1983 3081 eleemosynas
2003 3040 2041 3073 et
2062 3034 2277 3075 donationes

1282 3099 1366 3126 cum
1388 3090 1608 3133 obligatione
1625 3090 1826 3132 missarum,
1839 3091 1922 3132 etc„
1935 3088 1989 3124 ib.

1281 3141 1374 3177 Vide
1394 3142 1505 3178 Bona.

1561 3221 1771 3256 commus
1788 3222 1993 3255 ιιιωῐωρ...

1282 3289 1372 3325 Vide
1389 3289 1539 3335 Religio.

1525 3370 1711 3408 consuto,
1731 3371 1777 3401 ιι*
1797 3370 1992 3400 comm

1237 3439 1487 3476 consessorem
1509 3438 1641 3483 eligere
1658 3445 1734 3474 non
1753 3439 1903 3494 possunt
1923 3433 2166 3494 religiostper
2184 3430 2275 3471 buu

1280 3491 1352 3525 lam
1375 3490 1560 3530 cruciatae,
1584 3497 1652 3525 nec
1672 3497 1738 3533 per
1754 3489 1854 3530 alias,
1869 3489 1914 3523 tr.
1933 3490 1967 3530 8,
1982 3487 2008 3522 l.
2026 3486 2058 3529 3,
2076 3491 2109 3522 c.
2122 3481 2175 3520 w.

1237 3539 1404 3575 confiteri
1417 3540 1463 3580 de
1475 3539 1630 3583 peccatis
1647 3538 1853 3574 venialibus
1868 3540 1903 3572 ot
1917 3537 1961 3572 de
1973 3535 2182 3572 mortalibus
2193 3534 2270 3577 jam
2320 3574 2325 3579 .

1279 3589 1455 3624 confessis
1477 3589 1597 3625 valide
1619 3592 1769 3632 possunt
1797 3585 2128 3631 religiosict'tilibet
2148 3592 2272 3620 sacer-
2311 3595 2323 3642 s

1279 3639 1368 3680 doti,
1383 3638 1468 3673 licet
1486 3638 1528 3672 in
1540 3638 1612 3674 hoe
1626 3637 1765 3674 faciant
1782 3639 1908 3674 coum
1924 3630 2096 3680 rotulam,
2111 3640 2144 3670 e.
2166 3635 2222 3670 π.

2333 3487 2346 3508 ι*
