<?xml version="1.0" encoding="UTF-8"?>
<!DOCTYPE html PUBLIC "-//W3C//DTD XHTML 1.0 Transitional//EN"
    "http://www.w3.org/TR/xhtml1/DTD/xhtml1-transitional.dtd">
<html xmlns="http://www.w3.org/1999/xhtml" xml:lang="en" lang="en">
 <head>
  <title>
</title>
<meta http-equiv="Content-Type" content="text/html;charset=utf-8" />
  <meta name='ocr-system' content='tesseract 3.04.00' />
  <meta name='ocr-capabilities' content='ocr_page ocr_carea ocr_par ocr_line ocrx_word'/>
</head>
<body>
  <div class='ocr_page' id='page_1' title='image "./operaomnia16suaauoft_0455.png"; bbox 0 0 2352 3880; ppageno 0'>
   <div class='ocr_carea' id='block_1_1' title="bbox 460 0 537 29">
    <p class='ocr_par' dir='ltr' id='par_1_1' title="bbox 460 0 537 29">
     <span class='ocr_line' id='line_1_1' title="bbox 461 0 537 9; baseline 0.013 -1"><span class='ocrx_word' id='word_1_1' title='bbox 461 4 469 8; x_wconf 74' lang='lat'>.</span> <span class='ocrx_word' id='word_1_2' title='bbox 529 0 537 9; x_wconf 69' lang='grc' dir='ltr'><strong>ι</strong></span> 
     </span>
     <span class='ocr_line' id='line_1_2' title="bbox 460 17 530 29; baseline 0 -2"><span class='ocrx_word' id='word_1_3' title='bbox 460 17 530 29; x_wconf 24' lang='grc' dir='ltr'>,κγ</span> 
     </span>
    </p>
   </div>
   <div class='ocr_carea' id='block_1_2' title="bbox 83 214 1192 2043">
    <p class='ocr_par' dir='ltr' id='par_1_2' title="bbox 83 214 1192 766">
     <span class='ocr_line' id='line_1_3' title="bbox 83 214 1192 278; baseline -0.007 -8"><span class='ocrx_word' id='word_1_4' title='bbox 83 214 99 278; x_wconf 64' lang='grc' dir='ltr'>,ζ</span> <span class='ocrx_word' id='word_1_5' title='bbox 109 263 113 271; x_wconf 85' lang='grc'>,</span> <span class='ocrx_word' id='word_1_6' title='bbox 146 232 264 275; x_wconf 60' lang='lat' dir='ltr'>m</span> <span class='ocrx_word' id='word_1_7' title='bbox 284 222 547 273; x_wconf 68' lang='lat' dir='ltr'>admonitio</span> <span class='ocrx_word' id='word_1_8' title='bbox 533 236 580 266; x_wconf 88' lang='grc'>111</span> <span class='ocrx_word' id='word_1_9' title='bbox 605 225 769 278; x_wconf 86' lang='lat' dir='ltr'>propria</span> <span class='ocrx_word' id='word_1_10' title='bbox 785 225 938 276; x_wconf 83' lang='lat' dir='ltr'>injuria</span> <span class='ocrx_word' id='word_1_11' title='bbox 953 234 1039 264; x_wconf 78' lang='lat' dir='ltr'>non</span> <span class='ocrx_word' id='word_1_12' title='bbox 1059 220 1192 274; x_wconf 75' lang='lat' dir='ltr'>respi-</span> 
     </span>
     <span class='ocr_line' id='line_1_4' title="bbox 122 282 1192 340; baseline -0.006 -10.761"><span class='ocrx_word' id='word_1_13' title='bbox 122 287 249 329; x_wconf 70' lang='lat' dir='ltr'>siat</span> <span class='ocrx_word' id='word_1_14' title='bbox 265 285 525 328; x_wconf 81' lang='lat' dir='ltr'>commodum</span> <span class='ocrx_word' id='word_1_15' title='bbox 539 288 767 340; x_wconf 84' lang='lat' dir='ltr'>proprium,</span> <span class='ocrx_word' id='word_1_16' title='bbox 780 285 854 327; x_wconf 68' lang='lat' dir='ltr'>sed</span> <span class='ocrx_word' id='word_1_17' title='bbox 865 285 1066 327; x_wconf 59' lang='lat' dir='ltr'>alterius?</span> <span class='ocrx_word' id='word_1_18' title='bbox 1079 282 1192 332; x_wconf 79' lang='lat' dir='ltr'>Quin</span> 
     </span>
     <span class='ocr_line' id='line_1_5' title="bbox 163 343 1191 401; baseline -0.003 -13"><span class='ocrx_word' id='word_1_19' title='bbox 163 347 301 401; x_wconf 70' lang='lat' dir='ltr'>potius</span> <span class='ocrx_word' id='word_1_20' title='bbox 329 347 375 387; x_wconf 89' lang='lat' dir='ltr'>in</span> <span class='ocrx_word' id='word_1_21' title='bbox 391 348 557 399; x_wconf 86' lang='lat' dir='ltr'>propria</span> <span class='ocrx_word' id='word_1_22' title='bbox 581 348 733 399; x_wconf 84' lang='lat' dir='ltr'>injuria</span> <span class='ocrx_word' id='word_1_23' title='bbox 749 350 883 400; x_wconf 85' lang='lat' dir='ltr'>posset</span> <span class='ocrx_word' id='word_1_24' title='bbox 903 347 1026 386; x_wconf 87' lang='lat' dir='ltr'>homo</span> <span class='ocrx_word' id='word_1_25' title='bbox 1042 343 1191 386; x_wconf 75' lang='lat' dir='ltr'>habene</span> 
     </span>
     <span class='ocr_line' id='line_1_6' title="bbox 160 407 1191 460; baseline -0.003 -10"><span class='ocrx_word' id='word_1_26' title='bbox 160 407 344 460; x_wconf 67' lang='lat' dir='ltr'>aliquam</span> <span class='ocrx_word' id='word_1_27' title='bbox 377 409 692 459; x_wconf 85' lang='lat' dir='ltr'>excusationem,</span> <span class='ocrx_word' id='word_1_28' title='bbox 713 413 802 449; x_wconf 85' lang='lat' dir='ltr'>tum</span> <span class='ocrx_word' id='word_1_29' title='bbox 819 419 873 448; x_wconf 86' lang='lat' dir='ltr'>ne</span> <span class='ocrx_word' id='word_1_30' title='bbox 899 407 1108 448; x_wconf 85' lang='lat' dir='ltr'>videretur</span> <span class='ocrx_word' id='word_1_31' title='bbox 1123 417 1191 447; x_wconf 71' lang='lat' dir='ltr'>se·</span> 
     </span>
     <span class='ocr_line' id='line_1_7' title="bbox 162 467 1190 522; baseline -0.003 -13"><span class='ocrx_word' id='word_1_32' title='bbox 162 470 298 522; x_wconf 87' lang='lat' dir='ltr'>ipsum</span> <span class='ocrx_word' id='word_1_33' title='bbox 316 470 548 520; x_wconf 85' lang='lat' dir='ltr'>vindicare,</span> <span class='ocrx_word' id='word_1_34' title='bbox 569 475 656 511; x_wconf 83' lang='lat' dir='ltr'>tum</span> <span class='ocrx_word' id='word_1_35' title='bbox 682 469 781 521; x_wconf 85' lang='lat' dir='ltr'>quia</span> <span class='ocrx_word' id='word_1_36' title='bbox 803 481 890 509; x_wconf 90' lang='lat' dir='ltr'>non</span> <span class='ocrx_word' id='word_1_37' title='bbox 908 473 1074 510; x_wconf 84' lang='lat' dir='ltr'>tenetur</span> <span class='ocrx_word' id='word_1_38' title='bbox 1095 467 1190 520; x_wconf 83' lang='lat' dir='ltr'>quis</span> 
     </span>
     <span class='ocr_line' id='line_1_8' title="bbox 159 528 1185 583; baseline -0.001 -13"><span class='ocrx_word' id='word_1_39' title='bbox 159 531 332 571; x_wconf 77' lang='lat' dir='ltr'>inimico</span> <span class='ocrx_word' id='word_1_40' title='bbox 350 532 562 572; x_wconf 82' lang='lat' dir='ltr'>ostendere</span> <span class='ocrx_word' id='word_1_41' title='bbox 587 530 809 583; x_wconf 79' lang='lat' dir='ltr'><strong>peculiaria</strong></span> <span class='ocrx_word' id='word_1_42' title='bbox 837 531 954 581; x_wconf 89' lang='lat' dir='ltr'>signa</span> <span class='ocrx_word' id='word_1_43' title='bbox 983 528 1185 577; x_wconf 72' lang='lat' dir='ltr'>amicitias,</span> 
     </span>
     <span class='ocr_line' id='line_1_9' title="bbox 156 589 1187 641; baseline -0.001 -10"><span class='ocrx_word' id='word_1_44' title='bbox 156 593 232 632; x_wconf 81' lang='lat' dir='ltr'>-sed</span> <span class='ocrx_word' id='word_1_45' title='bbox 255 593 351 633; x_wconf 81' lang='lat' dir='ltr'>satis</span> <span class='ocrx_word' id='word_1_46' title='bbox 370 597 430 632; x_wconf 86' lang='lat' dir='ltr'>est</span> <span class='ocrx_word' id='word_1_47' title='bbox 447 604 533 632; x_wconf 90' lang='lat' dir='ltr'>non</span> <span class='ocrx_word' id='word_1_48' title='bbox 557 591 766 632; x_wconf 82' lang='lat' dir='ltr'>ostendere</span> <span class='ocrx_word' id='word_1_49' title='bbox 784 591 940 641; x_wconf 87' lang='lat' dir='ltr'>odium,</span> <span class='ocrx_word' id='word_1_50' title='bbox 964 603 1040 631; x_wconf 89' lang='lat' dir='ltr'>nec</span> <span class='ocrx_word' id='word_1_51' title='bbox 1054 589 1187 631; x_wconf 84' lang='lat' dir='ltr'>exclu-</span> 
     </span>
     <span class='ocr_line' id='line_1_10' title="bbox 161 653 1186 704; baseline -0.001 -11"><span class='ocrx_word' id='word_1_52' title='bbox 161 653 256 693; x_wconf 89' lang='lat' dir='ltr'>dere</span> <span class='ocrx_word' id='word_1_53' title='bbox 274 666 301 693; x_wconf 91' lang='lat' dir='ltr'>a</span> <span class='ocrx_word' id='word_1_54' title='bbox 314 653 572 704; x_wconf 84' lang='lat' dir='ltr'>generalibus</span> <span class='ocrx_word' id='word_1_55' title='bbox 587 653 880 694; x_wconf 65' lang='lat' dir='ltr'>benevolentiae</span> <span class='ocrx_word' id='word_1_56' title='bbox 895 653 1022 704; x_wconf 88' lang='lat' dir='ltr'>signis</span> <span class='ocrx_word' id='word_1_57' title='bbox 1035 656 1079 692; x_wconf 89' lang='lat' dir='ltr'>et</span> <span class='ocrx_word' id='word_1_58' title='bbox 1094 663 1186 704; x_wconf 87' lang='lat' dir='ltr'>ope·</span> 
     </span>
     <span class='ocr_line' id='line_1_11' title="bbox 158 713 1186 766; baseline -0.002 -12"><span class='ocrx_word' id='word_1_59' title='bbox 158 714 287 754; x_wconf 85' lang='lat' dir='ltr'>ribus.</span> <span class='ocrx_word' id='word_1_60' title='bbox 317 714 424 765; x_wconf 88' lang='lat' dir='ltr'>Ergo</span> <span class='ocrx_word' id='word_1_61' title='bbox 453 714 519 754; x_wconf 81' lang='lat' dir='ltr'>vel</span> <span class='ocrx_word' id='word_1_62' title='bbox 549 714 728 754; x_wconf 89' lang='lat' dir='ltr'>Christus</span> <span class='ocrx_word' id='word_1_63' title='bbox 757 713 1000 766; x_wconf 83' lang='lat' dir='ltr'>generaliter</span> <span class='ocrx_word' id='word_1_64' title='bbox 1029 713 1186 754; x_wconf 85' lang='lat' dir='ltr'>locut-us</span> 
     </span>
    </p>

    <p class='ocr_par' dir='ltr' id='par_1_3' title="bbox 94 769 1186 1749">
     <span class='ocr_line' id='line_1_12' title="bbox 94 769 1186 827; baseline 0.001 -13"><span class='ocrx_word' id='word_1_65' title='bbox 94 769 98 772; x_wconf 61' lang='grc'><strong>”</strong></span> <span class='ocrx_word' id='word_1_66' title='bbox 153 778 220 820; x_wconf 77' lang='lat' dir='ltr'>est</span> <span class='ocrx_word' id='word_1_67' title='bbox 234 775 285 815; x_wconf 90' lang='lat' dir='ltr'>de</span> <span class='ocrx_word' id='word_1_68' title='bbox 303 774 381 815; x_wconf 85' lang='lat' dir='ltr'>hoc</span> <span class='ocrx_word' id='word_1_69' title='bbox 399 788 522 827; x_wconf 89' lang='lat' dir='ltr'>opere</span> <span class='ocrx_word' id='word_1_70' title='bbox 538 776 785 816; x_wconf 89' lang='lat' dir='ltr'>admonendi</span> <span class='ocrx_word' id='word_1_71' title='bbox 799 777 981 825; x_wconf 86' lang='lat' dir='ltr'>fratrem,</span> <span class='ocrx_word' id='word_1_72' title='bbox 999 775 1064 816; x_wconf 88' lang='lat' dir='ltr'>vel</span> <span class='ocrx_word' id='word_1_73' title='bbox 1081 778 1186 815; x_wconf 89' lang='lat' dir='ltr'>certe</span> 
     </span>
     <span class='ocr_line' id='line_1_13' title="bbox 157 836 1182 888; baseline -0.001 -11"><span class='ocrx_word' id='word_1_74' title='bbox 157 836 193 877; x_wconf 75' lang='lat' dir='ltr'>si</span> <span class='ocrx_word' id='word_1_75' title='bbox 222 836 380 876; x_wconf 89' lang='lat' dir='ltr'>locutus</span> <span class='ocrx_word' id='word_1_76' title='bbox 415 842 474 877; x_wconf 89' lang='lat' dir='ltr'>est</span> <span class='ocrx_word' id='word_1_77' title='bbox 503 838 553 878; x_wconf 92' lang='lat' dir='ltr'>de</span> <span class='ocrx_word' id='word_1_78' title='bbox 584 838 710 878; x_wconf 87' lang='lat' dir='ltr'>fratre</span> <span class='ocrx_word' id='word_1_79' title='bbox 738 837 939 878; x_wconf 85' lang='lat' dir='ltr'>inferente</span> <span class='ocrx_word' id='word_1_80' title='bbox 965 836 1182 888; x_wconf 85' lang='lat' dir='ltr'>injuriam,</span> 
     </span>
     <span class='ocr_line' id='line_1_14' title="bbox 157 897 1186 952; baseline 0 -15"><span class='ocrx_word' id='word_1_81' title='bbox 157 899 349 951; x_wconf 83' lang='lat' dir='ltr'>supponit</span> <span class='ocrx_word' id='word_1_82' title='bbox 370 910 455 939; x_wconf 88' lang='lat' dir='ltr'>esse</span> <span class='ocrx_word' id='word_1_83' title='bbox 474 911 576 952; x_wconf 88' lang='lat' dir='ltr'>opus</span> <span class='ocrx_word' id='word_1_84' title='bbox 590 898 799 939; x_wconf 87' lang='lat' dir='ltr'>eharitatis</span> <span class='ocrx_word' id='word_1_85' title='bbox 818 911 1035 938; x_wconf 90' lang='lat' dir='ltr'>commune</span> <span class='ocrx_word' id='word_1_86' title='bbox 1056 897 1186 938; x_wconf 90' lang='lat' dir='ltr'>omni-</span> 
     </span>
     <span class='ocr_line' id='line_1_15' title="bbox 156 957 1185 1012; baseline -0.001 -13"><span class='ocrx_word' id='word_1_87' title='bbox 156 957 245 1006; x_wconf 84' lang='lat' dir='ltr'>bus,</span> <span class='ocrx_word' id='word_1_88' title='bbox 271 963 392 1012; x_wconf 89' lang='lat' dir='ltr'>atque</span> <span class='ocrx_word' id='word_1_89' title='bbox 422 960 524 1001; x_wconf 91' lang='lat' dir='ltr'>adeo</span> <span class='ocrx_word' id='word_1_90' title='bbox 553 973 580 1001; x_wconf 89' lang='lat' dir='ltr'>a</span> <span class='ocrx_word' id='word_1_91' title='bbox 608 960 768 1001; x_wconf 87' lang='lat' dir='ltr'>fortiori</span> <span class='ocrx_word' id='word_1_92' title='bbox 799 959 1064 1000; x_wconf 83' lang='lat' dir='ltr'>exercendam</span> <span class='ocrx_word' id='word_1_93' title='bbox 1092 971 1185 998; x_wconf 87' lang='lat' dir='ltr'>cum</span> 
     </span>
     <span class='ocr_line' id='line_1_16' title="bbox 155 1020 1181 1074; baseline -0.001 -14"><span class='ocrx_word' id='word_1_94' title='bbox 155 1020 303 1069; x_wconf 80' lang='lat' dir='ltr'>amieo,</span> <span class='ocrx_word' id='word_1_95' title='bbox 334 1033 406 1061; x_wconf 90' lang='lat' dir='ltr'>seu</span> <span class='ocrx_word' id='word_1_96' title='bbox 435 1021 576 1072; x_wconf 84' lang='lat' dir='ltr'>fratre,</span> <span class='ocrx_word' id='word_1_97' title='bbox 603 1023 674 1074; x_wconf 90' lang='lat' dir='ltr'>qui</span> <span class='ocrx_word' id='word_1_98' title='bbox 703 1034 786 1062; x_wconf 90' lang='lat' dir='ltr'>non</span> <span class='ocrx_word' id='word_1_99' title='bbox 804 1022 944 1061; x_wconf 90' lang='lat' dir='ltr'>intulit</span> <span class='ocrx_word' id='word_1_100' title='bbox 971 1021 1181 1071; x_wconf 87' lang='lat' dir='ltr'>injuriam,</span> 
     </span>
     <span class='ocr_line' id='line_1_17' title="bbox 153 1082 1185 1136; baseline 0.002 -16"><span class='ocrx_word' id='word_1_101' title='bbox 153 1082 332 1134; x_wconf 84' lang='lat' dir='ltr'>graviter</span> <span class='ocrx_word' id='word_1_102' title='bbox 349 1087 488 1123; x_wconf 86' lang='lat' dir='ltr'>tamen</span> <span class='ocrx_word' id='word_1_103' title='bbox 507 1084 643 1136; x_wconf 91' lang='lat' dir='ltr'>lapsus</span> <span class='ocrx_word' id='word_1_104' title='bbox 662 1087 736 1133; x_wconf 88' lang='lat' dir='ltr'>est,</span> <span class='ocrx_word' id='word_1_105' title='bbox 755 1090 795 1123; x_wconf 86' lang='lat' dir='ltr'>et</span> <span class='ocrx_word' id='word_1_106' title='bbox 814 1083 857 1122; x_wconf 90' lang='lat' dir='ltr'>in</span> <span class='ocrx_word' id='word_1_107' title='bbox 884 1082 1026 1123; x_wconf 87' lang='lat' dir='ltr'>eadem</span> <span class='ocrx_word' id='word_1_108' title='bbox 1049 1094 1185 1122; x_wconf 88' lang='lat' dir='ltr'>neces·</span> 
     </span>
     <span class='ocr_line' id='line_1_18' title="bbox 153 1142 1183 1196; baseline 0.001 -15"><span class='ocrx_word' id='word_1_109' title='bbox 153 1142 272 1183; x_wconf 88' lang='lat' dir='ltr'>sitate</span> <span class='ocrx_word' id='word_1_110' title='bbox 304 1145 567 1194; x_wconf 72' lang='lat' dir='ltr'>constitutus,</span> <span class='ocrx_word' id='word_1_111' title='bbox 590 1149 631 1184; x_wconf 89' lang='lat' dir='ltr'>et</span> <span class='ocrx_word' id='word_1_112' title='bbox 651 1145 726 1184; x_wconf 89' lang='lat' dir='ltr'>hoc</span> <span class='ocrx_word' id='word_1_113' title='bbox 757 1143 876 1196; x_wconf 88' lang='lat' dir='ltr'>plene</span> <span class='ocrx_word' id='word_1_114' title='bbox 907 1145 1100 1195; x_wconf 82' lang='lat' dir='ltr'>supponit</span> <span class='ocrx_word' id='word_1_115' title='bbox 1119 1145 1183 1183; x_wconf 91' lang='lat' dir='ltr'>In-</span> 
     </span>
     <span class='ocr_line' id='line_1_19' title="bbox 151 1204 1182 1257; baseline 0.003 -14"><span class='ocrx_word' id='word_1_116' title='bbox 151 1205 362 1244; x_wconf 76' lang='lat' dir='ltr'>nocentius</span> <span class='ocrx_word' id='word_1_117' title='bbox 391 1206 466 1255; x_wconf 84' lang='lat'>111,</span> <span class='ocrx_word' id='word_1_118' title='bbox 497 1207 540 1246; x_wconf 91' lang='lat' dir='ltr'>in</span> <span class='ocrx_word' id='word_1_119' title='bbox 581 1206 686 1245; x_wconf 91' lang='lat' dir='ltr'>dicto</span> <span class='ocrx_word' id='word_1_120' title='bbox 723 1217 811 1257; x_wconf 89' lang='lat' dir='ltr'>cap.</span> <span class='ocrx_word' id='word_1_121' title='bbox 842 1204 985 1251; x_wconf 74' lang='lat' dir='ltr'>Novit,</span> <span class='ocrx_word' id='word_1_122' title='bbox 1008 1217 1100 1244; x_wconf 88' lang='lat' dir='ltr'>cum</span> <span class='ocrx_word' id='word_1_123' title='bbox 1131 1217 1182 1246; x_wconf 84' lang='lat' dir='ltr'>ex</span> 
     </span>
     <span class='ocr_line' id='line_1_20' title="bbox 151 1263 1181 1307; baseline 0.003 -4"><span class='ocrx_word' id='word_1_124' title='bbox 151 1263 298 1304; x_wconf 83' lang='lat' dir='ltr'>Christi</span> <span class='ocrx_word' id='word_1_125' title='bbox 315 1267 448 1306; x_wconf 81' lang='lat' dir='ltr'>verbis</span> <span class='ocrx_word' id='word_1_126' title='bbox 464 1267 687 1306; x_wconf 80' lang='lat' dir='ltr'>subinfert:</span> <span class='ocrx_word' id='word_1_127' title='bbox 707 1266 820 1307; x_wconf 76' lang='lat' dir='ltr'>Licet</span> <span class='ocrx_word' id='word_1_128' title='bbox 835 1271 964 1307; x_wconf 73' lang='lat' dir='ltr'>autem</span> <span class='ocrx_word' id='word_1_129' title='bbox 981 1267 1052 1307; x_wconf 80' lang='grc' dir='ltr'><em>Ιιοσ</em></span> <span class='ocrx_word' id='word_1_130' title='bbox 1070 1268 1181 1307; x_wconf 81' lang='lat' dir='ltr'>modo</span> 
     </span>
     <span class='ocr_line' id='line_1_21' title="bbox 147 1327 1182 1381; baseline 0.003 -16"><span class='ocrx_word' id='word_1_131' title='bbox 147 1327 356 1378; x_wconf 74' lang='lat' dir='ltr'>procedere</span> <span class='ocrx_word' id='word_1_132' title='bbox 390 1329 591 1369; x_wconf 80' lang='lat' dir='ltr'>valeamus</span> <span class='ocrx_word' id='word_1_133' title='bbox 626 1339 744 1381; x_wconf 74' lang='lat' dir='ltr'>saper</span> <span class='ocrx_word' id='word_1_134' title='bbox 779 1328 946 1379; x_wconf 65' lang='lat' dir='ltr'>quolibet</span> <span class='ocrx_word' id='word_1_135' title='bbox 974 1327 1182 1368; x_wconf 74' lang='lat' dir='ltr'>criminali</span> 
     </span>
     <span class='ocr_line' id='line_1_22' title="bbox 147 1390 1185 1442; baseline 0.003 -14"><span class='ocrx_word' id='word_1_136' title='bbox 147 1392 317 1439; x_wconf 77' lang='lat' dir='ltr'>peccato,</span> <span class='ocrx_word' id='word_1_137' title='bbox 347 1395 394 1431; x_wconf 77' lang='lat' dir='ltr'>at</span> <span class='ocrx_word' id='word_1_138' title='bbox 422 1394 663 1442; x_wconf 80' lang='lat' dir='ltr'>peccatorem</span> <span class='ocrx_word' id='word_1_139' title='bbox 695 1401 915 1436; x_wconf 68' lang='lat' dir='ltr'>,revocemus</span> <span class='ocrx_word' id='word_1_140' title='bbox 945 1400 972 1430; x_wconf 83' lang='lat' dir='ltr'>a</span> <span class='ocrx_word' id='word_1_141' title='bbox 1000 1390 1099 1431; x_wconf 74' lang='lat' dir='ltr'>vitio</span> <span class='ocrx_word' id='word_1_142' title='bbox 1130 1391 1185 1431; x_wconf 85' lang='lat' dir='ltr'>ad</span> 
     </span>
     <span class='ocr_line' id='line_1_23' title="bbox 147 1449 1181 1504; baseline 0.004 -15"><span class='ocrx_word' id='word_1_143' title='bbox 147 1449 357 1499; x_wconf 79' lang='lat' dir='ltr'>virtutem,</span> <span class='ocrx_word' id='word_1_144' title='bbox 381 1451 580 1504; x_wconf 77' lang='lat' dir='ltr'>praecipue</span> <span class='ocrx_word' id='word_1_145' title='bbox 606 1464 693 1493; x_wconf 84' lang='lat' dir='ltr'>cam</span> <span class='ocrx_word' id='word_1_146' title='bbox 716 1457 853 1492; x_wconf 76' lang='lat' dir='ltr'>contra</span> <span class='ocrx_word' id='word_1_147' title='bbox 880 1462 1018 1502; x_wconf 75' lang='lat' dir='ltr'>pacem</span> <span class='ocrx_word' id='word_1_148' title='bbox 1042 1464 1181 1503; x_wconf 78' lang='lat' dir='ltr'>pecca·</span> 
     </span>
     <span class='ocr_line' id='line_1_24' title="bbox 147 1513 1179 1564; baseline 0.002 -13"><span class='ocrx_word' id='word_1_149' title='bbox 147 1513 232 1558; x_wconf 75' lang='lat' dir='ltr'>tar,</span> <span class='ocrx_word' id='word_1_150' title='bbox 255 1524 341 1564; x_wconf 76' lang='lat' dir='ltr'>qua&gt;</span> <span class='ocrx_word' id='word_1_151' title='bbox 369 1517 427 1554; x_wconf 78' lang='lat' dir='ltr'>est</span> <span class='ocrx_word' id='word_1_152' title='bbox 454 1513 654 1554; x_wconf 75' lang='lat' dir='ltr'>vinculum</span> <span class='ocrx_word' id='word_1_153' title='bbox 685 1514 898 1554; x_wconf 70' lang='lat' dir='ltr'>charitatis</span> <span class='ocrx_word' id='word_1_154' title='bbox 909 1528 926 1558; x_wconf 88' lang='lat'><em>;</em></span> <span class='ocrx_word' id='word_1_155' title='bbox 943 1513 1063 1552; x_wconf 79' lang='lat' dir='ltr'>sentit</span> <span class='ocrx_word' id='word_1_156' title='bbox 1081 1525 1179 1564; x_wconf 85' lang='lat' dir='ltr'>ergo</span> 
     </span>
     <span class='ocr_line' id='line_1_25' title="bbox 147 1570 1179 1625; baseline 0.005 -15"><span class='ocrx_word' id='word_1_157' title='bbox 147 1570 378 1613; x_wconf 75' lang='lat' dir='ltr'>doctrinam</span> <span class='ocrx_word' id='word_1_158' title='bbox 400 1587 483 1614; x_wconf 90' lang='lat' dir='ltr'>esse</span> <span class='ocrx_word' id='word_1_159' title='bbox 506 1575 759 1625; x_wconf 86' lang='lat' dir='ltr'>generalem;</span> <span class='ocrx_word' id='word_1_160' title='bbox 777 1586 875 1624; x_wconf 82' lang='lat' dir='ltr'>ergo</span> <span class='ocrx_word' id='word_1_161' title='bbox 895 1574 1004 1625; x_wconf 88' lang='lat' dir='ltr'>quod</span> <span class='ocrx_word' id='word_1_162' title='bbox 1023 1575 1074 1614; x_wconf 90' lang='lat' dir='ltr'>ad</span> <span class='ocrx_word' id='word_1_163' title='bbox 1091 1587 1179 1615; x_wconf 88' lang='lat' dir='ltr'>rem</span> 
     </span>
     <span class='ocr_line' id='line_1_26' title="bbox 147 1635 1179 1687; baseline 0.004 -15"><span class='ocrx_word' id='word_1_164' title='bbox 147 1635 345 1674; x_wconf 88' lang='lat' dir='ltr'>moralem</span> <span class='ocrx_word' id='word_1_165' title='bbox 379 1636 538 1684; x_wconf 80' lang='lat' dir='ltr'>attinet,</span> <span class='ocrx_word' id='word_1_166' title='bbox 572 1647 718 1687; x_wconf 84' lang='lat' dir='ltr'>parum</span> <span class='ocrx_word' id='word_1_167' title='bbox 746 1635 868 1676; x_wconf 85' lang='lat' dir='ltr'>refert</span> <span class='ocrx_word' id='word_1_168' title='bbox 898 1647 981 1674; x_wconf 91' lang='lat' dir='ltr'>uno</span> <span class='ocrx_word' id='word_1_169' title='bbox 1006 1635 1069 1675; x_wconf 90' lang='lat' dir='ltr'>vel</span> <span class='ocrx_word' id='word_1_170' title='bbox 1098 1636 1179 1677; x_wconf 91' lang='lat' dir='ltr'>alio</span> 
     </span>
     <span class='ocr_line' id='line_1_27' title="bbox 148 1695 1096 1749; baseline 0.003 -15"><span class='ocrx_word' id='word_1_171' title='bbox 148 1695 269 1734; x_wconf 89' lang='lat' dir='ltr'>modo</span> <span class='ocrx_word' id='word_1_172' title='bbox 288 1696 401 1735; x_wconf 87' lang='lat' dir='ltr'>illam</span> <span class='ocrx_word' id='word_1_173' title='bbox 419 1698 677 1748; x_wconf 81' lang='lat' dir='ltr'>particulam,</span> <span class='ocrx_word' id='word_1_174' title='bbox 693 1699 738 1737; x_wconf 75' lang='lat' dir='ltr'>in</span> <span class='ocrx_word' id='word_1_175' title='bbox 756 1702 805 1744; x_wconf 82' lang='lat' dir='ltr'>te,</span> <span class='ocrx_word' id='word_1_176' title='bbox 823 1698 1096 1749; x_wconf 85' lang='lat' dir='ltr'>interpretari.</span> 
     </span>
    </p>

    <p class='ocr_par' dir='ltr' id='par_1_4' title="bbox 141 1757 1178 2043">
     <span class='ocr_line' id='line_1_28' title="bbox 201 1757 1178 1812; baseline 0.006 -17"><span class='ocrx_word' id='word_1_177' title='bbox 201 1758 265 1796; x_wconf 68' lang='lat'>14.</span> <span class='ocrx_word' id='word_1_178' title='bbox 287 1757 1178 1812; x_wconf 68' lang='lat' dir='ltr'>Secmzdampanctam.—Qualiscamqaefae-</span> 
     </span>
     <span class='ocr_line' id='line_1_29' title="bbox 144 1817 1177 1872; baseline 0.006 -17"><span class='ocrx_word' id='word_1_179' title='bbox 144 1817 207 1858; x_wconf 80' lang='lat' dir='ltr'>rit</span> <span class='ocrx_word' id='word_1_180' title='bbox 234 1819 399 1859; x_wconf 67' lang='lat' dir='ltr'>intentio</span> <span class='ocrx_word' id='word_1_181' title='bbox 438 1818 610 1868; x_wconf 56' lang='lat' dir='ltr'>Christi,</span> <span class='ocrx_word' id='word_1_182' title='bbox 632 1822 803 1860; x_wconf 67' lang='lat' dir='ltr'>materia</span> <span class='ocrx_word' id='word_1_183' title='bbox 834 1822 924 1872; x_wconf 68' lang='lat' dir='ltr'>ipsa</span> <span class='ocrx_word' id='word_1_184' title='bbox 955 1832 1083 1870; x_wconf 66' lang='lat' dir='ltr'>capax</span> <span class='ocrx_word' id='word_1_185' title='bbox 1120 1825 1177 1862; x_wconf 75' lang='lat' dir='ltr'>est</span> 
     </span>
     <span class='ocr_line' id='line_1_30' title="bbox 141 1879 1174 1934; baseline 0.006 -17"><span class='ocrx_word' id='word_1_186' title='bbox 141 1879 331 1930; x_wconf 66' lang='lat' dir='ltr'>praecepa·</span> <span class='ocrx_word' id='word_1_187' title='bbox 344 1881 616 1920; x_wconf 66' lang='lat' dir='ltr'>ozcztaralis.—</span> <span class='ocrx_word' id='word_1_188' title='bbox 633 1880 834 1921; x_wconf 72' lang='lat' dir='ltr'>Probatur</span> <span class='ocrx_word' id='word_1_189' title='bbox 847 1882 957 1921; x_wconf 77' lang='lat' dir='ltr'>dicta</span> <span class='ocrx_word' id='word_1_190' title='bbox 973 1884 1174 1934; x_wconf 74' lang='lat' dir='ltr'>capacitas</span> 
     </span>
     <span class='ocr_line' id='line_1_31' title="bbox 142 1941 1173 1993; baseline 0.003 -14"><span class='ocrx_word' id='word_1_191' title='bbox 142 1941 457 1992; x_wconf 75' lang='lat' dir='ltr'>materioeqaoad</span> <span class='ocrx_word' id='word_1_192' title='bbox 472 1941 587 1981; x_wconf 79' lang='lat' dir='ltr'>illam</span> <span class='ocrx_word' id='word_1_193' title='bbox 591 1945 750 1993; x_wconf 77' lang='lat' dir='ltr'>partem</span> <span class='ocrx_word' id='word_1_194' title='bbox 766 1957 780 1979; x_wconf 91' lang='lat'>.·</span> <span class='ocrx_word' id='word_1_195' title='bbox 800 1941 916 1981; x_wconf 80' lang='lat' dir='ltr'>Inter</span> <span class='ocrx_word' id='word_1_196' title='bbox 935 1944 972 1981; x_wconf 78' lang='lat' dir='ltr'>te</span> <span class='ocrx_word' id='word_1_197' title='bbox 984 1947 1022 1981; x_wconf 78' lang='lat' dir='ltr'>ec</span> <span class='ocrx_word' id='word_1_198' title='bbox 1039 1943 1173 1993; x_wconf 77' lang='lat' dir='ltr'>ipsam</span> 
     </span>
     <span class='ocr_line' id='line_1_32' title="bbox 143 2001 1172 2043; baseline 0.002 -2"><span class='ocrx_word' id='word_1_199' title='bbox 143 2001 284 2041; x_wconf 74' lang='lat' dir='ltr'>solum.</span> <span class='ocrx_word' id='word_1_200' title='bbox 297 2021 350 2031; x_wconf 91' lang='lat'>—</span> <span class='ocrx_word' id='word_1_201' title='bbox 367 2002 553 2042; x_wconf 88' lang='lat' dir='ltr'>Secundo</span> <span class='ocrx_word' id='word_1_202' title='bbox 569 2003 702 2042; x_wconf 84' lang='lat' dir='ltr'>infero</span> <span class='ocrx_word' id='word_1_203' title='bbox 718 2002 828 2041; x_wconf 89' lang='lat' dir='ltr'>idem</span> <span class='ocrx_word' id='word_1_204' title='bbox 850 2002 936 2041; x_wconf 83' lang='lat' dir='ltr'>fere</span> <span class='ocrx_word' id='word_1_205' title='bbox 953 2002 1172 2043; x_wconf 87' lang='lat' dir='ltr'>dicendum</span> 
     </span>
    </p>
   </div>
   <div class='ocr_carea' id='block_1_3' title="bbox 48 2124 1173 3590">
    <p class='ocr_par' dir='ltr' id='par_1_5' title="bbox 137 2124 1173 2423">
     <span class='ocr_line' id='line_1_33' title="bbox 143 2124 1170 2176; baseline 0.003 -12"><span class='ocrx_word' id='word_1_206' title='bbox 143 2125 260 2164; x_wconf 89' lang='lat' dir='ltr'>muni</span> <span class='ocrx_word' id='word_1_207' title='bbox 270 2124 571 2176; x_wconf 86' lang='lat' dir='ltr'>Theologorum</span> <span class='ocrx_word' id='word_1_208' title='bbox 591 2126 792 2166; x_wconf 88' lang='lat' dir='ltr'>sententia</span> <span class='ocrx_word' id='word_1_209' title='bbox 810 2124 974 2165; x_wconf 82' lang='lat' dir='ltr'>differre</span> <span class='ocrx_word' id='word_1_210' title='bbox 992 2126 1170 2167; x_wconf 86' lang='lat' dir='ltr'>videtur.</span> 
     </span>
     <span class='ocr_line' id='line_1_34' title="bbox 137 2184 1173 2238; baseline 0.002 -14"><span class='ocrx_word' id='word_1_211' title='bbox 137 2184 243 2225; x_wconf 82' lang='lat' dir='ltr'>&#39;Nam</span> <span class='ocrx_word' id='word_1_212' title='bbox 266 2185 462 2238; x_wconf 84' lang='lat' dir='ltr'>Theologi</span> <span class='ocrx_word' id='word_1_213' title='bbox 489 2187 612 2227; x_wconf 87' lang='lat' dir='ltr'>etiam</span> <span class='ocrx_word' id='word_1_214' title='bbox 636 2187 817 2227; x_wconf 85' lang='lat' dir='ltr'>fatentur</span> <span class='ocrx_word' id='word_1_215' title='bbox 836 2187 895 2227; x_wconf 86' lang='lat' dir='ltr'>ibi</span> <span class='ocrx_word' id='word_1_216' title='bbox 911 2199 994 2226; x_wconf 90' lang='lat' dir='ltr'>non</span> <span class='ocrx_word' id='word_1_217' title='bbox 1014 2199 1099 2226; x_wconf 86' lang='lat' dir='ltr'>esse</span> <span class='ocrx_word' id='word_1_218' title='bbox 1116 2187 1173 2226; x_wconf 84' lang='lat' dir='ltr'>la-</span> 
     </span>
     <span class='ocr_line' id='line_1_35' title="bbox 141 2247 1171 2300; baseline 0.002 -14"><span class='ocrx_word' id='word_1_219' title='bbox 141 2250 232 2286; x_wconf 90' lang='lat' dir='ltr'>tum</span> <span class='ocrx_word' id='word_1_220' title='bbox 268 2259 294 2286; x_wconf 84' lang='lat' dir='ltr'>a</span> <span class='ocrx_word' id='word_1_221' title='bbox 327 2247 485 2287; x_wconf 91' lang='lat' dir='ltr'>Christo</span> <span class='ocrx_word' id='word_1_222' title='bbox 511 2248 683 2288; x_wconf 91' lang='lat' dir='ltr'>Domino</span> <span class='ocrx_word' id='word_1_223' title='bbox 717 2247 887 2299; x_wconf 80' lang='lat' dir='ltr'>speciaie</span> <span class='ocrx_word' id='word_1_224' title='bbox 922 2253 1171 2300; x_wconf 75' lang='lat' dir='ltr'>praeceptum</span> 
     </span>
     <span class='ocr_line' id='line_1_36' title="bbox 140 2309 1167 2362; baseline 0.004 -16"><span class='ocrx_word' id='word_1_225' title='bbox 140 2309 359 2361; x_wconf 85' lang='lat' dir='ltr'>positivum</span> <span class='ocrx_word' id='word_1_226' title='bbox 379 2309 564 2349; x_wconf 84' lang='lat' dir='ltr'>divinum</span> <span class='ocrx_word' id='word_1_227' title='bbox 593 2309 837 2362; x_wconf 78' lang='lat' dir='ltr'>particulare</span> <span class='ocrx_word' id='word_1_228' title='bbox 869 2309 972 2360; x_wconf 83' lang='lat' dir='ltr'>legis</span> <span class='ocrx_word' id='word_1_229' title='bbox 998 2310 1167 2360; x_wconf 79' lang='lat' dir='ltr'>gratiae3</span> 
     </span>
     <span class='ocr_line' id='line_1_37' title="bbox 140 2370 1167 2423; baseline 0.001 -14"><span class='ocrx_word' id='word_1_230' title='bbox 140 2370 198 2409; x_wconf 88' lang='lat' dir='ltr'>ita</span> <span class='ocrx_word' id='word_1_231' title='bbox 217 2370 339 2409; x_wconf 86' lang='lat' dir='ltr'>sentit</span> <span class='ocrx_word' id='word_1_232' title='bbox 370 2371 418 2411; x_wconf 90' lang='lat' dir='ltr'>D.</span> <span class='ocrx_word' id='word_1_233' title='bbox 435 2370 612 2412; x_wconf 84' lang='lat' dir='ltr'>Thomas</span> <span class='ocrx_word' id='word_1_234' title='bbox 629 2372 668 2411; x_wconf 74' lang='lat'>2.</span> <span class='ocrx_word' id='word_1_235' title='bbox 697 2373 738 2420; x_wconf 76' lang='lat'>2,</span> <span class='ocrx_word' id='word_1_236' title='bbox 760 2383 801 2423; x_wconf 87' lang='lat' dir='ltr'>q.</span> <span class='ocrx_word' id='word_1_237' title='bbox 823 2372 888 2418; x_wconf 88' lang='grc'>33,</span> <span class='ocrx_word' id='word_1_238' title='bbox 912 2375 989 2410; x_wconf 90' lang='lat' dir='ltr'>art.</span> <span class='ocrx_word' id='word_1_239' title='bbox 1013 2372 1037 2410; x_wconf 66' lang='lat'>⁶:</span> <span class='ocrx_word' id='word_1_240' title='bbox 1058 2376 1099 2411; x_wconf 74' lang='lat' dir='ltr'>et</span> <span class='ocrx_word' id='word_1_241' title='bbox 1128 2373 1167 2419; x_wconf 87' lang='lat'>7,</span> 
     </span>
    </p>

    <p class='ocr_par' dir='ltr' id='par_1_6' title="bbox 140 2430 1166 2483">
     <span class='ocr_line' id='line_1_38' title="bbox 140 2430 1166 2483; baseline 0.001 -12"><span class='ocrx_word' id='word_1_242' title='bbox 140 2435 182 2471; x_wconf 90' lang='lat' dir='ltr'>et</span> <span class='ocrx_word' id='word_1_243' title='bbox 200 2430 258 2469; x_wconf 86' lang='lat' dir='ltr'>ibi</span> <span class='ocrx_word' id='word_1_244' title='bbox 277 2431 523 2483; x_wconf 85' lang='lat' dir='ltr'>expositores</span> <span class='ocrx_word' id='word_1_245' title='bbox 536 2445 546 2482; x_wconf 75' lang='grc' dir='ltr'><strong>ς</strong></span> <span class='ocrx_word' id='word_1_246' title='bbox 560 2432 718 2482; x_wconf 83' lang='lat' dir='ltr'>etSoto,</span> <span class='ocrx_word' id='word_1_247' title='bbox 742 2432 782 2472; x_wconf 84' lang='lat' dir='ltr'>d.</span> <span class='ocrx_word' id='word_1_248' title='bbox 799 2432 957 2481; x_wconf 69' lang='lat' dir='ltr'>relect„</span> <span class='ocrx_word' id='word_1_249' title='bbox 973 2432 1166 2482; x_wconf 88' lang='lat' dir='ltr'>membr.,</span> 
     </span>
    </p>

    <p class='ocr_par' dir='ltr' id='par_1_7' title="bbox 139 2492 1169 3099">
     <span class='ocr_line' id='line_1_39' title="bbox 141 2492 1168 2545; baseline 0.004 -15"><span class='ocrx_word' id='word_1_250' title='bbox 141 2503 183 2545; x_wconf 86' lang='lat' dir='ltr'>q.</span> <span class='ocrx_word' id='word_1_251' title='bbox 206 2492 247 2540; x_wconf 65' lang='lat' dir='ltr'>le,</span> <span class='ocrx_word' id='word_1_252' title='bbox 269 2496 308 2530; x_wconf 91' lang='lat' dir='ltr'>et</span> <span class='ocrx_word' id='word_1_253' title='bbox 333 2493 486 2543; x_wconf 89' lang='lat' dir='ltr'>optime</span> <span class='ocrx_word' id='word_1_254' title='bbox 518 2493 714 2545; x_wconf 88' lang='lat' dir='ltr'>probatur</span> <span class='ocrx_word' id='word_1_255' title='bbox 746 2493 972 2533; x_wconf 84' lang='lat' dir='ltr'>rationibus</span> <span class='ocrx_word' id='word_1_256' title='bbox 992 2494 1109 2533; x_wconf 78' lang='lat' dir='ltr'>iactis</span> <span class='ocrx_word' id='word_1_257' title='bbox 1123 2495 1168 2534; x_wconf 88' lang='lat' dir='ltr'>iu</span> 
     </span>
     <span class='ocr_line' id='line_1_40' title="bbox 141 2555 1169 2608; baseline 0.003 -15"><span class='ocrx_word' id='word_1_258' title='bbox 141 2565 315 2594; x_wconf 72' lang='lat' dir='ltr'>numero</span> <span class='ocrx_word' id='word_1_259' title='bbox 342 2566 466 2604; x_wconf 87' lang='lat' dir='ltr'>nono,</span> <span class='ocrx_word' id='word_1_260' title='bbox 487 2556 714 2607; x_wconf 64' lang='lat' dir='ltr'>praesertim</span> <span class='ocrx_word' id='word_1_261' title='bbox 747 2555 832 2602; x_wconf 88' lang='lat' dir='ltr'>illa,</span> <span class='ocrx_word' id='word_1_262' title='bbox 855 2555 966 2606; x_wconf 83' lang='lat' dir='ltr'>quod</span> <span class='ocrx_word' id='word_1_263' title='bbox 998 2556 1042 2595; x_wconf 88' lang='lat' dir='ltr'>in</span> <span class='ocrx_word' id='word_1_264' title='bbox 1079 2555 1169 2608; x_wconf 86' lang='lat' dir='ltr'>lege</span> 
     </span>
     <span class='ocr_line' id='line_1_41' title="bbox 140 2616 1165 2669; baseline 0 -13"><span class='ocrx_word' id='word_1_265' title='bbox 140 2616 283 2668; x_wconf 76' lang='lat' dir='ltr'>gratiae</span> <span class='ocrx_word' id='word_1_266' title='bbox 314 2627 399 2655; x_wconf 86' lang='lat' dir='ltr'>non</span> <span class='ocrx_word' id='word_1_267' title='bbox 426 2621 520 2656; x_wconf 90' lang='lat' dir='ltr'>sunt</span> <span class='ocrx_word' id='word_1_268' title='bbox 553 2621 758 2669; x_wconf 88' lang='lat' dir='ltr'>praecepta</span> <span class='ocrx_word' id='word_1_269' title='bbox 800 2616 940 2656; x_wconf 82' lang='lat' dir='ltr'>divina</span> <span class='ocrx_word' id='word_1_270' title='bbox 978 2617 1165 2668; x_wconf 89' lang='lat' dir='ltr'>positiva,</span> 
     </span>
     <span class='ocr_line' id='line_1_42' title="bbox 140 2677 1168 2729; baseline 0.002 -13"><span class='ocrx_word' id='word_1_271' title='bbox 140 2677 220 2717; x_wconf 87' lang='lat' dir='ltr'>nisi</span> <span class='ocrx_word' id='word_1_272' title='bbox 245 2681 603 2718; x_wconf 87' lang='lat' dir='ltr'>sacramentorum.</span> <span class='ocrx_word' id='word_1_273' title='bbox 633 2679 755 2729; x_wconf 83' lang='lat' dir='ltr'>Ergo,</span> <span class='ocrx_word' id='word_1_274' title='bbox 781 2678 940 2718; x_wconf 87' lang='lat' dir='ltr'>etiamsi</span> <span class='ocrx_word' id='word_1_275' title='bbox 976 2678 1168 2718; x_wconf 89' lang='lat' dir='ltr'>conceda·</span> 
     </span>
     <span class='ocr_line' id='line_1_43' title="bbox 139 2739 1168 2789; baseline 0.001 -12"><span class='ocrx_word' id='word_1_276' title='bbox 139 2748 233 2778; x_wconf 89' lang='lat' dir='ltr'>mus</span> <span class='ocrx_word' id='word_1_277' title='bbox 249 2749 344 2778; x_wconf 85' lang='lat' dir='ltr'>cum</span> <span class='ocrx_word' id='word_1_278' title='bbox 385 2739 524 2778; x_wconf 85' lang='lat' dir='ltr'>multis</span> <span class='ocrx_word' id='word_1_279' title='bbox 551 2739 782 2789; x_wconf 86' lang='lat' dir='ltr'>Theologis,</span> <span class='ocrx_word' id='word_1_280' title='bbox 801 2739 1006 2779; x_wconf 82' lang='lat' dir='ltr'>Christum</span> <span class='ocrx_word' id='word_1_281' title='bbox 1029 2739 1168 2779; x_wconf 89' lang='lat' dir='ltr'>Domi-</span> 
     </span>
     <span class='ocr_line' id='line_1_44' title="bbox 139 2798 1167 2853; baseline -0.001 -12"><span class='ocrx_word' id='word_1_282' title='bbox 139 2810 242 2841; x_wconf 85' lang='lat' dir='ltr'>num</span> <span class='ocrx_word' id='word_1_283' title='bbox 264 2798 323 2838; x_wconf 90' lang='lat' dir='ltr'>ibi</span> <span class='ocrx_word' id='word_1_284' title='bbox 354 2799 494 2841; x_wconf 85' lang='lat' dir='ltr'>tulisse</span> <span class='ocrx_word' id='word_1_285' title='bbox 518 2805 778 2853; x_wconf 69' lang='lat' dir='ltr'>praeceptum,</span> <span class='ocrx_word' id='word_1_286' title='bbox 811 2800 1082 2840; x_wconf 86' lang='lat' dir='ltr'>nihilominus</span> <span class='ocrx_word' id='word_1_287' title='bbox 1106 2801 1167 2840; x_wconf 91' lang='lat' dir='ltr'>fa-</span> 
     </span>
     <span class='ocr_line' id='line_1_45' title="bbox 140 2859 1168 2915; baseline 0.003 -16"><span class='ocrx_word' id='word_1_288' title='bbox 140 2859 313 2901; x_wconf 85' lang='lat' dir='ltr'>tendum</span> <span class='ocrx_word' id='word_1_289' title='bbox 331 2864 394 2900; x_wconf 88' lang='lat' dir='ltr'>est</span> <span class='ocrx_word' id='word_1_290' title='bbox 418 2872 502 2901; x_wconf 90' lang='grc'>11011</span> <span class='ocrx_word' id='word_1_291' title='bbox 522 2861 722 2902; x_wconf 79' lang='lat' dir='ltr'>addidisse</span> <span class='ocrx_word' id='word_1_292' title='bbox 742 2873 914 2911; x_wconf 86' lang='lat' dir='ltr'>novum,</span> <span class='ocrx_word' id='word_1_293' title='bbox 935 2862 1005 2902; x_wconf 87' lang='lat' dir='ltr'>sed</span> <span class='ocrx_word' id='word_1_294' title='bbox 1040 2862 1168 2915; x_wconf 88' lang='lat' dir='ltr'>expli—</span> 
     </span>
     <span class='ocr_line' id='line_1_46' title="bbox 142 2920 1165 2976; baseline 0.005 -17"><span class='ocrx_word' id='word_1_295' title='bbox 142 2920 272 2960; x_wconf 89' lang='lat' dir='ltr'>cuisse</span> <span class='ocrx_word' id='word_1_296' title='bbox 314 2921 467 2962; x_wconf 89' lang='lat' dir='ltr'>morale</span> <span class='ocrx_word' id='word_1_297' title='bbox 505 2929 752 2974; x_wconf 68' lang='lat' dir='ltr'>praeceptum</span> <span class='ocrx_word' id='word_1_298' title='bbox 792 2923 1058 2964; x_wconf 84' lang='lat' dir='ltr'>connaturale</span> <span class='ocrx_word' id='word_1_299' title='bbox 1088 2924 1165 2976; x_wconf 88' lang='lat' dir='ltr'>ipsi</span> 
     </span>
     <span class='ocr_line' id='line_1_47' title="bbox 139 2980 1166 3033; baseline 0.004 -11"><span class='ocrx_word' id='word_1_300' title='bbox 139 2980 330 3022; x_wconf 81' lang='lat' dir='ltr'>charitati</span> <span class='ocrx_word' id='word_1_301' title='bbox 362 2985 403 3021; x_wconf 92' lang='lat' dir='ltr'>et</span> <span class='ocrx_word' id='word_1_302' title='bbox 421 2981 630 3024; x_wconf 88' lang='lat' dir='ltr'>dilectioni</span> <span class='ocrx_word' id='word_1_303' title='bbox 647 2983 836 3024; x_wconf 84' lang='lat' dir='ltr'>fraternae</span> <span class='ocrx_word' id='word_1_304' title='bbox 849 2999 860 3033; x_wconf 93' lang='lat'>;</span> <span class='ocrx_word' id='word_1_305' title='bbox 882 2989 924 3025; x_wconf 94' lang='lat' dir='ltr'>et</span> <span class='ocrx_word' id='word_1_306' title='bbox 950 2997 972 3025; x_wconf 91' lang='lat' dir='ltr'>e</span> <span class='ocrx_word' id='word_1_307' title='bbox 998 2997 1166 3026; x_wconf 86' lang='lat' dir='ltr'>conver-</span> 
     </span>
     <span class='ocr_line' id='line_1_48' title="bbox 139 3043 1162 3099; baseline 0.005 -17"><span class='ocrx_word' id='word_1_308' title='bbox 139 3053 202 3092; x_wconf 88' lang='lat' dir='ltr'>so,</span> <span class='ocrx_word' id='word_1_309' title='bbox 217 3043 405 3096; x_wconf 90' lang='lat' dir='ltr'>quamvis</span> <span class='ocrx_word' id='word_1_310' title='bbox 438 3044 561 3084; x_wconf 86' lang='lat' dir='ltr'>verba</span> <span class='ocrx_word' id='word_1_311' title='bbox 587 3044 734 3085; x_wconf 84' lang='lat' dir='ltr'>Christi</span> <span class='ocrx_word' id='word_1_312' title='bbox 764 3046 918 3096; x_wconf 87' lang='lat' dir='ltr'>possint</span> <span class='ocrx_word' id='word_1_313' title='bbox 952 3047 1162 3099; x_wconf 85' lang='lat' dir='ltr'>explicari,</span> 
     </span>
    </p>

    <p class='ocr_par' dir='ltr' id='par_1_8' title="bbox 138 3104 1166 3156">
     <span class='ocr_line' id='line_1_49' title="bbox 138 3104 1166 3156; baseline 0.007 -13"><span class='ocrx_word' id='word_1_314' title='bbox 138 3107 188 3144; x_wconf 91' lang='lat' dir='ltr'>ut</span> <span class='ocrx_word' id='word_1_315' title='bbox 202 3104 435 3156; x_wconf 84' lang='lat' dir='ltr'>generalem</span> <span class='ocrx_word' id='word_1_316' title='bbox 450 3105 676 3146; x_wconf 87' lang='lat' dir='ltr'>doctrinam</span> <span class='ocrx_word' id='word_1_317' title='bbox 693 3107 918 3156; x_wconf 88' lang='lat' dir='ltr'>continent,</span> <span class='ocrx_word' id='word_1_318' title='bbox 930 3107 1166 3149; x_wconf 85' lang='lat' dir='ltr'>abstrahen-</span> 
     </span>
    </p>

    <p class='ocr_par' dir='ltr' id='par_1_9' title="bbox 129 3163 1167 3281">
     <span class='ocr_line' id='line_1_50' title="bbox 129 3163 1167 3220; baseline 0.005 -14"><span class='ocrx_word' id='word_1_319' title='bbox 129 3163 193 3206; x_wconf 78' lang='lat' dir='ltr'>do</span> <span class='ocrx_word' id='word_1_320' title='bbox 212 3166 382 3217; x_wconf 81' lang='lat' dir='ltr'>arigore</span> <span class='ocrx_word' id='word_1_321' title='bbox 398 3167 585 3220; x_wconf 74' lang='lat' dir='ltr'>poeoeoepti</span> <span class='ocrx_word' id='word_1_322' title='bbox 601 3167 666 3207; x_wconf 84' lang='lat' dir='ltr'>vel</span> <span class='ocrx_word' id='word_1_323' title='bbox 680 3168 879 3207; x_wconf 84' lang='lat' dir='ltr'>suavitate</span> <span class='ocrx_word' id='word_1_324' title='bbox 910 3169 1089 3220; x_wconf 87' lang='lat' dir='ltr'>consilii,</span> <span class='ocrx_word' id='word_1_325' title='bbox 1106 3176 1167 3210; x_wconf 91' lang='lat' dir='ltr'>ta-</span> 
     </span>
     <span class='ocr_line' id='line_1_51' title="bbox 138 3229 1165 3281; baseline 0.007 -15"><span class='ocrx_word' id='word_1_326' title='bbox 138 3237 238 3267; x_wconf 88' lang='lat' dir='ltr'>men</span> <span class='ocrx_word' id='word_1_327' title='bbox 254 3238 406 3278; x_wconf 72' lang='lat' dir='ltr'>negare</span> <span class='ocrx_word' id='word_1_328' title='bbox 423 3238 508 3268; x_wconf 89' lang='lat' dir='ltr'>non</span> <span class='ocrx_word' id='word_1_329' title='bbox 533 3240 744 3280; x_wconf 85' lang='lat' dir='ltr'>possumus</span> <span class='ocrx_word' id='word_1_330' title='bbox 770 3229 872 3281; x_wconf 89' lang='lat' dir='ltr'>quin</span> <span class='ocrx_word' id='word_1_331' title='bbox 890 3231 1061 3272; x_wconf 87' lang='lat' dir='ltr'>materia</span> <span class='ocrx_word' id='word_1_332' title='bbox 1079 3233 1165 3281; x_wconf 82' lang='lat' dir='ltr'>ipsa</span> 
     </span>
    </p>

    <p class='ocr_par' dir='ltr' id='par_1_10' title="bbox 48 3285 1164 3523">
     <span class='ocr_line' id='line_1_52' title="bbox 50 3285 1164 3342; baseline 0.007 -16"><span class='ocrx_word' id='word_1_333' title='bbox 50 3298 55 3308; x_wconf 88' lang='lat'><em>·</em></span> <span class='ocrx_word' id='word_1_334' title='bbox 104 3307 109 3320; x_wconf 83' lang='lat'><strong>·</strong></span> <span class='ocrx_word' id='word_1_335' title='bbox 139 3285 349 3327; x_wconf 81' lang='lat' dir='ltr'>includere</span> <span class='ocrx_word' id='word_1_336' title='bbox 378 3288 505 3340; x_wconf 81' lang='lat' dir='ltr'>possit</span> <span class='ocrx_word' id='word_1_337' title='bbox 545 3290 735 3342; x_wconf 65' lang='lat' dir='ltr'>praecepti</span> <span class='ocrx_word' id='word_1_338' title='bbox 765 3290 1087 3342; x_wconf 83' lang='lat' dir='ltr'>obligationem,</span> <span class='ocrx_word' id='word_1_339' title='bbox 1123 3297 1164 3334; x_wconf 89' lang='lat' dir='ltr'>et</span> 
     </span>
     <span class='ocr_line' id='line_1_53' title="bbox 48 3341 1163 3407; baseline 0.005 -19"><span class='ocrx_word' id='word_1_340' title='bbox 48 3341 53 3348; x_wconf 78' lang='grc'><strong>”</strong></span> <span class='ocrx_word' id='word_1_341' title='bbox 138 3348 320 3389; x_wconf 82' lang='lat' dir='ltr'>maxime</span> <span class='ocrx_word' id='word_1_342' title='bbox 333 3349 468 3400; x_wconf 77' lang='lat' dir='ltr'>quoad</span> <span class='ocrx_word' id='word_1_343' title='bbox 483 3355 679 3392; x_wconf 82' lang='lat' dir='ltr'>secretam</span> <span class='ocrx_word' id='word_1_344' title='bbox 713 3352 995 3402; x_wconf 82' lang='lat' dir='ltr'>monitionem,</span> <span class='ocrx_word' id='word_1_345' title='bbox 1014 3353 1064 3393; x_wconf 84' lang='lat' dir='ltr'>de</span> <span class='ocrx_word' id='word_1_346' title='bbox 1081 3366 1163 3407; x_wconf 82' lang='lat' dir='ltr'>qua</span> 
     </span>
     <span class='ocr_line' id='line_1_54' title="bbox 52 3409 1163 3461; baseline 0.002 -9"><span class='ocrx_word' id='word_1_347' title='bbox 52 3446 63 3452; x_wconf 90' lang='lat'>-</span> <span class='ocrx_word' id='word_1_348' title='bbox 99 3422 106 3433; x_wconf 84' lang='lat'><strong>·</strong></span> <span class='ocrx_word' id='word_1_349' title='bbox 130 3419 253 3450; x_wconf 69' lang='lat' dir='ltr'>:nunc</span> <span class='ocrx_word' id='word_1_350' title='bbox 293 3409 479 3461; x_wconf 81' lang='lat' dir='ltr'>agimus3</span> <span class='ocrx_word' id='word_1_351' title='bbox 516 3421 614 3452; x_wconf 72' lang='lat' dir='ltr'>nam</span> <span class='ocrx_word' id='word_1_352' title='bbox 644 3411 699 3452; x_wconf 85' lang='lat' dir='ltr'>de</span> <span class='ocrx_word' id='word_1_353' title='bbox 726 3413 897 3453; x_wconf 80' lang='lat' dir='ltr'>testium</span> <span class='ocrx_word' id='word_1_354' title='bbox 929 3413 1163 3455; x_wconf 83' lang='lat' dir='ltr'>inductione</span> 
     </span>
     <span class='ocr_line' id='line_1_55' title="bbox 107 3467 1163 3523; baseline 0.004 -11"><span class='ocrx_word' id='word_1_355' title='bbox 107 3487 109 3491; x_wconf 47' lang='lat'><strong>¹</strong></span> <span class='ocrx_word' id='word_1_356' title='bbox 134 3472 274 3523; x_wconf 76' lang='lat' dir='ltr'>major</span> <span class='ocrx_word' id='word_1_357' title='bbox 294 3476 428 3523; x_wconf 86' lang='lat' dir='ltr'>posset</span> <span class='ocrx_word' id='word_1_358' title='bbox 460 3482 547 3513; x_wconf 84' lang='lat' dir='ltr'>esse</span> <span class='ocrx_word' id='word_1_359' title='bbox 575 3471 794 3514; x_wconf 72' lang='lat' dir='ltr'>dubitandi</span> <span class='ocrx_word' id='word_1_360' title='bbox 825 3467 944 3515; x_wconf 68' lang='lat' dir='ltr'>ratio]</span> <span class='ocrx_word' id='word_1_361' title='bbox 982 3475 1163 3519; x_wconf 80' lang='lat' dir='ltr'>Priorem</span> 
     </span>
    </p>

    <p class='ocr_par' dir='ltr' id='par_1_11' title="bbox 105 3533 1160 3590">
     <span class='ocr_line' id='line_1_56' title="bbox 105 3533 1160 3590; baseline 0.006 -17"><span class='ocrx_word' id='word_1_362' title='bbox 105 3559 112 3566; x_wconf 65' lang='grc'><em>«</em></span> <span class='ocrx_word' id='word_1_363' title='bbox 140 3537 299 3586; x_wconf 65' lang='lat' dir='ltr'>partem</span> <span class='ocrx_word' id='word_1_364' title='bbox 318 3533 494 3586; x_wconf 84' lang='lat' dir='ltr'>probant</span> <span class='ocrx_word' id='word_1_365' title='bbox 517 3533 696 3576; x_wconf 84' lang='lat' dir='ltr'>rationes</span> <span class='ocrx_word' id='word_1_366' title='bbox 727 3534 774 3576; x_wconf 87' lang='lat' dir='ltr'>in</span> <span class='ocrx_word' id='word_1_367' title='bbox 799 3535 1000 3590; x_wconf 81' lang='lat' dir='ltr'>principio</span> <span class='ocrx_word' id='word_1_368' title='bbox 1029 3535 1160 3587; x_wconf 74' lang='lat' dir='ltr'>factae,</span> 
     </span>
    </p>
   </div>
   <div class='ocr_carea' id='block_1_4' title="bbox 0 0 76 3210">
    <p class='ocr_par' dir='ltr' id='par_1_12' title="bbox 0 0 76 3210">
     <span class='ocr_line' id='line_1_57' title="bbox 0 0 76 3210; baseline 0 0"><span class='ocrx_word' id='word_1_369' title='bbox 0 0 76 3210; x_wconf 95' lang='lat' dir='ltr'> </span> 
     </span>
    </p>
   </div>
   <div class='ocr_carea' id='block_1_5' title="bbox 35 3724 66 3774">
    <p class='ocr_par' dir='ltr' id='par_1_13' title="bbox 35 3724 66 3774">
     <span class='ocr_line' id='line_1_58' title="bbox 35 3724 66 3774; baseline 0 -42"><span class='ocrx_word' id='word_1_370' title='bbox 35 3724 66 3774; x_wconf 52' lang='lat'>&#39;³&#39;-</span> 
     </span>
    </p>
   </div>
   <div class='ocr_carea' id='block_1_6' title="bbox 0 3781 99 3880">
    <p class='ocr_par' dir='ltr' id='par_1_14' title="bbox 0 3781 103 3880">
     <span class='ocr_line' id='line_1_59' title="bbox 0 3781 99 3880; baseline 0 0"><span class='ocrx_word' id='word_1_371' title='bbox 0 3781 99 3880; x_wconf 51' lang='lat' dir='ltr'>:E-</span> 
     </span>
    </p>
   </div>
   <div class='ocr_carea' id='block_1_7' title="bbox 143 2063 1187 2116">
    <p class='ocr_par' dir='ltr' id='par_1_15' title="bbox 143 2063 1187 2116">
     <span class='ocr_line' id='line_1_60' title="bbox 143 2063 1187 2116; baseline 0.004 -14"><span class='ocrx_word' id='word_1_372' title='bbox 143 2074 230 2103; x_wconf 91' lang='lat' dir='ltr'>esse</span> <span class='ocrx_word' id='word_1_373' title='bbox 243 2063 293 2103; x_wconf 91' lang='lat' dir='ltr'>de</span> <span class='ocrx_word' id='word_1_374' title='bbox 306 2063 385 2103; x_wconf 90' lang='lat' dir='ltr'>alio</span> <span class='ocrx_word' id='word_1_375' title='bbox 403 2069 570 2116; x_wconf 87' lang='lat' dir='ltr'>puncto,</span> <span class='ocrx_word' id='word_1_376' title='bbox 584 2066 629 2104; x_wconf 89' lang='lat' dir='ltr'>in</span> <span class='ocrx_word' id='word_1_377' title='bbox 649 2077 730 2116; x_wconf 89' lang='lat' dir='ltr'>quo</span> <span class='ocrx_word' id='word_1_378' title='bbox 745 2065 853 2104; x_wconf 86' lang='lat' dir='ltr'>dicta</span> <span class='ocrx_word' id='word_1_379' title='bbox 865 2064 1004 2116; x_wconf 90' lang='lat' dir='ltr'>opinio</span> <span class='ocrx_word' id='word_1_380' title='bbox 1022 2078 1048 2103; x_wconf 88' lang='lat' dir='ltr'>a</span> <span class='ocrx_word' id='word_1_381' title='bbox 1065 2077 1187 2106; x_wconf 87' lang='lat' dir='ltr'>com·-</span> 
     </span>
    </p>
   </div>
   <div class='ocr_carea' id='block_1_8' title="bbox 2014 50 2336 125">
    <p class='ocr_par' dir='ltr' id='par_1_16' title="bbox 2014 50 2336 125">
     <span class='ocr_line' id='line_1_61' title="bbox 2014 50 2336 84; baseline 0 -13"><span class='ocrx_word' id='word_1_382' title='bbox 2014 60 2023 67; x_wconf 68' lang='lat'>=</span> <span class='ocrx_word' id='word_1_383' title='bbox 2047 53 2051 59; x_wconf 86' lang='grc'><strong>”</strong></span> <span class='ocrx_word' id='word_1_384' title='bbox 2104 71 2106 73; x_wconf 89' lang='grc'>,</span> <span class='ocrx_word' id='word_1_385' title='bbox 2244 50 2274 84; x_wconf 26' lang='lat'>,⁹⁷</span> <span class='ocrx_word' id='word_1_386' title='bbox 2292 59 2299 71; x_wconf 70' lang='grc'>1</span> <span class='ocrx_word' id='word_1_387' title='bbox 2330 59 2336 71; x_wconf 67' lang='grc'>1</span> 
     </span>
     <span class='ocr_line' id='line_1_62' title="bbox 2150 77 2239 125; baseline 0 0"><span class='ocrx_word' id='word_1_388' title='bbox 2150 77 2198 125; x_wconf 26' lang='lat' dir='ltr'>Phr</span> <span class='ocrx_word' id='word_1_389' title='bbox 2237 87 2239 89; x_wconf 35' lang='grc' dir='ltr'><strong><em>ι</em></strong></span> 
     </span>
    </p>
   </div>
   <div class='ocr_carea' id='block_1_9' title="bbox 451 124 2299 198">
    <p class='ocr_par' dir='ltr' id='par_1_17' title="bbox 451 124 2299 198">
     <span class='ocr_line' id='line_1_63' title="bbox 451 124 2299 198; baseline 0.002 -5"><span class='ocrx_word' id='word_1_390' title='bbox 451 154 548 193; x_wconf 66' lang='lat' dir='ltr'>w.</span> <span class='ocrx_word' id='word_1_391' title='bbox 570 158 642 194; x_wconf 98' lang='grc' dir='ltr'>ΥΠ</span> <span class='ocrx_word' id='word_1_392' title='bbox 663 156 845 194; x_wconf 66' lang='lat' dir='ltr'>neeman</span> <span class='ocrx_word' id='word_1_393' title='bbox 863 153 1100 194; x_wconf 71' lang='lat' dir='ltr'><strong>SOGOETA‘RS</strong></span> <span class='ocrx_word' id='word_1_394' title='bbox 1116 153 1199 191; x_wconf 70' lang='lat' dir='ltr'>m</span> <span class='ocrx_word' id='word_1_395' title='bbox 1214 153 1348 192; x_wconf 68' lang='lat' dir='ltr'>wsms</span> <span class='ocrx_word' id='word_1_396' title='bbox 1367 154 1563 193; x_wconf 64' lang='lat' dir='ltr'>mentm</span> <span class='ocrx_word' id='word_1_397' title='bbox 1582 155 1873 198; x_wconf 66' lang='lat' dir='ltr'>mmmmm.</span> <span class='ocrx_word' id='word_1_398' title='bbox 1894 155 1986 193; x_wconf 73' lang='lat' dir='ltr'>ETG.</span> <span class='ocrx_word' id='word_1_399' title='bbox 2167 156 2274 196; x_wconf 70' lang='lat'>1095</span> <span class='ocrx_word' id='word_1_400' title='bbox 2296 124 2299 129; x_wconf 85' lang='lat'><em>·</em></span> 
     </span>
    </p>
   </div>
   <div class='ocr_carea' id='block_1_10' title="bbox 1213 222 2273 3591">
    <p class='ocr_par' dir='ltr' id='par_1_18' title="bbox 1228 222 2273 1993">
     <span class='ocr_line' id='line_1_64' title="bbox 1244 222 2273 278; baseline 0.005 -16"><span class='ocrx_word' id='word_1_401' title='bbox 1244 225 1287 262; x_wconf 83' lang='lat' dir='ltr'>et</span> <span class='ocrx_word' id='word_1_402' title='bbox 1321 223 1551 265; x_wconf 88' lang='lat' dir='ltr'>communis</span> <span class='ocrx_word' id='word_1_403' title='bbox 1580 223 1720 278; x_wconf 82' lang='lat' dir='ltr'>opinio</span> <span class='ocrx_word' id='word_1_404' title='bbox 1747 222 2067 276; x_wconf 81' lang='lat' dir='ltr'>Theologorum,</span> <span class='ocrx_word' id='word_1_405' title='bbox 2087 225 2160 278; x_wconf 85' lang='lat' dir='ltr'>qui</span> <span class='ocrx_word' id='word_1_406' title='bbox 2181 237 2273 267; x_wconf 85' lang='lat' dir='ltr'>seu-</span> 
     </span>
     <span class='ocr_line' id='line_1_65' title="bbox 1244 277 2272 338; baseline 0.005 -14"><span class='ocrx_word' id='word_1_407' title='bbox 1244 282 1356 324; x_wconf 81' lang='lat' dir='ltr'>tiunt</span> <span class='ocrx_word' id='word_1_408' title='bbox 1374 284 1560 327; x_wconf 85' lang='lat' dir='ltr'>ordinem</span> <span class='ocrx_word' id='word_1_409' title='bbox 1579 284 1705 335; x_wconf 86' lang='lat' dir='ltr'>hune,</span> <span class='ocrx_word' id='word_1_410' title='bbox 1725 284 1862 338; x_wconf 81' lang='lat' dir='ltr'>quoad</span> <span class='ocrx_word' id='word_1_411' title='bbox 1881 277 2272 338; x_wconf 75' lang='lat' dir='ltr'>praetermittendam</span> 
     </span>
     <span class='ocr_line' id='line_1_66' title="bbox 1244 346 2273 400; baseline 0.004 -15"><span class='ocrx_word' id='word_1_412' title='bbox 1244 346 1515 387; x_wconf 80' lang='lat' dir='ltr'>monitionem</span> <span class='ocrx_word' id='word_1_413' title='bbox 1530 352 1744 397; x_wconf 86' lang='lat' dir='ltr'>secretam,</span> <span class='ocrx_word' id='word_1_414' title='bbox 1761 359 1847 388; x_wconf 87' lang='lat' dir='ltr'>esse</span> <span class='ocrx_word' id='word_1_415' title='bbox 1865 359 1917 388; x_wconf 86' lang='lat' dir='ltr'>ex</span> <span class='ocrx_word' id='word_1_416' title='bbox 1935 360 2008 388; x_wconf 88' lang='lat' dir='ltr'>suo</span> <span class='ocrx_word' id='word_1_417' title='bbox 2026 359 2176 400; x_wconf 85' lang='lat' dir='ltr'>genere</span> <span class='ocrx_word' id='word_1_418' title='bbox 2187 360 2273 389; x_wconf 88' lang='lat' dir='ltr'>ma-</span> 
     </span>
     <span class='ocr_line' id='line_1_67' title="bbox 1244 407 2271 461; baseline 0.004 -15"><span class='ocrx_word' id='word_1_419' title='bbox 1244 408 1390 448; x_wconf 88' lang='lat' dir='ltr'>teriam</span> <span class='ocrx_word' id='word_1_420' title='bbox 1402 407 1670 449; x_wconf 85' lang='lat' dir='ltr'>suffieientem</span> <span class='ocrx_word' id='word_1_421' title='bbox 1685 409 1737 449; x_wconf 84' lang='lat' dir='ltr'>ad</span> <span class='ocrx_word' id='word_1_422' title='bbox 1756 408 2050 461; x_wconf 85' lang='lat' dir='ltr'>obligationem</span> <span class='ocrx_word' id='word_1_423' title='bbox 2066 409 2144 449; x_wconf 88' lang='lat' dir='ltr'>sub</span> <span class='ocrx_word' id='word_1_424' title='bbox 2161 421 2271 450; x_wconf 83' lang='lat' dir='ltr'>mor-</span> 
     </span>
     <span class='ocr_line' id='line_1_68' title="bbox 1243 469 2269 524; baseline 0.005 -16"><span class='ocrx_word' id='word_1_425' title='bbox 1243 469 1340 515; x_wconf 85' lang='lat' dir='ltr'>tali;</span> <span class='ocrx_word' id='word_1_426' title='bbox 1362 470 1458 520; x_wconf 84' lang='lat' dir='ltr'>quia</span> <span class='ocrx_word' id='word_1_427' title='bbox 1490 482 1576 510; x_wconf 90' lang='lat' dir='ltr'>non</span> <span class='ocrx_word' id='word_1_428' title='bbox 1594 471 1795 512; x_wconf 84' lang='lat' dir='ltr'>infamare</span> <span class='ocrx_word' id='word_1_429' title='bbox 1810 472 2045 524; x_wconf 83' lang='lat' dir='ltr'>proximum</span> <span class='ocrx_word' id='word_1_430' title='bbox 2065 475 2125 512; x_wconf 87' lang='lat' dir='ltr'>est</span> <span class='ocrx_word' id='word_1_431' title='bbox 2143 476 2269 515; x_wconf 85' lang='lat' dir='ltr'>mate-</span> 
     </span>
     <span class='ocr_line' id='line_1_69' title="bbox 1240 530 2267 584; baseline 0.003 -14"><span class='ocrx_word' id='word_1_432' title='bbox 1240 530 1304 570; x_wconf 89' lang='lat' dir='ltr'>ria</span> <span class='ocrx_word' id='word_1_433' title='bbox 1317 530 1411 569; x_wconf 88' lang='lat' dir='ltr'>talis</span> <span class='ocrx_word' id='word_1_434' title='bbox 1429 530 1704 581; x_wconf 86' lang='lat' dir='ltr'>obligationis,</span> <span class='ocrx_word' id='word_1_435' title='bbox 1726 532 1793 572; x_wconf 91' lang='lat' dir='ltr'>cui</span> <span class='ocrx_word' id='word_1_436' title='bbox 1810 532 2016 572; x_wconf 89' lang='lat' dir='ltr'>interdum</span> <span class='ocrx_word' id='word_1_437' title='bbox 2033 531 2267 584; x_wconf 68' lang='lat' dir='ltr'>opponitur,</span> 
     </span>
     <span class='ocr_line' id='line_1_70' title="bbox 1236 592 2267 650; baseline 0.003 -19"><span class='ocrx_word' id='word_1_438' title='bbox 1236 602 1326 631; x_wconf 85' lang='lat' dir='ltr'>non</span> <span class='ocrx_word' id='word_1_439' title='bbox 1338 594 1501 631; x_wconf 88' lang='lat' dir='ltr'>tantum</span> <span class='ocrx_word' id='word_1_440' title='bbox 1514 592 1794 642; x_wconf 84' lang='lat' dir='ltr'>materialiter,</span> <span class='ocrx_word' id='word_1_441' title='bbox 1806 593 1878 650; x_wconf 88' lang='lat' dir='ltr'>sed</span> <span class='ocrx_word' id='word_1_442' title='bbox 1887 594 2012 634; x_wconf 87' lang='lat' dir='ltr'>etiam</span> <span class='ocrx_word' id='word_1_443' title='bbox 2024 594 2267 645; x_wconf 84' lang='lat' dir='ltr'>formaliter,</span> 
     </span>
     <span class='ocr_line' id='line_1_71' title="bbox 1241 652 2270 713; baseline 0.003 -21"><span class='ocrx_word' id='word_1_444' title='bbox 1241 652 1283 692; x_wconf 84' lang='lat' dir='ltr'>id</span> <span class='ocrx_word' id='word_1_445' title='bbox 1297 656 1370 701; x_wconf 89' lang='lat' dir='ltr'>est,</span> <span class='ocrx_word' id='word_1_446' title='bbox 1387 652 1474 692; x_wconf 91' lang='lat' dir='ltr'>sine</span> <span class='ocrx_word' id='word_1_447' title='bbox 1487 652 1673 713; x_wconf 90' lang='lat' dir='ltr'>legitima</span> <span class='ocrx_word' id='word_1_448' title='bbox 1682 646 1955 704; x_wconf 82' lang='lat' dir='ltr'>excusatione,</span> <span class='ocrx_word' id='word_1_449' title='bbox 1969 655 2146 694; x_wconf 87' lang='lat' dir='ltr'>inversio</span> <span class='ocrx_word' id='word_1_450' title='bbox 2159 654 2270 695; x_wconf 79' lang='lat' dir='ltr'>illius</span> 
     </span>
     <span class='ocr_line' id='line_1_72' title="bbox 1240 709 2272 766; baseline 0.003 -13"><span class='ocrx_word' id='word_1_451' title='bbox 1240 713 1414 762; x_wconf 89' lang='lat' dir='ltr'>ordinis;</span> <span class='ocrx_word' id='word_1_452' title='bbox 1436 726 1534 766; x_wconf 89' lang='lat' dir='ltr'>ergo</span> <span class='ocrx_word' id='word_1_453' title='bbox 1565 726 1588 756; x_wconf 88' lang='lat' dir='ltr'>e</span> <span class='ocrx_word' id='word_1_454' title='bbox 1617 726 1811 754; x_wconf 89' lang='lat' dir='ltr'>converso</span> <span class='ocrx_word' id='word_1_455' title='bbox 1829 727 1988 755; x_wconf 87' lang='lat' dir='ltr'>servare</span> <span class='ocrx_word' id='word_1_456' title='bbox 2017 716 2135 757; x_wconf 90' lang='lat' dir='ltr'>illum</span> <span class='ocrx_word' id='word_1_457' title='bbox 2159 709 2272 756; x_wconf 85' lang='grc' dir='ltr'>01·ᾶί-</span> 
     </span>
     <span class='ocr_line' id='line_1_73' title="bbox 1239 776 2267 827; baseline 0.003 -12"><span class='ocrx_word' id='word_1_458' title='bbox 1239 787 1337 816; x_wconf 85' lang='lat' dir='ltr'>nem</span> <span class='ocrx_word' id='word_1_459' title='bbox 1356 780 1416 815; x_wconf 91' lang='lat' dir='ltr'>est</span> <span class='ocrx_word' id='word_1_460' title='bbox 1428 776 1552 815; x_wconf 90' lang='lat' dir='ltr'>etiam</span> <span class='ocrx_word' id='word_1_461' title='bbox 1572 776 1743 816; x_wconf 86' lang='lat' dir='ltr'>materia</span> <span class='ocrx_word' id='word_1_462' title='bbox 1761 777 1895 826; x_wconf 88' lang='lat' dir='ltr'>gravis</span> <span class='ocrx_word' id='word_1_463' title='bbox 1911 777 2188 827; x_wconf 81' lang='lat' dir='ltr'>obligationis,</span> <span class='ocrx_word' id='word_1_464' title='bbox 2208 781 2267 818; x_wconf 80' lang='lat' dir='ltr'>at-</span> 
     </span>
     <span class='ocr_line' id='line_1_74' title="bbox 1240 837 2264 890; baseline 0.002 -14"><span class='ocrx_word' id='word_1_465' title='bbox 1240 849 1319 888; x_wconf 88' lang='lat' dir='ltr'>que</span> <span class='ocrx_word' id='word_1_466' title='bbox 1336 837 1394 877; x_wconf 90' lang='lat' dir='ltr'>ita</span> <span class='ocrx_word' id='word_1_467' title='bbox 1411 837 1649 890; x_wconf 88' lang='lat' dir='ltr'>simpliciter</span> <span class='ocrx_word' id='word_1_468' title='bbox 1668 837 1880 876; x_wconf 88' lang='lat' dir='ltr'>docuimus</span> <span class='ocrx_word' id='word_1_469' title='bbox 1900 838 1944 876; x_wconf 88' lang='lat' dir='ltr'>in</span> <span class='ocrx_word' id='word_1_470' title='bbox 1960 841 2076 877; x_wconf 89' lang='lat' dir='ltr'>tract.</span> <span class='ocrx_word' id='word_1_471' title='bbox 2097 839 2147 878; x_wconf 90' lang='lat' dir='ltr'>de</span> <span class='ocrx_word' id='word_1_472' title='bbox 2164 839 2264 878; x_wconf 83' lang='lat' dir='ltr'>Cha-</span> 
     </span>
     <span class='ocr_line' id='line_1_75' title="bbox 1238 898 2265 951; baseline 0.004 -15"><span class='ocrx_word' id='word_1_473' title='bbox 1238 898 1374 947; x_wconf 88' lang='lat' dir='ltr'>ritate,</span> <span class='ocrx_word' id='word_1_474' title='bbox 1390 898 1493 951; x_wconf 88' lang='lat' dir='ltr'>disp.</span> <span class='ocrx_word' id='word_1_475' title='bbox 1513 900 1554 946; x_wconf 89' lang='lat'>8,</span> <span class='ocrx_word' id='word_1_476' title='bbox 1573 903 1667 938; x_wconf 86' lang='lat' dir='ltr'>sect.</span> <span class='ocrx_word' id='word_1_477' title='bbox 1691 900 1731 947; x_wconf 84' lang='lat'>6,</span> <span class='ocrx_word' id='word_1_478' title='bbox 1749 911 1790 938; x_wconf 89' lang='lat' dir='ltr'>n.</span> <span class='ocrx_word' id='word_1_479' title='bbox 1810 901 1849 939; x_wconf 80' lang='lat'>2.</span> <span class='ocrx_word' id='word_1_480' title='bbox 1875 898 2104 938; x_wconf 85' lang='lat' dir='ltr'>Advertunt</span> <span class='ocrx_word' id='word_1_481' title='bbox 2127 903 2265 940; x_wconf 87' lang='lat' dir='ltr'>autem</span> 
     </span>
     <span class='ocr_line' id='line_1_76' title="bbox 1239 960 2265 1012; baseline 0.003 -14"><span class='ocrx_word' id='word_1_482' title='bbox 1239 970 1380 1000; x_wconf 90' lang='lat' dir='ltr'>omnes</span> <span class='ocrx_word' id='word_1_483' title='bbox 1398 960 1475 1000; x_wconf 91' lang='grc'>1100</span> <span class='ocrx_word' id='word_1_484' title='bbox 1494 964 1756 1012; x_wconf 83' lang='lat' dir='ltr'>praeceptum,</span> <span class='ocrx_word' id='word_1_485' title='bbox 1770 964 1894 1012; x_wconf 90' lang='lat' dir='ltr'>prout</span> <span class='ocrx_word' id='word_1_486' title='bbox 1907 961 1958 999; x_wconf 86' lang='lat' dir='ltr'>ad</span> <span class='ocrx_word' id='word_1_487' title='bbox 1974 961 2265 1001; x_wconf 80' lang='lat' dir='ltr'>correctionem</span> 
     </span>
     <span class='ocr_line' id='line_1_77' title="bbox 1236 1020 2266 1074; baseline 0.001 -14"><span class='ocrx_word' id='word_1_488' title='bbox 1236 1020 1460 1061; x_wconf 87' lang='lat' dir='ltr'>fraternam</span> <span class='ocrx_word' id='word_1_489' title='bbox 1479 1022 1647 1072; x_wconf 87' lang='lat' dir='ltr'>obligat,</span> <span class='ocrx_word' id='word_1_490' title='bbox 1662 1034 1747 1061; x_wconf 88' lang='lat' dir='ltr'>esse</span> <span class='ocrx_word' id='word_1_491' title='bbox 1769 1021 2075 1070; x_wconf 85' lang='lat' dir='ltr'>affirmativum,</span> <span class='ocrx_word' id='word_1_492' title='bbox 2094 1021 2266 1074; x_wconf 80' lang='lat' dir='ltr'>ideoque</span> 
     </span>
     <span class='ocr_line' id='line_1_78' title="bbox 1237 1083 2265 1135; baseline 0 -12"><span class='ocrx_word' id='word_1_493' title='bbox 1237 1095 1323 1123; x_wconf 90' lang='grc'>11011</span> <span class='ocrx_word' id='word_1_494' title='bbox 1341 1083 1523 1135; x_wconf 87' lang='lat' dir='ltr'>obligare</span> <span class='ocrx_word' id='word_1_495' title='bbox 1540 1095 1615 1134; x_wconf 89' lang='lat' dir='ltr'>pro</span> <span class='ocrx_word' id='word_1_496' title='bbox 1648 1095 1821 1135; x_wconf 82' lang='lat' dir='ltr'>semper,</span> <span class='ocrx_word' id='word_1_497' title='bbox 1845 1083 1915 1123; x_wconf 90' lang='lat' dir='ltr'>sed</span> <span class='ocrx_word' id='word_1_498' title='bbox 1949 1095 2043 1122; x_wconf 87' lang='lat' dir='ltr'>cum</span> <span class='ocrx_word' id='word_1_499' title='bbox 2077 1084 2265 1123; x_wconf 66' lang='lat' dir='ltr'>determi-</span> 
     </span>
     <span class='ocr_line' id='line_1_79' title="bbox 1237 1144 2263 1196; baseline 0.002 -13"><span class='ocrx_word' id='word_1_500' title='bbox 1237 1145 1344 1184; x_wconf 86' lang='lat' dir='ltr'>natis</span> <span class='ocrx_word' id='word_1_501' title='bbox 1379 1145 1692 1184; x_wconf 86' lang='lat' dir='ltr'>circumstantiis</span> <span class='ocrx_word' id='word_1_502' title='bbox 1722 1157 1823 1196; x_wconf 88' lang='lat' dir='ltr'>quas</span> <span class='ocrx_word' id='word_1_503' title='bbox 1859 1144 1966 1183; x_wconf 85' lang='lat' dir='ltr'>infra</span> <span class='ocrx_word' id='word_1_504' title='bbox 1999 1145 2263 1195; x_wconf 83' lang='lat' dir='ltr'>attingemus,</span> 
     </span>
     <span class='ocr_line' id='line_1_80' title="bbox 1236 1206 2263 1258; baseline 0.001 -12"><span class='ocrx_word' id='word_1_505' title='bbox 1236 1218 1327 1255; x_wconf 86' lang='lat' dir='ltr'>quae</span> <span class='ocrx_word' id='word_1_506' title='bbox 1346 1207 1390 1245; x_wconf 91' lang='lat' dir='ltr'>in</span> <span class='ocrx_word' id='word_1_507' title='bbox 1404 1218 1565 1245; x_wconf 87' lang='lat' dir='ltr'>summa</span> <span class='ocrx_word' id='word_1_508' title='bbox 1585 1206 1840 1257; x_wconf 82' lang='lat' dir='ltr'>explicantur</span> <span class='ocrx_word' id='word_1_509' title='bbox 1853 1218 1925 1258; x_wconf 91' lang='lat' dir='ltr'>per</span> <span class='ocrx_word' id='word_1_510' title='bbox 1941 1206 2060 1245; x_wconf 84' lang='lat' dir='ltr'>illum</span> <span class='ocrx_word' id='word_1_511' title='bbox 2076 1206 2263 1247; x_wconf 75' lang='lat' dir='ltr'>effectum</span> 
     </span>
     <span class='ocr_line' id='line_1_81' title="bbox 1236 1268 2263 1319; baseline -0.002 -11"><span class='ocrx_word' id='word_1_512' title='bbox 1236 1280 1321 1308; x_wconf 89' lang='lat' dir='ltr'>non</span> <span class='ocrx_word' id='word_1_513' title='bbox 1354 1268 1583 1307; x_wconf 76' lang='lat' dir='ltr'>infamandi</span> <span class='ocrx_word' id='word_1_514' title='bbox 1627 1270 1875 1319; x_wconf 75' lang='lat' dir='ltr'>proximum,</span> <span class='ocrx_word' id='word_1_515' title='bbox 1916 1268 1951 1307; x_wconf 89' lang='lat' dir='ltr'>si</span> <span class='ocrx_word' id='word_1_516' title='bbox 1986 1268 2037 1307; x_wconf 87' lang='lat' dir='ltr'>ad</span> <span class='ocrx_word' id='word_1_517' title='bbox 2075 1268 2263 1307; x_wconf 86' lang='lat' dir='ltr'>effectum</span> 
     </span>
     <span class='ocr_line' id='line_1_82' title="bbox 1236 1330 2258 1380; baseline -0.001 -11"><span class='ocrx_word' id='word_1_518' title='bbox 1236 1330 1533 1370; x_wconf 88' lang='lat' dir='ltr'>emendationis</span> <span class='ocrx_word' id='word_1_519' title='bbox 1553 1330 1641 1380; x_wconf 85' lang='lat' dir='ltr'>ejus</span> <span class='ocrx_word' id='word_1_520' title='bbox 1670 1330 1943 1368; x_wconf 89' lang='lat' dir='ltr'>necessarium</span> <span class='ocrx_word' id='word_1_521' title='bbox 1973 1341 2057 1369; x_wconf 89' lang='grc'>11011</span> <span class='ocrx_word' id='word_1_522' title='bbox 2086 1330 2150 1368; x_wconf 86' lang='lat' dir='ltr'>sit.</span> <span class='ocrx_word' id='word_1_523' title='bbox 2169 1330 2258 1368; x_wconf 75' lang='lat' dir='ltr'>Hae(</span> 
     </span>
     <span class='ocr_line' id='line_1_83' title="bbox 1236 1390 2254 1443; baseline 0 -12"><span class='ocrx_word' id='word_1_524' title='bbox 1236 1395 1373 1431; x_wconf 90' lang='lat' dir='ltr'>autem</span> <span class='ocrx_word' id='word_1_525' title='bbox 1410 1391 1623 1441; x_wconf 79' lang='lat' dir='ltr'>explicatio</span> <span class='ocrx_word' id='word_1_526' title='bbox 1640 1390 1749 1429; x_wconf 88' lang='lat' dir='ltr'>illius</span> <span class='ocrx_word' id='word_1_527' title='bbox 1774 1391 1965 1442; x_wconf 62' lang='lat' dir='ltr'>praecepti</span> <span class='ocrx_word' id='word_1_528' title='bbox 1996 1403 2112 1443; x_wconf 83' lang='lat' dir='ltr'>aeque</span> <span class='ocrx_word' id='word_1_529' title='bbox 2138 1391 2254 1432; x_wconf 66' lang='lat' dir='ltr'>habe,</span> 
     </span>
     <span class='ocr_line' id='line_1_84' title="bbox 1234 1450 2252 1501; baseline 0.001 -10"><span class='ocrx_word' id='word_1_530' title='bbox 1234 1450 1384 1501; x_wconf 90' lang='lat' dir='ltr'>locum,</span> <span class='ocrx_word' id='word_1_531' title='bbox 1410 1452 1494 1490; x_wconf 90' lang='lat' dir='ltr'>sive</span> <span class='ocrx_word' id='word_1_532' title='bbox 1522 1451 1703 1491; x_wconf 83' lang='lat' dir='ltr'>dicamus</span> <span class='ocrx_word' id='word_1_533' title='bbox 1731 1452 1934 1491; x_wconf 82' lang='lat' dir='ltr'>Christum</span> <span class='ocrx_word' id='word_1_534' title='bbox 1963 1453 2183 1492; x_wconf 90' lang='lat' dir='ltr'>Dominum</span> <span class='ocrx_word' id='word_1_535' title='bbox 2204 1452 2252 1492; x_wconf 69' lang='lat' dir='ltr'>lo«</span> 
     </span>
     <span class='ocr_line' id='line_1_85' title="bbox 1234 1513 2256 1565; baseline 0.001 -12"><span class='ocrx_word' id='word_1_536' title='bbox 1234 1518 1377 1553; x_wconf 88' lang='lat' dir='ltr'>cutum</span> <span class='ocrx_word' id='word_1_537' title='bbox 1395 1513 1517 1552; x_wconf 84' lang='lat' dir='ltr'>fuisse</span> <span class='ocrx_word' id='word_1_538' title='bbox 1537 1513 1586 1552; x_wconf 90' lang='lat' dir='ltr'>de</span> <span class='ocrx_word' id='word_1_539' title='bbox 1603 1513 1680 1552; x_wconf 90' lang='lat' dir='ltr'>hoc</span> <span class='ocrx_word' id='word_1_540' title='bbox 1696 1518 1910 1565; x_wconf 77' lang='lat' dir='ltr'>praecepto,</span> <span class='ocrx_word' id='word_1_541' title='bbox 1933 1514 2017 1554; x_wconf 85' lang='lat' dir='ltr'>sive</span> <span class='ocrx_word' id='word_1_542' title='bbox 2034 1527 2132 1563; x_wconf 81' lang='lat' dir='ltr'>non,</span> <span class='ocrx_word' id='word_1_543' title='bbox 2149 1514 2256 1565; x_wconf 52' lang='lat' dir='ltr'>quia,</span> 
     </span>
     <span class='ocr_line' id='line_1_86' title="bbox 1232 1574 2262 1624; baseline 0.001 -10"><span class='ocrx_word' id='word_1_544' title='bbox 1232 1574 1325 1614; x_wconf 89' lang='lat' dir='ltr'>licet</span> <span class='ocrx_word' id='word_1_545' title='bbox 1340 1575 1390 1614; x_wconf 89' lang='lat' dir='ltr'>de</span> <span class='ocrx_word' id='word_1_546' title='bbox 1407 1574 1476 1614; x_wconf 90' lang='lat' dir='ltr'>illo</span> <span class='ocrx_word' id='word_1_547' title='bbox 1494 1574 1618 1613; x_wconf 81' lang='lat' dir='ltr'>suerit</span> <span class='ocrx_word' id='word_1_548' title='bbox 1636 1575 1814 1624; x_wconf 86' lang='lat' dir='ltr'>locutus,</span> <span class='ocrx_word' id='word_1_549' title='bbox 1835 1575 1937 1614; x_wconf 85' lang='lat' dir='ltr'>nihil</span> <span class='ocrx_word' id='word_1_550' title='bbox 1958 1577 1995 1614; x_wconf 88' lang='lat' dir='ltr'>ei</span> <span class='ocrx_word' id='word_1_551' title='bbox 2028 1575 2196 1624; x_wconf 53' lang='lat' dir='ltr'>adlidit,</span> <span class='ocrx_word' id='word_1_552' title='bbox 2216 1578 2262 1615; x_wconf 80' lang='lat' dir='ltr'>ut</span> 
     </span>
     <span class='ocr_line' id='line_1_87' title="bbox 1232 1636 2261 1688; baseline -0.001 -11"><span class='ocrx_word' id='word_1_553' title='bbox 1232 1636 1386 1677; x_wconf 89' lang='lat' dir='ltr'>morale</span> <span class='ocrx_word' id='word_1_554' title='bbox 1403 1640 1443 1675; x_wconf 90' lang='lat' dir='ltr'>et</span> <span class='ocrx_word' id='word_1_555' title='bbox 1462 1636 1647 1676; x_wconf 87' lang='lat' dir='ltr'>naturale</span> <span class='ocrx_word' id='word_1_556' title='bbox 1660 1641 1767 1684; x_wconf 88' lang='lat' dir='ltr'>erat;</span> <span class='ocrx_word' id='word_1_557' title='bbox 1784 1649 1830 1675; x_wconf 90' lang='lat' dir='ltr'>ac</span> <span class='ocrx_word' id='word_1_558' title='bbox 1850 1637 2020 1688; x_wconf 81' lang='lat' dir='ltr'>proinde</span> <span class='ocrx_word' id='word_1_559' title='bbox 2038 1649 2161 1688; x_wconf 83' lang='lat' dir='ltr'>quem</span> <span class='ocrx_word' id='word_1_560' title='bbox 2172 1649 2261 1676; x_wconf 89' lang='lat' dir='ltr'>sen-</span> 
     </span>
     <span class='ocr_line' id='line_1_88' title="bbox 1234 1697 2262 1750; baseline -0.002 -12"><span class='ocrx_word' id='word_1_561' title='bbox 1234 1709 1326 1738; x_wconf 89' lang='lat' dir='ltr'>sum</span> <span class='ocrx_word' id='word_1_562' title='bbox 1346 1697 1523 1750; x_wconf 85' lang='lat' dir='ltr'>postulat</span> <span class='ocrx_word' id='word_1_563' title='bbox 1538 1709 1588 1736; x_wconf 81' lang='lat' dir='ltr'>ex</span> <span class='ocrx_word' id='word_1_564' title='bbox 1607 1702 1754 1736; x_wconf 88' lang='lat' dir='ltr'>natura</span> <span class='ocrx_word' id='word_1_565' title='bbox 1778 1698 1851 1744; x_wconf 86' lang='lat' dir='ltr'>rei,</span> <span class='ocrx_word' id='word_1_566' title='bbox 1872 1698 2060 1737; x_wconf 78' lang='lat' dir='ltr'>eumdem</span> <span class='ocrx_word' id='word_1_567' title='bbox 2081 1697 2262 1737; x_wconf 84' lang='lat' dir='ltr'>admittit</span> 
     </span>
     <span class='ocr_line' id='line_1_89' title="bbox 1231 1759 2262 1810; baseline -0.002 -11"><span class='ocrx_word' id='word_1_568' title='bbox 1231 1761 1276 1799; x_wconf 91' lang='lat' dir='ltr'>in</span> <span class='ocrx_word' id='word_1_569' title='bbox 1296 1759 1516 1809; x_wconf 85' lang='lat' dir='ltr'>Evangelio</span> <span class='ocrx_word' id='word_1_570' title='bbox 1536 1770 1620 1797; x_wconf 81' lang='lat' dir='ltr'>esse</span> <span class='ocrx_word' id='word_1_571' title='bbox 1639 1763 1900 1808; x_wconf 74' lang='lat' dir='ltr'>contentum3</span> <span class='ocrx_word' id='word_1_572' title='bbox 1920 1771 2016 1810; x_wconf 82' lang='lat' dir='ltr'>crgo</span> <span class='ocrx_word' id='word_1_573' title='bbox 2038 1759 2090 1798; x_wconf 85' lang='lat' dir='ltr'>ad</span> <span class='ocrx_word' id='word_1_574' title='bbox 2114 1759 2262 1798; x_wconf 82' lang='lat' dir='ltr'>doctri-</span> 
     </span>
     <span class='ocr_line' id='line_1_90' title="bbox 1230 1819 2258 1871; baseline -0.001 -11"><span class='ocrx_word' id='word_1_575' title='bbox 1230 1832 1330 1860; x_wconf 86' lang='lat' dir='ltr'>nam</span> <span class='ocrx_word' id='word_1_576' title='bbox 1346 1819 1560 1868; x_wconf 81' lang='lat' dir='ltr'>moralem,</span> <span class='ocrx_word' id='word_1_577' title='bbox 1577 1820 1627 1858; x_wconf 91' lang='lat' dir='ltr'>de</span> <span class='ocrx_word' id='word_1_578' title='bbox 1645 1832 1727 1871; x_wconf 87' lang='lat' dir='ltr'>qua</span> <span class='ocrx_word' id='word_1_579' title='bbox 1758 1821 1931 1870; x_wconf 80' lang='lat' dir='ltr'>agimus,</span> <span class='ocrx_word' id='word_1_580' title='bbox 1954 1832 2100 1871; x_wconf 86' lang='lat' dir='ltr'>parum</span> <span class='ocrx_word' id='word_1_581' title='bbox 2118 1821 2258 1870; x_wconf 77' lang='lat' dir='ltr'>refert,</span> 
     </span>
     <span class='ocr_line' id='line_1_91' title="bbox 1230 1880 2261 1922; baseline 0 -1"><span class='ocrx_word' id='word_1_582' title='bbox 1230 1894 1314 1921; x_wconf 89' lang='lat' dir='ltr'>uno</span> <span class='ocrx_word' id='word_1_583' title='bbox 1333 1881 1399 1921; x_wconf 86' lang='lat' dir='ltr'>vel</span> <span class='ocrx_word' id='word_1_584' title='bbox 1417 1881 1496 1920; x_wconf 90' lang='lat' dir='ltr'>alio</span> <span class='ocrx_word' id='word_1_585' title='bbox 1514 1881 1636 1920; x_wconf 89' lang='lat' dir='ltr'>modo</span> <span class='ocrx_word' id='word_1_586' title='bbox 1654 1880 1778 1921; x_wconf 85' lang='lat' dir='ltr'>verba</span> <span class='ocrx_word' id='word_1_587' title='bbox 1796 1882 1944 1921; x_wconf 82' lang='lat' dir='ltr'>Christi</span> <span class='ocrx_word' id='word_1_588' title='bbox 1958 1882 2121 1920; x_wconf 90' lang='lat' dir='ltr'>Domini</span> <span class='ocrx_word' id='word_1_589' title='bbox 2139 1882 2261 1922; x_wconf 88' lang='lat' dir='ltr'>intel-</span> 
     </span>
     <span class='ocr_line' id='line_1_92' title="bbox 1228 1943 1370 1993; baseline -0.007 -12"><span class='ocrx_word' id='word_1_590' title='bbox 1228 1943 1370 1993; x_wconf 83' lang='lat' dir='ltr'>ligere.</span> 
     </span>
    </p>

    <p class='ocr_par' dir='ltr' id='par_1_19' title="bbox 1213 2003 2263 3591">
     <span class='ocr_line' id='line_1_93' title="bbox 1283 2003 2259 2059; baseline 0.005 -16"><span class='ocrx_word' id='word_1_591' title='bbox 1283 2006 1346 2044; x_wconf 77' lang='grc'>15.</span> <span class='ocrx_word' id='word_1_592' title='bbox 1379 2004 1585 2046; x_wconf 75' lang='lat' dir='ltr'>Probatur</span> <span class='ocrx_word' id='word_1_593' title='bbox 1604 2005 1739 2046; x_wconf 78' lang='lat' dir='ltr'>deinde</span> <span class='ocrx_word' id='word_1_594' title='bbox 1751 2004 1882 2057; x_wconf 74' lang='lat' dir='ltr'>quoad</span> <span class='ocrx_word' id='word_1_595' title='bbox 1894 2003 2061 2045; x_wconf 67' lang='lat' dir='ltr'>maram</span> <span class='ocrx_word' id='word_1_596' title='bbox 2075 2009 2233 2059; x_wconf 74' lang='lat' dir='ltr'>partem</span> <span class='ocrx_word' id='word_1_597' title='bbox 2241 2022 2259 2048; x_wconf 86' lang='lat'>.-</span> 
     </span>
     <span class='ocr_line' id='line_1_94' title="bbox 1228 2065 2258 2118; baseline 0.001 -11"><span class='ocrx_word' id='word_1_598' title='bbox 1228 2065 1381 2107; x_wconf 68' lang='lat' dir='ltr'>Adhibe</span> <span class='ocrx_word' id='word_1_599' title='bbox 1397 2078 1517 2105; x_wconf 74' lang='lat' dir='ltr'>anam</span> <span class='ocrx_word' id='word_1_600' title='bbox 1535 2066 1596 2106; x_wconf 67' lang='lat' dir='ltr'>cel</span> <span class='ocrx_word' id='word_1_601' title='bbox 1616 2066 1712 2106; x_wconf 75' lang='lat' dir='ltr'>daos</span> <span class='ocrx_word' id='word_1_602' title='bbox 1728 2069 1917 2106; x_wconf 76' lang='lat' dir='ltr'>testes.-</span> <span class='ocrx_word' id='word_1_603' title='bbox 1928 2066 2037 2105; x_wconf 81' lang='lat' dir='ltr'>Idem</span> <span class='ocrx_word' id='word_1_604' title='bbox 2058 2079 2150 2106; x_wconf 88' lang='lat' dir='ltr'>cum</span> <span class='ocrx_word' id='word_1_605' title='bbox 2166 2080 2258 2118; x_wconf 90' lang='lat' dir='ltr'>pro-</span> 
     </span>
     <span class='ocr_line' id='line_1_95' title="bbox 1229 2127 2253 2179; baseline 0.003 -13"><span class='ocrx_word' id='word_1_606' title='bbox 1229 2128 1415 2179; x_wconf 87' lang='lat' dir='ltr'>portione</span> <span class='ocrx_word' id='word_1_607' title='bbox 1430 2127 1647 2166; x_wconf 69' lang='lat' dir='ltr'>dicendum</span> <span class='ocrx_word' id='word_1_608' title='bbox 1669 2131 1728 2166; x_wconf 89' lang='lat' dir='ltr'>est</span> <span class='ocrx_word' id='word_1_609' title='bbox 1746 2128 1795 2166; x_wconf 87' lang='lat' dir='ltr'>de</span> <span class='ocrx_word' id='word_1_610' title='bbox 1824 2128 2033 2178; x_wconf 85' lang='lat' dir='ltr'>posteriori</span> <span class='ocrx_word' id='word_1_611' title='bbox 2054 2130 2253 2178; x_wconf 85' lang='lat' dir='ltr'>membro,</span> 
     </span>
     <span class='ocr_line' id='line_1_96' title="bbox 1227 2188 2262 2241; baseline 0.003 -14"><span class='ocrx_word' id='word_1_612' title='bbox 1227 2189 1272 2228; x_wconf 89' lang='lat' dir='ltr'>in</span> <span class='ocrx_word' id='word_1_613' title='bbox 1293 2200 1374 2239; x_wconf 88' lang='lat' dir='ltr'>quo</span> <span class='ocrx_word' id='word_1_614' title='bbox 1393 2188 1454 2237; x_wconf 90' lang='lat' dir='ltr'>(ut</span> <span class='ocrx_word' id='word_1_615' title='bbox 1474 2188 1573 2239; x_wconf 87' lang='lat' dir='ltr'>dixi)</span> <span class='ocrx_word' id='word_1_616' title='bbox 1588 2188 1790 2226; x_wconf 85' lang='lat' dir='ltr'>difficilius</span> <span class='ocrx_word' id='word_1_617' title='bbox 1810 2192 1978 2238; x_wconf 78' lang='lat' dir='ltr'>apparet</span> <span class='ocrx_word' id='word_1_618' title='bbox 2007 2193 2262 2241; x_wconf 12' lang='lat' dir='ltr'>praeceptum,</span> 
     </span>
     <span class='ocr_line' id='line_1_97' title="bbox 1228 2248 2261 2300; baseline 0.004 -13"><span class='ocrx_word' id='word_1_619' title='bbox 1228 2259 1278 2288; x_wconf 81' lang='lat' dir='ltr'>ex</span> <span class='ocrx_word' id='word_1_620' title='bbox 1294 2252 1442 2287; x_wconf 86' lang='lat' dir='ltr'>natura</span> <span class='ocrx_word' id='word_1_621' title='bbox 1461 2249 1520 2288; x_wconf 87' lang='lat' dir='ltr'>rei</span> <span class='ocrx_word' id='word_1_622' title='bbox 1535 2261 1543 2297; x_wconf 91' lang='lat'><em>;</em></span> <span class='ocrx_word' id='word_1_623' title='bbox 1561 2250 1658 2300; x_wconf 86' lang='lat' dir='ltr'>quia</span> <span class='ocrx_word' id='word_1_624' title='bbox 1682 2248 1753 2288; x_wconf 89' lang='lat' dir='ltr'>illa</span> <span class='ocrx_word' id='word_1_625' title='bbox 1770 2249 1952 2288; x_wconf 86' lang='lat' dir='ltr'>inductio</span> <span class='ocrx_word' id='word_1_626' title='bbox 1981 2250 2145 2289; x_wconf 89' lang='lat' dir='ltr'>testium</span> <span class='ocrx_word' id='word_1_627' title='bbox 2171 2259 2261 2292; x_wconf 81' lang='lat' dir='ltr'>non</span> 
     </span>
     <span class='ocr_line' id='line_1_98' title="bbox 1227 2309 2263 2362; baseline 0.004 -14"><span class='ocrx_word' id='word_1_628' title='bbox 1227 2309 1386 2349; x_wconf 81' lang='lat' dir='ltr'>videtur</span> <span class='ocrx_word' id='word_1_629' title='bbox 1416 2310 1475 2348; x_wconf 84' lang='lat' dir='ltr'>ita</span> <span class='ocrx_word' id='word_1_630' title='bbox 1509 2310 1733 2349; x_wconf 87' lang='lat' dir='ltr'>necessaria</span> <span class='ocrx_word' id='word_1_631' title='bbox 1763 2310 1816 2350; x_wconf 93' lang='lat' dir='ltr'>ad</span> <span class='ocrx_word' id='word_1_632' title='bbox 1854 2312 2173 2351; x_wconf 87' lang='lat' dir='ltr'>conservandam</span> <span class='ocrx_word' id='word_1_633' title='bbox 2191 2313 2263 2362; x_wconf 41' lang='lat' dir='ltr'>faa,</span> 
     </span>
     <span class='ocr_line' id='line_1_99' title="bbox 1224 2371 2252 2423; baseline 0.004 -13"><span class='ocrx_word' id='word_1_634' title='bbox 1224 2381 1335 2410; x_wconf 88' lang='lat' dir='ltr'>mam</span> <span class='ocrx_word' id='word_1_635' title='bbox 1353 2371 1882 2422; x_wconf 70' lang='grc' dir='ltr'>[110Χὶ011,01500011.501100</span> <span class='ocrx_word' id='word_1_636' title='bbox 1919 2372 2048 2423; x_wconf 86' lang='lat' dir='ltr'>capite</span> <span class='ocrx_word' id='word_1_637' title='bbox 2084 2385 2168 2413; x_wconf 90' lang='lat' dir='ltr'>non</span> <span class='ocrx_word' id='word_1_638' title='bbox 2193 2374 2252 2414; x_wconf 89' lang='lat' dir='ltr'>vi-</span> 
     </span>
     <span class='ocr_line' id='line_1_100' title="bbox 1223 2431 2247 2483; baseline 0.004 -13"><span class='ocrx_word' id='word_1_639' title='bbox 1223 2431 1343 2471; x_wconf 88' lang='lat' dir='ltr'>detur</span> <span class='ocrx_word' id='word_1_640' title='bbox 1362 2443 1447 2471; x_wconf 89' lang='lat' dir='ltr'>esse</span> <span class='ocrx_word' id='word_1_641' title='bbox 1461 2432 1572 2471; x_wconf 89' lang='lat' dir='ltr'>aliud</span> <span class='ocrx_word' id='word_1_642' title='bbox 1588 2444 1638 2471; x_wconf 85' lang='lat' dir='ltr'>ex</span> <span class='ocrx_word' id='word_1_643' title='bbox 1655 2445 1737 2483; x_wconf 85' lang='lat' dir='ltr'>quo</span> <span class='ocrx_word' id='word_1_644' title='bbox 1755 2432 1850 2471; x_wconf 88' lang='lat' dir='ltr'>talis</span> <span class='ocrx_word' id='word_1_645' title='bbox 1869 2432 2065 2483; x_wconf 82' lang='lat' dir='ltr'>obligatio</span> <span class='ocrx_word' id='word_1_646' title='bbox 2078 2436 2247 2474; x_wconf 84' lang='lat' dir='ltr'>oriatur.</span> 
     </span>
     <span class='ocr_line' id='line_1_101' title="bbox 1223 2493 2251 2544; baseline 0.004 -12"><span class='ocrx_word' id='word_1_647' title='bbox 1223 2493 1323 2532; x_wconf 87' lang='lat' dir='ltr'>Nam</span> <span class='ocrx_word' id='word_1_648' title='bbox 1342 2493 1451 2544; x_wconf 87' lang='lat' dir='ltr'>quod</span> <span class='ocrx_word' id='word_1_649' title='bbox 1469 2493 1558 2534; x_wconf 82' lang='lat' dir='ltr'>Div.</span> <span class='ocrx_word' id='word_1_650' title='bbox 1581 2493 1758 2533; x_wconf 89' lang='lat' dir='ltr'>Thomas</span> <span class='ocrx_word' id='word_1_651' title='bbox 1787 2494 1859 2543; x_wconf 87' lang='lat' dir='ltr'>ait,</span> <span class='ocrx_word' id='word_1_652' title='bbox 1889 2499 2045 2534; x_wconf 80' lang='lat' dir='ltr'>naturae</span> <span class='ocrx_word' id='word_1_653' title='bbox 2065 2495 2251 2536; x_wconf 89' lang='lat' dir='ltr'>ordinem</span> 
     </span>
     <span class='ocr_line' id='line_1_102' title="bbox 1223 2555 2250 2607; baseline 0.004 -14"><span class='ocrx_word' id='word_1_654' title='bbox 1223 2555 1430 2607; x_wconf 90' lang='lat' dir='ltr'>postulare</span> <span class='ocrx_word' id='word_1_655' title='bbox 1449 2559 1594 2595; x_wconf 90' lang='lat' dir='ltr'>utnon</span> <span class='ocrx_word' id='word_1_656' title='bbox 1618 2555 1691 2595; x_wconf 90' lang='lat' dir='ltr'>fiat</span> <span class='ocrx_word' id='word_1_657' title='bbox 1709 2556 1900 2595; x_wconf 89' lang='lat' dir='ltr'>transitus</span> <span class='ocrx_word' id='word_1_658' title='bbox 1917 2556 1969 2595; x_wconf 89' lang='lat' dir='ltr'>ab</span> <span class='ocrx_word' id='word_1_659' title='bbox 1996 2560 2179 2596; x_wconf 83' lang='lat' dir='ltr'>extremo</span> <span class='ocrx_word' id='word_1_660' title='bbox 2198 2558 2250 2597; x_wconf 89' lang='lat' dir='ltr'>ad</span> 
     </span>
     <span class='ocr_line' id='line_1_103' title="bbox 1224 2616 2251 2668; baseline 0.004 -12"><span class='ocrx_word' id='word_1_661' title='bbox 1224 2620 1469 2664; x_wconf 82' lang='lat' dir='ltr'>extremum,</span> <span class='ocrx_word' id='word_1_662' title='bbox 1505 2616 1584 2655; x_wconf 89' lang='lat' dir='ltr'>nisi</span> <span class='ocrx_word' id='word_1_663' title='bbox 1615 2628 1688 2668; x_wconf 89' lang='lat' dir='ltr'>per</span> <span class='ocrx_word' id='word_1_664' title='bbox 1723 2617 1920 2664; x_wconf 87' lang='lat' dir='ltr'>medium,</span> <span class='ocrx_word' id='word_1_665' title='bbox 1960 2620 2002 2656; x_wconf 87' lang='lat' dir='ltr'>et</span> <span class='ocrx_word' id='word_1_666' title='bbox 2037 2617 2130 2656; x_wconf 89' lang='lat' dir='ltr'>ideo</span> <span class='ocrx_word' id='word_1_667' title='bbox 2164 2629 2251 2660; x_wconf 90' lang='lat' dir='ltr'>nou</span> 
     </span>
     <span class='ocr_line' id='line_1_104' title="bbox 1223 2677 2250 2721; baseline 0.002 -3"><span class='ocrx_word' id='word_1_668' title='bbox 1223 2689 1306 2718; x_wconf 89' lang='lat' dir='ltr'>esse</span> <span class='ocrx_word' id='word_1_669' title='bbox 1342 2677 1637 2717; x_wconf 88' lang='lat' dir='ltr'>transeundum</span> <span class='ocrx_word' id='word_1_670' title='bbox 1683 2689 1707 2717; x_wconf 84' lang='lat' dir='ltr'>a</span> <span class='ocrx_word' id='word_1_671' title='bbox 1738 2678 1964 2718; x_wconf 87' lang='lat' dir='ltr'>monitione</span> <span class='ocrx_word' id='word_1_672' title='bbox 2008 2682 2162 2719; x_wconf 85' lang='lat' dir='ltr'>secreta</span> <span class='ocrx_word' id='word_1_673' title='bbox 2197 2679 2250 2721; x_wconf 88' lang='lat' dir='ltr'>ad</span> 
     </span>
     <span class='ocr_line' id='line_1_105' title="bbox 1223 2739 2252 2788; baseline 0.002 -9"><span class='ocrx_word' id='word_1_674' title='bbox 1223 2739 1574 2779; x_wconf 79' lang='lat' dir='ltr'>denuntiationem</span> <span class='ocrx_word' id='word_1_675' title='bbox 1608 2750 1744 2779; x_wconf 86' lang='lat' dir='ltr'>coram</span> <span class='ocrx_word' id='word_1_676' title='bbox 1776 2739 1946 2778; x_wconf 84' lang='lat' dir='ltr'>Praelato</span> <span class='ocrx_word' id='word_1_677' title='bbox 1958 2768 1971 2788; x_wconf 93' lang='lat'>‚</span> <span class='ocrx_word' id='word_1_678' title='bbox 2003 2740 2085 2779; x_wconf 90' lang='lat' dir='ltr'>nisi</span> <span class='ocrx_word' id='word_1_679' title='bbox 2114 2740 2252 2782; x_wconf 82' lang='lat' dir='ltr'>media</span> 
     </span>
     <span class='ocr_line' id='line_1_106' title="bbox 1222 2799 2257 2851; baseline 0.002 -11"><span class='ocrx_word' id='word_1_680' title='bbox 1222 2802 1387 2840; x_wconf 80' lang='lat' dir='ltr'>testium</span> <span class='ocrx_word' id='word_1_681' title='bbox 1424 2800 1682 2849; x_wconf 88' lang='lat' dir='ltr'>inductione;</span> <span class='ocrx_word' id='word_1_682' title='bbox 1714 2804 1774 2839; x_wconf 90' lang='lat' dir='ltr'>est</span> <span class='ocrx_word' id='word_1_683' title='bbox 1804 2801 1972 2851; x_wconf 84' lang='lat' dir='ltr'>quidem</span> <span class='ocrx_word' id='word_1_684' title='bbox 2007 2799 2116 2841; x_wconf 90' lang='lat' dir='ltr'>bona</span> <span class='ocrx_word' id='word_1_685' title='bbox 2147 2799 2257 2842; x_wconf 73' lang='grc'>0011-’</span> 
     </span>
     <span class='ocr_line' id='line_1_107' title="bbox 1223 2861 2250 2913; baseline 0.002 -12"><span class='ocrx_word' id='word_1_686' title='bbox 1223 2861 1411 2913; x_wconf 86' lang='lat' dir='ltr'>gruentia</span> <span class='ocrx_word' id='word_1_687' title='bbox 1425 2861 1477 2901; x_wconf 94' lang='lat' dir='ltr'>ad</span> <span class='ocrx_word' id='word_1_688' title='bbox 1491 2861 1778 2901; x_wconf 90' lang='lat' dir='ltr'>declarandam</span> <span class='ocrx_word' id='word_1_689' title='bbox 1796 2861 1906 2901; x_wconf 89' lang='lat' dir='ltr'>illius</span> <span class='ocrx_word' id='word_1_690' title='bbox 1927 2861 2082 2902; x_wconf 86' lang='lat' dir='ltr'>ordinis</span> <span class='ocrx_word' id='word_1_691' title='bbox 2106 2873 2250 2904; x_wconf 86' lang='lat' dir='ltr'>eonve-</span> 
     </span>
     <span class='ocr_line' id='line_1_108' title="bbox 1222 2922 2249 2972; baseline 0.002 -10"><span class='ocrx_word' id='word_1_692' title='bbox 1222 2923 1421 2962; x_wconf 91' lang='lat' dir='ltr'>nientiam</span> <span class='ocrx_word' id='word_1_693' title='bbox 1446 2926 1487 2962; x_wconf 88' lang='lat' dir='ltr'>et</span> <span class='ocrx_word' id='word_1_694' title='bbox 1516 2922 1771 2962; x_wconf 87' lang='lat' dir='ltr'>honestatem</span> <span class='ocrx_word' id='word_1_695' title='bbox 1785 2933 1798 2972; x_wconf 85' lang='lat'>3</span> <span class='ocrx_word' id='word_1_696' title='bbox 1820 2934 1903 2962; x_wconf 90' lang='lat' dir='ltr'>non</span> <span class='ocrx_word' id='word_1_697' title='bbox 1928 2923 2091 2963; x_wconf 81' lang='lat' dir='ltr'>videtur</span> <span class='ocrx_word' id='word_1_698' title='bbox 2110 2927 2249 2965; x_wconf 88' lang='lat' dir='ltr'>tamen</span> 
     </span>
     <span class='ocr_line' id='line_1_109' title="bbox 1219 2984 2247 3026; baseline 0.002 -2"><span class='ocrx_word' id='word_1_699' title='bbox 1219 2984 1421 3024; x_wconf 88' lang='lat' dir='ltr'>sufficiens</span> <span class='ocrx_word' id='word_1_700' title='bbox 1435 2984 1540 3023; x_wconf 90' lang='lat' dir='ltr'>ratio</span> <span class='ocrx_word' id='word_1_701' title='bbox 1561 2984 1613 3023; x_wconf 92' lang='lat' dir='ltr'>ad</span> <span class='ocrx_word' id='word_1_702' title='bbox 1646 2984 1939 3023; x_wconf 86' lang='lat' dir='ltr'>ostendendam</span> <span class='ocrx_word' id='word_1_703' title='bbox 1966 2985 2247 3026; x_wconf 79' lang='lat' dir='ltr'>necessitatem</span> 
     </span>
     <span class='ocr_line' id='line_1_110' title="bbox 1219 3045 2247 3097; baseline 0.001 -13"><span class='ocrx_word' id='word_1_704' title='bbox 1219 3045 1492 3096; x_wconf 86' lang='lat' dir='ltr'>obligationis.</span> <span class='ocrx_word' id='word_1_705' title='bbox 1513 3045 1786 3085; x_wconf 90' lang='lat' dir='ltr'>Nihilominus</span> <span class='ocrx_word' id='word_1_706' title='bbox 1804 3045 2014 3097; x_wconf 87' lang='lat' dir='ltr'>probabile</span> <span class='ocrx_word' id='word_1_707' title='bbox 2041 3050 2100 3085; x_wconf 91' lang='lat' dir='ltr'>est</span> <span class='ocrx_word' id='word_1_708' title='bbox 2122 3045 2247 3085; x_wconf 79' lang='lat' dir='ltr'>etiam</span> 
     </span>
     <span class='ocr_line' id='line_1_111' title="bbox 1219 3104 2246 3159; baseline -0.002 -13"><span class='ocrx_word' id='word_1_709' title='bbox 1219 3106 1334 3147; x_wconf 88' lang='lat' dir='ltr'>illam</span> <span class='ocrx_word' id='word_1_710' title='bbox 1368 3118 1452 3146; x_wconf 90' lang='lat' dir='ltr'>esse</span> <span class='ocrx_word' id='word_1_711' title='bbox 1486 3106 1701 3146; x_wconf 86' lang='lat' dir='ltr'>materiam</span> <span class='ocrx_word' id='word_1_712' title='bbox 1735 3108 1950 3159; x_wconf 75' lang='lat' dir='ltr'>praecepti2</span> <span class='ocrx_word' id='word_1_713' title='bbox 1971 3105 2196 3156; x_wconf 79' lang='lat' dir='ltr'>praesertim</span> <span class='ocrx_word' id='word_1_714' title='bbox 2210 3104 2246 3148; x_wconf 88' lang='lat' dir='ltr'>si</span> 
     </span>
     <span class='ocr_line' id='line_1_112' title="bbox 1219 3166 2244 3222; baseline 0 -14"><span class='ocrx_word' id='word_1_715' title='bbox 1219 3168 1523 3222; x_wconf 87' lang='lat' dir='ltr'>procedendum</span> <span class='ocrx_word' id='word_1_716' title='bbox 1538 3169 1590 3208; x_wconf 88' lang='lat' dir='ltr'>sit</span> <span class='ocrx_word' id='word_1_717' title='bbox 1600 3169 1652 3208; x_wconf 85' lang='lat' dir='ltr'>ad</span> <span class='ocrx_word' id='word_1_718' title='bbox 1666 3169 2017 3208; x_wconf 83' lang='lat' dir='ltr'>denuntiatiOnem</span> <span class='ocrx_word' id='word_1_719' title='bbox 2037 3166 2244 3218; x_wconf 85' lang='lat' dir='ltr'>publicam</span> 
     </span>
     <span class='ocr_line' id='line_1_113' title="bbox 1219 3227 2243 3283; baseline -0.002 -12"><span class='ocrx_word' id='word_1_720' title='bbox 1219 3235 1259 3271; x_wconf 90' lang='lat' dir='ltr'>et</span> <span class='ocrx_word' id='word_1_721' title='bbox 1274 3230 1549 3283; x_wconf 88' lang='lat' dir='ltr'>judiciariam,</span> <span class='ocrx_word' id='word_1_722' title='bbox 1567 3230 1618 3270; x_wconf 92' lang='lat' dir='ltr'>de</span> <span class='ocrx_word' id='word_1_723' title='bbox 1637 3242 1718 3282; x_wconf 87' lang='lat' dir='ltr'>qua</span> <span class='ocrx_word' id='word_1_724' title='bbox 1746 3230 1925 3269; x_wconf 88' lang='lat' dir='ltr'>Christus</span> <span class='ocrx_word' id='word_1_725' title='bbox 1943 3228 2100 3268; x_wconf 89' lang='lat' dir='ltr'>locutus</span> <span class='ocrx_word' id='word_1_726' title='bbox 2118 3227 2243 3269; x_wconf 77' lang='lat' dir='ltr'>fuisse</span> 
     </span>
     <span class='ocr_line' id='line_1_114' title="bbox 1217 3288 2242 3344; baseline -0.002 -12"><span class='ocrx_word' id='word_1_727' title='bbox 1217 3292 1422 3344; x_wconf 87' lang='lat' dir='ltr'>colligitur</span> <span class='ocrx_word' id='word_1_728' title='bbox 1453 3303 1503 3332; x_wconf 81' lang='lat' dir='ltr'>ex</span> <span class='ocrx_word' id='word_1_729' title='bbox 1530 3291 1610 3331; x_wconf 86' lang='lat' dir='ltr'>illis</span> <span class='ocrx_word' id='word_1_730' title='bbox 1635 3291 1797 3330; x_wconf 80' lang='lat' dir='ltr'>verbis:</span> <span class='ocrx_word' id='word_1_731' title='bbox 1819 3288 1871 3330; x_wconf 81' lang='lat' dir='ltr'>Si</span> <span class='ocrx_word' id='word_1_732' title='bbox 1904 3289 2128 3330; x_wconf 76' lang='lat' dir='ltr'>Ecclesiam</span> <span class='ocrx_word' id='word_1_733' title='bbox 2161 3299 2242 3330; x_wconf 70' lang='lat' dir='ltr'>m</span> 
     </span>
     <span class='ocr_line' id='line_1_115' title="bbox 1217 3349 2239 3404; baseline -0.004 -8"><span class='ocrx_word' id='word_1_734' title='bbox 1217 3355 1406 3402; x_wconf 72' lang='lat' dir='ltr'>audierit,</span> <span class='ocrx_word' id='word_1_735' title='bbox 1420 3353 1478 3395; x_wconf 73' lang='lat' dir='ltr'>sit</span> <span class='ocrx_word' id='word_1_736' title='bbox 1494 3354 1568 3395; x_wconf 80' lang='lat' dir='ltr'>tibi</span> <span class='ocrx_word' id='word_1_737' title='bbox 1588 3357 1777 3404; x_wconf 78' lang='lat' dir='ltr'>tanquam</span> <span class='ocrx_word' id='word_1_738' title='bbox 1801 3351 1981 3392; x_wconf 68' lang='lat' dir='ltr'>ethnicus</span> <span class='ocrx_word' id='word_1_739' title='bbox 2006 3354 2043 3391; x_wconf 82' lang='lat' dir='ltr'>et</span> <span class='ocrx_word' id='word_1_740' title='bbox 2058 3349 2239 3402; x_wconf 78' lang='lat' dir='ltr'>publica·</span> 
     </span>
     <span class='ocr_line' id='line_1_116' title="bbox 1217 3411 2240 3468; baseline -0.005 -12"><span class='ocrx_word' id='word_1_741' title='bbox 1217 3426 1293 3456; x_wconf 71' lang='lat' dir='ltr'>nus</span> <span class='ocrx_word' id='word_1_742' title='bbox 1303 3431 1320 3463; x_wconf 94' lang='lat'><em>;</em></span> <span class='ocrx_word' id='word_1_743' title='bbox 1339 3418 1576 3468; x_wconf 90' lang='lat' dir='ltr'>supponunt</span> <span class='ocrx_word' id='word_1_744' title='bbox 1593 3414 1704 3453; x_wconf 91' lang='lat' dir='ltr'>enim</span> <span class='ocrx_word' id='word_1_745' title='bbox 1722 3412 1810 3450; x_wconf 85' lang='lat' dir='ltr'>haec</span> <span class='ocrx_word' id='word_1_746' title='bbox 1824 3411 1948 3451; x_wconf 82' lang='lat' dir='ltr'>verba</span> <span class='ocrx_word' id='word_1_747' title='bbox 1961 3411 2240 3451; x_wconf 78' lang='lat' dir='ltr'>excommuni-</span> 
     </span>
     <span class='ocr_line' id='line_1_117' title="bbox 1213 3471 2240 3523; baseline -0.005 -6"><span class='ocrx_word' id='word_1_748' title='bbox 1213 3476 1418 3517; x_wconf 82' lang='lat' dir='ltr'>cationem</span> <span class='ocrx_word' id='word_1_749' title='bbox 1445 3476 1572 3515; x_wconf 88' lang='lat' dir='ltr'>latam</span> <span class='ocrx_word' id='word_1_750' title='bbox 1607 3473 1660 3512; x_wconf 91' lang='lat' dir='ltr'>ab</span> <span class='ocrx_word' id='word_1_751' title='bbox 1694 3472 1882 3521; x_wconf 87' lang='lat' dir='ltr'>Ecclesia,</span> <span class='ocrx_word' id='word_1_752' title='bbox 1915 3471 1966 3510; x_wconf 89' lang='lat' dir='ltr'>ad</span> <span class='ocrx_word' id='word_1_753' title='bbox 1997 3482 2120 3523; x_wconf 86' lang='lat' dir='ltr'>quam</span> <span class='ocrx_word' id='word_1_754' title='bbox 2154 3483 2240 3512; x_wconf 87' lang='lat' dir='ltr'>non</span> 
     </span>
     <span class='ocr_line' id='line_1_118' title="bbox 1215 3532 2240 3591; baseline -0.008 -11"><span class='ocrx_word' id='word_1_755' title='bbox 1215 3538 1451 3591; x_wconf 86' lang='lat' dir='ltr'>pervenitur</span> <span class='ocrx_word' id='word_1_756' title='bbox 1479 3537 1560 3577; x_wconf 90' lang='lat' dir='ltr'>nisi</span> <span class='ocrx_word' id='word_1_757' title='bbox 1595 3546 1669 3588; x_wconf 89' lang='lat' dir='ltr'>per</span> <span class='ocrx_word' id='word_1_758' title='bbox 1690 3532 2040 3575; x_wconf 87' lang='lat' dir='ltr'>denuntiationem</span> <span class='ocrx_word' id='word_1_759' title='bbox 2062 3532 2240 3584; x_wconf 72' lang='lat' dir='ltr'>iudicia-</span> 
     </span>
    </p>
   </div>
  </div>
 </body>
</html>
