2352 3880
180 308 321 356 tionis,
345 317 397 346 eo
418 301 531 353 quod
554 301 623 343 ille
644 299 854 341 sufficiens
881 295 1139 350 reputandus
1152 297 1212 339 ‘sit

182 381 233 409 ex
263 368 303 408 vi
333 365 506 416 regulae,
538 366 586 405 ut
617 362 756 403 statim
784 361 855 404 illo
873 359 989 402 finito
1007 359 1210 412 professio

182 427 442 469 concedatur.
473 425 578 466 Nam
596 435 681 475 qua
700 423 862 464 ratione
892 422 1026 473 capite
1057 432 1207 472 praece·

181 489 292 529 denti
311 492 526 528 ostensum
552 488 631 534 est,
659 497 747 525 non
766 497 857 527 esse
880 488 1042 536 tempus
1062 482 1210 525 defini-

180 556 268 591 tum
285 549 338 589 ad
357 548 659 601 professionem
676 547 910 589 faciendam
924 576 938 595 ‚
959 545 1107 587 eadem
1124 556 1210 588 non

179 616 242 653 est
262 612 306 650 in
329 612 408 651 hoc
431 622 560 651 sensu
577 610 647 651 ille
677 621 814 650 annus
833 608 1113 660 praescriptus,
1135 605 1210 649 sed

173 674 243 714 'vel
260 673 398 724 potius
417 677 482 713 est
501 676 663 712 tantum
682 683 757 723 pro
781 669 960 711 termino
981 668 1207 721 parvitatis,

177 736 233 776 ita
262 737 310 776 ut
339 734 393 776 ad
423 735 642 775 minimum
677 733 746 772 hic
780 743 915 772 annus
953 731 1206 782 requiratur,

177 797 274 849 quia
306 808 383 849 per
413 807 459 837 se
495 808 544 836 ac
571 795 784 835 moraliter
816 793 1091 842 necessarius,
1122 802 1209 832 non

175 861 338 899 tantum
354 858 408 898 ad
423 858 754 910 experimentum
771 867 974 907 personae,
987 855 1062 896 sed
1075 855 1209 906 magis

176 921 230 960 ad
250 921 598 972 praeparationem
618 930 692 958 seu
722 917 1035 968 dispositionem
1060 927 1209 956 conve·

174 982 360 1022 nientem
376 982 447 1021 tali
472 980 619 1027 statui;
641 979 708 1019 vel
733 983 845 1019 certe
864 990 940 1030 per
955 979 1209 1020 determina-

174 1044 332 1084 tionem
357 1042 483 1094 hujus
502 1042 600 1081 anni
619 1040 848 1081 indicatum
868 1045 946 1089 est,
967 1052 1019 1081 ex
1037 1044 1123 1080 toto
1138 1040 1207 1079 illo

173 1110 376 1156 tempore,
398 1103 511 1155 quod
530 1103 639 1142 inter
655 1102 784 1142 finem
805 1102 1035 1142 studiorum
1055 1104 1098 1142 et
1114 1112 1208 1152 pro·

171 1166 396 1206 sessionem
425 1165 687 1206 intercedere
718 1168 870 1217 potest,
902 1174 1034 1204 unum
1062 1164 1210 1203 saltem

173 1239 332 1267 annum
350 1227 667 1268 concedendum
697 1238 803 1275 esse,
832 1229 878 1265 ut
898 1226 943 1265 in
963 1236 1014 1266 eo
1032 1224 1210 1276 propriae

171 1289 416 1341 perfectioni
437 1292 479 1329 et
497 1289 591 1330 vitae
608 1289 676 1342 (ut
694 1287 912 1338 dicebam)
931 1286 1019 1327 fere
1038 1286 1209 1327 omnino

172 1351 501 1402 contemplativa}
521 1356 692 1390 vacetur
713 1350 793 1390 sub
812 1349 979 1400 speciali
1011 1360 1111 1389 cura
1126 1377 1137 1396 ,
1169 1350 1210 1387 et

172 1413 375 1464 spirituali
397 1412 613 1464 disciplina
634 1412 862 1464 religionis,
888 1415 934 1450 ut
952 1423 998 1450 n.
1017 1412 1046 1450 4-
1067 1408 1209 1450 retuli-

166 1484 280 1526 mus,
303 1478 346 1513 et
363 1474 433 1513 hic
449 1478 622 1513 vocatur
640 1474 757 1525 quasi
782 1484 860 1524 per
879 1471 1209 1512 antonomasiam

171 1535 317 1576 tertius
331 1546 460 1576 annus
474 1536 739 1587 probationis,
758 1536 948 1586 quamvis
974 1546 1049 1573 suo
1065 1534 1207 1583 modo,

171 1600 303 1636 totum
322 1597 530 1648 reliquum
549 1602 715 1649 tempus
735 1608 871 1651 usque
903 1596 958 1637 ad
986 1595 1211 1649 professio-

171 1669 272 1699 nem
290 1659 548 1711 probationis
564 1659 692 1701 etiam
711 1659 776 1700 sit.

561 1813 727 1855 CAPUT
755 1813 823 1853 III.

202 1957 311 1987 TRUM
329 1955 523 1987 SPEGIALIS
539 1954 672 1986 roam
686 1954 919 1985 PROFI'I'ENDI
936 1953 979 1984 IN
999 1953 1214 1984 SOGIETA'I'R

228 2019 443 2049 SPEGIALEM
471 2016 765 2048 OBLIGATIONEM
795 2015 963 2047 INDUCAT
983 2015 1095 2047 CIRCA
1111 2015 1210 2054 Ean,-

225 2079 419 2112 m'rloNEM
443 2078 667 2112 rUERORUM.

226 2208 268 2246 1.
300 2204 540 2257 Suppositio
567 2203 704 2256 prima
733 2212 807 2254 pro
833 2202 1069 2244 resolutione
1091 2202 1215 2254 hujus

174 2267 586 2320 capitis.-Sequitur
602 2265 811 2316 agendum
828 2264 879 2304 de
897 2264 1080 2303 secunda
1094 2268 1215 2315 parte

173 2331 302 2381 hujus
320 2330 428 2377 libri,
450 2340 577 2379 quam
602 2328 733 2379 ipsius
753 2327 868 2366 initio
900 2327 1207 2378 proposuimus.

173 2393 234 2431 Ac
255 2404 330 2442 pro
351 2392 430 2430 hoc
453 2391 587 2441 capite
609 2401 798 2440 suppono
827 2388 1029 2439 imprimis
1058 2387 1147 2427 fieri
1167 2389 1210 2427 in

175 2454 379 2493 Societate
413 2463 556 2491 veram
587 2451 886 2503 professionem
923 2461 996 2501 per
1018 2451 1113 2490 tota
1148 2462 1211 2489 so-

174 2515 344 2563 lemnia,
381 2514 495 2565 quod
526 2525 577 2553 ex
606 2512 974 2552 Constitutionibus
1009 2515 1050 2551 et
1082 2513 1211 2553 Bullis

175 2576 469 2622 Pontificiis‚et
505 2586 555 2614 ex
584 2587 665 2614 usu
695 2574 965 2613 manifestum
995 2577 1069 2621 est,
1091 2578 1132 2612 et
1160 2585 1212 2613 ex

175 2637 363 2676 dicendis
382 2636 598 2676 constabit.
616 2636 700 2675 Nec
719 2636 869 2674 desunt
887 2635 957 2685 qui
978 2635 1215 2675 existiment

173 2698 303 2738 fuisse
337 2699 418 2738 hoc
454 2698 697 2749 simpliciter
715 2697 1025 2745 necessarium,
1056 2700 1102 2735 ut
1126 2700 1212 2736 tota

176 2760 265 2799 haec
284 2759 551 2811 congregatio
582 2759 634 2798 sit
663 2758 875 2805 absolute,
907 2762 949 2796 et
973 2757 1213 2808 simpliciter

175 2831 275 2860 vera
294 2821 455 2870 religio,
476 2823 523 2858 ut
542 2820 669 2859 etiam
688 2819 813 2857 refert
830 2819 1078 2868 Henriquez,
1106 2818 1211 2858 libro

179 2880 427 2919 duodecimo
447 2909 460 2930 ‚
495 2891 586 2930 cap.
628 2880 772 2930 quinto
788 2908 801 2927 ,
836 2890 1011 2918 numero
1046 2882 1209 2929 quarto,

178 2941 237 2981 lit.
256 2942 304 2990 Τ,
324 2941 368 2979 in
388 2945 637 2980 commento.
660 2940 742 2979 Sed
771 2941 850 2978 hoc
882 2940 924 2978 in
956 2940 1092 2991 rigore
1127 2951 1213 2980 non

178 3006 241 3041 est
257 3012 418 3049 verum,
440 3006 486 3039 ut
500 3003 589 3051 ,iam
612 3001 683 3040 lib.
706 3002 746 3049 3,
767 3011 858 3051 cap.
877 3002 918 3049 3,
938 3011 963 3039 a
982 3012 1156 3041 numero
1169 3002 1208 3051 6,

178 3062 379 3110 vidimus,
402 3065 492 3101 tum
512 3062 624 3112 quia,
657 3062 762 3101 sicut
786 3066 923 3112 potest
956 3073 1048 3102 esse
1074 3075 1211 3112 verus,

179 3128 220 3164 et
253 3123 444 3174 proprius
471 3122 693 3174 religiosus
730 3122 971 3173 simpliciter
992 3124 1082 3163 sine
1109 3124 1215 3164 votis

179 3183 451 3231 solemnibus,
480 3183 537 3223 ita
554 3187 691 3234 potest
711 3194 801 3222 esse
822 3195 973 3235 corpus
991 3185 1212 3235 mysticum

178 3256 287 3285 verm
311 3244 540 3296 religionis,
566 3247 762 3284 constans
782 3256 832 3284 ex
855 3246 952 3284 solis
977 3246 1215 3296 huJusmodi

181 3306 372 3358 personis
391 3305 609 3358 religiosis,
632 3307 730 3356 quia
745 3307 906 3358 religio,
928 3311 975 3346 ut
994 3307 1143 3347 dicitur
1162 3308 1217 3348 de

178 3371 266 3408 toto
280 3378 468 3419 corpore,
484 3367 619 3406 solum
632 3367 837 3418 significat
857 3379 1007 3419 corpus
1021 3373 1216 3408 constans

180 3441 232 3470 ex
263 3429 452 3482 personis
481 3438 581 3470 vere
604 3428 810 3480 religiosis
829 3433 874 3469 ut
890 3430 970 3476 sic;
999 3433 1088 3469 tum
1117 3431 1214 3482 quia

179 3491 281 3531 satis
300 3490 617 3542 probabileest,
648 3490 903 3540 antiquiores
936 3490 1065 3530 fuisse
1093 3503 1215 3531 veras

179 3551 420 3602 religiones,
438 3563 566 3603 quam
578 3554 673 3591 vota
686 3551 902 3599 solemnia,
919 3554 966 3591 ut
984 3555 1097 3591 tomo
1116 3564 1217 3603 prae-

181 3611 347 3653 cedenti
369 3616 584 3653 ostensum
617 3611 802 3660 est3fuit
829 3624 930 3665 ergo
952 3613 1031 3654 hoc
1063 3625 1214 3655 conve-

535 239 610 273 Lm.
632 237 686 271 vl.
710 235 764 270 DE
783 231 1072 274 PROFESSIONE,
1091 232 1187 274 011AE
1206 232 1250 268 m
1270 231 1497 267 socm'rATE
1516 232 1594 277 Fir,
1616 234 1672 271 m·
1692 235 1746 272 mi·
1764 235 1831 278 ns,
1853 236 1944 273 ΕΤΕ-

2054 20 2058 36 ζ
2067 16 2138 37 .......

1263 296 1569 340 nientissimum
1592 299 1822 340 secundum
1837 303 2085 352 praesentem
2275 346 2285 350 Ι,
2312 302 2329 338 J

1262 358 1564 404 institutionem
1581 360 1636 401 ad
1654 361 1857 412 majorem
1882 360 2238 413 perfectionem?

1263 431 1417 467 corem,
1438 420 1681 472 dignitatem
1701 422 1827 473 huius
1845 422 2041 474 corporis.
2253 436 2273 446 ·*
2291 454 2295 460 .

1315 482 1356 522 2.
1381 480 1620 533 Suppomio
1636 485 1819 526 secunda.
1831 483 2086 524 ——Secundo
2103 494 2235 538 suppo
2262 510 2277 521 ι,

1263 542 1372 582 hanc
1398 543 1700 594 professionem
1727 545 1943 586 societatis
1968 545 2181 592 includere
2207 538 2313 591 own*
2340 544 2352 615 ξ

1263 604 1347 651 nia,
1369 614 1464 655 quae
1485 610 1584 647 suut
1606 606 1662 648 de
1684 606 1916 647 substantia
1942 607 2212 659 professionis
2226 597 2310 657 ruti<
2340 617 2352 657 1

1262 665 1419 716 ligiosae
1450 666 1495 708 iu
1532 669 1769 718 communi,
1805 673 1847 710 et
1870 669 2116 720 regulariter
2139 656 2319 719 addet&
2340 662 2352 720 ξ

1264 728 1439 779 aliquid;
1475 729 1649 771 includit
1683 731 1795 771 enim
1835 731 2101 773 traditionem
2133 721 2352 786 religio-s}

1265 801 1378 837 sam,
1420 800 1546 841 quam
1583 792 1817 843 significant
1847 792 1891 832 in
1923 793 2057 834 forma
2084 768 2352 856 Ρτοῧῐειιῶξ

1263 852 1502 903 praesciipta
1523 853 1667 904 quinta
1686 858 1803 905 parte
1820 854 2181 903 nominationum,
2201 834 2352 917 σεεψὲε
2340 868 2352 929 i

1263 913 1304 961 3,
1325 913 1453 953 veiha
1474 913 1582 952 illa:
1605 914 1696 965 Ε’,ᾳο
1715 914 1778 958 Ν.
1794 917 2084 967 professionem
2101 916 2235 966 facim
2254 905 2310 959 et‘

1262 975 1343 1014 tria
1364 975 1647 1015 substantialia
1667 981 1762 1016 vota
1790 979 2067 1028 paupertatis,
2098 971 2317 1019 castitati&
2343 995 2352 1042 ¹.

1264 1040 1305 1077 et
1332 1037 1598 1087 obedientiae,
1624 1050 1717 1089 quae
1744 1039 1788 1077 in
1819 1039 1968 1078 eadem
1995 1039 2129 1080 forma
2159 1039 2295 1080 statim
2345 1063 2352 1071 -

1265 1109 1459 1151 expresse
1487 1101 1798 1151 promittuntur.
1829 1100 1953 1141 Addit
1972 1112 2071 1141 vero
2090 1101 2190 1142 duo.
2213 1099 2296 1141 Pri·
2348 1136 2352 1137 γ

1262 1172 1379 1201 mum
1400 1163 1462 1201 est
1483 1161 1673 1213 specialis
1694 1161 1885 1212 quaedam
1906 1162 2194 1203 determinatio
2214 1163 2297 1203 voti

1264 1223 1508 1263 obedientiae
1534 1224 1640 1264 circa
1665 1234 1891 1276 puerorum
1915 1225 2214 1274 eruditionem,
2243 1224 2297 1265 de

1262 1296 1347 1337 quo
1373 1287 1416 1325 in
1437 1287 1630 1337 praesenti
1655 1287 1788 1337 capite
1809 1287 2031 1326 dicendum
2054 1291 2129 1327 est.
2146 1287 2297 1327 Secun-

1263 1347 1363 1388 dum
1395 1352 1457 1387 est
1487 1348 1667 1399 speciale
1688 1352 1830 1389 votum
1862 1349 2108 1389 obedientiae
2126 1343 2301 1389 Summo‘

1264 1408 1450 1449 Pontifici
1471 1410 1579 1449 circa
1599 1411 1833 1459 missiones,
1853 1410 1905 1450 de
1926 1421 2008 1462 quo
2029 1412 2072 1450 in
2091 1392 2306 1462 sequenti]

1263 1471 1382 1519 Quod
1395 1481 1492 1510 vero
1515 1472 1662 1512 attinet
1679 1471 1731 1512 ad
1752 1481 1815 1519 ea,
1838 1483 1931 1523 quae
1950 1473 2186 1512 communia
2204 1472 2300 1513 sunt

1265 1533 1389 1573 statui
1409 1533 1618 1584 religioso,
1642 1534 1741 1574 satis
1761 1534 2011 1586 explicatum
2030 1538 2093 1574 est
2117 1534 2158 1573 in
2177 1534 2298 1574 citato

1263 1598 1391 1643 tomo,
1426 1594 1524 1646 quia
1554 1595 1834 1635 substantialis
1868 1596 2107 1635 solemnitas
2134 1595 2298 1634 illorum

1261 1656 1388 1696 trium
1408 1660 1600 1696 votorum
1622 1656 1769 1697 eadem
1792 1660 1854 1697 est
1878 1657 1919 1697 in
1951 1657 2147 1708 professis
2167 1657 2301 1696 Socie-

1263 1719 1361 1758 tatis
1385 1722 1426 1757 et
1457 1718 1634 1758 aliarum
1653 1718 1925 1769 religionum3
1946 1721 1987 1758 et
2005 1718 2061 1758 ita
2079 1718 2121 1757 in
2140 1718 2211 1758 illa
2231 1727 2302 1770 ge-

1265 1779 1396 1819 nerali
1418 1778 1604 1819 doctrina
1627 1779 1831 1831 explicata
1848 1783 1932 1827 est;
1957 1779 2186 1819 substantia
2201 1790 2300 1819 vero

1266 1844 1338 1879 aut
1361 1839 1556 1890 obligatio
1575 1840 1821 1881 eorumdem
1838 1845 2044 1890 votorum,
2066 1845 2187 1893 prout
2207 1851 2302 1892 spe-

1266 1901 1425 1940 cialiter
1453 1902 1496 1940 in
1525 1902 1731 1942 Societate
1750 1902 1879 1950 fiunt,
1911 1903 2118 1943 declarata
2137 1915 2162 1942 a
2178 1900 2301 1942 nobis

1266 1965 1328 2002 est
1346 1974 1486 2013 supra,
1507 1963 1550 2002 in
1574 1963 1644 2003 lib.
1670 1966 1711 2012 4,
1734 1963 1950 2005 tractando
1969 1964 2021 2004 de
2050 1965 2155 2006 votis
2180 1966 2302 2004 scho-

1264 2022 1432 2071 larium;
1456 2024 1591 2064 solum
1613 2037 1713 2076 ergo
1735 2029 1924 2077 superest
1951 2025 2072 2065 nobis
2091 2026 2302 2078 explican-

1263 2084 1363 2125 dum
1376 2084 1434 2132 id,
1450 2085 1563 2136 quod
1581 2086 1813 2137 specialiter
1833 2086 1945 2128 addit
1970 2088 2057 2127 haec
2078 2087 2308 2139 professim

1319 2148 1357 2186 3.
1390 2147 1628 2200 Suppositio
1659 2150 1780 2189 tertia
1800 2150 1843 2188 de
1864 2149 2011 2189 duobus
2034 2151 2162 2190 modis
2173 2144 2308 2201 profi-¹

1267 2208 1566 2248 tenda—Unus
1585 2210 1941 2250 modus—Tertio
1967 2211 2300 2261 praemittendum

1268 2271 1329 2307 est
1345 2268 1449 2307 duos
1466 2269 1611 2308 modos
1631 2269 1872 2309 solemniter
1886 2271 2104 2321 profitendi
2123 2272 2300 2313 inveniri

1266 2330 1307 2369 in
1321 2330 1537 2370 Societate.
1551 2332 1665 2370 Unus
1686 2336 1726 2370 et
1741 2332 1974 2372 ordinarius
1992 2337 2054 2372 est
2074 2334 2300 2374 emittendo

1265 2393 1567 2444 professionem
1586 2398 1764 2444 quatuor
1783 2399 1987 2442 votorum,
2004 2400 2048 2434 ut
2068 2400 2229 2437 constat
2249 2406 2301 2437 ex

1267 2454 1401 2505 prima
1418 2454 1551 2493 forma
1568 2455 1804 2505 profitendi,
1823 2468 1914 2507 quae
1935 2455 2111 2496 habetur
2129 2458 2170 2496 in
2190 2456 2300 2498 dicto

1267 2527 1357 2566 cap.
1382 2517 1406 2554 3
1425 2516 1793 2563 Constitutionum;
1811 2517 1893 2556 imo
1910 2517 1998 2557 baec
2017 2517 2216 2568 professio
2238 2522 2301 2559 est

1266 2577 1461 2627 primario
1487 2589 1535 2616 ac
1558 2589 1632 2628 per
1652 2590 1696 2616 se
1717 2578 1760 2616 in
1776 2579 1977 2618 Societate
1995 2579 2168 2627 intenta,
2186 2582 2226 2619 et
2245 2579 2302 2620 ab

1266 2638 1338 2677 illa
1376 2639 1493 2689 quasi
1533 2650 1608 2689 per
1641 2639 1970 2679 antonomasiam
2005 2639 2301 2680 denominatur

1267 2699 1451 2739 Societas
1482 2699 1693 2750 professa,
1730 2704 1774 2738 ut
1809 2702 1967 2739 constat
1998 2710 2049 2740 ex
2082 2701 2295 2750 Examina,

1266 2771 1355 2811 cap.
1379 2761 1416 2807 4,
1437 2759 1517 2811 ξὸ,
1534 2763 1574 2798 et
1594 2763 1707 2800 sexta
1727 2765 1859 2812 parte,
1881 2772 1970 2812 cap.
1990 2758 2139 2812 primo,
2159 2763 2183 2814 ξ
2202 2764 2242 2810 1,
2257 2765 2299 2803 et

1267 2832 1318 2861 ex
1337 2820 1614 2860 declaratione
1634 2821 1822 2869 instituti,
1839 2833 1931 2873 quae
1950 2823 2127 2863 habetur
2145 2824 2187 2862 in
2204 2823 2298 2864 Bul-

1266 2882 1317 2921 lis
1337 2881 1578 2930 Pontificiis,
1599 2884 1617 2920 1
1647 2881 1761 2921 Pauli
1786 2883 1853 2930 III,
1877 2887 1917 2922 et
1934 2885 1953 2922 1
1977 2884 2076 2923 Julii
2098 2885 2163 2926 111.
2187 2889 2228 2924 et
2252 2885 2298 2924 in

1266 2943 1633 2983 constitutionibus
1665 2943 1849 2996 Gregorii
1883 2945 1985 2985 XIII.
2025 2945 2075 2984 Et
2109 2947 2298 2987 similiter

1267 3004 1435 3044 nomine
1450 3005 1721 3057 professionis
1741 3006 1927 3045 absolute
1946 3006 2198 3056 dictae‚solet
2211 3009 2300 3049 haeo
2325 3031 2331 3035 -

1267 3065 1469 3117 professio
1487 3066 1531 3104 in
1549 3066 1751 3106 Societate
1770 3067 1965 3119 intelligi,
1988 3071 2031 3108 ut
2050 3070 2225 3109 sumitur
2246 3081 2299 3110 ex

1267 3127 1411 3178 quinta
1443 3130 1559 3196 parte
1579 3127 1938 3178 Constitutionum,
1967 3141 2058 3182 cap.
2090 3131 2142 3178 2,
2175 3130 2299 3171 simul
2328 3161 2342 3178 .,

1266 3198 1362 3226 cum
1376 3189 1415 3235 3,
1433 3188 1530 3238 quia
1546 3189 1633 3228 haec
1646 3188 1848 3240 professio
1863 3194 1939 3238 est,
1959 3201 2052 3242 quae
2065 3191 2217 3231 veluti'
2199 3202 2324 3243 Jure
2327 3212 2340 3226 ·-

1269 3248 1478 3288 ordinario
1500 3249 1554 3289 ad
1579 3249 1823 3290 Societatem
1855 3255 2032 3303 spectat3
2062 3255 2104 3292 et
2134 3253 2204 3303 qui
2238 3251 2319 3294 sio.-

1267 3310 1440 3360 professi
1461 3315 1571 3359 sunt,
1593 3310 1838 3363 principalia
1858 3313 2043 3352 membra
2061 3312 2257 3414 ΙπιῄιιειΜΗ
2206 3323 2296 3353 cor-

1267 3371 1378 3421 poris
1399 3372 1600 3419 existunt3
1619 3376 1660 3412 et
1675 3373 1770 3412 ideo
1785 3373 2057 3426 Congregatio
2073 3373 2257 3425 generali

1268 3444 1361 3483 quae
1381 3434 1617 3473 universam
1649 3434 1896 3475 Societatem
1927 3439 2220 3487 repraesentat,
2244 3430 2321 3477 ex'

1268 3493 1346 3533 illis
1377 3505 1453 3546 per
1484 3506 1528 3534 se
1566 3495 1785 3544 coalescit,
1806 3500 1847 3536 et
1869 3495 1924 3536 ad
1942 3495 2033 3536 illos
2051 3495 2345 3548 regulariter

1268 3556 1446 3606 pertinet
1466 3556 1709 3608 suffragium
1733 3557 1911 3597 activum
1943 3561 1985 3596 et.
2011 3557 2220 3608 passivum

1272 3616 1474 3657 electione
1490 3617 1715 3658 Generalis.
1734 3617 1936 3670 Regimen
1949 3617 2071 3658 etiam
2081 3615 2283 3658 Societa

2272 3682 2352 3880 Ξ
