2352 3880
22 309 34 386 ᾗ
58 373 81 382 „⁴
93 361 94 364 ,
104 331 139 364 .·..
154 314 361 378 metitque
374 323 518 366 Glossa
531 315 756 375 ordinaria,
769 316 914 367 Matth.
927 326 969 374 3,
983 322 1093 367 circa

59 388 135 438 illa
150 387 278 430 verba
307 386 454 427 Christi
487 399 496 426 :
519 387 595 429 Sic
612 388 716 428 dee-et
732 397 804 426 nos
833 387 997 439 implere
1014 390 1093 428 om-

60 449 365 502 umjwsticiam
377 478 389 497 ‚
416 451 501 489 tres
520 448 674 501 gradus
689 448 930 488 humilitatis
950 449 1093 488 distin-

24 512 32 515 ’
68 518 72 521 ’
95 562 98 564 v
121 511 164 559 't,
182 510 351 559 scilicet,
370 509 489 549 subdi
510 509 674 561 majori,
692 510 843 561 aequali
867 517 908 550 et
926 510 1089 559 minori,

24 563 34 612 Ξ
105 579 165 611 'os
187 574 307 611 vocat
335 567 614 620 sufficientiae,
645 568 912 610 abundantiae
941 575 983 611 et
999 575 1093 624 'per-

28 643 34 675 ῖ
101 633 175 672 ctae·
193 630 376 686 JustItiae.
396 629 458 671 Ita
477 635 576 683 ergo
605 630 740 682 potuit
768 636 881 672 recte
905 632 952 672 Β.
973 630 1092 686 Igna-

25 702 33 745 g
54 690 139 741 ,lius
159 691 415 744 distinguere
431 694 516 731 tres
547 692 701 743 gradus
734 692 976 735 humilitatis
989 725 1003 744 ,
1040 702 1092 735 ex

28 756 35 780 ἓ
54 748 188 796 fribus
206 748 342 793 modis
359 753 652 792 contemnendi
672 754 871 807 seipsum,
901 759 943 795 et
971 760 1090 795 suam

23 815 33 819 “
47 813 326 862 ''voluntatem‚
341 826 390 854 ac
404 815 650 866 temporalia
667 816 904 866 commoda,
917 817 1088 864 scilicet,

32 897 33 901 =
57 875 123 917 Vel
136 878 340 928 quantum
359 886 532 915 necesse
551 879 613 915 est
632 875 686 916 ad
712 878 911 919 servanda
933 879 1090 930 rigoro-

31 952 34 958 ·
57 932 104 980 δῦ,
121 941 342 989 praecepta,
356 937 422 976 vel
439 940 642 988 quantum
661 939 812 978 sufficit
827 939 881 979 ad
899 940 1090 979 vitandas

56 998 181 1041 etiam
201 998 385 1038 veniales
406 998 569 1050 culpaS,
602 1003 644 1039 et
668 1001 939 1051 quaerendam
960 1001 1092 1052 majo-

56 1067 143 1104 rem
176 1061 251 1101 Dei
286 1060 485 1112 gloriam,
518 1060 584 1100 vel
613 1064 817 1112 quantum
843 1061 1003 1102 confert
1038 1062 1092 1102 ad

55 1124 257 1175 majorem
284 1122 432 1162 Christi
465 1122 752 1163 imitationem.
783 1125 829 1164 In
857 1135 940 1176 quo
963 1124 1090 1165 etiam

56 1183 225 1226 adverto
243 1184 286 1224 S.
304 1184 590 1234 Benedictum,
610 1184 654 1223 in
676 1185 978 1236 distinguendis
998 1198 1090 1238 gra·

35 1269 37 1277 ·
55 1242 174 1287 dibus
193 1245 438 1285 humilitatis
453 1276 465 1293 ,
501 1258 585 1285 non
605 1250 765 1286 tantum
789 1248 977 1298 posuisse
998 1260 1090 1299 quae

36 1307 263 1361 pertinent
281 1307 336 1347 ad
355 1307 597 1346 interiorem
619 1308 835 1356 affectum,
864 1308 939 1348 sed
964 1310 1090 1348 etiam

34 1372 145 1422 ‹quae
164 1380 216 1408 ex
239 1373 357 1420 parte
388 1369 620 1408 intellectus
647 1369 865 1409 conferunt
895 1370 949 1409 ad
975 1370 1090 1409 illam

35 1430 347 1484 perfectionem
364 1430 717 1481 consequendam,
739 1433 780 1470 et
803 1443 895 1482 quae
915 1431 959 1470 in
977 1436 1091 1472 exte-

39 1491 229 1534 rioribus
260 1491 420 1532 actibus
439 1522 452 1540 ,
473 1492 528 1531 ad
549 1503 640 1532 eam
667 1494 996 1532 conservandam
1023 1493 1090 1533 vel

36 1553 369 1603 ·ostendendam,
386 1554 610 1594 observare
632 1558 809 1606 oportet.
826 1555 875 1594 Et
894 1556 948 1594 ad
972 1568 1091 1594 eum-

35 1612 147 1656 ·dem
178 1616 266 1655 fere
286 1615 458 1654 modum
488 1615 676 1667 procedit
706 1616 943 1664 Anselmus,
964 1621 1011 1656 ut
1037 1618 1086 1657 D.

34 1677 230 1718 'Thomas
252 1678 445 1728 superius
465 1678 658 1728 explicat3
677 1678 790 1729 quod
807 1679 884 1718 illis
899 1678 1089 1719 Patribus

36 1739 127 1780 tfuit
147 1743 442 1790 opportunum,
461 1739 559 1790 quia
593 1740 853 1779 instruebant
875 1740 1089 1781 hominem

36 1801 96 1842 tin
112 1801 306 1841 omnibus
321 1812 414 1852 quae
436 1801 490 1840 ad
505 1801 783 1840 humilitatem
801 1802 1085 1842 conferebant.

37 1862 104 1908 sAt
120 1874 220 1902 vero
254 1863 301 1902 Β.
340 1863 528 1914 Ignatius
557 1862 694 1902 solum
724 1863 910 1903 distinxit
935 1864 1090 1914 gradus

37 1921 294 1964 thumilitatis
313 1923 453 1974 quoad
471 1923 714 1962 interiorem
735 1924 945 1971 affectum,
967 1927 1091 1976 prout

37 1985 175 2027 *variis
187 1985 324 2025 modis
339 1986 477 2036 potest
496 1996 588 2024 esse
605 1985 739 2035 magis
754 1986 819 2024 vel
838 1986 976 2024 minus
994 1998 1090 2036 per-

37 2045 196 2094 tractus,
228 2046 327 2098 quia
355 2046 490 2085 solum
523 2057 616 2086 eam
646 2046 956 2085 distinctionem
985 2058 1091 2097 prae-

37 2106 240 2156 tfflittebat
255 2108 308 2147 ad
325 2107 570 2147 electionem
586 2111 715 2146 status
731 2107 981 2155 faciendam,
998 2120 1092 2158 quae

36 2169 231 2210 tmaxime
255 2169 412 2221 pendet
445 2180 497 2208 ex
528 2168 677 2208 affeetu
707 2169 840 2219 magis
865 2169 931 2207 vel
952 2169 1090 2209 minus

37 2231 237 2282 taubJ'ecto
254 2231 354 2280 Deo,
376 2234 417 2270 et
434 2230 640 2270 abstracto
661 2243 685 2270 a
705 2231 1005 2282 temporalibus
1023 2243 1092 2270 re-

36 2288 143 2335 thus.
159 2293 309 2333 Divisio
327 2296 467 2334 autem
483 2291 669 2342 Gregorii
689 2292 827 2343 quoad
848 2292 1003 2344 gradus
1025 2304 1091 2332 su-

0 2371 2 2379 ’
36 2355 206 2410 'perbiae
226 2354 327 2394 nihil
347 2353 495 2402 obstat,
510 2354 607 2406 quia
628 2354 683 2392 iili
701 2366 847 2394 omnes
868 2366 1092 2407 opponun-

0 2425 2 2451 Ι
36 2416 122 2460 stur
134 2416 370 2465 humilitati,
385 2416 429 2454 in
446 2425 713 2467 quocumque
729 2414 863 2467 gradu
882 2415 1088 2466 existenti;

0 2509 1 2522 l
36 2478 153 2540 qquia
180 2479 318 2520 eidem
344 2477 485 2520 virtuti
519 2478 652 2517 multa
680 2478 779 2517 vitia
809 2478 963 2531 opponi
996 2490 1091 2531 pos-

0 2557 4 2568 ·
35 2540 164 2583 mint.

0 2619 4 2630 ·
67 2613 70 2619 ·
106 2603 173 2644 26.
198 2601 445 2645 Aeternam
464 2599 796 2654 quaestiunculam
814 2600 1093 2643 ibidem—Ad

0 2662 5 2703 Ι
38 2664 52 2712 1
135 2665 218 2704 iam
237 2663 604 2716 interrogationem
634 2663 914 2715 respondetur
938 2664 1089 2715 primo,

0 2731 6 2766 t
37 2721 53 2768 ί
97 2721 159 2766 'ud
185 2736 320 2778 genus
347 2725 590 2765 humilitatis
614 2734 706 2763 esse
738 2724 859 2764 valde
880 2724 1092 2766 conforme

0 2802 6 2818 ⁴
39 2787 180 2831 modo
195 2786 408 2840 loquendi,
429 2790 470 2827 et
489 2785 692 2838 exemplis
710 2786 972 2832 Sanctorum,
992 2797 1092 2826 nam

0 2868 6 2879 ·
39 2848 386 2897 fleonformitatem
405 2848 459 2889 ad
479 2849 685 2888 Christum
701 2852 849 2901 putant
867 2860 958 2888 esse
979 2847 1092 2887 suffi-

0 2929 6 2942 ·
64 2899 238 2965 dentem
265 2911 469 2950 rationem
495 2910 663 2950 amandi
693 2921 860 2950 omnem
892 2909 1093 2961 abjectio-

0 2992 6 3001 ·
38 2971 160 3022 §ilem
178 2974 218 3013 et
236 2971 479 3011 humilitatis
497 2971 683 3019 modum,
702 2972 818 3023 juxta
835 2971 937 3010 illud
955 2971 1091 3011 Petri:

41 3022 250 3079 imi-istae
265 3044 413 3087 passas
431 3035 489 3074 est
505 3043 585 3085 pro
601 3033 730 3082 nobis,
746 3033 855 3073 vobis
869 3033 1095 3086 relinquens

0 3094 5 3138 Ι
68 3087 295 3150 &emplum
316 3098 363 3136 at
379 3094 600 3147 sequamini
615 3095 785 3146 vestiqia
801 3094 904 3145 ejas,
923 3095 942 3134 1
965 3095 1096 3134 Cano-

83 3176 98 3187 ιη
136 3185 163 3206 .,
181 3169 216 3196 c.
231 3159 274 3207 23
293 3159 335 3196 et
350 3167 387 3197 c.
400 3155 446 3194 3:
464 3155 614 3197 Melias
626 3159 684 3196 est
700 3156 976 3206 benefacientes
986 3157 1094 3209 pati,

40 3231 42 3235 ’
83 3222 185 3263 'dam
199 3217 303 3259 male·
333 3217 540 3268 facientes,
563 3217 659 3269 qaia
680 3215 866 3258 Cae-istus
885 3217 1005 3258 semel
1023 3229 1098 3270 pro

40 3269 43 3283 ¹
84 3269 171 3339 Ῐζι-νι
184 3278 240 3320 tis
254 3279 407 3320 nostris
424 3280 604 3319 mortuas
626 3281 698 3319 est.
724 3277 874 3319 Fateor
888 3281 1030 3318 tamen
1045 3273 1100 3320 ab

0 3355 2 3370 ·
41 3359 50 3397 ᾗ,
171 3338 326 3379 motivo
352 3346 570 3390 nunquam
599 3349 692 3378 esse
710 3338 988 3391 separabilem
1010 3343 1100 3380 ma-

101 3395 122 3432 «ἶ
146 3415 192 3434 ιιι·
217 3399 294 3439 Dei
313 3398 503 3452 gloriam,
525 3402 566 3439 et
584 3400 784 3451 majorem
803 3399 986 3440 fructum
1006 3412 1100 3452 gra-

42 3458 47 3507 j
89 3452 134 3515 ii,-
152 3467 218 3502 *ac
245 3459 510 3512 perfectionis
531 3459 776 3511 spiritualis,
807 3462 964 3502 caeteris
990 3461 1102 3514 pari-

44 3570 54 3581 ·
76 3518 168 3560 ’ἵν’-ε.
187 3521 306 3562 Unde
320 3521 434 3562 idem
450 3522 609 3570 Petrus,
629 3534 721 3575 cap.
738 3522 781 3570 4,
797 3522 937 3563 subdit
956 3533 970 3563 ι
991 3522 1103 3565 Com-

44 3619 52 3632 ,
211 3586 322 3624 antee
345 3582 501 3624 Christi
519 3582 775 3635 passionibus
792 3585 981 3636 eandem,
1005 3589 1052 3626 ac
1069 3588 1105 3627 et

53 3696 58 3698 ,
82 3627 370 3702 &heimone
386 3643 525 3697 qlorioe
539 3644 578 3696 ej
579 3656 627 3688 ae
640 3643 847 3697 aaudeatis
862 3645 1105 3696 exultantes,-

411 256 503 296 ω».
525 257 566 294 v.
589 254 644 294 ne
663 253 972 297 srmrnmnus
990 245 1232 303 exeamus,
1254 253 1308 297 er
1329 256 1486 299 ratmunt
1506 262 1604 306 Quin
1625 254 1728 309 sair,
1749 255 1840 305 ere.

2078 260 2185 308 4027

1143 328 1362 378 nunquam
1382 334 1481 379 ergo
1501 327 1568 368 hic
1592 325 1752 372 fructus
1783 327 2004 385 separatur
2031 331 2086 375 ab
2114 337 2186 377 iria

1145 389 1543 438 communicatione,
1564 391 1599 430 si
1619 394 1767 432 eaetera
1785 392 1866 434 sint
1884 396 2016 447 paria.
2046 396 2098 437 Et
2117 411 2184 439 ra-

1143 447 1202 487 tio
1230 453 1295 488 est
1323 446 1457 498 clara,
1495 451 1593 501 quia
1619 452 1665 492 in
1697 464 1747 492 eo
1776 456 1930 495 motivo
1960 457 2185 500 includitur

1146 509 1281 560 major
1297 521 1415 550 amor
1435 512 1475 550 et
1493 512 1630 563 maJ’or
1651 517 1884 556 reverentia
1904 518 1959 558 ad
1978 516 2186 560 Christum

1145 567 1384 611 Dominum.
1413 570 1463 611 Et
1491 575 1717 623 praeterea,
1747 575 1792 614 in
1821 578 2013 631 eligenda
2033 581 2182 634 majori

1143 632 1439 684 temporalium
1472 638 1615 672 rerum
1648 634 1881 686 abjectione
1917 640 2109 690 (etiamsi
2139 642 2185 683 in

1146 692 1237 732 aliis
1256 693 1307 733 sit
1330 694 1588 746 aequalitas),
1604 693 1662 734 ‘in
1681 696 1760 736 hoc
1781 709 1946 751 semper
1963 706 2025 741 est
2045 715 2186 743 exces-

1145 766 1228 803 sus,
1251 756 1365 807 quod
1393 756 1462 795 illa
1490 756 1558 796 via
1588 760 1649 796 est
1678 760 1864 799 securior
1877 791 1890 810 ,
1913 766 1954 800 et
1976 764 2109 813 aptior
2131 760 2186 804 ad

1143 818 1278 868 magis
1301 817 1551 858 merendum
1566 848 1576 866 ,
1596 817 1664 858 vel
1695 819 1843 859 saltem
1876 823 2008 873 magis
2029 825 2186 864 satisfa-

1143 878 1339 917 ciendum
1360 891 1502 918 coram
1529 881 1631 928 Deo,
1654 881 1720 920 vel
1745 893 1820 933 pro
1849 883 1995 933 nobis,
2024 885 2090 923 vel
2109 897 2184 936 pro

1145 939 1358 991 proximis.
1375 940 1422 978 In
1442 951 1523 990 quo
1547 940 1671 979 etiam
1690 941 1976 983 consideratur
1993 945 2185 995 quaedam

1144 999 1280 1050 major
1300 1000 1524 1040 similitudo
1552 1001 1698 1042 Christi
1711 1014 1724 1053 ;
1753 1004 2022 1044 nihilominus
2042 1010 2187 1045 tamen

1143 1072 1290 1100 verum
1309 1066 1371 1101 est
1391 1063 1503 1114 quod
1519 1062 1809 1116 Philosophus,
1827 1068 1852 1105 2
1867 1066 2010 1117 Phys„
2026 1080 2062 1105 c.
2084 1068 2123 1114 2,
2146 1070 2189 1107 et

1145 1122 1196 1162 13
1224 1122 1406 1174 Metaph.
1429 1154 1440 1172 ,
1472 1137 1509 1164 c.
1533 1126 1574 1173 3,
1596 1125 1724 1164 dixit:
1757 1127 2087 1166 Mete-anemium
2108 1137 2188 1167 non

1145 1187 1203 1223 est
1223 1186 1470 1225 mendacium
1481 1202 1498 1232 ;
1518 1189 1559 1225 et
1588 1186 1680 1225 ideo
1717 1187 1770 1225 ad
1800 1187 2105 1238 purificandum
2128 1188 2184 1226 af-

1143 1244 1300 1284 fectum
1318 1276 1327 1294 ,
1363 1247 1564 1297 illumque
1602 1248 1737 1298 magis
1769 1249 2096 1287 abstrahendum
2133 1249 2187 1288 ab

1145 1306 1298 1346 aflectu
1337 1308 1656 1357 temporalium,
1696 1314 1809 1348 recte
1843 1311 2088 1360 proponitur
2118 1310 2188 1350 ille

1143 1368 1352 1418 perfectus
1374 1369 1528 1419 gradus
1558 1369 1801 1409 humilitatis
1821 1400 1830 1417 ‚
1860 1382 1942 1421 quo
1965 1371 2089 1409 homo
2110 1371 2189 1409 hu-

1144 1429 1309 1468 miliora
1341 1433 1382 1468 et
1415 1430 1639 1480 abjectiora
1663 1432 1797 1483 magis
1824 1433 1996 1483 appetit,
2028 1432 2189 1471 etiamsi

1145 1490 1447 1541 praescindatur
1467 1492 1601 1530 omnis
1620 1492 1700 1531 alia
1728 1494 1893 1539 utilitas,
1923 1497 2071 1544 praeter
2091 1505 2188 1532 con-

1144 1551 1400 1592 formitatem
1428 1552 1483 1591 ad
1507 1553 1714 1595 Christum
1734 1556 1776 1593 iu
1793 1555 2000 1607 profunda
2019 1555 2189 1595 humili-

1142 1614 1244 1654 tate.

1453 1700 1660 1741 Decimam
1688 1701 1863 1743 dubiam.

1198 1803 1266 1842 27.
1295 1803 1497 1843 Dilemma
1532 1808 1670 1844 contra
1711 1805 2045 1847 enumerationem
2084 1820 2185 1860 qra-

1144 1865 1266 1903 dn‘nm
1280 1863 1551 1916 perfectionis.
1571 1885 1624 1893 —
1642 1866 1809 1904 Decimo
1831 1868 2104 1918 explicandus
2126 1873 2187 1909 est

1145 1925 1290 1963 similis
1328 1925 1469 1972 locus,
1505 1926 1577 1974 qui
1612 1926 1790 1964 babetur
1829 1929 1869 1965 in
1916 1930 2187 1970 meditatione

1144 1988 1303 2036 quartae
1339 1985 1421 2023 diei
1460 1986 1653 2025 secundae
1692 1988 1964 2029 hehdomadae
1983 2021 1993 2037 ,
2034 1997 2186 2042 puncto

1143 2047 1281 2093 tertio,
1305 2046 1374 2084 ubi
1395 2047 1563 2098 proprio
1593 2060 1642 2086 ac
1666 2049 1862 2099 singulari
1895 2052 2018 2090 modo
2043 2053 2187 2091 (listin-

1145 2111 1331 2160 guuntnr
1357 2112 1441 2146 tres
1464 2108 1730 2158 perfectionis
1766 2111 1936 2159 gradus,
1977 2113 2183 2162 videlicet,

1145 2173 1387 2222 paupertas,
1406 2170 1583 2220 abJ'ectio
1606 2171 1683 2216 sui,
1713 2175 1754 2210 et
1776 2173 1997 2221 humilitas,
2021 2187 2112 2224 quae
2135 2187 2186 2214 ex

1146 2232 1364 2279 diametro,
1403 2236 1449 2270 ut
1472 2231 1527 2269 ibi
1564 2232 1730 2282 dicitur,
1757 2234 1924 2282 divitiis,
1960 2234 2108 2275 honori
2146 2241 2186 2278 et

1145 2293 1351 2344 superbiae
1376 2297 1660 2343 opponuntur,
1683 2306 1706 2331 a
1728 2307 1809 2344 quo
1832 2308 1977 2335 omnes
2010 2298 2185 2338 virtutes

1145 2356 1284 2396 statim
1305 2356 1640 2394 introducuntur.
1665 2355 1802 2395 Videri
1828 2359 1938 2396 enim
1959 2363 2094 2410 potest
2112 2373 2186 2399 no-

1144 2430 1222 2459 vus
1239 2418 1306 2456 hic
1322 2417 1472 2455 modus
1494 2418 1724 2468 explicandi
1750 2419 1903 2469 gradus
1922 2420 2185 2471 perfectionis

1143 2483 1187 2519 et
1202 2479 1361 2518 radices
1382 2479 1669 2530 oppositorum
1690 2480 1896 2518 vitiorum.
1922 2482 2039 2530 Nam,
2061 2482 2186 2533 siper

1143 2539 1301 2592 gradus
1330 2539 1596 2590 perfectionis
1629 2540 1916 2590 intelligantur
1938 2542 2086 2581 diversi
2105 2548 2186 2582 sta-

1144 2604 1213 2641 tus
1231 2601 1447 2647 virtutum,
1472 2605 1518 2638 ut
1544 2601 1588 2639 in
1610 2601 1862 2651 praecedenti
1897 2608 2050 2653 puncto
2075 2604 2185 2643 dice-

1143 2662 1309 2708 bamus,
1327 2674 1413 2700 non
1432 2665 1544 2700 recte
1568 2662 1637 2700 illo
1659 2663 1783 2701 modo
1805 2663 2034 2714 explicatur
2055 2678 2063 2710 ;
2086 2677 2185 2704 nam

1145 2722 1201 2763 ad
1221 2723 1430 2770 virtutem,
1450 2735 1524 2762 seu
1539 2723 1838 2774 perfectionem
1856 2724 1898 2762 in
1920 2737 2185 2776 quocumque

1146 2788 1256 2825 statu
1277 2785 1523 2825 existentem
1553 2786 1780 2836 requiritur
1800 2786 2010 2825 humilitas
2031 2788 2072 2826 in
2095 2800 2186 2838 pro-

1143 2846 1367 2899 portionali
1407 2846 1556 2898 gradu,
1583 2859 1656 2886 seu
1688 2851 1821 2895 statu,
1850 2852 1890 2886 et
1927 2848 1983 2886 ita
2020 2849 2076 2886 illi
2104 2853 2186 2888 tres

1145 2909 1300 2962 gradus
1319 2920 1404 2948 non
1423 2913 1520 2947 sunt
1550 2908 1806 2960 separabiles
1828 2909 1870 2947 in
1892 2911 2001 2947 statu
2024 2909 2186 2960 perfec·

1144 2971 1285 3011 tionis.
1310 2970 1353 3010 Si
1369 2974 1509 3010 autem
1529 2969 1611 3008 illae
1648 2974 1811 3009 tantum
1849 2975 2124 3010 numerantur
2143 2974 2185 3010 ut

1148 3032 1406 3074 conditiones
1425 3033 1490 3071 vel
1505 3032 1795 3084 dispositiones
1807 3032 1859 3071 ad
1871 3031 2182 3084 perfectionem,

1147 3093 1446 3134 insufficienter
1455 3097 1752 3140 numerantur3
1770 3106 1868 3132 nam
1887 3094 2084 3133 omittitur
2099 3105 2186 3132 ras-

1147 3155 1259 3203 titas‚
1303 3158 1344 3194 et
1382 3154 1561 3206 propriae
1595 3154 1820 3193 voluntatis
1858 3153 2184 3200 abrenunciatio,

1150 3222 1244 3268 quae
1264 3215 1447 3255 maxime
1482 3215 1721 3255 necessaria
1743 3218 1817 3254 est.
1845 3215 1895 3253 Et
1926 3214 2111 3253 similiter
2145 3214 2187 3252 in

1152 3277 1370 3318 contrariis
1398 3277 1611 3316 radicibus
1631 3277 1826 3316 vitiorum
1859 3275 2060 3314 omittitur
2093 3285 2186 3312 con-

1152 3339 1409 3390 cupiscentia
1442 3339 1592 3383 carnis,
1633 3350 1724 3389 quae
1760 3336 1930 3388 ponitur
1962 3348 1986 3373 a
2009 3335 2186 3380 Joanne‚

1153 3400 1175 3440 1
1197 3399 1420 3449 Canonica,
1441 3411 1532 3452 cap.
1558 3401 1598 3446 Ξ,
1624 3398 1694 3448 qui
1724 3409 1809 3436 non
1845 3394 2055 3446 distinguit
2081 3392 2185 3430 inter

1152 3460 1357 3500 honorem
1378 3463 1419 3501 et
1442 3460 1696 3511 superbiam,
1727 3457 1802 3497 sed
1831 3462 2052 3505 utrumque
2092 3464 2187 3491 cou-

1154 3521 1283 3563 cludit
1300 3521 1378 3561 suh
1390 3521 1585 3574 superbia
1603 3520 1697 3559 vitae
1714 3534 1725 3568 3
1743 3530 1841 3556 nam
1861 3513 2193 3567 concupiscentia

1159 3584 1376 3626 oculorum
1396 3596 1471 3636 pro
1491 3582 1639 3628 divitiis
1655 3581 1789 3631 posita
1810 3582 1884 3617 est.

1213 3646 1282 3690 28.
1314 3644 1622 3698 Respondetur‚
1637 3638 1985 3682 considerandam
2013 3649 2108 3683 esse
2124 3650 2194 3679 oc·-
