2352 3880
197 281 204 291 .
223 287 226 289 Α
279 287 282 291 .
381 237 846 293 ·'-·iens.'Quaeantem
856 239 985 280 fuerit
999 236 1105 280 ratio

152 291 342 362 ‚‘“·2
358 298 481 340 'tatis
499 302 542 340 et
559 298 873 349 convenientiae,
893 299 1044 340 melius
1059 299 1105 341 in

134 357 225 408 ’ἦν
262 389 265 393 ,
301 356 371 400 ‘in
385 358 796 414 singulis'progresm
814 361 1100 413 explicabimt.

313 433 414 462 vero
441 422 584 463 dicere
618 433 869 476 possumus,
904 435 983 475 per
1014 423 1104 463 haec

31 499 37 503 ¹·
70 479 126 534 ῑῖἳ,
139 494 279 542 juon
295 483 559 535 multiplicari
577 495 722 534 onera,
745 483 822 523 sed
842 485 980 525 caveri
994 495 1106 536 qute-

187 545 317 593 mala,
340 544 408 584 vel
430 544 709 592 incommoda,
728 556 819 596 quae
846 545 942 596 jure
968 545 1103 586 timeri

285 606 323 646 si
348 605 460 646 hisce
482 605 589 644 votis
613 616 698 644 nou
723 606 1100 657 praecluderentur;

39 717 49 727 ἡ
157 678 228 708 eo
246 666 336 707 sine
355 665 539 717 periculo
557 665 648 706 fieri
667 670 709 706 et
724 667 935 708 observari
952 679 1096 720 posse3

39 739 44 762 '-
71 726 198 791 ,με
225 729 280 769 ita
298 728 402 766 nihil
420 739 655 780 repugnare
675 740 769 768 cum
790 730 935 780 spiritu
966 740 1016 770 ac
1039 730 1102 769 in-

39 790 253 847 “ffintioue
285 789 499 829 Societatis
538 788 582 828 in
619 789 749 830 altera
782 790 1099 842 Constitutione,

35 855 44 886 ‘I
71 855 187 907 m
203 855 338 903 parte,
358 863 394 892 c.
418 853 458 900 5,
476 851 702 892 insinuata.

38 938 42 940 -
122 913 165 956 3.
182 913 405 955 Dubitandi
421 914 528 955 ratio
542 915 586 954 in
600 915 674 955 Ῑιαο
685 915 901 967 posteriori
913 921 1100 971 parte.-

35 1022 38 1023 .
71 974 188 1026 Quod
206 986 305 1015 vero
325 974 471 1014 attinet
490 974 544 1014 ad
564 980 705 1015 votum
738 989 823 1017 non
858 978 1100 1019 admittendi

28 1067 33 1074 .
62 1032 367 1086 ‚relaxationem
387 1038 658 1089 paupertatis,
684 1040 788 1078 ratio
808 1039 1021 1079 dubitandi
1039 1052 1101 1080 es·

68 1102 280 1152 sopotest,
305 1099 402 1151 quia
430 1100 604 1139 materia
633 1100 758 1151 hujus
782 1101 882 1147 voti,
909 1102 965 1140 ita
986 1101 1101 1142 inde·

69 1162 287 1207 terminate
306 1164 484 1213 sumpta,
508 1164 570 1202 est
594 1161 754 1201 incerta
774 1166 814 1202 et
830 1162 1098 1210 indifferens;

67 1232 167 1277 ‘ergo
189 1236 274 1264 non
295 1227 358 1264 est
377 1224 628 1263 conveniens
646 1224 819 1262 materia
850 1225 947 1262 voti.
976 1224 1100 1264 Ante-

69 1285 221 1327 cedens
239 1289 367 1337 patet,
389 1285 485 1336 quia
505 1284 548 1323 in
566 1284 636 1324 illo
655 1289 751 1324 voto
770 1285 968 1324 relaxatio
982 1285 1100 1325 intel-

67 1345 222 1400 ligitur,
245 1347 375 1399 qzcoad
386 1347 581 1396 redditus,
602 1346 663 1387 vel
678 1348 1099 1398 possessionemullam

66 1408 112 1453 ln
125 1409 336 1462 proprium
354 1420 485 1456 usum,
518 1408 579 1448 vel
608 1408 662 1448 ad
691 1410 937 1454 sacristiam,
960 1409 1022 1449 vel
1048 1410 1103 1449 ad

65 1471 281 1525 fabricam,
298 1471 358 1511 vet
375 1471 430 1512 ad
447 1470 618 1523 aliquem
637 1471 763 1511 alium
786 1471 921 1520 finem,
951 1474 1102 1522 proeter

67 1532 124 1583 id,
142 1534 245 1588 quod
265 1534 319 1574 ad
335 1533 515 1584 collegia,
534 1536 571 1573 et
589 1534 721 1573 domos
737 1533 985 1584 probationis
1001 1533 1100 1572 atti-

67 1599 146 1646 net,
167 1596 468 1643 admittendum,
484 1599 529 1634 ut
546 1595 587 1633 iu
601 1599 715 1634 sexta
735 1595 1095 1642 Constitutionum,

67 1668 158 1710 cap.
182 1656 381 1704 secundo,
403 1657 424 1708 ἓ
449 1659 487 1705 1,
508 1657 567 1697 lit.
595 1657 642 1703 A,
670 1657 916 1696 declaratur.
942 1658 999 1695 De
1019 1657 1098 1696 hac

68 1723 207 1759 autem
222 1718 474 1757 relaxatione
489 1730 641 1770 magna
657 1718 933 1757 controversia
949 1723 1024 1765 est,
1045 1731 1098 1757 an

0 1785 1 1788 ’
68 1780 282 1831 expediat;
314 1791 411 1818 nam
431 1779 549 1819 multi
569 1782 716 1830 putant
739 1780 887 1818 melius
921 1792 1011 1819 esse
1046 1780 1099 1819 ad

64 1841 363 1893 perfectionem
383 1841 682 1892 cujuscumque
699 1841 925 1891 religionis,
943 1842 1097 1880 habere

66 1902 358 1942 convenientes
379 1913 426 1940 ac
446 1901 682 1940 moderatos
702 1901 887 1940 redditus
911 1902 953 1939 in
980 1913 1096 1940 com-

65 1973 206 2013 mun13
228 1970 282 2011 et,
302 1961 413 2014 quod
429 1962 562 2013 magis
584 1966 661 2010 est,
684 1962 911 2001 Concilium
928 1963 1098 2001 Triden—

57 2024 199 2088 [tinum
218 2025 297 2063 hoc
319 2023 481 2062 videtur
500 2023 748 2075 regulariter
759 2024 984 2074 judicasse,
1002 2036 1097 2062 cum

64 2083 302 2126 facultatem
341 2085 545 2125 concessit
595 2085 787 2124 omnibus
827 2085 1096 2135 religionibus

66 2147 316 2199 (Minoribus
332 2151 374 2186 et
392 2146 633 2198 Capuccinis
654 2147 860 2198 exceptis)
879 2147 1099 2186 admitten-

60 2209 108 2250 di
125 2209 364 2261 hujusmodi
397 2209 598 2248 redditus.
620 2209 670 2247 Et
689 2209 876 2259 quamvis
894 2220 1005 2246 nunc
1027 2220 1098 2259 ge-

65 2271 263 2311 neraliter
281 2271 360 2309 hoc
386 2282 471 2309 non
492 2269 757 2317 concedatur,
777 2274 916 2308 tamen
938 2281 1023 2307 non
1041 2268 1098 2307 vi-

66 2332 189 2373 detur
209 2331 395 2379 dubium,
424 2331 525 2381 quin
542 2330 731 2370 discursu
751 2330 949 2381 temporis
968 2330 1098 2381 possit

65 2406 134 2435 res
152 2393 206 2433 ad
224 2404 320 2432 eum
337 2396 486 2431 statum
507 2392 716 2438 devenire,
738 2392 780 2430 in
794 2402 876 2441 quo
891 2392 945 2430 ad
962 2392 1098 2442 majus

67 2467 289 2496 commuue
310 2454 468 2493 bonum
491 2453 558 2492 vel
582 2453 808 2504 religionis,
826 2453 892 2492 vel
907 2453 1096 2491 Ecclesiae

66 2518 262 2570 expediat
293 2517 404 2556 hunc
434 2515 607 2554 modum
642 2515 805 2554 vivendi
844 2515 886 2552 in
906 2515 1098 2554 domibus

65 2579 263 2631 professis
277 2577 492 2618 Societatis
508 2581 684 2623 mutare,
697 2577 875 2615 maxime
892 2576 935 2614 in
951 2576 1099 2627 aliqui-

65 2640 270 2688 buslocis,
283 2640 326 2678 in
346 2639 497 2690 quibus
508 2638 652 2690 religio
670 2638 854 2676 autfides
874 2638 1097 2689 plurimum

67 2700 312 2742 labefactata
348 2701 401 2739 sit
422 2713 432 2747 ;
471 2711 557 2739 non
594 2710 694 2751 ergo
732 2699 809 2738 fuit
848 2700 1100 2739 conveniens

68 2761 316 2804 Societatem
335 2761 567 2814 professam
587 2772 693 2799 novo
714 2760 888 2811 obligari
920 2764 1015 2799 voto
1045 2759 1099 2800 ad

66 2822 304 2877 hujusmodi
324 2823 595 2862 mutationem
612 2834 697 2861 non
715 2822 1029 2861 admittendam.

47 2935 49 2938 .
122 2888 164 2926 4.
194 2886 380 2928 Primum
398 2889 590 2938 punctam
610 2886 719 2925 circa
736 2885 806 2925 koc
824 2891 955 2925 vocum
973 2885 1103 2936 quoad

69 2950 183 3003 finem
209 2949 310 2999 ojus.
328 2968 382 2977 —
406 2946 727 2988 Fundamentum
759 2958 881 2986 unum
916 2957 989 2997 pro
1026 2946 1102 2986 tali

59 3010 164 3064 fluo.
190 3032 243 3039 -—
260 3009 354 3049 Tria
380 3009 559 3048 breviter
578 3009 686 3048 circa
719 3012 862 3047 votum
894 3009 973 3046 hoc
1007 3010 1102 3046 sunt

38 3066 330 3124 'fosxplicandffi
340 3070 493 3110 scilicet
507 3070 616 3116 finis,
632 3070 823 3117 materia,
846 3073 887 3108 et
906 3069 1101 3120 obligatio

70 3132 201 3184 huius
218 3133 317 3179 voti,
338 3143 390 3171 ex
408 3131 556 3184 quibus
575 3131 695 3170 facile
717 3130 871 3182 patebit
886 3129 1101 3181 responsio

50 3239 51 3242 Ἴ
77 3192 133 3233 ad
171 3193 370 3232 rationem
404 3192 619 3232 dubitandi
655 3193 846 3244 positam.
880 3191 943 3230 Ad
975 3191 1103 3230 finem

13 3254 30 3291 -'
50 3253 206 3304 -hujus
234 3252 320 3292 voti
352 3253 654 3305 explicandum,
678 3253 760 3293 duo
794 3252 987 3304 proponit
1012 3252 1106 3291 fun-

49 3312 276 3360 ‚rnamenta
297 3313 343 3352 B.
373 3314 418 3352 P.
450 3315 497 3354 N.
518 3315 716 3366 Ignatius,
746 3314 788 3353 in
825 3314 934 3353 dicto
971 3325 1060 3364 cap.
1081 3313 1110 3352 2

45 3378 206 3429 qutae
219 3374 347 3426 partis
361 3373 715 3414 Constitutionum.
726 3374 908 3414 Primum
920 3377 995 3420 est,
1011 3384 1111 3424 pau-

179 3440 289 3476 atem
309 3448 400 3476 esse
419 3447 585 3475 murum
610 3435 780 3476 firmum
812 3435 1038 3487 religionis,
1069 3438 1112 3475 et

0 3499 77 3548 staff
114 3508 181 3542 ,eo
225 3497 269 3537 in
305 3509 379 3537 sua
415 3498 593 3549 puritate
627 3509 720 3537 esse
754 3495 1109 3546 conservandam,

18 3549 291 3615 L'qs'ffluntum
306 3557 446 3600 divina
471 3558 604 3611 gratia
621 3557 849 3610 inspirante
858 3557 950 3598 fieri
966 3560 1112 3609 potue-

0 3684 156 3880 k

491 74 502 105 5
655 95 657 99 .
834 38 1230 109 ‘a
1257 62 1278 100 ·,
1313 60 1319 75 ²
1363 59 1366 69 ·
1408 35 1745 99 ω.

374 110 417 135 'qd
439 120 460 151 .”
479 101 490 122 ἱ
519 109 550 131 '⁷⁴⁷
565 111 629 139 ’.ν-4
658 109 662 115 ⁴
713 116 725 124 ,
750 105 766 125 ,ἓ
789 76 827 126 ς..
845 117 853 125 ,
884 98 918 132 δή,
998 126 1002 128 Ἴ
1056 112 1059 114 -
1211 126 1215 128 Ἴ
1478 108 1485 114 2
1591 111 1610 119 -,
1680 99 1696 115 Ι
1716 112 1733 130 ¹.
1802 131 1809 147 δ
1867 131 1870 133 Δ
2097 111 2130 123 ».,
2172 110 2174 115 ·
2231 108 2280 134 ..ιῚ

314 156 330 166 i
366 158 367 162 ,
397 147 447 163 ..a
473 138 560 167 -·‚¹···
603 138 618 162 ·.
665 148 671 161 .
935 147 937 149 ·
1039 148 1044 155 ·
1240 156 1246 164 ,
1726 149 1733 154 ,.
1824 137 1825 140 ¹
1918 133 1921 138 ’
2030 140 2034 141 ’
2202 141 2205 150 ·
2253 143 2260 155 ι

393 178 406 222 .'
495 197 509 208 .
522 166 586 208 *vr
599 172 663 210 aa
679 170 802 212 vous
816 170 1073 221 aarum
1089 171 1553 221 ammomum
1570 138 1743 220 affin.
1761 167 1854 225 aaa
2103 172 2199 227 m
2238 194 2247 214 .-
2266 203 2272 214 .

1158 237 1228 279 rit.
1249 238 1297 278 In
1315 239 1478 293 decima
1494 245 1636 284 autem
1649 246 1781 296 parte,
1797 240 1829 296 '5
1853 240 1895 294 δ’,
1912 229 2196 299 ρναριιρηωουζ

1158 298 1243 340 lum
1266 300 1505 352 religionum
1524 314 1619 342 eam
1637 301 1834 357 appellat,
1846 313 1974 357 ‘quas
2004 294 2050 347 ih
2081 297 2197 349 statu*
2247 317 2254 322 ‘

1159 371 1236 400 suo
1255 366 1296 402 et
1313 361 1532 413 disciplina
1552 369 1784 415 conservat,
1806 370 1848 408 et
1863 378 1888 407 a
1905 366 2190 420 compluribus

1158 421 1346 463 hostibus
1365 422 1565 463 defendit.
1583 425 1680 475 Quae
1705 426 1892 468 doctrina
1910 434 2190 482 consentanea

1159 487 1220 524 est
1240 484 1302 523 ini
1321 496 1447 536 quam
1474 484 1600 524 tradit
1612 486 1661 525 B.
1682 488 1864 539 Thomas
1882 491 1923 529 2.
1946 493 1992 540 2,
2015 503 2056 544 q.
2093 493 2187 543 186,

1158 549 1235 584 art.
1259 547 1299 593 3,
1323 549 1614 597 paupertatem
1634 558 1727 587 esse
1746 549 1927 599 primum
1941 551 2191 595 fundamen-

1155 610 1243 646 tum
1264 607 1531 658 perfectionis
1547 608 1825 659 acquirendae.
1846 611 1965 656 Quod
1980 615 2108 655 etiam
2126 627 2190 660 aa«,

1155 668 1283 708 seruit
1303 669 1343 709 S.
1374 669 1680 719 Bonaventura,
1698 669 1744 709 in
1768 671 2053 724 Brev-iloquio,
2082 689 2124 728 p.
2144 679 2187 727 5,

1154 742 1191 769 c.
1213 732 1255 780 6,
1277 731 1434 779 dicens,
1455 731 1509 771 ad
1524 726 1807 783 intessritatem
1826 734 2093 784 perfectionis
2108 740 2192 797 pri-¹

1154 803 1223 833 mo
1243 794 1401 844 requiri
1418 805 1631 834 recessum
1647 806 1673 833 a
1691 794 1803 833 malo
1825 797 2044 847 superbiae,
2077 801 2190 851 quod

1154 854 1202 894 fit
1231 867 1307 906 per
1326 859 1616 906 paupertatem
1637 855 1823 907 spiritus3
1844 861 1886 895 et
1900 857 2017 911 idem
2038 845 2194 910 signifi-²

1157 917 1222 956 cat
1252 917 1452 968 opusculo
1487 916 1540 956 de
1573 918 1870 956 reformatione
1895 920 2063 966 mentis,
2083 932 2124 971 p.
2147 924 2187 970 2,

1156 989 1193 1018 c.
1217 979 1282 1025 ⁴6,
1305 980 1355 1016 17
1377 982 1417 1016 et
1437 979 1502 1025 18,
1526 982 1567 1018 et
1586 979 1668 1018 late
1684 978 1727 1017 in
1744 979 1946 1030 Apologia
1966 991 2042 1031 pro
2062 981 2192 1021 Evan-

1158 1038 1287 1091 gelica
1302 1043 1546 1090 paupertate
1562 1051 1571 1084 ;
1586 1039 1650 1090 cuj
1658 1051 1702 1078 us
1716 1040 1776 1078 rei
1788 1041 1969 1080 rationes
1987 1045 2029 1081 et
2044 1054 2192 1083 causas

1156 1101 1239 1140 late
1261 1101 1303 1138 in
1335 1105 1448 1140 tomo
1484 1101 1697 1152 superiore
1723 1102 2013 1152 tractavimus,
2050 1103 2194 1156 dispu-

1156 1161 1284 1201 tando
1304 1162 1356 1201 de
1372 1163 1496 1202 variis
1513 1163 1618 1202 votis
1638 1164 1908 1214 paupertatis.

1208 1225 1248 1263 5.
1285 1224 1601 1264 Fundamentum
1640 1225 1825 1265 alterum.
1862 1245 1915 1255 -
1955 1225 2193 1266 Secundum

1155 1284 1472 1324 fundamentum
1501 1290 1576 1333 est,
1604 1285 1798 1324 humanae
1821 1290 1980 1325 naturae
2002 1287 2165 1327 hostem
2181 1318 2192 1337 ,

1157 1347 1210 1387 ad
1239 1347 1316 1386 hoc
1346 1347 1706 1397 propugnaculum
1732 1359 1781 1385 ac
1813 1347 2021 1398 refugium
2051 1348 2195 1388 debili-

1154 1409 1328 1449 tandum
1350 1409 1527 1446 maxime
1548 1409 1647 1447 eniti
1665 1408 1814 1455 solere,
1836 1413 1961 1459 atque
1981 1421 2041 1456 ea,
2065 1421 2156 1460 quae
2171 1423 2195 1450 a

1155 1471 1298 1522 primis
1328 1469 1618 1508 fundatoribus
1645 1469 1753 1508 bene
1790 1469 1978 1508 ordinata
2012 1465 2199 1518 fuerant,

1154 1533 1390 1571 immutare.
1424 1531 1541 1577 Quod
1562 1534 1603 1570 et
1621 1531 1875 1581 experientia
1896 1532 1984 1582 ipsa
2004 1532 2101 1571 satis
2120 1532 2201 1571 no·'

1154 1599 1243 1633 tum
1274 1597 1349 1641 est,
1378 1597 1419 1631 et
1448 1604 1498 1631 ex
1526 1593 1650 1642 priori
1674 1592 1945 1632 fundamento
1977 1593 2166 1643 sequitur
2179 1583 2201 1644 ;Ι

1154 1669 1272 1701 nam,
1312 1667 1406 1693 cum
1438 1655 1603 1692 daemon
1635 1654 1789 1693 nitatur
1816 1658 1945 1693 totam
1979 1654 2195 1695 destruere

1155 1718 1414 1769 religionem,
1434 1716 1612 1754 maxime
1630 1720 1825 1766 procurat
1843 1717 1933 1766 ejus
1949 1716 2196 1756 fundamen-

1156 1784 1245 1819 tum
1259 1778 1506 1826 convellere,
1530 1782 1570 1815 et
1587 1789 1754 1815 murum
1771 1775 1817 1815 ac
1834 1779 2195 1828 propugnaculum

1155 1842 1244 1891 ejus
1265 1841 1450 1878 evertere
1470 1868 1479 1885 ,
1512 1839 1609 1888 quia
1628 1838 1696 1876 illo
1722 1838 1885 1877 sublato
1905 1839 2023 1877 facile
2045 1840 2195 1890 poterit

1154 1907 1239 1942 tota
1253 1901 1397 1950 religio
1415 1900 1659 1950 expugnari.
1684 1898 1803 1938 Unde
1820 1900 2050 1950 prudenter
2068 1901 2195 1941 adno-

1154 1964 1253 2003 tavit
1271 1964 1476 2001 Navarrus
1495 1991 1505 2006 ,
1537 1962 1631 1998 licet
1648 1965 1791 1999 votum
1811 1963 2066 2012 paupertatis
2088 1963 2194 2003 iuter

1153 2025 1231 2065 tria
1262 2022 1547 2062 substantialia
1582 2022 1794 2072 religionis
1826 2023 2015 2061 intimum
2051 2025 2113 2072 sit,
2148 2028 2194 2064 ut

1155 2087 1275 2126 docet
1307 2087 1351 2123 D.
1383 2085 1564 2123 Thomas
1598 2086 1637 2123 2.
1670 2085 1711 2130 Ξ,
1734 2095 1774 2134 q.
1798 2086 1890 2132 188,
1916 2089 1993 2123 art.
2022 2086 2062 2131 8,
2086 2089 2123 2124 et
2143 2098 2193 2125 ex

1155 2148 1317 2198 obJecto
1339 2147 1428 2196 ejus
1449 2145 1568 2183 facile
1590 2149 1775 2191 constat,-
1801 2149 1840 2183 et
1861 2146 2049 2195 quamvis
2069 2146 2192 2187 etiam

1155 2210 1206 2248 sit
1224 2209 1445 2247 observatu
1466 2206 1640 2252 facilius,
1662 2206 1758 2255 quia
1774 2205 1933 2244 facilius
1953 2211 2015 2245 est
2033 2211 2190 2257 nostra,

1154 2282 1280 2321 quam
1300 2281 1375 2307 nos
1394 2269 1504 2318 ipsos
1522 2266 1661 2318 quoad
1678 2278 1827 2317 corpus
1845 2267 1910 2306 vel
1928 2268 2108 2307 animam
2127 2281 2192 2309 re-

1154 2332 1343 2382 linquere
1367 2360 1377 2377 ,
1412 2333 1458 2367 ut
1497 2328 1598 2367 dixit
1637 2327 1876 2378 Gregorius,
1913 2329 2026 2368 hom.
2068 2330 2119 2369 33
2149 2329 2192 2371 in

1153 2393 1404 2443 Evangelia;
1431 2389 1701 2428 nihilominus
1720 2389 1987 2429 violationem
2013 2402 2193 2441 pauper-

1152 2456 1246 2494 tatis
1260 2455 1422 2503 majora
1435 2454 1686 2490 nocumenta
1699 2450 1971 2501 religionibus
1988 2453 2198 2502 attulisse,¹

1153 2517 1219 2556 vel
1240 2516 1335 2565 quia
1356 2513 1614 2564 frequentior
1631 2516 1693 2551 est
1712 2516 1882 2563 propter
1906 2514 2111 2564 majorem
2140 2526 2192 2554 ex

1153 2581 1268 2629 parte
1289 2575 1486 2614 daemonis
1504 2573 1876 2624 impugnationem,
1900 2586 1949 2612 eo
1971 2575 2083 2624 quod
2101 2575 2190 2626 ejus

1154 2638 1311 2678 malitia
1343 2639 1414 2675 aut
1443 2636 1578 2674 minor
1609 2638 1807 2684 apparet,
1829 2638 1901 2673 aut
1921 2636 2055 2686 magis
2074 2635 2187 2684 latet,

1154 2700 1398 2749 faciliusque
1419 2696 1592 2748 proinde
1613 2696 1896 2734 dissimulatur
1916 2708 1963 2735 ac
1992 2696 2190 2747 permitti·

1153 2765 1221 2801 tur
1235 2773 1286 2800 ex
1309 2764 1424 2811 parte
1446 2759 1711 2797 Praelatorum
1730 2756 1837 2809 (cum
1855 2761 1995 2796 tamen
2011 2770 2085 2808 pro
2101 2769 2192 2796 cas-

1154 2824 1269 2863 titate
1303 2823 1480 2860 maxime
1512 2823 1670 2871 pugnet
1695 2820 1907 2870 probrum,
1944 2832 1992 2858 ac
2024 2820 2158 2871 pudor
2175 2830 2189 2869 3

1154 2897 1229 2936 pro
1257 2882 1506 2929 ohedientia,
1532 2881 1744 2932 Superior,
1774 2881 1894 2931 cujus
1920 2881 2115 2927 interest,
2147 2882 2194 2920 ut

1155 2946 1364 2999 pareatur)
1381 2959 1391 2992 3
1413 2943 1479 2982 vel
1496 2943 1620 2982 etiam
1637 2942 1735 2993 quia
1756 2946 1818 2981 est
1833 2942 2012 2980 maxime
2031 2953 2194 2980 accom-

1156 3008 1324 3048 modata
1343 3004 1706 3044 commoditatibus
1726 3003 1923 3055 corporis,
1951 3015 2048 3042 narn
2069 3014 2194 3054 pecu-

1157 3069 1227 3108 nia
1252 3067 1446 3119 generale
1478 3066 1801 3105 instrumentum
1823 3068 1886 3103 est
1905 3064 1958 3103 ad
1983 3075 2128 3102 omnes
2149 3062 2195 3101 il-

1156 3130 1244 3176 las3
1265 3128 1329 3167 vel
1346 3127 1525 3178 denique
1542 3126 1639 3177 quia
1659 3138 1799 3166 rerum
1817 3125 2048 3177 proprietas
2065 3123 2198 3162 maxi-

1157 3203 1225 3230 me
1246 3190 1451 3229 contraria
1472 3193 1534 3228 est
1550 3188 1683 3227 ordini
1703 3188 1912 3239 religioso,
1933 3186 2002 3238 qui
2019 3187 2112 3226 hina
2129 3184 2198 3224 loe-

1160 3253 1273 3292 ditur
1298 3252 1477 3302 penitus,
1511 3253 1549 3289 et
1583 3253 1779 3298 mutatur,
1814 3250 1859 3287 ut
1894 3247 1994 3287 dixit
2022 3246 2197 3285 Alexan-

1161 3313 1235 3353 der
1254 3311 1323 3359 ΠΙ,
1345 3313 1389 3351 in
1409 3311 1588 3350 Concilio
1610 3308 1892 3355 Laterauensi,
1917 3321 1956 3359 p.
1981 3309 2043 3354 49,
2067 3318 2103 3344 c.
2129 3303 2195 3342 15.
2260 3341 2269 3357 Δ

1216 3374 1256 3414 6.
1290 3373 1548 3415 concluditur
1572 3373 1750 3423 primam
1775 3373 1968 3421 punctum
1998 3378 2069 3407 seu
2099 3362 2200 3413 fiais

1164 3436 1264 3477 dicti
1280 3435 1376 3475 voti.
1392 3455 1447 3464 —
1459 3434 1519 3473 Ex
1535 3432 1600 3472 his
1618 3444 1718 3482 ergo
1738 3431 1900 3470 duobus
1920 3422 2200 3466 fundamentis

1164 3496 1376 3537 concludit
1405 3496 1447 3536 S.
1474 3494 1660 3546 Ignatius
1685 3493 1815 3532 finem
1841 3490 1962 3539 hujus
1988 3485 2068 3526 voti
2091 3493 2200 3531 esse,

1164 3560 1213 3600 ut
1236 3558 1342 3610 quod
1362 3558 1408 3598 in
1435 3556 1549 3597 nobis
1573 3555 1695 3596 sitam
1719 3550 1863 3603 fuerit,
1897 3548 1972 3590 Ιιαο
2003 3546 2050 3588 in
2081 3545 2203 3598 pam
