2352 3880
434 257 524 292 cn.
548 257 603 293 IV.
627 255 884 294 conantium
905 258 1003 293 'rum
1025 254 1118 292 SlVE
1139 254 1442 294 CONCLUSIONES
1464 258 1520 294 EX
1543 260 1900 305 enthwAuJssw.

104 322 179 368 sed
206 323 413 364 elusiones
438 316 632 375 quaedam
661 322 729 362 vel
754 323 893 374 potius
912 323 1143 363 contradic-

47 379 50 382 *
101 385 253 427 tiones.
271 385 502 425 Praesertim
516 396 611 424 cum
627 383 741 423 idem
768 384 955 424 Pontifex
974 386 1017 424 in
1034 385 1141 436 prio-

98 437 139 488 ri
167 447 369 498 rescripto
391 446 482 486 haec
505 446 634 485 verba
664 444 910 495 gravissima
942 446 1108 498 adjiciat
1128 458 1139 484 :

82 496 447 560 ³Proecipimusque
474 511 512 547 et
534 505 828 555 interdicimus,
856 519 903 548 ne
929 509 1140 560 quisquam

99 569 333 622 lserupulum
353 570 398 610 de
427 568 499 608 lice
518 567 700 620 cuiquam
725 567 905 619 injicere,
926 580 1018 609 neve
1038 568 1144 608 illud

99 623 149 672 'iu
175 629 503 677 controversiam,
523 629 687 669 dubium
711 629 773 669 vel
791 631 1051 683 suspicionem
1063 642 1139 682 po-

98 703 193 753 pere
215 691 359 732 audeat
387 701 537 742 quoquo
556 691 683 731 modo.
701 691 749 729 In
776 690 857 730 alio
877 704 976 732 vero
995 692 1140 731 rescri-

100 758 174 807 pto
211 753 327 792 addit
364 763 534 804 poenam
573 753 1011 794 excommunicationis
1046 754 1140 794 latae

103 815 339 863 sententiae,
362 815 533 854 Summo
564 814 750 854 Pontifici
781 820 1019 863 reservatae,
1042 827 1139 855 cum

102 877 192 916 aliis
211 877 363 928 poenis,
386 876 428 914 in
449 887 521 915 eos
543 876 613 926 qui
634 876 779 927 quovis
799 877 960 925 colore,
982 875 1139 917 directe

101 939 167 979 vel
185 938 402 986 indirecte,
422 938 686 989 impugnare,
708 939 777 979 vel
796 939 834 979 ei
853 939 1136 979 contradicere

100 1001 193 1040 ausi
213 999 381 1039 fuerint.

157 1062 223 1101 13.
256 1061 446 1101 Primum
467 1060 626 1101 illatum
653 1070 703 1099 ete
730 1059 953 1112 principali
984 1064 1136 1101 asserto

103 1134 261 1164 erroneo
295 1121 425 1161 multa
455 1121 566 1171 salsa
600 1121 785 1161 continet.
802 1143 856 1150 —
882 1121 1054 1161 Falsum
1079 1127 1138 1163 est

103 1183 302 1225 scholares
322 1182 540 1222 Societatis
559 1181 771 1232 temporali
779 1182 916 1233 ,iudici
932 1183 1062 1223 subdi.
1085 1206 1137 1212 —

104 1247 238 1297 Atque
258 1244 370 1282 idem
386 1241 650 1281 sentiendum
668 1245 731 1281 est
753 1243 804 1282 de
826 1243 1020 1283 omnibus
1039 1257 1137 1295 pro-

104 1304 388 1359 positionibus,
412 1315 516 1354 quas
535 1303 762 1342 adversarii
785 1317 835 1344 ex
855 1305 964 1344 dicto
985 1306 1138 1357 princi-

102 1368 170 1419 pio
187 1365 434 1412 inferebant,
459 1368 500 1403 et
520 1364 563 1402 in
584 1364 782 1415 praedicta
805 1366 1103 1406 Constitutione
1122 1397 1133 1415 ,

100 1427 340 1468 Ascendente
358 1426 549 1474 Domino,
580 1425 830 1466 indicantur.
865 1428 1001 1467 Prima
1029 1433 1133 1478 erat,

103 1487 320 1531 Societatis
345 1488 543 1528 scholares
561 1489 799 1540 approbatos
819 1501 921 1529 mere
941 1491 1136 1530 seculares

101 1561 204 1599 esse,
238 1561 284 1590 ac
313 1548 595 1600 jurisdictioni
619 1549 925 1591 Ordinariorum
958 1553 1135 1593 subditos

101 1612 281 1651 existere.
307 1610 410 1658 Quia
428 1622 505 1650 nou
519 1614 613 1650 suut
632 1612 677 1651 de
708 1624 866 1663 corpore
900 1612 1132 1662 Societatis‚

101 1683 170 1713 uec
200 1671 383 1713 Societas
401 1676 471 1712 aut
488 1672 603 1712 illius
628 1672 865 1723 Superiores
876 1674 951 1725 jus
977 1674 1138 1726 aliquod

102 1733 148 1773 iu
165 1733 258 1773 illos
277 1733 430 1781 habent,
453 1738 522 1773 aut
542 1744 591 1773 eat
607 1734 650 1772 ci
669 1737 861 1782 votorum,
879 1741 950 1775 aut
969 1746 995 1775 a
1013 1735 1137 1776 Sum-

102 1805 164 1834 mo
184 1794 387 1845 Pontifice‚
411 1793 507 1846 quia
529 1795 614 1846 ipse
630 1796 752 1835 etiam
778 1797 856 1835 tale
866 1797 940 1846 jus
959 1808 1037 1835 uon
1066 1798 1139 1837 Iza-

101 1855 173 1895 bet.
196 1855 276 1894 Sed
296 1854 382 1892 haec
403 1855 541 1892 omnia
560 1854 659 1893 satis
680 1856 903 1895 ostendunt
919 1869 1045 1907 quam
1062 1857 1138 1895 fal·-

100 1927 194 1955 sum
211 1917 262 1955 sit
283 1916 534 1967 principium
554 1929 605 1955 ex
623 1929 705 1967 quo
718 1917 967 1966 inseruntur,
980 1931 1075 1958 curn
1094 1920 1137 1958 in

100 1981 161 2017 tot
194 1977 472 2017 absurditates
502 1978 693 2026 inducat3
727 1990 982 2030 quamquam
1012 1981 1135 2019 etiam

99 2037 306 2078 illationes
327 2039 465 2078 solidae
484 2051 570 2078 non
597 2039 693 2087 sint,
714 2043 755 2080 et
773 2041 975 2091 imprimis
993 2042 1137 2081 adver-

100 2100 199 2140 sarii
231 2101 400 2140 nomine
438 2101 746 2141 Ordiuariorum
785 2103 978 2142 videntur
1014 2103 1136 2142 intel-

99 2161 266 2212 lexisse,
287 2175 372 2202 non
391 2166 552 2202 tantum
572 2164 813 2215 Episcopus,
835 2164 910 2204 sed
927 2165 1051 2203 etiam
1070 2177 1134 2204 se-

103 2225 263 2265 culares
283 2226 458 2277 judices.
478 2230 669 2277 respectu
689 2239 833 2265 eorum
856 2228 929 2277 qui
948 2228 1135 2266 nondum

105 2286 280 2326 ordinati
300 2291 394 2326 sunt
412 2299 421 2334 ;
445 2299 542 2326 nam
564 2288 596 2326 si
614 2300 699 2327 non
717 2291 812 2327 sunt
832 2289 915 2328 veri
933 2289 1132 2340 religiosi,

103 2360 241 2399 neque
262 2348 385 2388 etiarn
408 2353 504 2388 sunt
523 2350 675 2397 clerici,
705 2354 826 2389 erunt
851 2351 943 2390 laici
973 2352 1135 2390 secula-

103 2421 187 2456 res,
206 2413 246 2448 et
263 2413 566 2460 consequenter
579 2410 794 2449 ordinariis
807 2411 1016 2462 judicibus
1032 2416 1134 2452 tem-

102 2470 315 2521 poralibus
335 2470 532 2521 subJecti3
555 2482 637 2521 quo
656 2472 759 2510 nihil
776 2476 937 2523 poterat
962 2474 1132 2524 cogitari

102 2531 322 2570 absurdius
337 2561 348 2579 ,
390 2532 607 2582 magisque
645 2544 884 2584 repugnans
922 2534 1132 2572 communi

102 2592 253 2639 sensui,
274 2595 314 2631 et
328 2593 616 2631 consuetudini
636 2594 761 2632 totius
781 2595 969 2634 Ecclesiae
986 2595 1039 2633 ab
1056 2595 1135 2633 ini-

102 2654 158 2692 tio
172 2654 297 2705 hujus
314 2653 539 2706 religionis.
557 2655 718 2693 Erravit
737 2659 878 2694 autem
896 2656 1135 2707 hujusmodi

103 2719 377 2767 oppugnator,
414 2727 498 2754 non
536 2716 671 2755 solum
701 2716 743 2755 in
778 2717 979 2768 principio
1011 2718 1131 2767 falso,

104 2777 270 2825 scilicet,
291 2777 396 2830 quod
425 2777 469 2817 Iu·
498 2788 577 2818 non
611 2777 697 2818 sint
726 2779 811 2818 veri
840 2778 1036 2829 reliqiosi,
1059 2779 1134 2819 sed

104 2839 227 2878 etiam
259 2838 302 2877 in
334 2838 531 2879 illatione.
570 2839 715 2879 Novitii
745 2839 857 2878 enim
883 2840 1133 2892 religionum

103 2910 188 2938 non
208 2904 302 2939 sunt
319 2900 407 2940 veri
417 2900 616 2952 religiosi,
634 2903 675 2940 et
693 2904 834 2940 tamen
850 2901 1035 2952 gaudent
1051 2902 1133 2953 pri-

103 2960 252 3013 vilegio
272 2960 364 3010 fori,
391 2966 432 3001 et
452 2962 714 3013 exemptione
748 2962 873 3002 totius
903 2962 1130 3016 religionis,

105 3022 301 3072 quamdiu
323 3024 400 3062 suh
425 3023 535 3062 illius
562 3023 799 3063 obedientia
827 3025 984 3072 vivunt,
1017 3028 1060 3064 et
1090 3024 1133 3063 in

107 3083 346 3133 probatione
354 3091 590 3126 versantur:
613 3098 712 3139 ergo
723 3087 854 3126 multo
868 3087 1002 3139 magis
1017 3087 1134 3127 scho-

109 3143 216 3183 lares
234 3146 444 3187 Societatis
457 3148 502 3187 in
517 3161 568 3188 ea
587 3149 820 3201 approbati,
841 3161 937 3189 cum
951 3150 1028 3189 sub
1044 3151 1134 3201 ejus

110 3203 344 3245 ohedientia
360 3209 510 3258 vivant,
534 3214 576 3249 et
598 3210 642 3249 in
663 3210 808 3250 ordine
830 3211 885 3251 ad
904 3211 1135 3251 solemnem

109 3265 408 3317 professionem
429 3269 560 3310 adhuc
586 3271 630 3310 in
661 3272 906 3324 probatione
939 3273 1131 3323 existant,

110 3327 293 3379 gaudent
310 3328 521 3380 privilegio
539 3330 618 3372 fori
644 3337 687 3374 et
715 3334 980 3386 exemptione
1007 3335 1134 3375 totius

107 3388 336 3440 religionis.

162 3451 228 3490 14.
257 3450 426 3492 Falswm
440 3451 536 3491 item
556 3451 792 3497 Societatem
806 3469 884 3498 non
903 3456 1040 3499 habere
1058 3458 1134 3510 ‚ius

109 3510 153 3552 in
178 3512 284 3561 illos,
313 3514 536 3554 ostenditur
553 3526 600 3554 ecc
616 3515 764 3567 duplici
782 3519 885 3559 dicto
902 3519 1133 3570 Pontificis.

109 3572 326 3612 ——Deinde
345 3573 495 3613 falsum
508 3575 676 3614 omnino
694 3580 770 3623 est,
788 3577 1035 3620 Societatem
1051 3593 1135 3620 non

110 3633 325 3685 acquirere
343 3634 414 3687 jus
444 3635 487 3675 in
506 3635 746 3688 hujusmodi
769 3637 996 3686 scholares,
1016 3645 1059 3683 et
1073 3653 1138 3684 ex-

101 3812 133 3843 «Ψ

1195 323 1303 364 roris
1329 323 1650 365 fundamentum
1677 328 1808 369 fuisse
1825 327 2002 377 videtur,
2021 327 2124 380 quia
2148 331 2228 373 1100

1190 384 1261 435 jus
1292 385 1428 424 solum
1458 389 1596 436 potest
1623 387 1714 426 dari
1731 390 1796 428 vel
1817 391 1975 441 acquiri
1994 403 2068 442 per
2086 396 2228 432 votum

1195 445 1399 494 solemne,
1430 458 1479 484 eo
1504 446 1618 497 quod
1636 459 1721 496 non
1741 450 1817 488 soli
1836 451 1936 496 Deo,
1964 453 2038 491 sed
2071 453 2229 492 homini

1195 506 1323 546 etiam
1337 506 1406 557 fit3
1427 519 1513 545 non
1534 511 1674 546 autem
1693 519 1767 558 per
1785 515 1880 549 vota
1893 513 2110 564 simplicia,
2132 526 2196 566 qu:
2220 538 2224 542 ·

1193 567 1250 606 lia
1271 569 1357 607 haec
1378 572 1487 615 sunt,
1511 580 1610 624 quae·
1633 568 1711 607 soli
1730 570 1816 609 Deo
1846 571 1963 612 fiunt.
1985 575 2044 614 Ac
2060 581 2206 628 propte

1193 640 1266 668 rea
1287 629 1487 676 Pontifex,
1506 629 1733 682 respiciens
1746 631 1800 669 ad
1815 631 1998 672 radicem
2013 635 2138 687 hujus
2157 637 2229 677 de·-

1194 690 1412 741 ceptionis,
1428 690 1511 729 duo
1525 691 1765 741 respondet.
1786 691 1967 731 Primum
1983 698 2059 742 est,
2081 697 2231 737 solem-

1191 752 1367 791 nitatem
1385 752 1468 790 voti
1499 752 1588 790 sola
1607 752 1800 791 Ecclesiae
1826 753 2118 795 constitutione
2138 769 2230 797 esse

1191 813 1419 860 inventam,
1443 813 1561 862 quasi
1595 813 1719 852 tacite
1741 813 1912 860 diceret,
1948 827 2033 853 non
2051 827 2142 855 esse
2178 819 2230 858 de

1191 874 1424 914 substantia
1440 879 1571 914 status
1590 875 1788 926 religiosi,
1803 879 1893 915 tum
1914 877 2010 927 quia
2027 877 2118 916 haec
2135 879 2232 917 suh·

1191 937 1342 975 stantia
1372 936 1424 975 de
1450 937 1545 987 jure
1566 936 1704 975 divino
1724 940 1787 976 est
1803 951 1815 984 ;
1843 941 1933 976 tum
1965 938 2089 977 etiam
2117 939 2229 990 quia,

1191 998 1297 1037 sicut
1327 997 1512 1036 Ecclesia
1545 998 1735 1048 adjunxit
1760 997 1874 1037 illam
1910 999 2231 1048 solemnitatem,

1190 1058 1248 1097 ita
1269 1059 1394 1098 etiam
1425 1063 1559 1110 potest
1591 1061 1680 1099 sine
1714 1060 1784 1099 illa
1817 1064 1971 1099 statum
1990 1061 2232 1112 religiosum

1192 1121 1439 1172 approbare,
1462 1121 1505 1159 in
1536 1132 1618 1171 quo
1649 1121 1752 1160 fiant
1779 1126 1820 1161 et
1851 1126 2069 1161 serventur
2091 1123 2233 1161 omnia

1193 1194 1284 1232 quae
1301 1182 1484 1221 Christus
1500 1182 1694 1230 instituit,
1710 1195 1806 1221 cum
1828 1183 1908 1222 alia
1923 1183 2235 1223 determinatio-

1191 1255 1260 1290 ne,
1284 1256 1359 1282 seu
1379 1244 1712 1283 circumstantiis.
1736 1245 1796 1283 De
1817 1256 1899 1295 qua
1917 1257 1962 1284 re
1990 1246 2156 1296 copiose
2191 1246 2233 1283 in

1190 1307 1304 1343 tomo
1325 1305 1527 1356 superiori
1555 1306 1712 1344 dictum
1735 1310 1809 1354 est,
1834 1319 1929 1345 cum
1948 1306 1999 1345 de
2021 1310 2115 1346 voto
2136 1307 2235 1345 sim-

1190 1366 1286 1417 plici
1305 1370 1344 1405 et
1361 1367 1554 1413 solemni,
1568 1371 1609 1405 et
1625 1367 1677 1406 de
1698 1368 1878 1407 essentia
1891 1372 2022 1406 status
2034 1367 2230 1419 religiosi,

1190 1427 1231 1466 in
1259 1429 1469 1466 communi
1501 1440 1737 1477 ageremus.
1775 1429 2016 1467 Secundum
2050 1433 2126 1476 est,
2161 1428 2234 1480 qui

1189 1488 1280 1527 haec
1299 1493 1393 1528 vota
1414 1489 1455 1527 in
1480 1490 1683 1529 Societate
1700 1491 1909 1538 emittunt,
1930 1502 1974 1529 se
1992 1491 2171 1538 tradere,
2192 1495 2233 1529 et

1190 1549 1330 1588 divino
1353 1551 1518 1589 servitio
1539 1551 1780 1602 mancipare
1800 1552 1842 1590 in
1861 1552 2062 1602 religione
2083 1564 2107 1590 a
2126 1551 2232 1591 Sede

1191 1611 1427 1661 Apostolica
1459 1612 1685 1662 approbata
1702 1627 1713 1660 3
1743 1625 1792 1651 ac
1821 1613 1853 1651 si
1889 1612 2058 1661 diceret,
2081 1613 2234 1651 falsum

1191 1684 1282 1711 esse
1302 1685 1379 1723 per
1399 1678 1494 1711 vota
1515 1673 1716 1724 simplicia
1736 1686 1821 1712 non
1842 1687 1966 1724 posse
1989 1675 2112 1713 simul
2143 1675 2234 1713 fieri

1189 1734 1451 1773 traditionem
1468 1747 1560 1784 quae
1581 1747 1657 1785 per
1674 1735 1743 1772 illa
1764 1735 2057 1783 confirmetur3
2077 1740 2119 1774 et
2137 1748 2235 1774 con-

1193 1799 1430 1846 sequenter,
1454 1796 1645 1845 quamvis
1665 1800 1809 1835 votum
1838 1797 2013 1846 simplex
2047 1809 2131 1834 non
2158 1809 2234 1836 ne-

1192 1856 1373 1895 cessario
1402 1855 1474 1895 fiat
1500 1856 1675 1904 homini,
1696 1869 1782 1895 non
1803 1862 1942 1895 tamen
1971 1857 2051 1897 ¹200
2079 1858 2136 1896 illi
2168 1870 2234 1897 re-

1190 1930 1395 1969 pugnare,
1416 1929 1480 1964 eo,
1506 1918 1674 1963 50111001,
1700 1918 1826 1956 modo
1861 1930 1943 1967 quo
1979 1923 2122 1958 votum
2142 1919 2233 1958 fieri

1190 1983 1326 2029 potest
1351 1978 1527 2027 homini,
1548 1979 1718 2026 scilicet,
1742 1979 2012 2018 materialiter
2042 1985 2231 2028 tantum;

1190 2053 1288 2079 nam
1317 2040 1535 2091 promissio
1563 2040 1655 2091 ipsa
1677 2041 1763 2079 Deo
1792 2040 1853 2089 fit,
1885 2042 2060 2080 materia
2090 2046 2232 2081 autem

1190 2113 1282 2141 esse
1302 2104 1439 2152 potest
1455 2101 1694 2140 obedientia
1710 2101 1866 2140 homini
1882 2103 2119 2152 praestanda
2138 2115 2232 2154 pro-

1188 2167 1281 2215 pter
1300 2165 1447 2202 Deum.
1472 2162 1559 2208 Quo
1590 2164 1714 2201 etiam
1750 2163 1889 2209 modo,
1921 2168 1962 2202 et
1986 2176 2072 2202 non
2093 2164 2229 2213 aliter,

1188 2229 1325 2276 potest
1343 2224 1530 2262 solemne
1551 2228 1693 2263 votum
1714 2223 1806 2263 fieri
1827 2225 2002 2272 homini,
2025 2226 2111 2264 sive
2129 2238 2231 2276 prae-

1189 2289 1396 2338 supponat
1424 2286 1747 2337 promissionem
1777 2286 1930 2325 factam
1951 2287 2121 2334 homini,
2145 2287 2231 2327 sive

1188 2361 1296 2388 non:
1317 2353 1494 2398 utroque
1512 2348 1624 2387 enim
1640 2348 1765 2387 modo
1788 2347 1879 2387 fieri
1900 2351 2038 2400 potest
2056 2353 2142 2388 tam
2163 2362 2231 2388 so—

1187 2411 1326 2449 lemne
1358 2413 1503 2449 votum
1534 2421 1663 2460 quam
1694 2410 1895 2460 simplex,
1920 2414 1969 2450 ut
1989 2411 2116 2451 citato
2136 2411 2228 2450 loco

1187 2472 1345 2511 dictum
1366 2475 1442 2510 est.

1240 2535 1307 2572 15.
1338 2533 1495 2572 Eadem
1512 2531 1678 2583 falsitas
1704 2531 1835 2571 variis
1857 2532 2049 2584 ememplis
2067 2543 2228 2583 cenera-

1189 2594 1282 2634 liter
1313 2595 1547 2633 ostenditur.
1566 2591 1753 2631 —Addo
1787 2592 1961 2632 ulterius
1996 2593 2226 2632 doctrinam

1188 2655 1302 2694 illam
1324 2655 1493 2694 omnino
1514 2654 1661 2693 falsam
1685 2665 1792 2701 esse,
1815 2666 1900 2693 non
1922 2654 2057 2693 solum
2079 2655 2121 2693 in
2140 2659 2226 2694 tam

1187 2717 1408 2757 manifesto
1428 2721 1469 2756 et
1489 2715 1667 2756 evidenti
1684 2715 1896 2766 religionis
1916 2720 2041 2762 statu,
2058 2716 2131 2755 ubi
2144 2721 2226 2756 tra-

1187 2779 1287 2818 ditio
1321 2778 1556 2825 intervenit,
1589 2781 1630 2816 et
1659 2781 1860 2828 perpetua
1892 2782 2002 2823 vota,
2034 2778 2225 2828 quamvis

1189 2840 1411 2892 simplicia3
1428 2850 1573 2879 verum
1594 2838 1719 2877 etiam
1733 2839 1775 2877 in
1789 2838 1879 2877 aliis
1893 2839 2055 2879 vivendi
2073 2839 2223 2887 modis,

1188 2903 1259 2954 qui
1279 2907 1374 2942 sunt
1397 2902 1439 2940 in
1459 2900 1657 2947 Ecclesia,
1690 2904 1731 2940 et
1759 2900 1801 2939 in
1826 2900 1931 2939 votis
1951 2901 2222 2952 simplicibus,

1187 2975 1281 3015 quae
1300 2964 1368 3003 vel
1395 2963 1515 3011 fiunt,
1537 2963 1605 3002 vel
1637 2961 1726 3001 fieri
1745 2966 1921 3013 possunt
1943 2974 2047 3014 pure
2073 2966 2114 3002 et
2134 2963 2224 3002 sine

1187 3027 1424 3067 traditione.
1450 3026 1555 3065 Nam
1582 3025 1785 3076 imprimis
1812 3029 1955 3064 votum
1975 3025 2151 3077 simplex
2178 3025 2226 3064 fit

1186 3090 1291 3138 Deo,
1326 3092 1367 3128 et
1389 3091 1694 3138 consequenter
1725 3091 1940 3126 consecrat
1971 3086 2058 3125 Deo
2084 3086 2224 3137 aliquo

1187 3150 1313 3190 modo
1342 3149 1559 3189 materiam
1584 3148 1637 3188 de
1668 3159 1750 3200 qua
1775 3147 1837 3196 fit,
1860 3152 1901 3187 et
1932 3147 2026 3187 ideo
2059 3160 2107 3187 eo
2134 3148 2224 3198 ipso

1188 3211 1354 3263 subjicit
1374 3211 1488 3251 illam
1519 3211 1658 3262 aliquo
1692 3210 1817 3249 modo
1851 3209 2047 3261 potestati
2066 3206 2223 3249 Summi

1188 3273 1412 3321 Pontificis,
1426 3272 1497 3324 qui
1511 3276 1574 3312 est
1589 3271 1663 3311 Dei
1676 3271 1879 3318 Vicarius,
1894 3275 1935 3310 et
1950 3271 2044 3310 ideo
2059 3269 2113 3308 ad
2127 3279 2222 3306 eum

1189 3339 1346 3386 spectat
1361 3346 1586 3386 procurare
1608 3336 1649 3372 et
1662 3333 1842 3380 efficere,
1859 3336 1905 3371 ut
1924 3329 2122 3382 quidquid
2140 3329 2223 3366 Deo

1187 3397 1376 3445 debetur,
1396 3396 1435 3435 ei
1456 3396 1650 3435 solvatur.
1663 3395 1716 3434 Ut
1730 3394 1843 3433 verbi
1861 3392 2004 3444 gratia,
2022 3391 2063 3427 in
2077 3389 2223 3439 Hispa-

1190 3458 1262 3497 nia
1279 3458 1448 3497 fuerunt
1464 3456 1594 3495 multa
1614 3459 1708 3494 vota
1728 3453 1927 3504 simplicia
1949 3451 1999 3488 de
2019 3454 2131 3488 certa
2151 3449 2224 3488 ali-

1191 3532 1274 3571 qua
1303 3519 1493 3569 portione
1513 3517 1579 3557 vel
1599 3516 1861 3565 eleemosyna
1887 3510 2078 3550 Ecclesiae
2105 3511 2222 3550 Com-

1190 3580 1431 3632 postellanae
1450 3577 1686 3625 tribuenda,
1702 3587 1777 3626 per
1790 3584 1879 3622 quae
1900 3571 2143 3623 acquisitum
2161 3575 2224 3611 est

1190 3641 1363 3692 aliquod
1395 3641 1467 3692 jus
1502 3637 1684 3679 Praelatis
1719 3632 1932 3681 Ecclesiae,
1967 3635 2009 3673 et
2043 3632 2224 3672 maxime
