2352 3880
186 312 217 378 .)
229 321 287 362 no,
299 274 471 359 moralis
496 309 658 364 fructus
677 316 719 353 et
738 311 933 358 meritum
952 309 1124 353 actionis

48 377 61 405 f
83 391 93 410 x
128 381 135 385 ’
149 372 365 433 palliatum
385 374 492 422 sicut
508 373 694 419 Christus
712 372 916 414 Dominus
934 383 1124 419 necessa-

91 446 95 450 ·
126 451 153 488 9
169 439 282 485 recte
307 434 525 488 judicabat
556 433 609 479 de
648 432 843 476 omnibus
871 433 1060 486 agendis,
1082 436 1124 472 et

47 434 232 571 ginon
263 497 394 541 libere
426 496 619 564 eligebat.
652 495 728 540 Hic
755 498 897 537 autem
927 494 1122 541 motionis

135 559 240 601 odus
256 571 334 605 nec
349 557 609 604 necessarius
627 559 690 599 est
715 555 769 596 ad
804 555 1124 608 supernaturali-

44 564 156 671 {gr
184 619 460 674 operandum,
479 629 558 661 nec
591 615 827 661 ordinarius
860 622 937 667 est,
967 618 1043 662 sed
1074 629 1124 661 cx

89 683 260 736 speciali
283 681 358 721 Dei
377 678 509 733 gratia
533 678 756 730 aliquando
784 679 1011 720 liberaliter
1029 691 1124 720 con-

68 744 265 798 ceditur,
298 746 344 782 ut
373 741 425 782 de
456 741 648 784 Matthoeo
680 743 721 780 et
742 741 869 786 Paulo
906 741 950 780 in
976 741 1124 783 eodem

48 857 50 859 ,
89 804 181 846 loco
201 803 392 855 exempla
410 805 637 856 ponuntur.
659 803 709 845 Et
728 802 932 851 hactenus
952 803 1006 844 de
1031 802 1126 844 doc-

72 866 198 918 ,trina
214 866 309 909 libri
331 865 640 908 exercitiorum.

470 996 638 1043 CAPUT

192 1123 247 1156 lm
271 1121 379 1156 ARTE.
405 1124 480 1158 SEU
499 1122 686 1157 METRODO
711 1120 1018 1155 Exnacrrlouuu.

140 1239 179 1279 1.
212 1237 417 1292 Arguitur
433 1242 572 1279 contra
588 1236 809 1279 methodum
827 1232 1121 1281 coercitiorum.

69 1316 139 1337 ·—
153 1299 346 1341 Secundo
366 1301 458 1339 loco
478 1300 616 1340 dicere
634 1299 928 1351 proposuimus
946 1300 997 1339 de
1017 1304 1121 1349 arte,

85 1374 161 1407 seu
180 1361 377 1402 methodo
411 1360 465 1401 ad
499 1360 717 1408 orandum,
747 1373 823 1400 seu
852 1361 906 1401 ad
926 1374 1126 1402 exercen-

84 1422 182 1465 dam
202 1427 385 1472 mentem
405 1423 447 1462 in
476 1423 603 1462 rebus
624 1422 910 1474 spiritualibus
930 1453 939 1470 ,
965 1423 1062 1463 data
1082 1425 1125 1463 in

85 1485 165 1527 hoc
184 1496 310 1536 opere
338 1496 363 1526 a
400 1484 448 1524 B.
480 1484 656 1535 Ignatio.
686 1484 800 1524 Circa
832 1496 959 1534 quam
991 1486 1125 1536 primo

85 1546 276 1587 dubitare
303 1545 396 1597 quis
421 1549 584 1597 potest,
606 1546 703 1596 quia
722 1546 789 1585 vel
822 1546 1126 1586 infructuosum

86 1608 151 1649 vel
165 1607 419 1659 impossibile
436 1607 599 1646 videtur
615 1607 853 1658 hujusmodi
869 1619 974 1658 opus
992 1608 1046 1647 ad
1062 1621 1126 1647 ar-

87 1673 173 1711 tem
186 1670 393 1721 redigere,
410 1673 451 1708 et
465 1669 542 1708 sub
558 1669 712 1720 regulis
730 1670 1004 1718 constituere3
1027 1670 1125 1720 quia

86 1743 170 1771 non
196 1731 382 1770 humana
409 1730 613 1771 industria
642 1734 683 1770 et
707 1731 878 1779 virtute,
903 1731 976 1770 sed
1000 1732 1124 1781 Spiri-

85 1793 190 1833 ritus
203 1793 340 1832 Sancti
355 1792 626 1843 inspiratione
643 1796 683 1831 et
701 1793 853 1836 auxilio
872 1792 962 1832 fieri
979 1793 1118 1841 debet,

82 1854 199 1907 iuxta
219 1853 322 1893 illud
356 1852 506 1895 Psalmi
525 1853 579 1892 83
610 1854 798 1895 :Beatus
831 1855 897 1896 vir
928 1855 1046 1905 cujus
1066 1859 1124 1895 ost

83 1915 285 1959 ancilium
303 1913 374 1957 abs
392 1918 457 1960 τω
475 1914 725 1956 ascensiones
749 1915 795 1956 ιἰι
822 1916 935 1959 corde
952 1927 1023 1957 suo
1043 1915 1124 1956 dis-

82 1975 231 2031 posuit.
250 1975 424 2027 Spiritus
441 1975 615 2015 Sanctus
635 1979 775 2014 autem
795 1975 920 2016 nullis
941 1979 1124 2018 arctatur

83 2039 261 2092 legibus,
284 2037 359 2078 sed
376 2038 500 2077 variis
520 2041 562 2078 et
580 2037 751 2076 infinitis
767 2037 902 2076 modis
919 2041 1061 2078 movet
1084 2040 1126 2077 et

53 2115 55 2117 ’
83 2101 291 2142 illuminat
307 2100 492 2140 animam
512 2103 635 2151 prout
662 2099 763 2139 vult.
798 2099 891 2141 Non
919 2103 984 2139 est
1021 2110 1123 2151 ergo

84 2165 165 2204 hoc
182 2175 288 2215 opus
305 2162 420 2209 artis,
443 2160 518 2200 sed
540 2160 701 2211 gratiae,
723 2171 823 2201 nam
847 2160 881 2201 si
908 2161 1036 2199 homo
1053 2171 1123 2198 ve-

84 2225 131 2273 lit
146 2224 311 2276 legibus
328 2223 503 2274 alicujus
522 2222 621 2262 artis
639 2222 826 2273 astringi,
856 2231 970 2274 saepe
988 2222 1123 2273 impe-

83 2286 171 2329 diet
197 2285 373 2338 Spiritus
392 2285 532 2326 Sancti
550 2288 724 2324 motum.
752 2282 906 2325 Deinde
937 2287 1122 2323 contem-

85 2358 188 2389 nere
206 2347 300 2400 quis
328 2349 467 2402 potest
494 2345 800 2399 simplicitatem
817 2348 860 2386 et
878 2344 1123 2386 brevitatem

87 2409 214 2460 hujus
234 2407 373 2461 operis
386 2437 396 2457 ‚
418 2418 517 2449 nam
535 2407 579 2446 in
597 2405 936 2448 meditationibus
952 2417 1047 2458 quae
1077 2404 1123 2446 in

87 2483 138 2512 eo
157 2470 392 2519 traduntur,
415 2469 660 2511 brevissima
687 2471 844 2520 puncta
872 2479 927 2509 ex
952 2467 1124 2509 historia

84 2530 336 2583 Evangelica
351 2560 362 2580 ,
392 2534 466 2572 aut
492 2541 544 2570 ex
565 2529 898 2573 consideratione
917 2529 984 2570 vel
1010 2540 1124 2571 com-

85 2593 305 2648 paratione
343 2591 485 2644 aliqua
526 2591 687 2642 vulgari
718 2591 942 2642 desumpta
970 2601 1126 2642 propo-

85 2658 245 2701 nuntur
260 2664 338 2707 per
353 2651 556 2704 simplicia
579 2652 721 2699 verba,
738 2652 841 2692 nihil
859 2651 948 2691 fere
967 2651 1124 2693 adden-

86 2717 141 2762 do
167 2715 283 2769 quod
305 2715 360 2759 ad
383 2715 568 2758 materiae
586 2715 823 2756 ubertatem
847 2719 889 2754 et
914 2714 970 2754 ad
997 2715 1122 2754 unius

86 2771 199 2826 horae
216 2778 283 2820 vel
299 2777 483 2830 plurium
497 2776 730 2818 discursum
744 2780 787 2816 et
804 2775 1123 2817 meditationem

87 2839 198 2882 viam
223 2840 398 2892 aperiat.
427 2838 566 2879 Tertio
595 2850 692 2881 cum
724 2850 947 2889 supremus
968 2838 1123 2889 gradus

87 2901 241 2951 interni
273 2899 455 2943 exercitii
490 2900 553 2942 sit·
573 2900 898 2952 contemplatio,
927 2900 1127 2940 admirari

70 2963 182 3017 ,quis
207 2966 346 3015 potest
367 2961 482 3013 quod
499 2961 543 3004 in
561 2965 649 3001 toto
679 2963 760 3002 hoc
785 2973 912 3013 opere
938 2962 1043 3002 nihil
1071 2961 1127 3002 de

37 3050 72 3084 ¹⁸9
113 3025 248 3065 atione
270 3025 343 3064 aut
358 3022 484 3063 modo
508 3023 815 3074 contemplandi
832 3023 1023 3073 traditur,
1052 3024 1128 3064 sed

49 3090 62 3141 ιἓ
108 3089 224 3127 otum
242 3085 352 3126 circa
372 3084 602 3125 orationem
630 3087 672 3123 et
702 3084 1017 3127 meditationem
1037 3097 1127 3127 ver-

36 3139 59 3145 Ἷ
113 3151 219 3189 atur.
238 3148 342 3188 Item
361 3156 457 3188 cum
472 3145 517 3184 in
535 3146 615 3187 hac
633 3146 701 3185 via
718 3145 917 3196 spirituali
934 3149 1017 3185 tres
1036 3159 1127 3198 gra-

91 3209 170 3256 dus
189 3221 261 3249 seu
276 3208 352 3248 viae
371 3206 692 3258 distinguantur,
709 3206 877 3253 scilicet,
892 3208 1124 3258 purgativa,

92 3268 365 3320 illuminativa
384 3271 426 3308 et
441 3268 759 3320 contemplativa
769 3297 783 3317 ,
801 3268 935 3318 prima
952 3268 1128 3314 traditur

74 3342 135 3383 'am
164 3333 299 3386 prima
330 3331 675 3377 exercitationum
696 3330 983 3378 hebdomadaz
1019 3332 1128 3376 circa

63 3394 322 3442 „secundam
336 3397 478 3433 autem
490 3393 660 3444 reliquae
675 3406 821 3436 omnes
839 3393 1128 3438 meditationes

33 3452 38 3453 ⁷
65 3464 262 3504 ¹{fleveram-e
281 3455 488 3502 videntur,
506 3454 626 3495 tertia
647 3455 815 3495 omnino
835 3455 1123 3505 praetermissa.

48 3535 52 3538 ·
82 3516 200 3566 :itam
230 3529 328 3560 cum
361 3519 501 3559 nostra
533 3515 663 3556 oratio
696 3518 738 3557 et
770 3515 1043 3559 consideratio
1070 3516 1128 3559 ita

71 3575 250 3627 ''debeat
268 3590 296 3626 a
313 3578 514 3619 creaturis
533 3580 576 3616 et
605 3588 632 3616 a
658 3577 778 3616 nobis
796 3577 898 3628 ipsis
917 3577 1099 3629 incipere
1114 3607 1129 3626 ‚

87 3641 147 3689 >Ut
166 3650 244 3695 901·
269 3639 419 3686 Christi
447 3638 748 3685 humanitatem
768 3637 986 3691 progredi,
1008 3642 1056 3682 ut
1072 3638 1131 3679 ad

638 245 733 289 ω
753 245 813 290 VI.
832 245 891 286 DE
906 243 1018 291 uir-u
1034 243 1115 286 SEU
1135 243 1332 286 UETHODO
1352 247 1674 293 exsacmomm.

1178 309 1343 356 Deum
1330 324 1472 365 ipsum
1499 314 1546 355 in
1577 325 1624 359 se
1649 312 1920 364 terminetur,
1943 313 1983 357 ei
2002 319 2215 372 praecipue

1179 374 1320 421 anima
1340 375 1579 428 adhaereat,
1611 380 1669 423 ut
1687 377 1770 419 late
1797 380 2066 431 prosequitur
2084 381 2220 426 Bona-

1178 441 1374 486 ventura,
1391 437 1437 478 in
1454 438 1668 483 Itinerario
1685 440 1851 489 inentis,
1873 444 1916 482 et
1932 434 1981 485 D,
2000 443 2215 496 Bernard„

1177 498 1222 544 in
1241 500 1360 545 Scala
1382 500 1606 548 claustrali,
1638 513 1714 542 seu
1740 501 1946 542 de-modo
1973 505 2142 554 orandi;
2174 507 2219 547 in

1177 557 1258 600 hoc
1278 571 1405 612 opere
1426 560 1478 601 de
1496 561 1610 603 initio
1631 566 1673 601 et
1691 573 1915 614 progressu
1933 565 2058 607 variae
2081 567 2215 609 medi-

1177 620 1372 670 tationeS,
1395 625 1480 662 tam
1497 621 1550 662 de
1572 623 1771 663 creaturis
1789 636 1915 675 quam
1941 626 1993 665 de
2013 627 2164 669 nobis·
2153 642 2219 682 ip-

1178 681 1235 724 sis
1264 683 1501 732 tradantur;
1530 683 1582 724 de
1607 684 1692 723 Deo
1718 684 1824 735 ipso,
1855 689 1928 726 aut
1960 689 2085 729 modo
2107 692 2218 744 cogi-

1177 744 1293 786 tandi
1317 744 1368 784 de
1387 745 1594 787 attributis
1614 749 1655 785 et
1671 745 1995 797 perfectionibus
2015 751 2131 801 ejus,
2150 754 2218 794 vel

1177 805 1231 849 de
1251 806 1375 846 modo
1393 807 1559 847 unionis
1579 807 1729 851 anirnae
1750 819 1847 846 cum
1865 809 1954 860 ipso
1973 812 2075 851 nihil
2093 814 2216 854 doce-

1177 870 1268 917 tur,
1288 871 1329 908 et
1342 880 1393 907 ex
1410 868 1490 909 hac
1507 872 1625 923 parte
1643 869 1804 911 dicetur
1815 869 1962 911 saltem
1975 871 2218 925 imperfecta

1177 928 1271 972 haec
1285 929 1488 972 doctrina.

1178 1021 1234 1066 B.
1254 1024 1289 1065 I
1281 1025 1417 1078 qnatzz
1442 1024 1655 1067 consilium
1672 1025 1718 1067 in
1735 1026 1809 1066 Ῑιαο
1831 1026 2008 1068 methodo
2025 1029 2220 1077 tradenda

1511 1087 1645 1137 fuisse
1675 1087 1886 1140 optimum.

1232 1170 1273 1213 2.
1290 1172 1439 1215 Prima
1448 1172 1630 1226 probatio
1646 1173 1695 1214 ab
1715 1172 2220 1227 experientia-Secunda

1177 1234 1228 1277 ab
1255 1236 1444 1287 exemplis
1481 1236 1672 1278 Petrum.
1690 1257 1744 1267 -
1762 1237 1857 1276 Tria
1890 1238 2018 1289 igitur
2054 1240 2099 1280 in
2138 1242 2219 1282 hac

1179 1301 1296 1350 parte
1314 1309 1339 1336 a
1358 1296 1480 1336 nobis
1498 1297 1759 1336 ostendenda
1773 1303 1893 1338 sunt:
1913 1301 2109 1350 primum,
2123 1316 2219 1343 con-

1181 1360 1318 1399 silium
1336 1359 1485 1409 Ignatii
1506 1359 1559 1398 de
1589 1358 1795 1398 tradenda
1815 1360 1952 1412 aliqua
1973 1362 2216 1412 directione,

1180 1424 1222 1461 et
1243 1420 1361 1471 quasi
1382 1423 1469 1459 arte
1498 1420 1625 1471 hujus
1643 1421 1836 1460 mentalis
1857 1424 2063 1472 exercitii,
2089 1425 2220 1465 fuisse

1180 1481 1553 1534 prudentissimum
1586 1494 1634 1521 ac
1671 1484 1796 1534 plane
1833 1484 2034 1527 divinum.
2065 1487 2222 1528 Secun-

1180 1544 1295 1590 dum,
1316 1556 1442 1595 quam
1457 1544 1660 1583 rationem
1677 1545 1718 1584 in
1737 1556 1787 1584 ea
1807 1545 2035 1585 directione
2055 1549 2220 1588 traden-

1180 1607 1235 1646 da
1251 1606 1490 1654 servaverit,
1512 1611 1556 1645 ut
1571 1607 1720 1656 majori
1742 1619 1786 1646 se
1805 1609 2090 1648 exercentium
2111 1612 2221 1650 utili-

1178 1669 1252 1708 tati
1270 1668 1518 1707 consuleret.
1535 1668 1735 1716 Tertium,
1752 1670 1962 1719 quomodo
1979 1671 2114 1710 modis
2135 1683 2221 1711 om-

1176 1730 1302 1772 nibus
1322 1741 1396 1768 seu
1413 1729 1588 1770 statibus
1608 1729 1868 1771 satisfecerit.
1885 1731 2067 1771 Primum
2083 1733 2226 1785 effice-¹

1179 1792 1342 1831 cissime
1362 1792 1562 1843 probatur
1576 1803 1627 1831 ex
1641 1792 1792 1831 effectu
1810 1793 1923 1843 ipso;
1938 1791 2226 1845 experimento

1179 1854 1292 1895 enim
1320 1857 1499 1902 constat,
1534 1865 1610 1904 per
1638 1853 1748 1893 hanc
1782 1859 1916 1894 artem
1946 1855 1990 1895 in
2020 1856 2221 1906 spirituali

1178 1916 1262 1955 vita
1281 1915 1433 1955 multos
1452 1915 1695 1966 profecisse.
1717 1916 1836 1962 Quod
1853 1917 1978 1957 etiam
1996 1918 2148 1956 Paulus
2169 1919 2222 1958 III

1180 1976 1223 2016 in
1256 1973 1381 2015 Bulla'
1405 1975 1601 2026 superius
1632 1976 1759 2015 citata
1787 1978 1990 2028 agnoscit.
2028 1979 2221 2019 Secundo

1180 2036 1417 2079 confirmari
1448 2037 1527 2076 hoc
1554 2040 1692 2092 potest
1722 2039 1924 2090 exemplis
1956 2040 2220 2090 Sanctorum,

1178 2099 1254 2151 qui
1283 2109 1370 2138 non
1407 2098 1543 2138 solum
1574 2098 1630 2138 ad
1661 2100 1888 2139 mentalem
1922 2101 2155 2142 orationem
2181 2106 2222 2143 et

1177 2159 1557 2202 considerationem
1575 2159 1767 2201 homines
1785 2163 1981 2210 exc-itant,
2000 2163 2075 2201 sed
2095 2164 2222 2203 etiam

1177 2221 1352 2262 modum
1372 2221 1536 2271 orandi,
1559 2225 1604 2262 et
1627 2222 1883 2263 ascendendi
1906 2224 1959 2263 ad
1975 2225 2124 2273 Deum,
2146 2225 2222 2264 do-

1178 2295 1275 2325 cere
1306 2287 1536 2333 conantur,
1565 2283 1707 2335 quoad
1736 2289 1924 2335 possunt.
1950 2287 2045 2326 Haec
2065 2286 2141 2325 fuit
2160 2287 2222 2326 in-

1178 2346 1310 2387 tentio
1327 2346 1527 2397 Dionysii,
1543 2345 1776 2397 praesertim
1794 2348 1838 2386 in
1857 2347 1963 2387 libro
1979 2348 2031 2387 de
2046 2349 2221 2400 Mystiea

1179 2407 1419 2460 Theologia.
1439 2408 1490 2447 Et
1514 2407 1693 2447 fortasse
1713 2407 1864 2449 eadem
1895 2408 1973 2448 fuit
1996 2421 2116 2450 mens
2135 2411 2222 2449 Au-

1179 2468 1350 2521 gustini,
1371 2469 1415 2509 in
1436 2468 1509 2509 lib.
1525 2467 1860 2517 meditationum,
1883 2470 1954 2521 qui
1974 2472 2000 2510 9
2026 2475 2127 2510 tom.
2147 2471 2222 2510 ha-

1178 2531 1314 2577 betur,
1349 2534 1389 2569 et
1413 2530 1457 2570 in
1475 2530 1607 2570 altero
1625 2529 1698 2571 lib.
1734 2531 1788 2570 de
1807 2531 2026 2583 Diligendo
2048 2531 2151 2580 Deo,
2179 2536 2229 2582 et

1177 2591 1430 2643 Soiiloquiis‚
1457 2603 1554 2633 cum
1573 2592 1666 2632 aliis
1685 2593 1910 2643 opusculis,
1932 2606 2040 2645 quae,
2069 2594 2221 2634 eodem

1179 2658 1278 2695 tom.
1310 2654 1352 2702 9,
1393 2650 1626 2705 Augustino
1663 2654 1943 2695 ascribuntur.
1978 2655 2220 2696 Differentia

1178 2719 1320 2757 autem
1341 2725 1433 2754 esse
1453 2714 1632 2764 videtur,
1658 2714 1773 2765 quod
1795 2715 1838 2753 in
1857 2716 2052 2755 omnibus
2073 2717 2153 2758 illis
2173 2717 2220 2756 li-

1178 2778 1265 2817 bris
1282 2776 1541 2828 Augustinus
1560 2787 1644 2815 non
1658 2779 1744 2815 tam
1764 2776 1887 2816 docet
1903 2777 2129 2817 meditandi
2147 2781 2221 2818 aut

1178 2837 1490 2890 contemplandi
1517 2837 1690 2879 modum
1706 2867 1716 2885 ,
1738 2850 1865 2889 quam
1890 2837 2024 2889 ipsam
2043 2839 2222 2879 medita-

1179 2901 1336 2946 tionem
1369 2903 1552 2947 exercet,
1587 2911 1661 2938 seu
1682 2899 1872 2949 affectus,
1906 2900 1980 2950 qui
2013 2912 2064 2941 ea
2101 2913 2219 2940 exer-

1180 2969 1341 3011 centur,
1353 2961 1511 3013 profert
1531 2964 1572 3004 et
1589 2960 1785 3000 describit
1796 2971 1809 3011 3
1827 2960 1870 3000 in
1889 2961 1983 3000 aliis
2001 2973 2099 3000 vero
2118 2962 2220 3001 duo-

1180 3024 1260 3066 bus
1277 3023 1393 3064 libris
1422 3022 1762 3073 soliloquiorum,
1795 3022 1937 3074 potius
1967 3023 2218 3074 speculative

1180 3084 1444 3137 inquirende,
1467 3088 1510 3124 et
1529 3083 1782 3135 disputando
1813 3084 1891 3134 (ut
1922 3083 2068 3135 solet),
2092 3096 2218 3134 quam

1181 3149 1377 3190 affectum
1404 3147 1638 3189 exercendo
1659 3146 1862 3198 procedit.
1885 3147 1931 3185 D.
1956 3147 2080 3185 etiam
2101 3147 2219 3185 Pros-

1181 3223 1258 3263 per
1273 3214 1359 3250 tres
1378 3209 1506 3249 libros
1524 3209 1688 3259 scripsit
1707 3208 1759 3249 de
1778 3208 1861 3246 vita
1880 3207 2214 3257 contemplativa,

1182 3271 1320 3312 sedin
1348 3270 1408 3313 eis
1436 3282 1524 3309 non
1551 3274 1639 3312 tam
1673 3269 1878 3308 rationem
1909 3265 2217 3318 contemplandi

1182 3333 1326 3381 docet,
1355 3344 1483 3384 quam
1504 3331 1744 3383 generalem
1773 3328 2005 3369 doctrinam
2024 3327 2145 3366 tradit
2164 3325 2217 3364 de

1181 3396 1265 3436 vita
1285 3395 1418 3436 activa
1451 3398 1492 3434 et
1523 3391 1857 3443 contemplativa,
1891 3392 1933 3430 et
1963 3386 2214 3434 ministeriis,

1182 3456 1248 3495 vel
1267 3455 1462 3497 laudibus
1482 3466 1642 3500 earum,
1671 3457 1710 3492 et
1731 3453 2033 3502 consequenter
2053 3448 2105 3487 de
2129 3459 2218 3488 om-

1182 3516 1306 3557 nibus
1325 3516 1544 3558 virtutibus
1564 3515 1742 3554 disserit.
1768 3513 1834 3553 Sic
1851 3512 1975 3552 etiam
1994 3509 2061 3549 alii
2076 3509 2218 3549 Patres

1183 3577 1236 3619 de
1262 3577 1341 3616 hae
1359 3577 1534 3618 materia
1559 3576 1613 3614 ad
1631 3573 1945 3616 instructionem
1964 3583 2124 3618 eorum,
2147 3570 2217 3622 qui

1183 3636 1523 3690 contemplationi
1538 3639 1611 3679 aut
1622 3632 1880 3679 meditationi
1893 3632 2134 3677 incumbere
2146 3643 2218 3673 cu-
