2352 3880
143 0 235 24 3'f‘¹-'.·
309 15 315 23 .
359 0 361 3 '

111 50 114 55 ,
134 42 163 59 p.
184 48 185 51 ,

0 68 7 79 ν
37 60 46 73 ⁴
94 57 116 85 ,¹
142 62 174 84 ,ω’
247 65 251 68 ”

31 112 91 137 κέν..

486 251 579 287 ω».
599 250 686 286 xiv.
708 249 762 285 ne
781 247 967 284 consitio
987 247 1246 285 ommam-m
1265 247 1405 293 Qnoxn
1425 245 1856 298 riemann-uffo.

83 317 214 360 dum
233 328 352 357 suum
372 319 524 355 statum
558 314 742 368 profiteri
771 313 948 353 debent·
937 325 1071 364 ,ergo
1088 314 1143 354 si-

98 387 240 432 sgnum
255 383 314 418 est
331 378 538 429 obiectum
569 375 673 416 illud
693 386 779 415 esse
799 373 1020 424 sufficiens,
1055 385 1143 415 non

99 444 273 483 ,tantum
289 440 341 479 ad
356 438 570 479 formalem
586 441 738 486 actum,
759 435 829 474 sed
849 435 972 476 etiam
985 434 1036 475 ad
1053 446 1145 488 per-

99 501 261 543 'fectum
293 505 432 541 actum
463 498 722 539 obedientiae.
754 497 936 548 Denique
963 496 1144 536 declara-

108 567 194 611 tur,
215 563 311 615 quia
328 562 363 602 si
383 561 487 601 mihi
506 560 757 600 revelaretur
775 559 904 598 Deum
925 558 1144 599 efficaciter

107 625 215 665 velle
229 636 296 664 me
312 622 468 674 aliquid
483 621 632 669 facere,
659 620 821 660 etiamsi
854 620 958 660 nolit
988 620 1143 671 obliga-

107 687 264 727 tionem
285 687 508 736 imponere,
538 683 718 734 optimus
748 686 863 721 actus
899 682 1143 722 ohedientiae

107 747 154 788 in
188 758 255 786 me
275 749 393 794 esset,
420 745 525 784 velle
554 744 598 783 id
620 744 729 796 quod
755 745 862 783 Deus
894 743 985 783 vult
1017 755 1042 784 a
1074 755 1143 784 me

107 809 212 855 fieri,
236 807 367 847 solum
388 807 485 858 quia
499 807 584 858 ipse
600 806 704 854 vult,
726 806 824 857 quia
847 806 1020 858 respicio
1054 806 1143 856 ejus

106 871 359 910 voluntatem
373 869 476 908 mihi
496 869 761 920 superiorem,
784 871 826 907 et
861 871 1058 919 tanquam
1079 879 1143 907 re-

106 932 248 984 gulam
289 943 391 971 meae
422 930 666 979 voluntatis,
708 929 818 981 quod
853 929 1142 970 formalissima

107 997 264 1045 spectat
275 993 327 1032 ad
347 992 622 1032 obedientiam
642 1002 655 1041 ;
677 1003 775 1042 ergo
796 991 905 1029 idem
929 1002 1024 1029 cum
1051 1002 1143 1042 pro-

106 1055 292 1107 portione
308 1055 386 1094 erit
399 1058 582 1106 respectu
599 1053 819 1093 voluntatis
838 1051 1025 1101 Praelati3
1045 1052 1146 1103 quia

106 1118 231 1158 etiam
252 1117 366 1156 illam
406 1116 577 1168 respicio
608 1119 654 1154 ut
674 1115 777 1154 mihi
814 1113 1080 1165 superiorem,
1101 1116 1145 1153 et

105 1183 154 1219 ut
171 1179 357 1230 regulam
376 1190 477 1218 meae
513 1176 737 1216 voluntatis
769 1178 979 1214 tenentem
1005 1174 1143 1215 locum

106 1241 258 1281 divinae
277 1239 512 1280 voluntatis.
534 1239 667 1289 Atque
678 1238 745 1276 hic
761 1237 960 1289 posterior
978 1236 1144 1277 dicendi

106 1303 252 1343 modus
294 1301 526 1341 confirmari
564 1304 695 1352 potest
735 1311 786 1339 ex
825 1298 1142 1349 chrysostomo,

105 1364 218 1404 hom.
249 1365 300 1403 59
323 1368 363 1403 et
390 1365 442 1402 74
470 1363 515 1401 in
549 1362 771 1409 Joannem,
811 1364 1012 1412 quatenus
1042 1360 1143 1400 dicit

106 1426 377 1466 obedientiam
408 1425 555 1465 Christi
577 1435 660 1462 non
687 1423 812 1462 fuisse
843 1422 895 1461 ad
927 1423 1141 1474 proprium

104 1492 368 1541 praeceptum,
386 1487 455 1526 sed
475 1486 526 1525 ad
542 1484 768 1537 simplicem
787 1482 1043 1524 voluntatem
1067 1485 1141 1524 Pa-

104 1551 192 1599 tris,
212 1561 335 1601 quam
357 1548 524 1587 nomine
542 1547 726 1587 mandati
748 1546 829 1586 late
845 1546 1001 1598 sumpti
1019 1546 1138 1585 intel—

104 1611 199 1663 ligit
218 1610 453 1662 significari,
487 1613 535 1649 ut
569 1609 689 1648 latius
720 1608 892 1648 tractavi
925 1608 969 1647 in
1006 1610 1141 1659 primo

105 1678 206 1714 tom.
229 1673 358 1713 tertiae
377 1672 520 1724 partis,
540 1670 645 1722 disp.
668 1669 982 1723 quadragesima
1001 1670 1140 1718 tertia,

105 1739 206 1775 sect.
230 1737 248 1774 1
266 1747 306 1774 et
322 1736 362 1774 3.

160 1798 225 1836 13.
259 1793 496 1837 Conciliatio
535 1793 736 1834 dictarum
777 1789 1026 1844 opinionum,
1055 1804 1142 1845 quoe

102 1868 181 1900 non
194 1857 415 1907 satisfacit.
435 1877 490 1885 —
512 1855 729 1894 Possumus
743 1866 840 1905 ergo
862 1854 938 1893 hos
965 1854 1068 1894 duos
1084 1855 1144 1894 di-

104 1920 224 1960 cendi
257 1918 399 1958 modos
416 1916 474 1956 ita
491 1915 723 1964 conciliare,
757 1919 804 1954 ut
826 1915 1009 1954 dicamus
1044 1916 1144 1956 obe-

103 1982 318 2029 dientiam,
333 1980 377 2019 in
394 1978 507 2018 omni
534 1977 671 2030 rigore
699 1981 739 2017 et
757 1978 1006 2029 proprietate
1028 1989 1140 2016 sum-

101 2050 230 2098 ptam,
252 2043 401 2083 habere
420 2042 544 2081 etiam
574 2052 649 2092 pro
688 2040 848 2091 objecto
886 2044 1139 2091 praeceptum

102 2108 282 2159 rigorose
301 2105 424 2144 etiam
438 2108 649 2154 acceptum
670 2114 681 2150 ;
703 2101 981 2140 obedientiam
1000 2106 1140 2141 autem

101 2168 225 2209 latius
242 2171 446 2218 sumptam
473 2176 556 2204 non
588 2167 750 2203 tantum
782 2167 1046 2215 praeceptum,
1070 2163 1141 2203 sed

103 2232 228 2270 etiam
259 2228 487 2279 simplicem
516 2225 771 2265 voluntatem
801 2225 1033 2276 Superioris
1061 2235 1146 2265 res-

105 2292 253 2343 picere.
273 2290 354 2330 Sed
374 2290 464 2328 haec
489 2289 600 2327 vocis
623 2286 829 2326 distinctio
856 2298 944 2325 rem
962 2298 1046 2325 non
1074 2286 1146 2325 de-

106 2353 233 2392 clarat
248 2366 259 2400 ;
280 2351 379 2401 quid
398 2351 510 2389 enim
524 2348 831 2400 comprehendit
849 2347 1082 2386 obedientia
1098 2348 1144 2387 in

107 2413 178 2453 illa
213 2413 430 2452 latitudine
464 2411 658 2462 sumpta?
681 2414 849 2449 actusne
884 2409 1141 2448 diversarum

106 2475 323 2522 virtutum,
352 2485 404 2512 an
424 2473 561 2518 unius,
582 2483 674 2523 quae
694 2470 877 2522 specialis
907 2470 1141 2511 obedientia

105 2536 368 2588 appellatur?
393 2534 435 2573 Si
455 2544 634 2585 prlmum
666 2532 840 2579 dicatur,
878 2536 1038 2582 oportet
1072 2543 1141 2571 ex-

106 2598 255 2649 plicare
278 2597 492 2646 cujusnam
520 2593 682 2633 virtutis
719 2597 830 2632 actus
868 2593 920 2631 sit
951 2593 1142 2632 voluntas

106 2659 334 2711 exequendi
358 2658 583 2708 simplicem
617 2656 873 2696 voluntatem
909 2655 1140 2705 Superioris

106 2727 270 2776 propter
297 2720 626 2760 conformitatem
646 2718 698 2757 ad
717 2718 829 2757 illam
846 2727 863 2768 ς
881 2721 921 2757 et
948 2718 993 2756 in
1013 2719 1141 2769 expli-

107 2784 236 2824 cando
249 2783 326 2822 hoc
340 2786 436 2821 actu
455 2784 513 2821 est
534 2784 619 2819 tota
655 2779 777 2831 hujus
810 2779 871 2819 rei
887 2778 1106 2819 difficultas
1126 2790 1145 2830 ι

106 2857 203 2886 nam
207 2875 220 2894 ‚
235 2844 270 2884 si
284 2848 345 2884 est
362 2847 476 2882 actus
495 2842 651 2882 elicitus
665 2854 689 2881 a
706 2841 870 2893 propria
883 2842 1036 2881 virtute
1049 2842 1143 2881 obe-

106 2907 286 2954 dientiae,
318 2905 482 2960 propria
509 2903 742 2942 obedientia
772 2903 849 2942 erit
864 2917 876 2951 ;
916 2903 950 2942 si
970 2903 1022 2942 ab
1044 2903 1140 2954 alia,

108 2969 193 3009 solo
211 2968 379 3007 nomine
395 2967 552 3005 dicetur
569 2965 815 3012 obedientia,
849 2975 944 3003 cum
971 2976 1046 3003 nec
1064 2965 1143 3004 for-

108 3030 271 3071 maliter
289 3030 341 3068 sit
353 3027 598 3075 obedientia,
615 3029 660 3065 ut
673 3025 917 3076 supponitur
930 3036 943 3074 ;
966 3037 1042 3064 nec
1055 3037 1144 3067 ma-

110 3090 322 3139 terialiter,
340 3101 433 3128 cum
451 3101 535 3128 non
558 3088 610 3127 sit
624 3087 806 3127 executio
833 3086 1006 3138 alicujus
1035 3098 1143 3139 prae-

109 3151 230 3201 cepti,
251 3155 291 3189 et
316 3154 509 3201 praeterea
536 3148 1019 3202 explicandumsuperest
1029 3161 1141 3200 quae-

110 3222 208 3250 nam
225 3210 297 3249 illa
308 3211 438 3249 virtus
457 3212 524 3251 sit.

165 3273 229 3311 14.
258 3272 294 3312 J
293 3272 467 3312 adiciam
484 3273 674 3314 auctoris.
687 3272 843 3312 —Dico
855 3283 953 3324 ergo
971 3273 1018 3311 D.
1034 3272 1141 3312 Tho-

111 3345 190 3374 mae
226 3333 470 3372 sententiam
504 3333 686 3374 absolute
714 3346 856 3374 veram
884 3345 996 3374 esse:
1018 3335 1142 3374 nimi·-

113 3406 222 3443 rum‚
236 3405 377 3433 veram
395 3405 443 3432 ac
465 3393 678 3435 formalem
696 3395 971 3436 obedientiam
989 3394 1143 3437 habere

113 3468 186 3508 pro
210 3455 368 3506 objecto
403 3455 613 3507 proprium
645 3462 910 3509 praeceptum,
944 3456 1019 3495 suh
1050 3469 1143 3509 pro-

113 3518 201 3570 prio
218 3520 419 3568 praecepto
439 3516 682 3556 includendo
719 3518 820 3558 illud
859 3519 1000 3565 etiam,
1035 3518 1144 3570 quod

106 3578 166 3637 'ad
186 3578 343 3617 veniale
353 3582 514 3616 tantum
524 3577 692 3628 obligat.
714 3578 832 3618 Ratio
842 3584 918 3627 est,
933 3579 1028 3630 quia
1047 3580 1145 3619 obe-

72 3696 75 3698 *
107 3637 271 3693 ,aientia
277 3638 441 3692 respicit
451 3639 707 3691 Superiorem
708 3643 774 3688 ,ut
783 3639 975 3692 Superior
983 3646 1145 3689 est‚non

1195 318 1310 354 utest
1328 316 1497 363 amicus,
1517 317 1640 357 velut
1658 321 1837 370 prudens
1849 319 1903 360 ad
1921 246 2244 375 οοιιειιῙεῃᾶιῑι-ζιῧ,

1195 374 1263 415 vel
1283 375 1358 416 sub
1375 375 1458 415 alia
1469 377 1628 418 ratione
1642 380 1791 432 simili3
1818 384 2080 424 constituitur
2095 390 2237 429 autem

1196 436 1421 488 Superior
1409 449 1454 476 111
1471 438 1630 477 ratione
1647 436 1876 492 Superioris
1901 456 1976 496 per
1991 450 2236 497 potestatem

1198 497 1497 537 dominativam
1516 503 1589 538 aut
1606 500 1925 555 jurisdictionis3
1946 518 2059 556 nam,
2083 507 2155 548 illa
2173 521 2239 549 se-

1197 558 1323 606 clusa,
1344 558 1532 598 homines
1549 561 1725 612 aequales
1742 568 1864 602 sunt·
1853 577 1984 617 ,ergo
2002 568 2244 611 obedientia

1197 622 1365 673 respicit
1383 623 1658 674 Superiorem,
1674 627 1719 663 ut
1739 629 1924 666 utentem
1942 641 2017 669 sua
2034 635 2245 693 potestate

1196 683 1264 724 vel
1294 684 1604 735 jurisdictione;
1639 685 1674 724 si
1704 686 1817 725 enim
1850 688 1923 728 illa
1956 702 2039 731 non
2076 698 2235 744 utatur,

1197 758 1282 786 non
1297 758 1339 786 se
1354 747 1461 797 gerit
1477 750 1522 785 ut
1542 747 1750 798 Superior,
1779 752 1819 787 et
1838 749 1897 788 iia
1916 762 2000 789 non
2022 752 2144 792 habet
2177 756 2238 794 lo·
2242 713 2246 778 1

1197 820 1292 847 cum
1308 820 1406 859 erga
1435 807 1554 846 illum
1583 808 1751 847 actualis
1784 808 1869 848 obe
1873 810 2030 851 lientia.
2064 814 2159 853 Dico
2174 828 2238 856 ae-

1197 869 1337 916 tuales,
1373 869 1470 921 quia
1509 874 1696 938 respectu
1731 870 1959 921 Superioris
1995 874 2238 916 considerati

1197 932 1311 982 quasi
1338 931 1383 970 in
1415 935 1508 970 actu
1528 931 1676 982 primo,
1711 933 1861 983 poterit
1888 933 1978 972 dari
2000 938 2112 973 actus
2142 936 2238 975 obe·

1196 993 1361 1032 dientioe
1379 993 1677 1044 aptitudinelis,
1710 994 1753 1032 id
1771 998 1847 1040 est,
1868 996 2123 1046 propositum
2140 997 2238 1036 obe-

1196 1054 1357 1103 diendi3
1376 1055 1447 1106 qui
1463 1058 1576 1094 actus
1590 1055 1713 1093 etiam
1725 1067 1799 1094 suo
1819 1056 1940 1094 modo
1956 1058 2120 1108 respicit
2136 1070 2240 1109 prae-

1197 1116 1490 1168 ceptum,quia
1516 1117 1677 1165 respicit
1715 1117 1990 1168 Superiorem.
2016 1122 2062 1157 ut
2097 1124 2239 1170 poten-

1196 1182 1281 1218 tem
1301 1180 1535 1230 praecipere.
1562 1178 1749 1226 Quandiu
1769 1184 1910 1218 autem
1940 1180 2133 1231 Superior
2153 1193 2240 1221 non

1197 1240 1328 1279 utitur
1345 1241 1508 1291 propria
1527 1244 1739 1291 potestate,
1755 1253 1828 1291 per
1847 1253 1972 1292 quam
1993 1242 2036 1280 in
2058 1253 2142 1280 esse
2163 1243 2248 1281 Su·-

1197 1301 1368 1352 perioris
1386 1301 1664 1348 constituitur,
1681 1313 1765 1339 non
1775 1313 1817 1341 se
1837 1302 1942 1351 gerit
1959 1307 2004 1340 ut
2023 1303 2235 1353 Superior,

1197 1366 1238 1402 et
1256 1362 1348 1401 ideo
1366 1362 1552 1400 nondum
1567 1374 1608 1401 se
1636 1361 1760 1401 habet
1786 1367 1971 1414 respectu
1990 1363 2248 1403 obedientiae·

1195 1424 1241 1464 in
1262 1429 1356 1463 actu
1371 1424 1574 1472 secundo3
1598 1436 1695 1475 ergo
1716 1437 1737 1463 e
1757 1425 1961 1463 contrario
1991 1438 2123 1476 neque
2144 1426 2240 1465 obe-

1196 1486 1352 1525 dientia
1371 1490 1503 1536 potest
1523 1498 1620 1536 erga
1654 1486 1772 1524 illum
1806 1498 1993 1525 exercere
2024 1487 2249 1537 proprium,

1196 1547 1438 1586 obedientlae
1458 1552 1613 1595 actum,
1638 1548 1706 1586 sed
1741 1548 1869 1586 solam
1899 1549 2134 1598 praedictam
2153 1549 2241 1588 ani-

1197 1611 1255 1648 mi
1273 1610 1614 1661 praeparationem
1635 1621 1708 1660 per
1723 1610 1979 1660 propositum
2002 1609 2238 1658 obediendi,

1196 1671 1361 1723 quando
1390 1672 1561 1710 materia
1593 1672 1780 1710 occurrit.
1804 1671 1843 1711 Si
1872 1676 2010 1710 autem
2045 1673 2249 1722 Superior>

1197 1738 1334 1772 movet
1368 1733 1606 1772 inferiorem
1644 1734 1798 1772 utendo
1834 1733 2000 1784 propria
2040 1738 2249 1784 potestate¹

1195 1794 1439 1845 Superioris,
1473 1794 1551 1833 hoc
1576 1795 1664 1846 ipso
1705 1794 1931 1834 necessario
1966 1794 2027 1832 illi
2064 1794 2249 1845 imponit*

1195 1856 1377 1907 aliquam
1397 1855 1709 1907 obligationem,
1727 1860 1769 1896 et
1804 1859 2102 1906 consequenter
2133 1867 2249 1907 prae-.

1195 1922 1375 1968 ceptum.

1250 1980 1316 2019 15.
1347 1978 1530 2031 Implens
1544 1978 1789 2017 voluntatem
1808 1976 2030 2027 simplicem
2046 1976 2250 2026 Sammo-³

1192 2041 1257 2081 ris
1274 2052 1351 2079 non
1383 2043 1531 2080 eaercet
1564 2039 1821 2078 obedientiam
1841 2038 2064 2088 specialem.
2083 2058 2136 2066 —
2159 2039 2250 2078 Sed

1195 2103 1446 2143 charitatem.
1460 2121 1511 2131 -
1531 2101 1597 2143 Vel
1616 2099 1899 2140 humilitatem.
1913 2120 1967 2127 —
1983 2100 2250 2157 Quapropter3

1198 2176 1295 2204 cum
1316 2164 1513 2202 Praelatus
1532 2162 1621 2201 vult
1642 2160 1797 2211 aliquid
1818 2172 1842 2198 a
1861 2160 2023 2199 subdito
2043 2160 2148 2208 fieri,
2168 2162 2250 2214 iio-j

1199 2226 1288 2265 lens
1303 2226 1418 2264 illum
1439 2225 1619 2275 obligare
1636 2223 1720 2261 ullo
1743 2223 1865 2260 modo
1885 2222 1937 2260 ad
1967 2222 2131 2273 culpam
2168 2222 2250 2272 (ita.

1199 2293 1248 2327 ut
1266 2301 1314 2327 ex
1332 2287 1641 2333 consuetudine,
1665 2285 1726 2324 vel
1759 2297 1810 2324 ex
1833 2288 2001 2328 statuto,
2031 2284 2107 2323 hoc
2143 2285 2250 2324 satis·

1199 2350 1450 2390 declaratum
1465 2349 1547 2397 sit),
1566 2352 1665 2386 tunc
1692 2358 1834 2386 revera
1863 2358 1949 2384 non
1978 2346 2067 2383 vult
2105 2358 2241 2397 neque

1198 2416 1337 2451 movet
1362 2416 1405 2449 ut
1440 2410 1647 2456 Praelatus‚
1682 2421 1814 2459 neque
1844 2412 1890 2446 ut
1909 2407 2143 2446 dominium
2173 2408 2239 2447 vel

1192 2473 1522 2526 jurisdictionem
1555 2471 1724 2518 habens,
1766 2469 1835 2509 sed
1872 2469 2003 2508 solum
2037 2473 2082 2507 ut
2118 2479 2241 2506 causa

1194 2537 1376 2583 moralis,
1398 2533 1521 2572 simul
1547 2533 1777 2579 consulens,
1799 2535 1839 2570 et
1866 2530 2084 2581 impellens
2107 2541 2240 2568 mora-

1194 2596 1288 2636 liter
1308 2597 1358 2635 ad
1372 2596 1526 2646 aliquid
1545 2594 1765 2645 agendum,
1784 2605 1868 2631 non
1890 2605 1960 2642 per
1971 2596 2234 2643 praeceptum,

1194 2658 1264 2698 sed
1286 2670 1358 2709 per
1374 2657 1590 2709 judicium,
1631 2660 1670 2694 et
1699 2655 1926 2706 simplicem
1950 2654 2236 2700 voluntatem3

1196 2732 1294 2771 ergo
1310 2724 1407 2757 tunc
1425 2718 1610 2756 subditus
1630 2717 1770 2755 voleus
1799 2715 1946 2766 exequi
1965 2727 2081 2765 opus,
2104 2713 2238 2752 exilio

1195 2781 1362 2834 praeciso
1383 2781 1536 2819 motivo
1556 2779 1664 2830 quod
1681 2778 1876 2828 Superior
1897 2775 1986 2814 vult
2006 2775 2105 2813 illud
2118 2806 2130 2824 ,
2153 2787 2238 2814 non

1197 2843 1295 2882 facit
1307 2842 1518 2893 proprium
1526 2845 1663 2878 actum
1674 2838 1857 2890 specialis
1871 2837 2034 2876 virtutis
2045 2836 2239 2875 obedien-

1197 2905 1279 2951 tiae,
1296 2904 1365 2943 sed
1386 2903 1520 2954 potius
1540 2901 1750 2940 charitatis
1762 2900 1827 2939 vel
1846 2898 2092 2937 humilitatis
2108 2912 2118 2945 3
2143 2897 2239 2936 cha-

1196 2966 1329 3006 ritatis
1348 2965 1529 3016 quidem,
1549 2963 1583 3002 si
1602 2963 1643 3001 id
1659 2962 1780 3001 faciat
1797 2961 1928 3000 solum
1943 2964 2110 3011 propter
2120 2959 2238 2997 unio-

1196 3040 1294 3067 nem
1313 3038 1407 3066 cum
1437 3038 1510 3064 suo
1530 3026 1660 3076 capite
1677 3035 1689 3073 ;
1709 3028 1749 3062 et
1780 3023 1838 3062 ita
1868 3022 2026 3061 dicetur
2057 3020 2126 3059 illa
2143 3020 2239 3058 obe-

1197 3089 1353 3128 dientia
1371 3089 1467 3136 late,
1490 3088 1586 3139 quia
1606 3090 1666 3125 est
1680 3085 1808 3124 motio
1827 3084 1879 3123 ad
1898 3083 2064 3122 alterius
2087 3081 2235 3120 volun-

1194 3154 1347 3198 tatem,
1338 3164 1346 3173 ·
1372 3161 1455 3188 non
1476 3149 1554 3188 erit
1590 3151 1730 3186 tamen
1769 3145 2018 3192 obedientia,
2046 3155 2136 3193 quae
2176 3143 2237 3179 est

1195 3211 1381 3263 specialis
1420 3211 1567 3258 virtus,
1603 3212 1671 3248 sed
1705 3208 1786 3247 dici
1816 3207 1965 3258 poterit
1997 3201 2234 3243 obedientia

1195 3273 1438 3322 charitatis;
1453 3272 1503 3310 de
1522 3284 1604 3323 qua
1620 3274 1753 3322 posset
1775 3268 1954 3318 intelligi
1967 3265 2068 3304 illud
2089 3269 2103 3302 1
2126 3265 2230 3300 Petr.

1198 3337 1255 3375 1:
1274 3334 1449 3374 Animas
1478 3337 1632 3373 vestras
1653 3332 1924 3379 castificantes
1953 3329 1997 3367 in
2016 3321 2235 3364 obedientia

1197 3396 1423 3437 charitatis.
1451 3395 1566 3434 Unde
1600 3395 1644 3432 in
1673 3391 1860 3442 exemplo
1891 3398 2010 3438 supra
2042 3383 2231 3429 adducto,

1196 3458 1242 3497 in
1260 3458 1474 3504 num.12,
1501 3454 1810 3495 confirmatione
1846 3447 2043 3492 secunda,
2082 3443 2116 3481 si
2142 3441 2234 3492 quis

1197 3523 1436 3570 agnosceret
1455 3517 1709 3556 voluntatem
1729 3516 1799 3552 Dei
1816 3521 1899 3549 esse
1918 3511 1964 3545 ut
1988 3503 2142 3555 aliquid
2173 3502 2233 3541 fa-

1197 3581 1293 3627 ciat,
1313 3579 1497 3631 quamvis
1517 3578 1620 3616 nolit
1639 3574 1737 3614 illud
1755 3570 1987 3623 praecipere,
2009 3565 2111 3603 velle
2133 3569 2232 3602 tunc

1197 3640 1449 3682 conformari
1471 3638 1622 3677 divinae
1641 3630 1845 3674 voluntati
1873 3639 1958 3668 non
1987 3631 2090 3666 esset
2119 3629 2234 3664 actus
