2352 3880
120 280 279 328 .ϊῖᾱο
297 280 428 320 Instit.
457 278 799 326 renuntiantium,
820 290 911 330 cap.
943 281 1101 324 octavo,

66 336 346 385 *militatem
383 341 519 380 cordis
550 349 694 379 veram
730 351 854 378 nemo
891 339 1102 391 acquirere

42 407 48 452 ε’
73 407 220 470 jacet,
253 403 322 454 qui
345 403 459 454 prius
496 402 751 441 voluntatem
783 401 992 451 propriam
1018 410 1102 437 non

37 494 46 500 ,
74 457 258 516 didicerit
293 464 546 503 renuntiare.
580 462 653 502 Hic
691 466 830 501 autem
863 459 1101 500 humilitatis

40 553 46 556 -
71 519 226 586 {radus
259 526 414 577 optime
450 523 686 576 perficitur,
713 522 880 573 quando
901 535 985 561 non
1017 520 1100 560 sola

70 588 276 634 ¹uoluntas,
299 587 371 626 sed
394 587 515 626 etiam
533 585 734 636 judicium
754 584 924 623 alterius
947 582 1099 635 judicio

68 649 331 693 submittitur.
353 649 465 687 Sicut
486 647 596 685 enim
616 658 810 697 suprema
828 646 1006 685 hominis
1031 657 1099 684 ex-

67 703 254 752 dellentia
286 708 329 746 in
360 708 573 746 intellectu
597 707 730 759 posita
763 711 847 755 est,
874 708 928 746 ita
960 717 1099 758 supre-

56 780 158 814 -mus
176 770 422 808 humilitatis
444 769 597 820 gradus
626 769 668 807 in
695 769 804 807 illius
825 768 1099 807 submissione

35 857 40 860 -
66 835 108 874 ot
125 831 386 882 subJectione
404 830 669 880 conspicitur.
689 831 894 878 Quantum
911 843 1008 870 vero
1027 829 1100 867 hu-

41 934 43 940 ,
61 884 130 948 ius
143 893 315 932 internae
337 893 578 931 humilitatis
598 893 837 931 exercitium
858 893 899 930 in
917 892 1096 932 Societa-

64 956 106 997 te
141 954 481 1002 commendetur,
519 954 561 992 in
598 954 879 1005 superioribus
913 954 994 992 late
1034 955 1096 991 est

62 1013 331 1058 declaratum.
355 1015 424 1054 lib.
448 1018 489 1062 4,
511 1028 545 1054 0.
573 1017 622 1054 14
654 1020 694 1054 et
717 1017 781 1061 15,
811 1019 850 1054 et
878 1014 1005 1052 verba
1023 1013 1095 1052 illa

63 1075 349 1117 constitution.
371 1077 468 1115 satis
495 1077 731 1123 ostendunt,
748 1078 772 1116 3
788 1088 845 1127 p.,
865 1087 901 1114 c.
927 1077 965 1120 1,
979 1074 1002 1126 ξ
1017 1075 1091 1113 ⁶23:

64 1137 263 1180 conentur
282 1140 454 1178 interius
473 1140 780 1189 resiqnationem
793 1168 803 1183 ,
820 1140 855 1178 et
874 1148 1007 1175 veram
1030 1135 1096 1175 ab·

61 1201 305 1254 ”mationem
321 1199 496 1251 propriae
516 1199 737 1239 voluntatis
751 1228 763 1246 ,
794 1201 832 1238 et
853 1197 997 1246 judicii
1024 1197 1096 1238 ha-

60 1259 160 1304 bere.
180 1261 296 1307 Quod
322 1261 425 1300 adeo
448 1260 729 1299 necessarium
747 1258 789 1296 in
807 1258 886 1296 hoc
910 1257 1095 1296 instituto

59 1320 216 1375 judiCO,
253 1326 300 1361 ut
332 1334 524 1361 censeam
546 1322 587 1361 in
618 1321 696 1359 hoc
728 1320 906 1358 maxime
941 1318 1096 1359 habere

62 1381 214 1429 locum,
232 1383 342 1433 quod
360 1384 592 1431 Cassianus,
615 1382 655 1421 d.
672 1394 710 1421 c.
724 1383 767 1429 8,
786 1381 904 1429 dixit,
925 1392 992 1421 nec
1009 1393 1097 1420 cum

61 1445 266 1500 fratribus
282 1445 475 1485 unitatem
487 1448 733 1497 perpetuam,
748 1455 815 1482 nec
828 1444 990 1491 firmam
1011 1443 1098 1482 diu-

60 1509 301 1559 carnemque
318 1519 430 1558 posse
449 1507 588 1546 habere
604 1506 867 1552 concordiam,
890 1505 957 1544 sed
970 1516 1039 1544 nec
1053 1504 1098 1543 in·

61 1569 228 1612 coenobio
253 1570 408 1621 quidem
433 1581 549 1620 posse
570 1567 722 1607 diutius
748 1567 966 1617 perdurare
997 1578 1097 1614 eum,

59 1631 134 1684 qui
161 1630 402 1672 voluntatem
424 1642 539 1669 suam
573 1640 652 1668 non
679 1629 867 1668 didicerit
893 1639 1095 1678 superare.

63 1689 131 1733 Sic.
150 1691 263 1731 enim
284 1691 409 1742 longa
434 1690 691 1741 experientia
713 1689 849 1731 didici.
872 1701 955 1727 non
980 1701 1099 1740 posse

61 1753 320 1806 quempiam,
343 1757 415 1792 aut
442 1753 626 1804 quietum
654 1752 697 1790 in
721 1751 924 1791 Societate
944 1750 1096 1798 vivere,

62 1819 146 1855 ant·
161 1815 233 1854 diu
252 1815 294 1854 in
316 1827 364 1853 ea
387 1826 649 1865 permanere,
683 1814 754 1866 qui
782 1813 1036 1852 voluntatem
1058 1815 1099 1851 et

58 1875 262 1930 iudicium
293 1876 519 1923 moderari,
542 1876 760 1926 frangere,
788 1886 840 1915 ac
858 1874 1098 1924 frequenter

62 1938 272 1991 abnegare
292 1950 375 1977 non
400 1938 601 1977 didicerit.
636 1938 723 1976 Huc
753 1937 912 1976 accedit
941 1936 1097 1975 exerci-

61 1998 163 2042 tium
194 1999 411 2052 aperiendi
445 1998 716 2038 conscientias
750 1997 939 2048 proprias
963 1997 1096 2047 Supe—

63 2059 268 2107 rioribus,
302 2061 574 2111 omniumque
610 2059 873 2098 consiliorum
909 2070 1092 2105 suorum,

61 2121 149 2164 imo
170 2126 211 2163 et
231 2123 530 2174 cogitationum
550 2122 754 2160 rationem
775 2120 964 2159 reddere.
980 2119 1097 2167 Quod

65 2195 155 2226 esse
187 2196 292 2236 opus
330 2196 492 2236 magnae.
522 2182 789 2229 humilitatis,
822 2186 863 2221 et
899 2181 952 2220 ad
986 2181 1098 2222 illam

65 2246 389 2298 comparandam
416 2245 691 2297 aptissimum,
714 2244 835 2282 docet
864 2243 987 2281 etiam
1005 2243 1099 2281 Cas-

66 2309 223 2355 sianus,
239 2308 282 2346 d.
310 2308 382 2347 lib.
399 2309 438 2353 4,
455 2320 494 2347 o.
510 2307 557 2346 9.
577 2305 697 2346 Tanti
717 2317 815 2344 vero
837 2305 1013 2342 aestimat
1028 2304 1100 2342 So-

65 2370 192 2411 cietas
219 2370 298 2408 hoc
316 2369 556 2409 exercitium
572 2397 581 2413 ,
603 2371 648 2405 ut
673 2377 766 2405 esse
788 2376 917 2403 unum
935 2376 987 2403 ex
1006 2364 1101 2403 suh-

65 2429 326 2473 stantialibus
357 2429 420 2468 sui
447 2427 646 2473 instituti,
681 2427 723 2466 in
752 2425 895 2464 ultima
916 2425 1100 2475 generali

66 2493 333 2544 Congregat„
357 2489 655 2534 declaraverit;
676 2498 768 2538 quae
797 2499 863 2526 res
894 2487 1100 2537 integram

66 2553 252 2608 postulat
284 2550 622 2602 disputationem,
649 2559 774 2599 quam
807 2547 995 2596 inferius,
1028 2547 1097 2586 lib.

69 2616 123 2658 10
131 2645 148 2666 ,
179 2614 395 2654 tractando
414 2612 468 2654 de
492 2608 699 2663 regimine
724 2609 942 2651 Societatis
962 2620 1102 2666 prose-

69 2687 262 2731 quemur.

123 2740 188 2779 10.
224 2735 353 2778 Curat
376 2744 523 2776 rursus
540 2743 612 2788 per
633 2731 865 2774 exercitium
898 2734 1101 2774 eaternum

70 2796 201 2853 ipsius
222 2798 538 2838 humilitatis.—
552 2795 655 2836 Tum
678 2799 847 2847 tempore
866 2795 1100 2834 novitiatus.

72 2879 126 2892 —-
142 2859 271 2899 Venio
293 2859 345 2898 ad
374 2857 601 2898 exteriores
635 2858 819 2896 actiones
845 2856 1102 2906 humilitatis,

74 2929 167 2975 quae
187 2920 408 2960 humilitati
428 2918 730 2970 comparandae,
754 2917 1002 2966 nutriendae,
1031 2929 1106 2957 au-

76 2981 220 3037 gendae
254 2986 295 3021 et
323 2980 617 3021 conservandae
643 2979 821 3018 maxime
857 2979 1103 3018 necessariae

68 3043 186 3084 sunt.
219 3042 351 3091 Nam,
386 3046 432 3082 ut
461 3041 626 3094 egregie
651 3040 751 3079 dixit
772 3041 1103 3091 chrysostomus,

75 3101 219 3144 homil.
241 3105 292 3144 58
313 3104 365 3143 ad
386 3104 599 3156 populum,
618 3102 744 3142 vitam
765 3104 1001 3140 sanctorum
1018 3113 1106 3141 mo-

78 3165 307 3207 nachorum
327 3165 566 3205 describens
587 3176 595 3203 ι
619 3164 722 3215 Ipsa
742 3174 859 3214 opera
879 3164 1045 3203 modeste
1066 3174 1107 3203 se

81 3234 213 3278 verere
232 3227 384 3274 docent,
412 3229 447 3265 et
466 3226 738 3267 excandescere
756 3235 833 3263 non
849 3224 1104 3276 permittunt.

71 3271 181 3340 Quis
195 3289 313 3331 enim,
330 3299 473 3338 quaeso,
496 3289 644 3327 terram
663 3286 836 3336 fodiens,
855 3289 891 3324 et
910 3285 1106 3336 irriyans,

83 3349 124 3389 et
141 3348 354 3399 sportellas
381 3359 429 3388 ac
458 3359 616 3387 saccum
647 3350 796 3394 texens,
814 3345 873 3386 vel
901 3345 986 3385 alia
1009 3357 1111 3397 quoe·

22 3453 25 3455 ,
78 3405 175 3460 ,Cam
184 3409 411 3459 huJusmodi
424 3411 622 3457 tractans,
632 3419 804 3460 unquam
817 3407 946 3447 altum
959 3406 1110 3457 sapiet?

78 3466 187 3531 &Quis
221 3474 352 3511 autem
382 3470 428 3509 in
448 3473 683 3521 paupertate
700 3472 852 3518 vivens,
872 3473 910 3510 et
927 3479 1112 3521 puqnans

37 3536 56 3555 *v
74 3533 176 3573 m
195 3533 319 3580 fame,
340 3531 418 3572 tali
434 3532 565 3571 morbo
585 3529 764 3572 laboret?
777 3541 903 3571 nemo,
923 3530 1113 3582 Propter-

78 3588 138 3634 *ss
148 3591 284 3642 facilis
293 3595 353 3636 est
365 3592 452 3635 illis
468 3592 690 3637 humilitas.
706 3590 793 3633 Hac
810 3590 936 3644 igitur
952 3591 1113 3632 ratione

309 213 399 250 mr.
421 211 478 247 IX.
500 212 556 246 m:
574 210 712 246 munus
733 210 880 253 QthJs
900 210 957 246 An
975 208 1147 245 sommis
1165 210 1369 246 VIRTUTES
1389 212 1514 248 lma
1533 213 1842 260 TnEoLocALEs,
1862 216 1955 254 mc.

1158 276 1203 317 in
1244 277 1500 320 institutione
1538 281 1828 334 refigiosorum
1864 284 2080 326 societatis
2108 287 2190 330 hoc

1156 338 1339 390 primum
1360 341 1514 391 jacitur
1544 342 1863 385 fundamentum
1882 376 1894 394 ,
1923 350 1964 387 et
1991 347 2035 387 iu
2069 348 2190 389 annis

1156 400 1412 450 probationis
1440 401 1483 440 in
1505 402 1794 445 humilioribus
1823 407 1967 448 officiis
1990 413 2032 448 et
2056 410 2190 461 operi-

1155 459 1234 500 bus
1267 461 1580 511 diligentissime
1609 472 1869 516 exercentur,
1889 473 1933 509 ut
1955 475 2116 511 constat
2139 483 2190 512 ex

1156 532 1259 569 usu,
1281 526 1324 561 et
1343 534 1395 561 ex
1419 524 1612 573 superius
1638 526 1772 574 dictis,
1789 528 1818 568 l.
1839 530 1879 574 2,
1904 542 1938 570 c.
1965 533 2002 577 5,
2023 532 2075 571 de
2096 522 2191 583 pross

1155 582 1321 623 batione
1348 583 1613 631 novitiorum,
1636 590 1676 624 et
1697 599 1748 626 ex
1767 600 1858 640 cap.
1880 593 1906 630 4
1922 593 2146 643 Examinis,
2164 593 2190 647 ξ

1156 644 1223 692 28,
1245 645 1317 683 ubi
1340 645 1418 684 hoc
1442 646 1643 697 imprimis
1663 647 1911 698 ingressuris
1928 655 2186 704 proponitur.

1155 705 1274 754 Nam,
1295 709 1340 745 ut
1361 707 1597 746 Bernardus
1617 705 1783 759 egregie
1805 710 1919 758 dixit,
1933 715 2053 764 epist.
2077 704 2192 757 00t0-*

1156 767 1313 818 gesima
1343 769 1543 819 septima:
1567 770 1798 811 Humilitas
1825 774 1951 812 totius
1973 779 2032 815 est
2061 777 2192 827 spiri-⁴

1152 828 1281 867 ⁴tualis
1295 830 1458 877 sabricoe
1477 831 1778 879 fundamentum
1783 846 1800 877 ;
1815 832 2043 874 humiliatio
2059 825 2192 878 autern*

1153 889 1222 928 via
1242 893 1298 928 est
1318 891 1372 930 ad
1390 891 1520 931 humil
1533 894 1675 938 tatem,
1695 893 1803 932 sicut
1820 895 2020 943 patientia.
2045 898 2099 936 ad
2118 885 2193 948 pcc-¹

1150 961 1244 997 cem,
1260 950 1372 990 lectio
1388 952 1441 990 ad
1454 953 1678 993 scientiam.
1690 953 1738 992 Et
1751 954 1792 992 in
1807 955 2000 994 eamdem
2020 962 2189 998 senten·

1149 1011 1249 1050 tiam
1269 1012 1510 1063 Cyprianus,
1526 1015 1577 1053 de
1599 1015 1814 1055 Nativitate
1836 1017 2013 1065 Domini,
2037 1018 2193 1064 Christi}

1151 1072 1349 1113 humilem
1364 1075 1404 1113 in
1420 1076 1529 1115 hunc
1544 1077 1745 1115 mundum
1761 1078 1994 1129 ingressum
2008 1086 2191 1122 contem-

1152 1135 1272 1185 plans
1295 1148 1307 1176 ;
1337 1136 1421 1176 Hic
1447 1142 1503 1177 est
1525 1138 1710 1190 (inquit)
1728 1141 1873 1191 primoe
1891 1141 2104 1193 religionis
2126 1144 2191 1184 in-

1153 1198 1317 1245 troitus,
1340 1198 1444 1238 sicut
1470 1197 1514 1238 in
1541 1202 1734 1240 mundum
1761 1201 1919 1251 primus
1943 1202 2102 1243 Christi
2131 1205 2191 1245 in-

1148 1270 1329 1316 yressus,
1348 1264 1390 1298 ut
1419 1261 1653 1314 quicumque
1672 1263 1735 1314 pie
1751 1263 1838 1302 cult
1869 1263 2010 1309 vivere,
2031 1254 2193 1306 humiliss

1154 1324 1214 1361 ter
1233 1323 1277 1361 de
1294 1333 1336 1361 se
1355 1324 1517 1368 sentiat,
1534 1336 1655 1374 neque
1673 1337 1798 1376 supra
1817 1337 1858 1364 se
1873 1325 1916 1364 in
1936 1327 2193 1370 mirabilibus

1154 1383 1358 1422 ambulare
1384 1388 1620 1434 proesumat.
1644 1386 1968 1426 Fundamentum
1996 1390 2193 1430 sanctita-

1155 1445 1208 1484 tis
1240 1457 1391 1497 semper
1427 1448 1514 1494 suit
1542 1447 1749 1487 humilitas
1766 1477 1778 1495 ,
1800 1460 1867 1487 nec
1896 1449 1942 1487 in
1961 1449 2051 1488 coelo
2084 1455 2194 1491 stare

1151 1505 1281 1556 potuit
1299 1507 1468 1557 superba
1491 1508 1736 1548 sublimitas.
1765 1510 1886 1549 Hanc
1906 1510 2082 1560 primam
2099 1522 2192 1561 qra-

1156 1566 1257 1605 tiam
1273 1567 1503 1618 inyrediens
1516 1570 1702 1608 mundum
1719 1574 1852 1609 noster
1871 1571 2069 1620 parvulus
2089 1574 2192 1612 attu-

1155 1626 1233 1674 lit,
1256 1630 1292 1667 et
1312 1641 1336 1668 a
1359 1630 1568 1670 cunabulis
1587 1643 1657 1670 nos
1677 1631 1759 1670 sibi
1781 1634 1993 1681 conformes
2016 1633 2106 1683 fieri
2129 1645 2190 1673 vo-

1155 1689 1255 1738 lens,
1273 1690 1395 1734 teneri
1410 1692 1536 1736 voluit
1549 1693 1594 1732 in
1606 1694 1706 1740 vita,
1719 1694 1823 1744 quod
1840 1695 2021 1736 exhibuit
2036 1696 2081 1734 in
2095 1706 2192 1749 pcr-

1155 1762 1265 1792 sona.

1205 1814 1270 1852 ss.
1305 1812 1410 1853 ,Tum
1429 1813 1550 1853 etiam
1571 1814 1740 1865 tempore
1760 1815 2001 1855 studiorum.
2019 1837 2073 1846 —
2089 1816 2193 1863 Quia

1151 1874 1378 1923 verojuxta
1394 1875 1624 1914 institutum
1646 1876 1859 1915 Societatis
1871 1888 2042 1915 necesse
2061 1880 2124 1916 est
2137 1877 2190 1917 ad

1150 1934 1297 1973 altiora
1317 1936 1541 1974 ministeria
1557 1941 1600 1974 et
1617 1936 1670 1975 ad
1686 1941 1806 1975 actus
1824 1937 1948 1976 etiam
1963 1938 2192 1977 hierarchi-

1149 2006 1222 2034 cos
1236 1996 1490 2035 exercendos
1505 1997 1666 2049 disponi
1680 2009 1729 2036 ac
1743 1998 1981 2048 praeparari,
1997 1999 2090 2038 ideo
2106 1995 2191 2039 noti

1151 2062 1324 2108 possunt
1353 2058 1421 2096 diu
1451 2070 1499 2097 ac
1527 2058 1724 2097 continuo
1745 2058 1789 2097 in
1813 2059 1877 2097 his
1902 2060 2193 2101 humilioribus

1153 2119 1389 2158 ministeriis
1403 2121 1581 2171 religiosi
1595 2121 1685 2171 ejus
1697 2121 1904 2171 occupari.
1917 2122 2192 2162 Nihilominus

1151 2182 1307 2227 tamen,
1330 2193 1546 2231 nunquam
1570 2182 1811 2220 exercitium
1826 2182 2084 2231 humilitatis,
2103 2187 2193 2223 tum

1154 2242 1195 2280 in
1207 2243 1381 2289 actibus,
1395 2248 1483 2282 tum
1494 2243 1536 2281 in
1556 2244 1648 2282 aliis
1663 2244 1935 2282 exterioribus
1948 2245 2077 2295 signis
2089 2257 2193 2296 prae-

1154 2303 1405 2351 termittitur,
1434 2304 1507 2342 sed
1540 2315 1614 2354 pro
1634 2306 1794 2344 ratione
1826 2306 1971 2353 aetatis,
1994 2306 2119 2345 officii
2142 2318 2194 2347 ae

1152 2365 1427 2412 necessitatis,
1445 2365 1619 2416 siugulis
1638 2367 1989 2408 accommodatur.
2015 2368 2117 2406 Hinc
2130 2368 2190 2418 fit,

1155 2430 1201 2464 ut
1219 2426 1453 2465 studiorum
1475 2431 1661 2478 tempore
1682 2428 1820 2478 aliqua
1842 2428 1966 2467 etiam
1987 2429 2194 2469 humilita-

1155 2487 1207 2526 tis
1221 2488 1374 2534 officia,
1394 2500 1486 2538 quae
1507 2500 1592 2526 non
1612 2489 1845 2527 studiorum
1865 2490 2191 2539 contentionem,

1156 2548 1231 2587 sed
1245 2560 1388 2587 eorum
1405 2549 1626 2588 elationem
1645 2551 1876 2595 remittant,
1895 2551 2060 2589 interim
2079 2563 2195 2591 exer·

1158 2614 1344 2658 ceantur,
1362 2611 1479 2660 juxta
1495 2621 1532 2648 0.
1552 2611 1578 2650 ὃ
1599 2613 1755 2660 quartae
1778 2611 1907 2661 partis
1926 2612 2194 2652 Constitutio-

1157 2671 1343 2718 num,lit.
1363 2672 1392 2709 B
1412 2675 1452 2710 et
1467 2671 1509 2717 C,
1529 2675 1570 2710 et
1588 2672 1689 2709 alias
1704 2672 1919 2711 Societatis
1937 2673 2125 2723 regulas;
2142 2672 2193 2712 si-

1156 2733 1307 2772 militer
1327 2732 1381 2771 ob
1406 2732 1600 2771 eumdem
1620 2731 1746 2770 finem
1772 2733 1988 2772 vilioribus
2007 2735 2194 2774 vestibus

1157 2793 1292 2833 induti
1326 2794 1552 2845 aliquando
1589 2793 1754 2844 publice
1793 2794 2004 2842 incedunt,
2028 2799 2069 2834 et
2094 2808 2195 2846 pau-

1153 2856 1328 2908 pertatis
1360 2867 1407 2895 30
1437 2855 1679 2894 humilitatis
1709 2855 1859 2894 indicia
1886 2867 1935 2894 ac
1967 2855 2196 2896 ministeria

1160 2917 1373 2963 exhibent,
1390 2917 1506 2967 juxta
1521 2928 1609 2968 reg.
1626 2917 1679 2956 29
1699 2916 1896 2963 Rectoris,
1915 2917 2086 2967 etjuxta
2100 2930 2196 2956 con-

1160 2979 1298 3018 silium
1326 2978 1481 3025 Basilii,
1515 2978 1557 3016 in
1585 2978 1722 3016 Const.
1754 2978 1990 3024 monastic„
2020 2990 2110 3029 cap.
2136 2979 2196 3017 vi-

1161 3040 1320 3092 gesimo
1338 3043 1500 3090 quarto,
1520 3039 1720 3078 dicentis:
1742 3039 1862 3079 Debet
1876 3039 2042 3090 pietatis
2068 3039 2196 3078 cultor

1159 3101 1309 3141 viliora
1327 3111 1493 3139 munera
1511 3111 1656 3150 macno
1687 3111 1775 3139 cum
1810 3100 1956 3146 studio,
1975 3109 2196 3149 maynaque

1161 3174 1250 3204 cum
1265 3163 1394 3202 animi¹
1411 3161 1623 3202 alacritate
1639 3162 1852 3212 suscipere,
1864 3162 1991 3201 sciens
2000 3158 2106 3199 nihil
2122 3158 2196 3198 mi-

1160 3229 1301 3265 nutum
1321 3235 1416 3270 esse,
1434 3224 1537 3275 quod
1549 3223 1625 3262 Dei
1645 3234 1766 3263 causa
1782 3222 1860 3270 fiat
1871 3238 1887 3268 ;
1904 3221 1974 3262 sed
1990 3220 2139 3271 prande
2158 3221 2196 3260 et

1162 3285 1392 3338 spirituale,
1414 3290 1448 3324 et
1466 3284 1673 3336 ejusmodi,
1695 3287 1740 3323 ut
1767 3283 1905 3323 coelum
1934 3282 2043 3321 nobis
2068 3278 2195 3319 conot-

1164 3347 1247 3388 liet.
1267 3347 1537 3394 Quamobrem,
1555 3347 1646 3387 licet
1664 3345 1928 3386 communibus
1946 3340 2193 3383 utilitatibus

1164 3409 1421 3451 inservientia
1437 3410 1669 3450 sarcinaria
1689 3408 1799 3459 sequi
1803 3407 1987 3457 jumenta
2003 3403 2193 3452 oporteat,

1163 3480 1349 3513 recusare
1381 3474 1512 3511 tamen
1539 3481 1616 3510 non
1640 3469 1758 3509 debet.
1786 3468 1836 3506 Et
1862 3476 1952 3515 cap.
1980 3461 2195 3512 trigesimo

1166 3529 1300 3583 primo
1331 3531 1384 3572 de
1417 3529 1672 3572 vestimentis
1691 3530 1776 3568 ait:
1804 3527 1901 3568 Non
1935 3523 2194 3575 amantiora,

1166 3592 1237 3635 sed
1249 3602 1336 3644 qua
1351 3591 1518 3642 viliora,
1535 3592 1649 3632 nobis
1670 3591 1764 3630 sunt
1786 3586 1981 3639 elipenda,
1996 3587 2046 3626 ut
2058 3583 2106 3626 in
2117 3583 2197 3628 hae
