2352 3880
58 286 70 326 ’ς
85 266 192 381 ’ἔτι
209 263 410 316 secretim
433 275 474 313 et
491 274 722 324 paternam,
747 271 831 312 sive
861 272 1118 323 judicialem,

58 335 90 384 ‘t'
134 333 138 339 '
155 347 237 388 que
254 334 365 375 utilis
383 333 438 374 ad
456 332 584 373 finem
604 334 714 380 voti,
744 334 787 373 et
817 334 1119 384 comprehensa

59 389 66 423 ἶ
85 396 169 441 nub
184 396 320 435 verbis
339 395 446 447 ejus.
462 394 604 434 Solum
619 397 754 445 potest
772 405 864 434 esse
882 394 1116 443 difficultas,

54 479 64 485 <
83 446 143 501 'fin
159 455 326 496 ultimus
339 456 488 496 modus
506 454 683 493 intamiae
701 454 878 494 sufficiat
893 456 944 494 ad
959 455 1118 495 denun-

88 517 307 562 ciationem
324 516 581 570 judicialem,
609 515 662 555 de
691 527 775 566 qua
794 515 929 555 dicam
963 516 1115 556 statim.

85 578 202 626 'Addo
219 590 319 630 ergo
339 579 480 627 etiam,
500 576 668 627 quando
689 576 886 616 delictum
916 581 979 617 est
997 578 1118 617 semi-

85 639 311 697 probabile,
331 639 374 678 id
390 642 467 687 est,
489 638 542 677 ab
563 649 646 676 uno
665 637 748 676 fide
768 638 896 689 digno
911 643 1015 678 teste
1034 638 1116 677 suf-

86 699 268 743 ficienter
303 704 451 739 notum
471 699 566 750 (qui
590 701 679 737 erat
712 698 881 750 quintus
911 700 1058 739 modus
1073 699 1116 738 iu

71 755 257 805 vnumero
275 761 437 801 decimo
462 772 574 799 nono
592 760 789 811 positus),
824 761 1010 812 obligare
1042 773 1115 800 vo-

85 826 186 872 tum,
208 823 303 873 quia
321 823 445 861 etiam
468 827 566 860 tunc
599 825 735 872 potest
757 822 866 861 licite
900 821 1005 869 fieri,
1037 822 1115 861 sal-

81 886 168 926 iem
196 895 272 935 per
291 887 494 922 secretam
523 885 564 921 et
594 887 812 933 paternam
833 883 1114 922 denunciatio-

82 939 196 993 ‘nem,
218 948 265 984 ut
294 956 344 984 ex
364 944 548 983 dicendis
580 956 603 982 a
636 943 794 983 fortiori
813 945 982 996 patebit.
1008 945 1115 990 Quin

80 998 221 1060 'potius
235 1005 358 1044 credo
376 1006 498 1044 etiam
520 1010 618 1044 tunc
633 1017 756 1056 posse
770 1005 858 1044 fieri
874 1006 1114 1056 judicialem

81 1068 461 1115 denunciationem,
496 1067 553 1106 ita
588 1071 633 1106 ut
669 1067 925 1106 denuncians
958 1079 1043 1106 non
1068 1079 1112 1107 sc

81 1129 233 1180 obliget
253 1129 305 1168 ad
325 1130 532 1180 integram
552 1128 853 1179 probationem,
877 1129 950 1167 sed
979 1128 1114 1168 solum

81 1190 135 1230 ad
148 1190 500 1229 manifestandum
517 1189 630 1240 quod
648 1189 734 1228 scit.
750 1190 851 1228 Nam
863 1190 1040 1228 materia
1055 1194 1114 1229 est

78 1253 287 1304 pertinens
309 1251 361 1290 ad
376 1263 597 1291 commune
617 1251 791 1297 bonum,
806 1251 873 1289 cui
892 1251 1113 1301 praeferen-

78 1313 174 1353 dum
196 1325 280 1351 non
309 1317 372 1352 est
390 1314 596 1364 privatum
622 1312 950 1359 incommodum,
975 1316 1016 1351 et
1045 1313 1112 1351 ille

76 1375 224 1415 modus
241 1374 572 1414 denunciationis
596 1377 732 1424 potest
753 1386 845 1412 esse
865 1374 985 1412 valde
1002 1374 1112 1412 utilis

77 1436 130 1476 ad
155 1437 269 1475 illum
297 1436 439 1486 finem,
469 1436 565 1487 quia
600 1435 804 1475 deserviet
842 1438 887 1474 ut
918 1436 1112 1486 Superior

74 1499 204 1549 possit
227 1498 411 1550 legitime
435 1498 692 1549 interrogare
710 1501 875 1546 testem,
898 1502 938 1536 et
954 1502 999 1536 ut
1020 1502 1112 1548 post

73 1559 182 1599 illius
211 1560 493 1599 testimonium
511 1560 642 1611 possit
668 1561 921 1610 juramento,
944 1559 1010 1597 vel
1032 1559 1110 1597 alio

74 1622 340 1661 convenienti
362 1622 487 1660 modo
512 1633 661 1673 cogere
680 1632 800 1660 reum
821 1621 873 1659 ad
894 1621 1111 1659 veritatem

75 1683 293 1723 dicendam
302 1694 314 1733 ;
345 1684 427 1722 imo
448 1683 561 1723 addit
581 1685 786 1722 Navarrus
810 1682 918 1722 dicto
939 1695 975 1722 c.
998 1685 1112 1723 Inter

73 1746 205 1794 verba,
223 1757 338 1783 num.
360 1746 428 1784 381
459 1745 553 1795 (ubi
569 1746 675 1784 hanc
696 1745 945 1783 sententiam
962 1746 1106 1794 tenet),

74 1807 187 1858 quod
209 1807 385 1858 ipsemet
402 1807 677 1846 denunciator
698 1811 834 1858 potest
866 1819 958 1846 esse
993 1807 1110 1846 testis

74 1869 196 1907 simui
220 1880 314 1907 cum
350 1868 430 1907 alio
450 1869 503 1907 ad
526 1869 790 1919 probandum
819 1868 1014 1906 delictum
1043 1868 1110 1906 via

74 1929 419 1978 denunciationis,
437 1929 490 1968 ad
508 1930 700 1968 effectum
714 1929 962 1980 injungendi
978 1929 1110 1980 poeni-

73 1991 259 2038 tentiam,
282 1994 322 2029 et
343 1991 592 2030 emendandi
616 1993 847 2041 peccatum.

127 2054 194 2091 22.
226 2053 409 2093 Tertium
445 2055 767 2103 pronunciatum.
793 2072 847 2082 -
876 2053 1111 2102 Empeditnr

72 2116 180 2156 ratio
199 2116 386 2167 utrinque
406 2115 611 2155 dubitandi
629 2117 672 2155 in
691 2127 731 2154 n.
757 2116 879 2153 18.-
892 2116 1014 2153 Extra
1033 2115 1109 2153 bos

72 2188 170 2216 vero
186 2188 320 2223 casus,
341 2177 382 2214 in
401 2177 596 2215 omnibus
616 2177 707 2215 aliis
724 2176 858 2215 modis
876 2176 1025 2214 occulti
1039 2176 1109 2214 de-

73 2230 172 2285 licti,
194 2250 278 2278 non
298 2242 434 2289 potest
465 2239 558 2289 quis
590 2239 715 2278 etiam
736 2239 953 2277 occasione
983 2238 1109 2289 huJ’us

73 2300 158 2341 voti
192 2299 419 2352 procedere
450 2300 503 2338 ad
536 2300 907 2338 denunciationem
927 2299 1109 2350 judicia-

73 2361 156 2401 lem
166 2377 177 2410 ;
199 2362 297 2412 quia
314 2362 407 2401 talis
427 2361 692 2401 denunciatio
709 2374 784 2413 per
800 2373 844 2400 se
861 2374 946 2400 non
963 2366 1026 2401 est
1042 2374 1109 2400 ra-

73 2424 175 2464 tioni
195 2427 490 2472 consentanea,
504 2424 617 2474 quod
627 2422 847 2462 intendunt
861 2427 1051 2462 auctores
1066 2424 1108 2462 in

73 2485 234 2526 ratione
259 2485 473 2524 dubitandi
492 2497 668 2523 numero
691 2485 850 2523 decimo
884 2489 1029 2524 octavo
1050 2485 1109 2523 al-

38 2587 44 2591 ,
74 2545 216 2598 legati,
233 2551 272 2585 et
291 2545 440 2597 probat
454 2546 558 2585 ratio
575 2546 732 2585 ibidem
750 2546 873 2585 facta.
892 2546 1026 2596 Atque
1039 2558 1107 2585 eo-

75 2607 170 2648 dem
187 2607 311 2646 modo
332 2608 575 2647 dicebamus
592 2620 718 2659 supra
731 2638 742 2655 ,
760 2619 936 2646 numero
956 2607 1111 2647 duode-

76 2670 209 2718 nimo,
241 2669 405 2721 quoties
433 2669 597 2708 laborat
629 2669 800 2708 infamia
831 2668 1108 2720 delinquens,

78 2730 333 2770 etiamsinon
351 2735 510 2770 constet
529 2742 582 2769 an
600 2742 651 2769 ex
671 2731 810 2782 aliqua
830 2731 1001 2770 scientia
1022 2735 1112 2770 orta

77 2791 142 2839 sit,
153 2803 271 2843 posse
283 2792 434 2831 deferri
446 2791 499 2830 ad
509 2792 839 2842 Superiorem,ut
850 2791 891 2829 in
901 2803 950 2830 eo
963 2791 1111 2830 delicto

74 2853 326 2904 judicialiter
343 2854 558 2905 procedat,
587 2865 636 2893 eo
655 2853 779 2892 modo
804 2864 885 2902 quo
908 2853 1018 2892 licite
1038 2865 1114 2904 po-

77 2917 173 2962 test,
197 2914 422 2954 dummodo
444 2915 591 2954 saltem
611 2915 702 2966 ipsa
722 2914 891 2953 infamia
906 2915 1113 2953 sufficien-

77 2978 140 3016 ter
157 2976 321 3028 probari
341 2977 494 3028 possit;
521 2977 618 3026 quia
639 2977 680 3015 id
701 2976 799 3015 satis
820 2980 882 3015 est
907 2980 952 3015 ut
983 2976 1112 3027 possit

80 3037 274 3089 Superior
286 3042 432 3088 postea
441 3039 553 3088 juste
568 3038 794 3089 inquirere,
808 3039 848 3076 et
864 3037 1111 3077 convenien-

79 3098 138 3139 tia
155 3099 339 3137 remedia
359 3099 570 3138 adhibere.

134 3159 202 3199 23.
235 3159 430 3206 Quartum
445 3160 768 3211 pronunciatum,
790 3159 964 3200 attinens
980 3160 1034 3200 ad
1049 3161 1113 3201 de-

81 3220 374 3261 nunoiationem
390 3224 616 3272 paternam.
633 3242 687 3251 -
703 3221 897 3263 Sumitnr
916 3233 962 3261 em
981 3226 1114 3262 ancto-

77 3276 209 3322 'ribus.
225 3301 279 3310 —
295 3279 419 3321 Ratio
439 3282 492 3321 ad
504 3281 621 3322 idem.
635 3303 691 3311 —
703 3283 755 3322 At
771 3294 868 3321 vero
884 3282 936 3321 de
954 3287 1113 3322 secreta

84 3351 159 3381 seu
194 3345 368 3393 paterna
414 3340 732 3382 denunciatione
774 3343 1114 3394 distinguendum

85 3406 170 3449 esu
195 3413 308 3450 nam,
326 3401 425 3442 licet
443 3401 637 3441 delictum
657 3404 707 3442 sit
729 3404 935 3443 occultum
968 3408 1113 3454 quarto

68 3464 71 3467 “
87 3463 209 3503 modo
226 3463 361 3515 posito
381 3462 424 3503 in
450 3474 625 3502 numero
644 3463 804 3504 decimo
828 3477 957 3512 nono,
975 3465 1019 3503 id
1037 3469 1112 3513 est,

26 3522 28 3525 ’
86 3522 166 3577 noli
185 3523 321 3564 eidem
339 3535 528 3576 personae
553 3535 629 3574 per
647 3527 804 3563 certam
821 3525 1114 3575 experientiam

74 3576 167 3624 iffi
194 3585 396 3625 visionem
417 3584 650 3636 cognitum,
670 3585 954 3634 nihilominus,
975 3597 1051 3637 per
1068 3598 1115 3625 se

408 204 502 242 GAP.
520 205 564 241 X.
586 205 642 241 1)ss
661 203 771 240 VOTO
790 205 1093 242 nArtimsTANni
1114 204 1368 242 mumurati
1391 209 1576 251 AanAm
1597 204 1903 246 PROCURANTES.

2134 211 2215 258 9⁰3

1175 271 1404 324 loquendo,
1421 278 1560 326 potest
1578 274 1775 316 delictum
1795 279 1998 316 secretum
2012 279 2216 319 manifes-

1173 334 1254 373 tari
1275 335 1498 386 Praeposito
1528 337 1817 378 Generali.1ta
1854 338 2033 379 sumitur
2060 351 2111 380 ex
2139 341 2218 382 Co-

1174 397 1381 446 varruvia‚
1402 396 1474 435 lib.
1495 398 1514 436 1
1535 398 1769 446 Variarum,
1790 411 1826 439 c.
1848 401 1914 449 11,
1932 412 2047 440 num.
2067 403 2093 442 6
2109 406 2150 442 et
2169 403 2212 450 7;

1173 456 1373 505 Adriano,
1393 457 1583 504 Quodlib.
1608 460 1675 506 11,
1692 459 1818 499 litter.
1838 462 1885 508 R;
1904 462 2018 510 Soto,
2036 463 2212 512 Relect„

1173 517 1226 557 de
1260 517 1456 569 Tegendo
1493 523 1650 557 secreto
1668 548 1679 566 ,
1717 521 1872 560 memb.
1907 523 1953 569 2,
1987 528 2135 574 quaest.
2168 526 2211 573 4,

1172 578 1305 617 concl.
1333 580 1358 618 2
1372 593 1383 626 ;
1415 579 1612 627 Navarra,
1634 579 1678 617 in
1705 580 1903 630 Manuali,
1929 595 1966 622 c.
1989 585 2055 633 18,
2077 598 2120 624 n.
2143 585 2211 635 61,

1172 644 1213 680 et
1232 653 1325 693 cap.
1347 641 1465 682 Inter
1480 642 1612 691 verba,
1629 642 1812 682 conclus.
1832 645 1872 690 6,
1894 648 1936 683 et
1956 646 2046 684 aliis
2063 648 2214 687 Docto-

1170 703 1300 751 ribus,
1321 703 1554 743 dicentibus
1566 703 1677 742 hunc
1694 705 1867 743 modum
1884 705 2212 749 denunciationis

1171 774 1262 802 esse
1282 763 1438 803 licitum
1452 795 1461 811 ,
1484 765 1653 816 quando
1686 765 1904 805 ordinatur
1923 767 1977 806 ad
1996 769 2212 810 vitandum

1170 825 1339 876 aliquod
1356 826 1558 865 damnum
1577 839 1717 878 grave,
1732 827 1798 866 vel
1809 829 2131 877 communitatis,
2145 833 2212 871 vel

1170 886 1343 936 alicujus
1361 887 1487 926 tertiae
1505 900 1710 939 personae.
1726 889 1769 927 In
1792 890 1984 940 praesenti
1998 890 2108 928 enim
2127 904 2212 931 non

1170 948 1306 999 agitur
1324 950 1529 999 praecipue
1548 949 1600 989 de
1617 950 1865 989 vindicando
1883 951 2121 990 ambitionis
2142 948 2216 991 de-v

1168 1009 1279 1056 licto,
1303 1009 1377 1048 sed
1396 1009 1448 1048 de
1468 1011 1735 1061 impediendo
1755 1013 1964 1051 communi
1987 1025 2213 1053 nocumen-

1168 1073 1211 1109 to
1231 1070 1459 1121 religionis,
1482 1072 1596 1122 quod
1627 1077 1734 1111 esset
1752 1073 1996 1122 maximum,
2019 1074 2053 1112 si
2077 1074 2214 1125 digni--¹

1168 1134 1275 1171 tates
1290 1144 1366 1183 per
1382 1132 1655 1173 ambitionem
1672 1134 1974 1183 obtinerentur,
1993 1135 2060 1174 vel
2081 1136 2114 1174 si
2133 1128 2214 1175 hoc¹

1167 1193 1312 1232 vitium
1330 1195 1531 1245 paulatim
1549 1196 1591 1233 in
1609 1195 1688 1235 hac
1709 1196 1910 1246 religione
1924 1197 2215 1252 introducere-¹¹

1168 1259 1260 1301 tur;
1282 1256 1396 1305 quod
1416 1256 1535 1295 facile
1572 1257 1710 1296 timeri
1743 1262 1885 1308 posset
1920 1264 2092 1309 propter
2114 1253 2214 1309 pro-¹

1167 1316 1413 1366 pensionem
1434 1329 1631 1368 magnam
1652 1318 1869 1356 hominum
1890 1319 1944 1356 ad
1968 1319 2210 1369 hujusmodi

1167 1377 1324 1424 vitium,
1350 1382 1390 1416 et
1411 1379 1552 1429 plures
1572 1380 1812 1418 occasiones
1830 1380 1935 1430 ejus,
1954 1391 2046 1430 quae
2068 1380 2110 1418 in
2130 1375 2213 1419 hac*

1167 1439 1367 1490 religione
1390 1452 1479 1479 esse
1506 1446 1695 1491 possunt,
1719 1442 1784 1480 cui
1810 1442 1890 1480 tale
1911 1441 2056 1480 vitium
2078 1437 2213 1492 maxi-j

1167 1513 1279 1539 mam
1301 1502 1531 1552 perniciem
1565 1503 1745 1542 afferret.
1785 1503 1902 1543 Unde
1942 1503 2038 1542 Soto
2055 1533 2065 1549 ,
2099 1503 2213 1542 dicta

1167 1568 1312 1613 quaest.
1329 1565 1370 1611 4,
1390 1564 1441 1602 de
1458 1565 1641 1613 Secreto,
1658 1564 1758 1603 dub.
1777 1567 1815 1612 1,
1829 1569 1923 1615 post
1938 1565 2101 1604 tertiam
2114 1555 2214 1620 con-L1

1167 1626 1411 1674 elusionem,
1434 1626 1541 1665 inter
1560 1630 1746 1676 peccata,
1760 1638 1851 1677 quae
1875 1639 1951 1677 per
1971 1639 2014 1665 se
2032 1631 2211 1677 vergunt

1166 1687 1208 1725 in
1231 1687 1457 1738 perniciem
1478 1688 1700 1738 publicam,
1721 1688 1837 1738 ponit
1858 1688 2144 1737 ambitionem,
2168 1692 2210 1728 et

1166 1749 1509 1788 subornationem
1541 1750 1835 1800 suffragiorum
1862 1751 1903 1788 in
1935 1750 2140 1789 cathedris
2169 1753 2211 1789 et

1166 1810 1211 1848 in
1232 1810 1321 1848 aliis
1341 1810 1627 1857 electionibus,
1645 1811 1758 1861 quod
1774 1823 1857 1850 non
1876 1811 1964 1850 sine
1981 1811 2210 1850 multorum

1166 1871 1362 1909 scandalo
1392 1870 1482 1909 fieri
1514 1872 1768 1922 experientia
1807 1873 1906 1910 satis
1936 1872 2073 1910 docet.
2104 1862 2212 1911 Hinc¹

1166 1943 1267 1981 ergo
1288 1931 1548 1970 concluditur
1574 1932 1678 1969 ratio
1700 1932 1954 1979 assertionis,
1975 1943 2067 1981 quae
2087 1944 2210 1982 gene-

1165 1992 1263 2029 ralis
1298 1995 1376 2039 est,
1416 1992 1513 2042 quia
1538 1991 1696 2030 bonum
1734 2003 1955 2030 commune
1990 1987 2212 2043 praefertur

1164 2054 1340 2104 privato,
1362 2057 1402 2091 et
1422 2065 1444 2091 e
1466 2065 1666 2092 converso
1694 2055 1943 2092 nonnullum
1979 2053 2213 2109 nocrimen-3¹

1164 2119 1253 2154 tum
1288 2115 1457 2165 privatae
1493 2127 1709 2165 personae,
1744 2120 1783 2153 et
1803 2116 2033 2166 praesertim
2055 2128 2211 2172 nocen7

1164 2177 1236 2223 tis,
1268 2177 1594 2227 permittendum
1628 2181 1703 2222 est,
1730 2177 1797 2215 vel
1831 2177 2211 2224 contemnendum‚⁴

1163 2242 1334 2290 propter
1356 2239 1572 2277 vitandum
1593 2239 1730 2288 majus
1751 2238 1968 2284 damnum,
1996 2239 2063 2276 vel
2095 2250 2208 2277 com-

1164 2300 1392 2347 munitatis,
1413 2300 1478 2339 vel
1496 2299 1670 2350 alicujus
1686 2299 1932 2338 innocentis.
1947 2300 1991 2337 ln
2012 2300 2207 2350 praesenti

1166 2372 1304 2400 autem
1316 2361 1532 2407 damnum,
1546 2362 1795 2411 proveniens
1813 2361 2032 2399 ambitioso
2053 2373 2103 2399 ex
2118 2372 2206 2399 ma-

1162 2423 1426 2462 nifestatione
1455 2423 1614 2477 peccati
1656 2424 1746 2474 eJus
1781 2422 1945 2467 occulti,
1966 2422 2086 2473 parvi
2119 2433 2207 2460 mo-

1163 2484 1294 2524 menti
1321 2489 1383 2524 est
1405 2483 1716 2535 comparatione
1734 2483 1997 2530 nocumenti,
2020 2482 2131 2534 quod
2155 2494 2208 2522 ex

1166 2547 1257 2596 ejus
1301 2545 1400 2584 vitio
1440 2545 1632 2597 religioni
1670 2549 1807 2595 potest
1838 2545 2073 2594 provenire.
2118 2544 2206 2582 Imo

1167 2607 1294 2646 etiam
1328 2611 1523 2657 respectu
1560 2605 1749 2657 ejusdem
1781 2605 1978 2656 religiosi,
1998 2609 2134 2656 potest
2162 2605 2208 2644 in

1166 2669 1302 2719 majus
1328 2668 1485 2707 bonum
1505 2667 1766 2713 redundare;
1793 2679 1890 2705 nam
1920 2666 2120 2704 damnum
2140 2678 2208 2704 so-

1166 2731 1255 2769 lum
1287 2733 1349 2768 est
1382 2741 1510 2780 parva
1535 2729 1727 2780 quandam
1750 2728 1920 2767 infamia
1941 2728 2053 2778 apud
2076 2728 2208 2778 Supe-

1167 2793 1336 2835 riorem,
1361 2791 1627 2830 commodum
1648 2793 1788 2830 autem
1810 2794 1871 2829 est
1891 2794 1938 2828 ut
1955 2790 2106 2829 vitetur
2121 2789 2208 2841 spi·

1167 2853 1317 2893 rituale
1334 2853 1425 2903 ejus
1440 2853 1657 2900 damnum,
1676 2856 1716 2890 et
1734 2851 1962 2902 periculum
1976 2865 1988 2899 ;
2008 2861 2123 2899 ergo.

1221 2915 1287 2953 24.
1323 2913 1493 2965 objectio
1529 2913 1737 2964 bipartita.
1764 2933 1815 2942 -
1833 2913 1986 2952 Dices:
2019 2912 2116 2951 licet
2139 2911 2217 2970 ¹¹50:

1166 2975 1261 3015 finis
1283 2975 1420 3014 bonus
1440 2974 1506 3023 sit,
1539 2974 1724 3013 medium
1744 2978 1886 3013 tamen
1905 2985 1992 3012 non
2029 2977 2093 3012 est
2113 2976 2217 3027 pro-J

1166 3037 1464 3089 portionatum,
1484 3035 1582 3087 quia
1610 3036 1643 3075 si
1665 3036 1862 3075 delictum
1891 3038 1954 3074 est
1981 3034 2202 3079 occultum,

1168 3098 1331 3138 etiamsi
1367 3097 1577 3136 reveletur
1611 3097 1837 3148 Superiori,
1877 3095 2039 3134 nullum
2070 3093 2210 3145 potest

1166 3159 1354 3199 medium
1383 3158 1603 3206 adbibere;
1626 3158 1725 3208 quia
1762 3169 1842 3197 nec
1864 3160 2000 3208 potest
2031 3155 2209 3195 iuterro-

1169 3233 1269 3273 gare
1289 3232 1426 3267 reum,
1444 3231 1523 3258 nec
1541 3219 1576 3258 si
1610 3219 1854 3270 interroget,
1896 3217 1964 3256 ille
1997 3216 2208 3256 tenebitur

1168 3283 1355 3323 confiteri
1372 3281 1585 3328 delictum,
1608 3281 1707 3332 quia
1722 3292 1808 3319 non
1833 3279 2008 3331 juridice
2028 3278 2208 3315 interro-

1169 3347 1314 3395 gatur;
1336 3342 1450 3394 quod
1472 3342 1504 3380 si
1522 3346 1664 3391 neget,
1686 3341 1744 3379 illi
1767 3341 1904 3391 potius
1925 3342 1987 3379 est
2011 3338 2115 3376 fides
2135 3334 2207 3374 ad-

1167 3404 1352 3444 hibenda
1367 3417 1376 3452 ;
1397 3403 1662 3455 praesumitur
1677 3402 1788 3441 enim
1805 3401 2017 3441 innocens,
2032 3395 2103 3446 qui
2119 3407 2206 3434 non

1167 3466 1370 3517 probatur
1387 3476 1558 3504 nocens.
1584 3464 1726 3513 Neque
1746 3463 1870 3501 etiam
1902 3461 2039 3509 potest
2058 3456 2110 3495 de
2131 3455 2206 3495 tali

1168 3526 1319 3566 delicto
1337 3526 1547 3576 inquirere
1569 3524 1614 3562 in
1634 3520 1885 3574 particulari,
1902 3517 2000 3568 quia
2019 3518 2127 3556 esset
2146 3517 2207 3555 in-

1167 3587 1327 3626 famare
1342 3586 1471 3626 talem
1486 3593 1724 3636 personam.
1746 3579 1937 3629 Denique
1971 3577 2097 3618 datur
2113 3578 2207 3617 aliis

2236 3296 2249 3382 r--<
