2352 3880
0 0 121 145 'yx‘
140 0 153 22 ‘V
166 7 170 9 Α
186 0 197 18 'q
263 12 265 15 v

86 57 91 65 =

29 132 50 148 ,1-

62 183 68 190 ι

418 207 511 244 cAr.
532 206 604 244 vll.
624 207 720 250 QUAE
739 204 1006 244 comnmonzs
1025 205 1319 248 REQUfflANTUR
1337 207 1397 244 EX
1413 207 1551 244 PARTE
1569 206 1813 251 ΒΕῙᾸΕῙΟΝΒ,
1833 206 1926 245 mc.

39 294 44 303 ,
115 285 215 319 men
249 273 480 326 societatis,
511 275 582 319 ‚vel
622 276 733 316 certe
765 285 818 315 ex
852 273 1145 327 conjunctione

113 337 354 389 utriusque;
376 337 473 390 quia
494 348 580 378 non
617 339 752 390 potest
778 334 859 376 alio
896 335 1021 375 modo
1043 335 1146 376 utri-

113 411 195 456 que
215 394 465 447 satisfacere,
490 398 657 447 scilicet,
685 398 846 450 parenti
873 401 914 438 et
933 397 1140 439 Societati.

111 461 358 503 Discernere
376 464 516 505 autem
536 472 590 499 an
609 458 689 500 hoc
715 459 782 500 vel
811 459 914 499 illud
934 458 1141 511 expediat,

113 527 184 563 aut
216 522 427 563 moraliter
445 521 728 561 necessarium
753 521 820 569 sit,
841 521 1056 572 negotium
1081 523 1144 561 est

109 583 387 642 prudentiale,
404 586 446 624 et
457 581 552 622 ideo
567 581 724 634 judicio
741 582 818 624 viri
844 582 1060 634 prudentis
1078 592 1142 622 re-

109 644 385 696 linquendum
412 649 497 691 est;
520 643 590 697 qui
628 643 662 684 si
691 648 808 684 recta
835 644 1080 692 intentione,
1101 646 1143 683 et

109 706 217 748 facta
251 706 451 747 mediocri
494 705 708 758 diligentia
742 706 894 747 morali
928 703 1141 759 procedat,

107 768 287 823 practice
304 780 444 809 coram
463 768 548 808 Deo
568 780 653 807 non
672 768 842 808 errabit.

162 831 229 870 15.
259 830 314 870 In
340 828 574 883 obliqatione
591 834 682 871 orta
708 842 757 873 eo)
786 831 896 872 dicta
923 829 1144 885 indiqentia

109 893 416 947 aequiparantur
450 894 645 944 professis
695 893 902 946 quibusvis
944 894 1146 936 scholares

108 955 344 999 Societatis.
365 976 422 986 —
436 955 656 996 Diste’ozctio
683 956 732 998 de
756 956 979 1009 indigentia
1000 951 1144 1007 paren-

109 1022 193 1060 tum
211 1022 302 1059 ante
318 1017 380 1058 vel
397 1017 526 1058 solum
547 1021 639 1069 post
664 1019 951 1069 professionem
970 1018 1069 1068 filii.
1089 1040 1144 1047 —

110 1079 285 1126 Quando
311 1079 471 1118 veroin
502 1077 740 1128 hujusmodi
767 1083 920 1118 eventu
951 1082 1144 1119 teneatur

111 1141 295 1182 Societas
313 1139 548 1179 facultatem
565 1139 794 1179 concedere
814 1139 995 1189 subdito,
1011 1145 1057 1179 ut
1071 1151 1143 1192 pa-

108 1202 216 1243 renti
235 1199 466 1248 subveniat,
488 1204 528 1239 et
549 1200 638 1252 ipse
658 1199 784 1240 etiam
813 1202 1009 1241 teneatur
1028 1201 1142 1242 illam

108 1274 343 1318 procurare,
363 1274 414 1302 eo
430 1261 540 1314 quod
564 1264 725 1314 parenti
743 1264 965 1303 subvenire
986 1265 1141 1315 obliga-

108 1332 175 1368 tus
191 1325 253 1372 sit,
276 1336 426 1365 censeo
445 1324 570 1363 etiam
588 1337 639 1363 ex
662 1326 848 1376 generali
866 1326 1052 1366 doctrina
1072 1339 1143 1366 su-

105 1386 256 1438 periori
274 1389 388 1426 tomo
417 1385 514 1425 data
534 1386 585 1425 de
607 1387 811 1438 religiosis
829 1388 1028 1438 professis
1047 1400 1138 1428 esse

105 1447 400 1490 definiendam.
420 1447 566 1488 Judico
600 1449 710 1490 enim
742 1451 881 1500 quoad
909 1451 1018 1490 hanc
1048 1462 1140 1502 par-

105 1515 204 1559 tem,
224 1513 264 1549 et
278 1509 487 1549 scholares
501 1510 544 1549 in
560 1510 765 1551 Societate
780 1513 1030 1564 approbatos
1049 1523 1143 1552 esse

107 1574 292 1626 oequales
324 1573 657 1624 quibuscumque
691 1575 894 1626 religiosis
927 1575 1138 1627 professis,

107 1639 149 1676 et
184 1635 481 1687 obligationem
518 1635 733 1675 Societatis
761 1637 804 1676 in
840 1636 988 1677 eadem
1024 1641 1143 1689 parte

105 1709 191 1738 non
211 1709 302 1737 esse
330 1697 548 1748 majorem,
571 1710 696 1749 quam
718 1698 769 1737 sit
799 1698 841 1737 in
877 1710 1141 1751 quacumque

106 1759 308 1811 religione
322 1788 337 1808 ,
367 1764 536 1811 propter
555 1759 873 1800 fundamentum
893 1774 935 1800 n.
957 1763 1007 1801 13
1031 1766 1071 1801 01
1092 1763 1145 1800 14.

105 1822 374 1870 insinuatum,
396 1822 565 1869 scilicet,
586 1822 685 1872 quia
708 1827 746 1862 et
775 1823 817 1862 hi
850 1823 1035 1879 religiosi
1068 1824 1143 1862 So·-

105 1883 263 1923 cietatis
281 1895 397 1933 aeque
419 1895 464 1922 se
481 1883 663 1930 tradunt,
678 1887 718 1923 et
732 1884 966 1923 moriuntur
983 1884 1141 1923 mundo

104 1956 157 1985 ex
174 1946 290 1995 parte
309 1956 384 1982 sua
402 1975 411 1992 ,
444 1956 493 1984 ac
513 1945 683 1996 quilibet
702 1945 767 1983 alii
789 1945 990 1996 professi;
1016 1950 1057 1984 et
1071 1946 1141 1996 jus

106 2006 211 2045 illud
229 2006 476 2054 dimittendi,
498 2007 611 2057 quod
628 2007 706 2045 sibi
730 2007 915 2047 Societas
937 2011 1139 2054 reservat,

106 2080 192 2109 non
209 2073 271 2108 est
290 2073 458 2120 propter
476 2069 578 2108 alios
592 2099 604 2118 ‚
634 2069 707 2108 sed
725 2074 894 2121 propter
915 2082 960 2109 se
988 2070 1139 2121 ipsam,

106 2143 314 2184 suumque
331 2144 550 2171 commune
571 2132 743 2171 bonum.
761 2133 1019 2184 Quapropter
1038 2132 1142 2171 mul-

105 2196 195 2232 tum
235 2194 302 2232 hic
336 2193 491 2234 referre
521 2194 708 2235 existimo
746 2194 1052 2234 distinctionem
1088 2195 1142 2234 ci—

107 2256 192 2293 tato
220 2258 332 2294 tomo
359 2255 525 2305 datam,
562 2256 914 2295 considerandum
943 2257 1140 2295 nimirum

109 2327 216 2365 esse,
241 2329 294 2356 an
313 2319 538 2358 necessitas
564 2319 747 2370 parentis
772 2323 812 2358 et
840 2319 1013 2359 actualis
1038 2319 1142 2359 obli-

109 2378 220 2429 gatio
240 2378 311 2418 filii
330 2382 598 2420 antecesserit
616 2382 859 2433 religiosum
878 2386 1031 2421 statum
1050 2394 1141 2421 sus·

108 2445 289 2491 ceptum,
308 2442 373 2480 vel
388 2446 532 2492 postea
549 2444 775 2482 necessitas
792 2448 934 2483 exorta
951 2443 1017 2483 sit.
1036 2445 1141 2483 Nam

107 2502 152 2542 in
172 2503 251 2542 hoc
267 2504 487 2554 posteriori
513 2517 626 2552 casu,
646 2505 775 2544 multo
796 2506 932 2545 minor
952 2508 1014 2545 est
1040 2506 1142 2544 obli-

107 2564 217 2615 gatio
252 2567 334 2603 tam
365 2566 563 2617 religiosi,
593 2578 718 2616 quam
737 2567 965 2617 religionis,
986 2571 1027 2606 et
1044 2567 1140 2607 ideo

105 2627 148 2667 in
175 2626 243 2666 illo
267 2627 484 2678 religiosus
511 2629 726 2668 Societatis
747 2621 845 2669 satis
866 2630 942 2669 erit
971 2641 1140 2669 securus

105 2688 148 2728 in
167 2689 419 2728 conscientia
441 2690 687 2741 explicando
708 2691 898 2741 religioni
915 2693 1142 2731 necessita-

105 2753 191 2790 tem
207 2750 413 2801 parentis,
440 2755 480 2791 et
500 2756 645 2803 postea
676 2753 909 2793 obediendo
930 2754 1136 2806 religioni,

50 2822 56 2828 ·
107 2815 148 2852 et
175 2813 388 2863 sequendo
406 2813 610 2864 judicium
635 2814 750 2866 ejus,
774 2816 871 2866 quia
892 2816 934 2854 in
955 2828 1004 2855 eo
1039 2828 1139 2855 casu

106 2874 239 2924 majus
266 2875 354 2914 sine
374 2874 499 2915 dubio
531 2880 592 2916 051
616 2877 686 2928 jus
714 2877 929 2929 religionis
946 2907 956 2926 ,
976 2881 1018 2917 et
1046 2876 1140 2917 1011-

105 2936 244 2988 giosus
259 2949 344 2976 non
369 2942 506 2989 potest
536 2938 626 2991 ipsa
654 2940 795 2989 invita,
816 2944 857 2979 et
885 2953 979 2980 cum
999 2940 1138 2992 aliquo

105 2997 195 3048 ejus
211 2998 464 3049 praejudicio,
482 3001 647 3052 parenti
661 3001 908 3052 subvenire;
926 3014 1063 3053 neque
1080 3003 1140 3054 ip·-

107 3068 153 3098 sa
165 3059 290 3099 etiam
302 3060 356 3099 ad
370 3061 448 3101 hoc
467 3066 633 3103 tenetur
651 3065 882 3104 concedere
900 3064 1141 3104 facultatem

107 3129 202 3159 cum
221 3121 357 3172 aliquo
377 3124 622 3175 praejudicio
650 3139 742 3175 5110,
765 3127 840 3167 5οᾶ
859 3128 994 3168 50111111
1021 3129 1141 3178 pote-

109 3179 164 3221 rit
182 3180 352 3232 obligari
372 3196 423 3224 ex
439 3186 654 3238 charitate,
674 3190 842 3241 quando
859 3202 1060 3242 magnum
1075 3203 1142 3230 re-

110 3239 275 3310 ligionis
295 3243 602 3289 incommodum
621 3264 705 3291 non
726 3252 956 3292 intercedit.
977 3255 1027 3295 At
1043 3265 1142 3292 vero

110 3313 155 3342 m
178 3303 305 3354 priori
339 3317 438 3345 casu
456 3336 467 3356 ,
499 3312 666 3360 quando
691 3315 917 3353 necessitas
933 3314 1144 3366 praecessit

111 3366 154 3432 et
170 3364 305 3413 durat,
327 3367 459 3407 multo
478 3371 611 3422 major
631 3378 694 3414 est
719 3376 915 3428 obligatio
934 3380 1021 3415 tam
1051 3376 1143 3416 reli-

111 3425 231 3476 giosi,
254 3437 381 3477 quam
413 3429 638 3482 religionis.
658 3435 722 3476 Ad
752 3442 975 3490 utrumque
1007 3441 1144 3489 potest

111 3488 310 3539 applicari
337 3491 525 3532 doctrina
549 3495 696 3547 saepius
718 3498 879 3549 relata3
906 3501 1010 3540 1111111
1029 3499 1143 3540 enim

112 3547 182 3590 hic
199 3551 378 3602 speciale
398 3556 598 3606 occurrit,
619 3562 770 3609 praeter
785 3560 829 3600 id
843 3562 955 3613 quod
971 3566 1143 3602 annota-

115 3609 248 3653 vimus
262 3612 316 3655 de
333 3613 529 3658 facultate
547 3619 764 3671 peculiari,
785 3632 913 3674 quam
926 3624 1142 3666 110110180-

1198 275 1326 315 cietas
1341 273 1396 314 ad
1415 273 1591 316 liberum
1609 276 1902 320 dimittendum
1928 277 2170 334 religiosum
2183 283 2230 326 in

1198 347 1250 379 eo
1270 340 1437 377 eventu.
2076 388 2081 395 ι

1249 399 1318 439 16.
1343 399 1508 440 Decima
1525 396 1696 441 conditio
1713 401 1768 443 ad
1781 403 2070 457 professionem
2087 415 2232 459 quous-

1196 471 1270 516 que
1296 461 1422 501 locum
1447 459 1590 502 habeat
1608 461 1652 500 in
1671 461 1789 503 dictis
1808 465 2070 509 scholaribus.
2086 488 2134 497 -
2153 468 2232 507 De-

1196 521 1320 570 cimo,
1349 522 1456 562 inter
1478 522 1553 561 has
1574 522 1835 563 conditiones
1858 527 2039 576 ponitur,
2061 532 2108 570 ut
2133 529 2233 570 reli-

1196 583 1364 634 gionem
1387 583 1650 634 professurus
1676 595 1762 623 non
1783 584 1835 625 sit
1867 586 1958 627 aliis
1983 589 2133 631 debitis
2160 595 2236 632 aut

1194 644 1415 685 reddendis
1429 645 1658 685 rationibus
1675 645 1898 696 obligatus.
1916 647 2031 689 Hanc
2046 663 2145 704 ergo
2163 650 2235 694 ob-'

1196 706 1352 746 servari
1364 706 1487 745 etiam
1503 718 1676 746 necesse
1694 707 1811 746 estin
1831 708 2096 751 admittendis
2115 714 2232 755 scho-

1195 766 1352 808 laribus
1373 766 1612 815 Societatis;
1631 781 1730 807 nam
1746 769 1887 820 quoad
1905 771 1985 810 hoc
2012 773 2139 813 etiam
2163 787 2232 815 00-

1196 841 1291 870 111111
1312 830 1523 873 vinculum
1547 831 1793 882 cuicumque
1824 832 2075 883 professioni
2105 838 2232 887 eequi-

1199 897 1385 945 paratur‚
1400 893 1497 932 utin
1509 894 1697 944 proximo
1709 898 1863 944 puncto
1886 895 2135 944 explicatum
2152 903 2231 946 est;

1197 955 1384 1007 procedit
1403 955 1514 994 enim
1534 956 1601 994 hic
1619 956 1769 995 eadem
1783 956 1903 997 ratio.
1928 956 2030 1003 Quia
2050 970 2147 997 vero
2162 972 2230 1010 pet

1197 1017 1284 1057 haec
1315 1021 1412 1058 vota
1444 1017 1694 1056 scholarium
1733 1017 1948 1057 Societatis
1982 1031 2069 1058 non
2098 1021 2234 1060 statim

1197 1079 1397 1118 amittitur
1421 1079 1607 1118 omnium
1628 1079 1834 1126 bonorum
1863 1081 2111 1131 proprietas,
2142 1081 2235 1121 licet

1195 1139 1253 1180 ita
1274 1141 1427 1193 ligetur
1453 1145 1498 1180 ut
1523 1142 1612 1192 jam
1633 1153 1717 1179 non
1739 1141 1863 1180 liceat
1881 1142 1940 1181 uti
1960 1142 2055 1191 illis,
2075 1147 2122 1181 ut
2141 1155 2232 1194 pro-

1195 1204 1297 1256 priis
1314 1234 1325 1252 ,
1358 1204 1453 1243 ideo
1476 1215 1527 1242 ex
1549 1204 1628 1242 hac
1646 1207 1765 1254 parte
1792 1203 1943 1254 saepius
1972 1203 2063 1243 fieri
2084 1208 2234 1255 potest,

1195 1270 1242 1306 ut
1257 1267 1395 1306 debita
1413 1267 1553 1305 minus
1567 1266 1800 1316 impediant
1815 1266 1894 1306 hoc
1910 1266 2124 1306 vinculum
2141 1279 2236 1307 cum

1195 1330 1416 1376 800101010,
1435 1341 1561 1380 quam
1578 1328 1896 1380 professionem.
1917 1329 2127 1375 Similiter,
2141 1331 2237 1381 quia

1194 1392 1283 1430 haec
1303 1396 1399 1430 vota
1419 1403 1504 1430 non
1520 1391 1676 1430 iaciunt
1698 1391 1941 1441 incapacem
1968 1392 2235 1442 haereditatis,

1192 1457 1365 1506 propter
1394 1456 1550 1491 certam
1575 1464 1694 1504 spem
1717 1453 1826 1491 illius
1852 1458 1994 1504 posset
2015 1455 2237 1505 aliquando

1198 1527 1291 1555 esse
1312 1515 1468 1554 licitum
1489 1515 1570 1554 hoc
1600 1515 1813 1554 vinculum
1829 1545 1838 1561 ‚
1859 1527 1943 1554 non
1979 1516 2239 1556 obstantibus

1195 1577 1362 1626 debitis,
1386 1577 1554 1628 quando
1576 1589 1661 1615 non
1683 1582 1744 1616 est
1760 1577 1871 1616 licita
1891 1577 2093 1628 professio
2110 1593 2120 1626 ς
2140 1591 2238 1630 prae-

1196 1639 1340 1680 sertim
1356 1640 1389 1678 si
1406 1639 1617 1678 manendo
1632 1639 1673 1677 in
1696 1639 1835 1678 seculo
1855 1651 1940 1677 non
1961 1639 2127 1679 aliunde
2149 1652 2240 1692 spe-

1196 1706 1360 1742 raretur
1389 1701 1565 1740 facultas
1587 1701 1775 1739 solvendi
1800 1701 1988 1739 debitum
2003 1731 2016 1749 ,
2045 1713 2169 1752 quam
2189 1714 2239 1742 ex

1195 1764 1267 1802 tali
1298 1763 1555 1809 haereditate,
1578 1763 1676 1813 quia
1711 1765 1811 1800 tunc
1844 1775 1928 1800 non
1958 1762 2077 1801 fieret
2108 1763 2239 1814 impo-

1196 1825 1350 1864 tentior
1376 1824 1431 1863 ad
1457 1824 1704 1863 solvendum
1739 1836 1815 1875 per
1855 1823 2098 1874 hujusmodi
2127 1829 2237 1865 vota.

1194 1886 1331 1937 Atque
1362 1886 1509 1926 eadem
1529 1885 1708 1934 ratione,
1730 1885 1763 1923 si
1796 1885 1888 1936 quis
1916 1885 2073 1924 habens
2101 1886 2238 1926 debita

1196 1951 1370 1998 propter
1388 1947 1679 1998 impotentiam
1701 1947 1887 1985 solvendi
1920 1947 2161 1986 admittatur
2188 1949 2238 1988 ad

1197 2011 1286 2049 haec
1306 2014 1416 2058 vota,
1441 2013 1482 2049 et
1504 2013 1650 2060 postea
1671 2021 1770 2048 casu
1792 2009 1955 2048 eveniat
1974 2013 2018 2048 ut
2038 2009 2083 2047 in
2103 2011 2239 2061 aliqua

1198 2072 1443 2112 haereditate
1464 2071 1676 2117 succedat,
1696 2071 1908 2110 tenebitur
1938 2072 2077 2122 priora
2100 2073 2239 2112 debita

1200 2135 1375 2182 solvere,
1397 2147 1476 2173 nec
1499 2134 1683 2174 Societas
1704 2134 1855 2184 poterit
1880 2133 1998 2172 illum
2019 2134 2238 2186 impedire,

1196 2197 1296 2249 quia
1330 2196 1527 2247 obligatio
1562 2195 1749 2235 nonfuit
1776 2195 1970 2242 extincta,
2003 2197 2077 2235 sed
2106 2197 2240 2248 impo-

1195 2260 1326 2299 tentia
1359 2259 1495 2297 solum
1530 2257 1778 2304 excusabat3
1807 2257 1920 2307 quod
1956 2258 2000 2295 in
2034 2258 2239 2298 Societate

1194 2322 1326 2362 multo
1354 2321 1514 2360 facilius
1545 2324 1621 2367 051,
1642 2319 1844 2371 cum‘ipsa
1864 2320 2025 2358 nullum
2052 2322 2238 2372 acquirat

1191 2385 1277 2438 ι]”115,
1299 2396 1378 2423 nec
1397 2382 1592 2422 succedat
1613 2382 1654 2420 in
1674 2381 1795 2420 honis
1822 2382 2127 2432 religiosorum,
2159 2382 2236 2421 nisi

1198 2445 1235 2485 ei
1264 2445 1497 2484 voluntarie
1522 2444 1744 2483 donentur.
1768 2443 1925 2482 Solutio
1947 2447 2089 2482 autem
2124 2444 2237 2483 debi-

1196 2510 1334 2547 torum
1370 2506 1555 2558 praeferri
1589 2505 1714 2544 debet
1745 2504 1958 2543 donationi
1979 2505 2237 2553 voluntariae,

1199 2568 1326 2608 etiam
1359 2568 1455 2618 piae.
1485 2568 1621 2618 Atque
1652 2567 1744 2606 haec
1771 2565 1825 2605 de
1852 2566 2159 2607 conditionibus
2186 2577 2238 2605 ex

1194 2633 1315 2684 parte
1333 2629 1533 2670 voventis.

1576 2761 1747 2805 CAPUT
1774 2762 1861 2807 VII..

1193 2886 1282 2926 011AE
1309 2885 1562 2918 GONDITIONES
1589 2885 1871 2919 REOUIRANTUR
1897 2886 1952 2917 EX
1979 2886 2110 2917 PARTE
2127 2879 2238 2918 RELIJ

1247 2950 1390 2990 GIONIS,
1411 2949 1462 2980 ΠΤ
1488 2948 1595 2979 VOTA
1619 2948 1863 2979 SGHOLARIUM
1882 2949 2029 2979 'VALIDE
2046 2950 2178 2981 FIANT.

1250 3061 1290 3104 1.
1329 3059 1592 3104 &bolarium
1610 3060 1779 3112 receptio
1805 3071 1854 3101 em
1877 3063 1996 3111 parte
2015 3059 2237 3103 Societatis

1193 3125 1495 3176 fundamentum
1513 3126 1572 3163 est
1593 3122 1738 3163 harum
1763 3121 2041 3162 condicionum.
2057 3123 2236 3168 —Quod

1196 3188 1342 3227 attinet
1361 3186 1415 3226 ad
1435 3185 1693 3226 conditiones
1710 3184 1932 3236 requisitas
1957 3196 2007 3223 ex
2033 3188 2150 3236 parte
2171 3196 2235 3222 10-

1197 3249 1376 3301 ligionis,
1407 3260 1511 3300 quas
1527 3247 1616 3299 jam
1644 3249 1758 3286 tomo
1780 3245 1982 3298 superiori
2008 3245 2235 3296 assignavi-

1196 3323 1305 3359 mus,
1328 3322 1389 3350 eae
1416 3321 1562 3349 omnes
1587 3309 1629 3348 in
1651 3309 1731 3348 hac
1760 3308 1886 3348 etiam
1904 3307 2140 3357 receptione
2162 3317 2234 3344 ne-

1197 3373 1386 3413 cessariae
1419 3375 1538 3421 sunt,
1571 3374 1732 3411 retenta
1765 3370 1899 3409 solum
1927 3365 2157 3407 differentia
2189 3365 2233 3404 in

1196 3435 1321 3475 modo
1345 3432 1588 3486 acceptandi
1607 3432 1872 3473 traditionem
1890 3426 2084 3476 religiosi,
2108 3428 2150 3466 et
2162 3425 2232 3466 01)·

1194 3496 1353 3550 ligandi
1372 3495 1620 3548 religionem
1649 3494 1799 3545 ipsam.
1833 3491 1925 3530 Jam
1951 3487 2062 3526 enim
2088 3499 2232 3540 supra,

1195 3571 1233 3601 c.
1255 3561 1296 3608 1,
1318 3571 1344 3599 a
1361 3570 1406 3598 n.
1428 3558 1468 3608 6,
1491 3555 1786 3608 explicavimus
1812 3549 2061 3590 Societatem
2090 3548 2134 3589 in
2154 3548 2233 3588 1100

1194 3621 1434 3674 receptione
1458 3616 1711 3661 scholarium
1741 3623 1828 3653 non
1856 3610 2098 3668 simpliciter
2123 3609 2231 3654 obli-
