2352 3880
1453 12 1501 32 ιν,
1556 15 1580 33 >⁰-
1607 29 1633 36 γ’
1688 20 1706 27 ’Δ
1819 19 1827 35 ⁴.
1976 23 1994 34 ,-

1507 14 1854 69 ,ἔω-ι·«.;--’·.ῑ;.,,.
1904 44 1986 68 ι,
2036 38 2078 54 --
2133 44 2150 51 ⁷-

488 179 623 228 ιιι)
645 183 704 222 ιιι.
724 176 785 217 ιιιι
801 176 926 218 voro
922 142 1339 246 mmmmm
1357 179 1599 235 emmens,
1614 171 1766 228 οπο.
1920 176 1930 217 j
1997 167 2001 170 ’
2032 186 2034 188 ’
2096 177 2199 240 m

166 287 181 290 ..
182 235 360 308 *²2³*
413 213 557 290 loco
581 225 930 314 Constitgtionuni
954 244 1100 296 satum
1141 251 1454 299 mmmmm,
1477 252 1563 291 aut
1582 258 1880 298 consensurum.
1905 248 2007 297 δὴ,
2010 248 2072 289 ot
2096 258 2183 300 non
2275 246 2291 293 ss
2304 233 2352 274 ΖΜ

230 267 470 353 consilium
491 322 584 351 esse
601 292 754 353 deffere
774 306 1010 361 Praepositi
1002 307 1090 349 Ge-

187 367 230 436 ᾗ,
248 370 332 414 vel
344 372 520 424 alicujus
544 376 677 424 'quem
710 370 779 411 ille
812 371 890 410 sibi
923 370 979 411 ad
1010 370 1089 418 hoc

67 482 70 485 ,
146 442 223 477 -ι·
216 433 326 480 verit,
367 440 509 474 tamen
537 433 583 473 in
606 434 699 502 ipsa
730 431 864 471 forma
892 419 1087 481 vovendi,

19 516 29 538 a
90 539 92 542 ,
110 533 125 551 ι,
154 516 172 531 ι
201 497 435 544 retulimus,
456 507 548 547 quae
567 505 618 534 ex
637 493 769 545 prima
786 498 827 532 et
841 494 964 533 tertia
989 493 1090 534 Con-

16 589 25 603 ,
99 563 151 605 gis
160 557 298 597 tione
335 556 520 609 generali
555 557 720 606 sumpta
769 559 857 601 est,
896 565 1092 606 expresse

54 624 59 628 ⁴
99 600 137 654 [x
145 622 289 659 matur
308 618 418 657 hunc
445 617 712 657 substitutum
733 615 888 655 debere
909 629 1004 656 esse
1036 615 1089 657 de

112 681 272 729 [Qetate
289 678 438 720 Unde
427 691 469 717 m
490 678 742 729 Episcopatu
768 677 1006 728 AEthiopiae‚
1022 677 1089 717 vel

97 760 101 771 -
121 759 125 774 s
186 751 229 780 ιιι
259 739 566 792 provinciarum
606 739 783 777 multum
821 739 1086 787 distantium,

120 801 255 840 ‹baec
268 801 497 840 admonitio
515 813 598 840 non
615 801 996 851 possitimmediate
1013 811 1090 852 per

83 862 299 903 neralem
318 861 422 910 fieri,
445 867 656 913 oporteret
676 862 859 913 aliquem
876 862 928 901 de
951 863 1088 902 Socie-

61 927 250 965 tecum
278 924 480 974 Episcopo
497 923 618 969 mitti,
638 927 682 963 ut
710 924 789 963 hoc
815 936 969 963 munus
996 924 1087 963 loco

16 972 70 1020 ’Ξ
87 981 268 1025 neralis
284 989 498 1036 praestaret
515 997 526 1032 ;
548 985 661 1036 quod
679 989 787 1024 esset
807 985 1028 1036 Praeposito
1047 988 1088 1024 et

17 1046 31 1090 3
79 1088 86 1098 ,,
110 1046 244 1087 cietati
268 1058 396 1097 grave
424 1058 544 1093 onus,
578 1047 612 1085 si
646 1046 700 1085 ad
733 1047 810 1085 hoc
833 1058 884 1085 ex
916 1045 1088 1098 speciali

24 1111 29 1137 ι’
60 1150 62 1152 ,
126 1107 303 1160 'gatione
321 1112 547 1156 teneretur,
571 1112 612 1147 et
626 1107 721 1146 ideo'
740 1106 969 1158 prudenter
998 1106 1088 1146 ani-

21 1172 28 1214 ἓ
56 1164 316 1217 ἠιειᾶὺθιειιιιι
338 1173 414 1216 est,
438 1169 596 1208 nullam
616 1181 708 1208 esse
734 1168 777 1207 in
803 1168 1007 1208 Societate
1032 1167 1087 1208 de

18 1225 28 1240 ⁴
49 1223 131 1275 fiac
147 1243 191 1270 re
211 1230 522 1282 obligationem.

66 1296 71 1298 ’
105 1294 169 1334 ss.
193 1293 370 1332 Dubium
383 1292 609 1338 secundum,
631 1304 684 1333 an
699 1290 800 1333 idem
820 1295 955 1333 votum
972 1291 1087 1332 intel-

16 1390 22 1394 ,
53 1350 208 1406 Εραέιιν
227 1354 346 1393 etiam
364 1354 408 1394 do
425 1353 603 1404 papatu.
627 1375 679 1383 —
692 1355 782 1393 Duo
811 1365 911 1392 vero
929 1353 1012 1392 alia
1023 1364 1088 1392 su-

51 1415 222 1467 persunt
236 1414 362 1452 dubia
380 1415 487 1453 circa
507 1416 586 1453 hoc
605 1420 646 1454 et
670 1414 911 1466 praecedens
945 1417 1084 1465 caput.

53 1474 234 1516 Primum
255 1480 330 1523 est,
354 1488 407 1515 an
437 1476 631 1527 obligatio
653 1477 805 1515 borum
824 1481 1015 1515 votorum
1043 1487 1090 1515 se

53 1537 249 1576 extendat
283 1535 336 1575 ad
371 1538 589 1576 Summum
622 1538 926 1583 Pontificatum,
954 1538 1010 1576 ita
1043 1540 1092 1575 ut

0 1609 1 1638 t
53 1599 264 1650 professus
293 1599 509 1638 Societatis
531 1605 675 1638 contra
711 1602 790 1638 hoc
809 1603 954 1638 votum
974 1602 1087 1650 agat,

53 1659 167 1699 illum
189 1660 427 1708 ambiendo,
450 1673 527 1699 nec
553 1662 682 1711 possit
722 1674 820 1700 eum
850 1665 1087 1712 acceptare,

53 1722 131 1761 nisi
149 1734 223 1773 per
245 1727 496 1773 praeceptum
515 1728 703 1773 cogatur,
727 1728 767 1762 et
785 1728 952 1761 evectus
968 1722 1021 1761 ad
1041 1723 1090 1760 il-

54 1783 124 1822 lud
144 1797 294 1822 munus
322 1784 456 1824 adhuc
477 1789 668 1823 teneatur
687 1785 858 1823 consilia
881 1784 1090 1835 Praepositi

53 1845 195 1884 audire
225 1849 264 1883 et
284 1846 446 1894 exequi,
464 1845 495 1883 si
517 1846 690 1884 meliora
704 1846 877 1895 judicet.
916 1847 965 1884 Et
984 1848 1089 1884 ratio

52 1905 265 1947 dubitandi
302 1918 392 1945 esse
424 1911 582 1957 potest.
614 1907 711 1957 quia
747 1907 880 1945 forma
912 1906 1089 1945 vovendi

53 1967 242 2008 absoluta
259 1972 320 2006 est
341 1968 391 2006 de
411 1979 674 2018 quacumque
711 1969 951 2018 praelatione
974 1971 1090 2005 extra

47 2030 312 2071 Societatem.
339 2029 509 2068 Duobus
533 2034 674 2068 autem
700 2030 834 2068 modis
862 2033 998 2080 potest
1023 2028 1091 2068 hic

44 2087 170 2132 ⁶casus
187 2092 441 2142 contingere.
463 2092 579 2131 Unus
613 2096 674 2130 est
696 2092 815 2142 juxta
838 2091 1092 2130 ordinariam

53 2152 395 2194 consuetudinem
416 2153 623 2197 Ecclesiae,
649 2154 681 2191 si
696 2154 845 2204 aliquis
878 2153 928 2192 de
952 2153 1091 2192 Socie-

43 2206 150 2263 tate,
168 2215 281 2265 prius
296 2214 540 2261 Cardinalis,
562 2219 706 2265 postea
722 2216 897 2263 eligatur
916 2215 969 2253 ad
985 2215 1092 2253 Pon-

53 2275 266 2316 tificatum.
286 2275 402 2314 Alius
426 2276 504 2315 erit
524 2277 891 2322 extraordinarius,
916 2280 958 2315 ut
978 2276 1010 2314 si
1030 2288 1091 2314 re-

51 2337 220 2391 ligiosus
242 2338 460 2376 Societatis
482 2338 638 2377 nullam
658 2343 772 2377 extra
792 2339 907 2377 illam
928 2338 1089 2376 hahens

4 2397 295 2458 ,dignitatem
325 2399 564 2438 immediate
595 2400 718 2450 (sicut
745 2400 844 2439 olim
880 2398 1020 2454 fiebat)
1043 2399 1088 2438 in

0 2462 2 2465 ’
35 2459 291 2508 ,Pontificem
311 2460 503 2510 eligatur.

0 2568 2 2572 y
28 2524 60 2581 ξ’,
109 2525 172 2563 12.
207 2522 509 2570 Quoestiuncuza
527 2524 680 2575 proevia
708 2524 760 2563 ad
778 2523 939 2564 dubium
960 2524 1088 2575 juxta

0 2623 8 2639 „
43 2583 45 2586 ’
108 2585 222 2624 ‘orem
247 2596 395 2624 casum.
417 2586 534 2623 —In
551 2585 676 2635 priori
707 2597 806 2624 casu
842 2587 1089 2637 supponitur

0 2664 2 2666 v
28 2596 119 2704 &a
148 2646 321 2697 quaestio
351 2657 436 2684 non
467 2647 836 2697 praetermittenda,
869 2660 939 2695 an,
983 2648 1088 2687 scili-

34 2707 130 2756 ‘'cet,
168 2707 378 2759 professus
399 2707 630 2755 Societat1s‚
669 2709 799 2747 semel
823 2707 914 2759 jam
954 2707 1088 2748 factus

3 2791 5 2797 ·
0 2766 292 2829 :Episcopum
332 2769 398 2807 vel
435 2769 677 2818 Cardinalis,
706 2770 843 2809 adhuc
883 2770 1088 2821 obligetur

30 2830 332 2882 superioribus
347 2830 450 2869 votis
468 2830 523 2870 ad
538 2843 623 2870 non
639 2831 947 2882 procurandam
964 2832 1089 2872 aliam

31 2891 254 2957 fijmajoiem
292 2891 552 2942 dignitatem,
590 2893 654 2932 vel
690 2894 990 2944 praelationem,
1023 2894 1088 2934 vel

30 2958 137 3003 ,non
155 2953 453 3004 acceptandam
473 2954 602 3002 illam,
632 2955 711 2993 nisi
729 2956 1002 3006 praecipiatur.
1024 2956 1090 2995 Ad

0 2979 180 3066 Qam
228 3015 569 3065 respondendum
621 3017 785 3055 videtur
828 3017 1087 3057 affirmative.

28 3055 78 3120 3⁰„
106 3071 207 3122 ‘mo,
224 3076 317 3127 quia
334 3076 553 3128 religiosus
574 3078 708 3117 factus
727 3079 957 3129 Episcopus
976 3083 1091 3118 tene-

0 3139 9 3176 ἑ·
84 3136 104 3170 ·’·
161 3135 215 3174 ad
247 3137 543 3188 obligationem
593 3140 775 3191 religiosi
807 3143 952 3193 status,
994 3152 1089 3191 quae

0 3213 2 3239 t
29 3250 31 3255 .
55 3195 614 3251 κηίεοορειΙίιιοιιιεριιςιιθῐ,
632 3207 672 3239 ut
691 3201 857 3241 intorno
891 3201 1092 3252 superiori

0 3268 34 3299 τ’
108 3269 192 3298 um
206 3261 268 3297 est
277 3272 291 3306 3
305 3259 379 3298 sed
395 3263 461 3298 est.
471 3262 691 3311 peculiaris
708 3262 905 3313 obligatio
927 3262 1093 3314 religio-

0 3347 1 3350 *
27 3368 31 3370 Π
72 3334 86 3350 ¹
98 3318 283 3374 professi
296 3319 509 3360 societatis
522 3334 837 3391 nonprocurare
855 3323 1093 3375 dignitates,

28 3429 34 3437 ι
223 3387 429 3432 repugnat
449 3384 603 3422 servari
622 3385 666 3423 in
688 3385 757 3424 illo
778 3389 886 3424 statu
902 3385 1095 3425 Cat-dina·

1144 308 1487 377 extinguiturper
1505 309 1765 379 superiorem
1798 307 2059 369 dignita-vm,
2084 306 2181 360 qnia

1142 382 1281 422 neque
1301 383 1355 411 ex
1366 364 1521 411 mura
1536 371 1597 411 rei
1617 372 1697 410 hoc
1716 371 1918 422 sequitur,
1938 380 2077 422 neque
2088 369 2180 421 jure

1146 432 1287 482 aliquo
1305 435 1368 471 est
1381 435 1576 478 cautum3
1596 443 1696 483 ergo
1717 431 1842 472 durat
1860 431 2056 484 obligatio
2072 430 2179 484 ejus.

1201 494 1266 532 13.
1297 492 1574 533 Nihilominus
1601 492 1828 532 dicendum
1857 497 1921 534 est
1949 492 2183 542 hancobhff

1144 555 1550 608 gationemcessasse
1559 548 1634 604 per
1645 553 1968 602 subtractionem
1977 555 2176 604 materiae,

1144 615 1242 667 quia
1258 614 1434 654 materia
1451 614 1576 664 huJus
1597 614 1680 652 voti
1702 625 1787 653 non
1831 618 1895 653 est
1922 616 2093 655 ambitio
2111 616 2179 657 vel

1142 677 1380 729 procuratio
1390 675 1623 739 dignitatis
1612 675 1804 714 absolute
1815 680 1995 726 sumpta,
2006 677 2079 716 sed
2093 689 2180 718 res·
2238 672 2242 674 ἡ

1142 739 1319 790 pective,
1345 738 1387 778 id
1402 742 1479 786 est,
1495 740 1687 789 respectu
1710 736 1817 788 ejus,
1838 737 1909 786 qui
1925 737 2063 776 adhuc
2086 750 2180 790 pen-

1142 804 1283 839 manet
1309 800 1351 839 in
1378 811 1484 850 puro
1514 803 1623 838 statu
1653 798 1838 850 religiosi
1867 797 2100 845 Societatis‚
2121 798 2179 840 ita

1141 864 1187 900 ut
1205 873 1353 900 sensus
1376 862 1500 912 hujus
1520 861 1603 899 voti
1634 860 1700 909 sit,
1723 872 1807 899 non
1841 860 2095 910 procurandi
2114 859 2181 900 vel

1142 922 1384 973 acceptandi
1419 922 1639 962 transitum
1668 934 1694 960 a
1727 921 1931 973 religione
1973 921 2026 960 ad
2052 921 2180 960 talem

1142 985 1386 1036 dignitatem
1403 1000 1414 1034 ;
1434 985 1564 1024 semei
1584 989 1726 1024 autem
1752 984 1861 1023 facto
1881 984 2073 1030 transitu,
2087 996 2182 1023 eva-

1143 1051 1265 1086 cuata
1285 1052 1346 1086 est
1364 1048 1539 1086 materia
1558 1047 1657 1092 voti,
1681 1046 1777 1096 quia
1790 1045 1927 1085 omnis
1947 1046 2052 1084 alius
2069 1050 2182 1091 transs

1140 1108 1244 1149 situs
1260 1109 1349 1159 jam
1370 1122 1453 1148 non
1474 1113 1538 1149 est
1574 1108 1766 1160 ejusdem
1794 1108 1979 1147 rationis.
2011 1108 2087 1147 Vel
2109 1119 2181 1159 po-

1141 1174 1222 1210 test
1241 1171 1362 1209 aliter
1375 1171 1572 1222 explicari
1589 1170 1696 1219 (etin
1714 1170 1824 1209 idem
1851 1170 1974 1221 redit)
2005 1181 2056 1209 ex
2086 1173 2183 1209 voto

1140 1232 1388 1283 virginitatis
1420 1245 1560 1284 supra,
1582 1236 1702 1271 tract.
1721 1232 1761 1279 6,
1795 1231 1866 1270 lib.
1901 1233 1940 1278 5,
1976 1231 2028 1270 de
2060 1232 2183 1278 Voto,

1139 1307 1235 1345 cap.
1258 1295 1299 1343 6,
1321 1307 1438 1333 num.
1457 1294 1621 1333 decimo
1641 1296 1807 1343 quarto,
1829 1293 2054 1344 explicato;
2079 1293 2183 1332 dixi-

1143 1368 1237 1394 mus
1257 1356 1371 1394 enim
1399 1356 1514 1407 quod
1546 1356 1581 1395 si
1613 1359 1773 1393 tan-tum
1799 1354 1874 1393 fiat
1905 1354 1957 1393 de
1983 1366 2069 1393 non
2099 1355 2183 1394 vio-

1142 1417 1269 1456 lando
1297 1418 1525 1456 claustrum
1569 1417 1834 1467 virginitatis,
1888 1416 2183 1467 obligationem

1142 1479 1358 1519 terminari
1379 1479 1432 1517 ad
1451 1479 1628 1529 primam
1650 1478 1801 1524 vicem,
1839 1477 2018 1528 ideoque
2057 1477 2183 1516 semel

1145 1542 1298 1579 amissa
1313 1541 1564 1588 virginitate,
1586 1540 1668 1579 tale
1687 1543 1828 1578 votum
1859 1551 1944 1577 non
1963 1539 2148 1590 obligare
2169 1551 2184 1585 ;

1143 1603 1225 1641 tale
1247 1602 1359 1641 enim
1375 1602 1540 1640 videtur
1560 1613 1651 1640 esse
1673 1601 1713 1638 in
1733 1601 1927 1650 praesenti
1947 1600 2026 1639 hoc
2041 1605 2186 1639 votum-

1144 1663 1196 1703 de
1217 1675 1299 1702 non
1320 1663 1520 1702 mutando
1543 1663 1602 1712 (ut
1621 1663 1678 1701 sic
1700 1662 1852 1712 dicam)
1866 1662 1937 1700 tali
1957 1662 2082 1700 modo
2103 1667 2184 1700 sta-

1145 1730 1231 1764 tum
1260 1725 1502 1774 religiosum
1522 1754 1533 1770 ,
1575 1728 1616 1762 et
1646 1723 1740 1762 ideo
1779 1724 1974 1773 obligatio
2007 1724 2097 1774 ejus
2133 1723 2184 1762 ad

1145 1787 1322 1838 primam
1343 1786 1476 1823 vicem
1497 1784 1712 1823 terminari
1733 1785 1911 1823 videtur.
1933 1785 2051 1830 Quod
2078 1785 2110 1823 si
2130 1785 2187 1824 ita

1146 1853 1222 1890 est,
1240 1848 1347 1886 facta
1369 1846 1499 1885 semel
1528 1847 1772 1893 mutatione,
1795 1846 1974 1885 cessabit
1992 1847 2086 1885 talis
2103 1847 2190 1886 voti

1146 1909 1358 1959 obligatio.
1379 1908 1497 1953 Quod
1513 1912 1653 1946 autem
1675 1908 1730 1946 ita
1751 1907 1817 1954 sit,
1839 1908 2017 1946 suadent
2045 1908 2086 1946 in
2110 1908 2189 1958 pri-

1146 1971 1224 2008 mis
1252 1970 1378 2008 verba
1397 1970 1467 2007 illa
1497 1968 1810 2006 Constitutionis
1834 1980 1843 2006 ε
1868 1969 2122 2009 Promittant
2138 1970 2188 2010 ad

1145 2032 1296 2070 nullam
1329 2034 1443 2070 extra
1467 2029 1709 2070 Societatem
1733 2029 2027 2079 praelationem,
2046 2032 2106 2070 vel
2128 2032 2188 2071 da·-

1145 2094 1339 2146 9nitatem
1375 2092 1640 2138 obtinendam,
1682 2102 1722 2130 se
1753 2091 1969 2142 quidquam
2010 2095 2184 2141 acturos,

1146 2165 1266 2204 neque
1287 2154 1339 2192 ad
1357 2153 1421 2191 sui
1438 2154 1676 2198 electionem,
1699 2155 1796 2198 ete,
1827 2163 1924 2189 nam
1951 2152 2040 2190 haec
2060 2153 2186 2191 verba

1145 2216 1186 2253 in
1199 2216 1334 2264 rigore
1353 2213 1535 2252 indicant
1547 2213 1722 2263 primam
1738 2213 2065 2263 promotionem;
2086 2226 2184 2253 nam

1144 2281 1304 2327 postea,
1324 2276 1442 2326 juxta
1478 2275 1649 2312 modum
1679 2274 1878 2325 loquendi
1905 2275 2024 2326 juris,
2049 2276 2186 2326 potius

1145 2338 1292 2376 dicitur
1315 2337 1527 2376 translatio
1552 2348 1679 2387 quam
1700 2336 1862 2384 electio,
1882 2338 2060 2376 maxime
2077 2338 2183 2377 iuter

1142 2401 1415 2450 Episcopatus
1447 2403 1557 2437 extra
1608 2399 1825 2437 Summum
1864 2399 2150 2438 Pontificatum
2169 2413 2180 2447 ;

1141 2463 1217 2502 sed
1235 2464 1315 2500 hoc
1334 2462 1566 2501 evidentius
1577 2461 1791 2500 declarant
1806 2461 1933 2500 verba
1947 2463 2179 2512 sequentia:

1146 2525 1230 2566 Sed
1263 2524 1531 2575 unusquisque
1568 2523 1715 2570 videat,
1738 2533 1816 2573 qua
1847 2524 2004 2563 ratione
2027 2526 2182 2564 attima-

1143 2598 1232 2624 rum
1249 2586 1390 2632 saluti,
1405 2586 1534 2635 juxta
1561 2589 1708 2623 ποι-ινα»
1726 2585 1992 2634 professionis
2021 2586 2182 2625 lamnati-

1144 2651 1264 2688 tatem
1291 2651 1327 2687 et
1358 2646 1661 2686 submissionem
1692 2645 1883 2684 inservire
1911 2647 2052 2696 possit.
2087 2648 2181 2686 Haec

1143 2709 1254 2748 enim
1275 2708 1401 2746 verba
1421 2707 1635 2746 declarant
1667 2707 1772 2745 hanc
1803 2707 2096 2758 obligationem
2117 2720 2181 2748 so·

1143 2771 1232 2809 lum
1252 2770 1461 2820 respicere
1482 2769 1586 2816 illos,
1607 2768 1678 2818 qui
1698 2768 1740 2806 in
1767 2780 1840 2806 sua
1859 2768 2005 2807 humili
2025 2769 2180 2820 profes-

1144 2832 1259 2871 sione
1281 2832 1417 2870 adhuc
1434 2834 1717 2881 perseverant.
1747 2830 1864 2877 Quod
1883 2831 2052 2870 tandem
2085 2844 2180 2870 con·

1144 2894 1282 2933 firmat
1316 2892 1421 2931 ratio
1460 2903 1551 2942 quae
1583 2891 1848 2942 subjungitur
1869 2903 1878 2930 :
1899 2892 1966 2933 Ne
1995 2893 2179 2934 Societas

1143 2955 1206 2996 Itis
1232 2954 1471 3001 hominibus,
1504 2954 1574 3005 qui
1607 2955 1659 2994 ad
1679 2955 1928 3005 propositum
1958 2954 2036 2994 siti
2060 2956 2179 3004 finem

1145 3021 1237 3058 szmt
1270 3017 1307 3057 ei
1334 3016 1565 3062 necessarii,
1595 3015 1806 3067 privatur,-
1824 3020 2047 3066 postquam
2080 3029 2179 3067 ergo

1145 3079 1229 3130 jam
1252 3077 1391 3129 aliquo
1412 3077 1571 3127 privata
1594 3080 1669 3123 est,
1687 3076 1790 3115 nihil
1807 3077 1948 3127 quoad
1967 3078 2073 3116 hanc
2087 3090 2179 3128 par-

1143 3144 1229 3179 tem
1243 3139 1294 3178 de
1313 3139 1422 3177 illius
1441 3138 1695 3188 obligatione
1710 3143 1843 3177 curat.
1857 3139 1906 3177 Et
1925 3139 2113 3188 quamvis
2127 3137 2180 3177 ad

1145 3201 1238 3240 haec
1257 3199 1397 3239 omnia
1417 3199 1660 3250 responderi
1678 3200 1823 3250 possit,
1846 3200 1958 3239 hunc
1986 3200 2115 3238 fuisse
2135 3199 2180 3238 fi-

1147 3275 1262 3310 nem,
1285 3262 1348 3302 ve]
1371 3261 1575 3300 rationem
1601 3261 1800 3300 motivam
1830 3261 1942 3299 illius
1961 3262 2043 3300 voti
2066 3274 2075 3305 ;
2097 3271 2181 3298 ma·

1146 3324 1295 3364 teriam
1328 3327 1470 3362 autem
1493 3322 1838 3361 universaliorem
1871 3334 1977 3369 esse,
2000 3321 2096 3372 quia
2123 3318 2180 3357 sic

1148 3385 1334 3425 indicant
1347 3385 1489 3433 verba,
1506 3396 1600 3435 quae
1617 3384 1807 3423 absolute
1824 3387 1866 3423 et
1896 3387 2097 3434 perpetuo
2124 3378 2181 3418 vi-

86 3435 140 3494 ρζ·
159 3453 273 3494 ergo.
293 3442 500 3492 Secundo,
533 3444 630 3495 quia
651 3445 732 3486 hoc
747 3451 888 3486 votum
909 3446 1096 3486 absolute
1151 3446 1302 3486 dentur
1320 3446 1505 3497 obligare
1527 3457 1767 3497 personam,
1795 3444 1974 3493 ideoque
2002 3441 2178 3492 priorem

60 3523 63 3526 ·
123 3525 133 3529 ··
193 3508 269 3544 est
286 3508 437 3544 natura
457 3517 533 3546 sua
554 3511 819 3558 perpetuum,
847 3511 893 3548 ut
913 3507 1099 3549 indicant
1151 3512 1315 3560 partem
1333 3519 1426 3548 esse
1444 3507 1723 3554 retinendam,
1742 3510 1940 3554 tanquam
1971 3502 2178 3548 tutiorem,

218 3584 233 3597 ··
251 3580 282 3598 ·=
325 3564 494 3619 formae,
527 3577 730 3622 nunquam
756 3579 817 3611 me
846 3572 1098 3616 curaturum,
1153 3572 1196 3610 et
1209 3568 1350 3610 virtuti
1366 3580 1416 3610 ac
1434 3567 1625 3621 religioni
1654 3566 1788 3617 magis
1811 3564 2048 3613 faventem3
2077 3560 2179 3603 nihi·
