2352 3880
160 194 269 236 ³072

158 259 413 304 declaratum
435 262 644 308 integrum
675 262 838 313 manet)
869 273 944 312 per
950 260 1189 302 triennium

157 325 320 363 tantum
340 324 504 370 durent,
530 321 638 361 infra
661 321 768 372 quod
790 325 952 372 tempus
970 326 1139 374 possunt
1163 334 1190 363 a

158 382 346 424 Generali
360 383 482 433 justis
503 394 554 422 ex
573 383 716 430 causis,
745 381 809 422 vel
829 387 993 435 propter
1008 394 1190 422 commu-

158 454 212 485 ne
233 443 403 493 bonum,
437 455 505 482 eos
534 455 758 492 removere,
788 447 861 483 aut
890 444 972 484 alio
1001 445 1186 494 mittere;

157 514 378 556 prorogare
402 509 539 544 autem
559 509 719 557 tempus
736 517 820 544 non
843 509 990 557 potest,
1012 511 1053 545 et
1070 505 1189 546 finito

157 565 350 612 triennio,
371 566 514 606 saltem
539 579 613 618 per
638 578 796 606 annum
815 579 961 607 vacare
981 567 1131 608 debent
1163 578 1191 607 a

157 635 327 667 munere
352 627 615 680 praelationis‚
639 628 719 668 nisi
747 630 1018 668 necessarium
1040 629 1092 668 sit
1117 628 1190 667 ali-

157 698 279 740 quem
300 689 353 746 ad
372 702 523 729 munus
539 689 800 729 Provincialis
819 690 1063 740 promoveri,
1090 699 1189 728 nam

158 754 322 802 propter
339 750 449 790 illius
465 751 648 791 muneris
667 752 924 801 gravitatem,
941 755 980 789 et
994 750 1091 801 quia
1104 761 1188 790 non

158 817 326 865 possunt
357 825 516 865 semper
544 812 681 865 plures
701 812 895 858 inveniri,
912 811 964 850 ab
981 811 1071 850 aliis
1096 824 1188 851 mu·

159 872 324 913 neribus
342 873 476 918 liberi,
498 878 538 912 et
556 873 756 925 aptissimi
784 872 833 911 ad
867 873 968 911 illud
995 885 1188 913 exercen-

158 932 275 984 dum,
291 935 383 974 ideo
399 935 571 974 liberum
594 934 782 972 relictum
814 937 874 972 est
908 934 1110 983 Generali,
1141 939 1188 974 ut

155 1005 207 1036 ex
237 1008 496 1048 quocumque
528 995 720 1034 inferiore
755 1006 947 1043 munere,
970 996 1093 1035 etiam
1115 1008 1187 1047 per

152 1057 378 1097 triennium
407 1060 632 1107 peractum,
666 1057 790 1107 possit
825 1057 875 1096 ad
909 1057 1012 1095 illud
1044 1069 1186 1108 quam-

153 1128 328 1170 cumque
348 1110 564 1169 personam
591 1130 809 1157 assumere.
837 1118 911 1157 Pro
930 1118 1027 1169 ipsis
1048 1122 1186 1157 autem

152 1177 474 1220 Provincialibus
507 1180 631 1219 etiam
668 1184 866 1219 statutum
902 1183 960 1219 est
988 1184 1047 1225 ut,
1072 1179 1187 1218 finito

151 1250 226 1280 suo
244 1241 440 1288 triennio,
473 1240 625 1280 subditi
643 1242 725 1280 sint
744 1242 886 1280 saltem
910 1253 985 1292 per
1012 1253 1184 1289 annum,

150 1299 211 1341 ita
245 1305 292 1341 ut
324 1314 399 1341 nec
432 1302 667 1341 inferiorem
704 1302 883 1353 aliquam
906 1301 1185 1352 praelationem

151 1360 303 1403 habere
320 1364 486 1415 possint.
512 1365 606 1403 Haec
626 1368 762 1403 autem
783 1364 979 1414 temporis
996 1363 1186 1401 determi-

152 1425 266 1465 natio
287 1438 370 1465 non
389 1426 483 1464 ideo
502 1426 607 1465 facta
625 1430 697 1473 est,
721 1430 767 1464 ut
784 1425 962 1476 dignitas
982 1424 1186 1476 praelatio·

152 1486 218 1527 nis
235 1486 420 1538 pluribus
436 1488 728 1527 communicari
742 1487 877 1538 possit,
896 1498 989 1525 cum
1010 1486 1185 1525 Societas

153 1549 334 1588 maxime
364 1551 501 1599 cupiat
520 1561 684 1588 omnem
717 1548 964 1600 praelationis
995 1547 1186 1585 affectum

153 1609 371 1661 extirpare,
394 1611 498 1649 utin
516 1610 792 1662 superioribus
808 1610 941 1648 visum
962 1612 1036 1653 est,
1059 1607 1128 1646 lib.
1144 1608 1182 1653 6,

153 1681 191 1711 c.
214 1673 238 1709 7
254 1684 263 1719 ;
278 1676 318 1710 et
339 1672 568 1711 reverahaec
581 1684 750 1711 munera
770 1672 813 1710 in
836 1671 1036 1710 Societate
1054 1668 1187 1708 multo

152 1730 246 1785 plus
271 1732 425 1772 habent
445 1734 579 1773 oneris
605 1741 647 1773 et
666 1732 964 1778 sollicitudinis,
985 1741 1109 1781 quam
1129 1730 1187 1768 di-

154 1794 338 1845 gnitatis,
365 1795 545 1842 honoris,
567 1799 638 1834 aut
658 1793 883 1841 commodi3
905 1793 973 1832 sed
1001 1792 1108 1831 facta
1127 1794 1189 1831 est

154 1858 203 1893 ut
221 1867 371 1894 munus
389 1857 638 1908 praelationis
656 1856 813 1895 facilius
836 1854 1026 1893 sustineri
1048 1853 1185 1903 possit.

154 1915 255 1956 Item
277 1921 322 1955 ut
337 1917 396 1963 hi,
417 1918 490 1968 qui
508 1918 593 1970 apti
621 1921 717 1957 sunt
746 1917 797 1956 acl
820 1915 1115 1967 praelationem,
1148 1917 1189 1953 et

154 1976 246 2017 ideo
277 1978 530 2029 frequentius
564 1977 614 2017 ad
650 1977 762 2016 illam
796 1981 1073 2023 assumuntur,
1103 1986 1187 2014 non

156 2037 449 2078 obliviscantur
467 2039 712 2079 humilitatis
728 2042 770 2078 et
786 2037 1063 2087 subjectionis,
1085 2040 1127 2075 et
1140 2039 1188 2075 ut

157 2100 408 2151 experientia
435 2101 560 2140 etiam
587 2101 747 2139 discant
773 2098 959 2147 subditis,
981 2099 1064 2137 suis
1082 2102 1187 2137 tem-

156 2161 339 2213 poribus,
370 2162 561 2213 compati.
596 2162 698 2201 Item
728 2167 773 2199 ut
803 2161 878 2199 hoc
902 2159 1025 2198 modo
1054 2159 1191 2211 plures

157 2222 299 2263 sintin
332 2223 529 2263 Societate
564 2223 643 2262 viri
673 2222 723 2262 ad
745 2221 1057 2272 gubernandum
1086 2221 1185 2270 apti,

156 2284 255 2337 quia
275 2285 489 2336 prudentia
506 2284 557 2323 ad
575 2284 676 2324 illud
692 2295 841 2322 munus
853 2281 1093 2326 necessaria,
1111 2292 1188 2319 usu

155 2344 245 2398 ipso
266 2350 306 2385 et
324 2347 573 2397 experientia
604 2345 784 2384 maxime
808 2342 1046 2393 acquiritur.
1067 2340 1188 2380 Deni-

157 2418 238 2459 que
267 2420 340 2460 per
359 2408 436 2445 hoc
453 2407 559 2445 nihil
577 2406 801 2456 impeditur
820 2402 1043 2454 principale
1075 2402 1189 2442 insti-

157 2471 293 2508 tutum
323 2468 544 2513 Societatis‚
567 2467 675 2505 circa
693 2466 920 2504 ministeria
935 2465 1186 2512 animarum,

158 2534 202 2572 et
219 2531 430 2569 missiones
465 2533 630 2581 propter
662 2527 774 2566 hunc
806 2527 931 2566 finem
964 2525 1185 2574 faciendas,

159 2603 254 2633 cum
274 2604 433 2635 semper
450 2592 573 2642 possit
589 2589 795 2629 Generalis
812 2587 1036 2639 quemlibet
1056 2588 1190 2626 mitte-

158 2664 220 2703 re,
244 2654 310 2694 vel
325 2655 375 2693 ad.
400 2653 511 2692 aliud
529 2664 630 2703 opus
648 2663 718 2690 scu
752 2650 1027 2690 ministerium
1059 2648 1191 2700 appli-

159 2724 267 2766 care,
294 2715 399 2754 nihil
419 2714 604 2753 obstante
626 2714 695 2762 (ut
710 2712 766 2751 sic
781 2712 935 2762 dicam)
952 2712 1045 2760 ¹iure
1063 2711 1191 2750 trien-

159 2777 237 2827 nii,
265 2778 361 2828 quia
394 2788 552 2821 revera,
581 2773 744 2826 proprie
773 2773 991 2824 loquendo,
1029 2772 1190 2812 nullum

160 2837 242 2877 tale
258 2838 325 2888 jus
343 2838 387 2876 in
416 2837 614 2876 Societate
634 2835 859 2885 acquiritur
889 2834 1069 2885 personis
1100 2844 1191 2884 quae

162 2897 214 2938 ad
234 2898 308 2936 has
329 2898 586 2949 praelationes
605 2900 888 2936 assumuntur:
910 2894 1075 2933 aliunde
1094 2904 1190 2933 vero

162 2958 269 2999 facta
288 2960 345 2997 ita
366 2959 721 3003 determinatione,
741 2957 910 2996 liberius
926 2958 1094 3007 possunt
1114 2954 1192 2993 sal-

162 3023 247 3060 tem
263 3020 380 3058 finito
400 3020 579 3058 triennio
599 3019 651 3059 ab
681 3018 762 3057 illis
791 3017 1031 3056 muneribus
1057 3027 1191 3055 remo-

163 3081 265 3121 veri.
287 3082 337 3119 Et
361 3081 548 3131 quamvis
580 3080 787 3118 interdum
822 3078 1011 3129 expedire
1041 3081 1190 3129 posset,

165 3145 326 3193 tempus
344 3141 422 3180 hoc
453 3140 655 3192 aliquibus
684 3141 862 3188 personis
882 3140 1107 3190 prorogari,
1131 3143 1193 3178 ta-

165 3213 278 3250 men,
299 3202 486 3253 quamvis
505 3202 546 3240 id
568 3213 650 3239 non
671 3201 762 3248 fiat,
781 3212 926 3251 parum
944 3199 1191 3239 incommodi

167 3263 366 3315 sequitur,
387 3274 480 3301 cum
500 3261 708 3300 moraliter
722 3272 935 3311 nunquam
953 3261 1100 3308 desint,
1121 3261 1193 3313 qui

169 3324 417 3365 sufficienter
435 3323 586 3373 possint
602 3322 646 3360 in
659 3322 723 3361 his
738 3321 977 3360 muneribus
985 3320 1191 3369 substitui,

170 3389 212 3426 et
230 3389 392 3437 propter
419 3383 500 3422 alia
518 3383 747 3431 commoda,
767 3393 857 3432 quae¹
888 3381 1078 3420 videntur
1111 3394 1195 3421 ma-

169 3445 274 3499 jora,
303 3449 434 3498 potest
465 3444 542 3482 hoc
570 3444 863 3494 qualecumque
890 3442 1197 3481 incommodum

171 3506 352 3547 tolerari.
382 3506 475 3545 Haec
492 3509 630 3543 tamen
663 3502 875 3542 triennalis
896 3502 1196 3552 determinatio,

173 3566 219 3609 in
240 3568 347 3609 dicta
366 3564 688 3619 Coiigregatione
707 3564 853 3617 quinta
883 3574 957 3616 pro
975 3563 1200 3616 Superiori·
1253 3566 1451 3618 eubjeolcit
1483 3563 1821 3620 jurisdictionem.
1834 3560 2086 3600 -Secumo
2127 3553 2298 3633 prinu-³
2321 3588 2326 3595 .

437 196 656 233 1113.me
675 195 871 231 nucinum
890 195 1138 238 Socm'rATls,
1161 197 1216 233 m·
1234 197 1556 239 consentiemus
1572 198 1641 243 Βῆ
1650 198 1702 234 ΡΒ
1705 199 1868 237 mus
1878 201 1988 241 EJUS.
2208 215 2221 221 ”
2327 242 2329 248 ,

1241 262 1317 303 bus
1337 263 1534 304 localibus
1552 264 1681 304 facta
1689 274 1742 322 e}
1773 265 2070 316 significatione
2101 268 2270 322 Pontius
2288 256 2335 318 ,⁷

1241 324 1313 372 cis,
1333 328 1472 375 postea
1497 325 1551 365 ab
1580 326 1739 366 eadem
1751 326 1859 366 Sede
1879 327 2106 378 Apostolica
2128 329 2182 370 ad

1240 389 1478 427 nostrarum
1496 387 1847 431 constitutionum
1862 386 1945 427 fuit
1958 390 2157 431 restituta.

1628 512 1796 554 CAPUT
1820 512 1889 554 lv,

1241 635 1292 665 DE
1309 635 1533 667 POTESTATE
1551 637 1850 668 sumsmcrloms
1868 637 1910 668 m
1928 636 2142 668 socmTA'rB
2159 631 2283 685 usn)

1496 697 1546 729 AG
1572 699 1724 731 PRIMUM
1749 700 1800 729 DE
1823 700 2016 730 SUPREMA.

1293 811 1336 853 1.
1357 811 1503 853 Prima
1522 811 1706 857 assertio,
1725 811 1892 852 existere
1914 812 1959 852 in
1983 810 2183 853 Societate
2196 810 2271 863 jv-

1240 872 1510 914 risdictionem
1539 872 1846 914 ecclesiasticam
1864 873 1908 912 in
1925 877 2088 925 utroque
2105 876 2269 920 foro.—

1242 935 1446 986 Imprimis
1464 934 1777 986 supponendum
1809 939 1882 981 est,
1903 935 1947 973 in
1966 935 2162 974 Societate
2184 945 2269 976 esse
2305 979 2307 982 Α

1237 997 1564 1049 jurisdictionem
1582 997 1908 1044 ecclesiasticam,
1920 1004 2003 1035 tam
2019 997 2059 1034 in
2074 996 2162 1034 foro
2176 1006 2268 1035 con·
2286 992 2287 995 ’

1241 1059 1427 1098 fessionis
1458 1059 1523 1109 (de
1540 1070 1621 1110 quo
1644 1070 1754 1098 nunc
1783 1070 1867 1097 non
1889 1058 2063 1108 agimus,
2093 1058 2189 1108 quia
2208 1065 2302 1102 resi,

1242 1125 1301 1160 est
1317 1120 1440 1169 clara,
1469 1124 1508 1159 et
1527 1120 1776 1159 sufficienter
1791 1124 1899 1158 tacta
1915 1119 2115 1170 superius,
2132 1117 2204 1156 lib.
2226 1117 2270 1167 8,
2299 1106 2310 1155 ¹.

2069 1191 2192 1230 quam
2226 1179 2272 1219 in.
2301 1215 2305 1217 .

1241 1243 1328 1283 foro
1355 1244 1606 1283 contentioso
1638 1255 1708 1282 seu
1741 1243 1950 1290 exteriori,
1975 1246 2161 1292 respectu
2180 1251 2272 1279 suo·

1241 1194 1330 1233 cap.
1362 1184 1400 1229 5,
1437 1182 1543 1220 circa
1578 1193 1695 1220 usum
1731 1178 2036 1232 confessionis),

2252 672 2352 757 ·„{

2331 1097 2352 1118 [lt
2337 1074 2340 1082 ·
2334 1036 2352 1059 ’Ἣ

2332 1163 2352 1279 ι’ἦ.,’““’1”“Ί
2333 1125 2352 1152 FB

1239 1316 1331 1344 rum
1364 1305 1644 1344 membrorum
1682 1305 1883 1347 omnium,
1909 1308 1950 1342 et
1981 1314 2197 1342 causarum
2219 1299 2272 1341 ad

1239 1378 1380 1406 eorum
1418 1379 1607 1419 personas
1643 1367 1966 1419 pertinentium,
1999 1365 2156 1404 etiamsi
2192 1363 2272 1402 cri·
2336 1358 2352 1393 Ῐ

1240 1428 1413 1468 minales
1450 1429 1546 1476 sint¹>
1581 1428 1646 1467 vel
1681 1429 1971 1478 cujuscumque
1999 1427 2165 1465 alterius
2201 1436 2272 1474 ge·
2334 1425 2339 1427 Α

1241 1490 1362 1527 neris.
1386 1490 1469 1528 Hoc
1489 1493 1658 1533 constat,
1679 1494 1764 1527 tam
1781 1500 1830 1528 ex
1859 1488 2065 1526 communi
2087 1486 2272 1526 doctrina

1241 1550 1421 1600 religiosi
1449 1554 1577 1589 status
1604 1550 1798 1601 exempti,
1822 1550 2021 1600 superius,
2044 1552 2203 1587 tractat.
2228 1542 2278 1595 8,'

1240 1610 1349 1659 data,
1367 1623 1490 1662 quam
1508 1623 1556 1650 ex
1578 1611 1717 1649 multis
1731 1610 1856 1649 Bullis
1878 1609 2111 1655 Pontificiis,
2123 1610 2166 1647 in
2183 1607 2272 1658 qui-

1241 1670 1317 1710 bus
1336 1673 1529 1711 eximitur
1548 1673 1727 1712 Societas
1747 1683 1771 1710 a
1785 1671 2064 1722 jurisdictione
2087 1679 2273 1708 omnium
2335 1673 2338 1675 ’

1241 1733 1549 1773 ordinariorum
1572 1745 1595 1772 a
1616 1734 1815 1783 prineipio
1832 1744 1914 1770 suae
1931 1726 2275 1777 confirmationis,

1242 1798 1289 1834 ut
1305 1799 1464 1834 constat
1479 1807 1527 1833 ex
1548 1794 1666 1833 Bulla
1686 1795 1819 1844 prima
1838 1797 1877 1831 et
1896 1794 2041 1844 quinta
2075 1790 2184 1830 Pauli
2205 1785 2276 1839 111,

1242 1859 1283 1895 et
1312 1857 1428 1895 Bulla
1463 1857 1594 1907 prima
1613 1855 1706 1894 Julii
1729 1855 1796 1901 ΙΙΙ,
1831 1859 1872 1894 et
1904 1867 1952 1892 ex
1977 1851 2274 1893 Constitutione

1242 1919 1274 1958 Α
1284 1919 1489 1959 scendente
1501 1919 1683 1959 Domino,
1697 1916 1879 1966 Gregorii
1898 1915 2001 1961 ΧΙΙΙ,
2015 1914 2142 1952 ρεαῖίει
2156 1911 2274 1952 Bulla

1241 1978 1440 2029 ejusdem,
1462 1989 1554 2030 quae
1575 1977 1734 2027 incipit,
1754 1976 1872 2017 Satis
1893 1986 2098 2026 superque,
2121 1985 2170 2012 ex
2184 1972 2274 2024 qui-

1241 2038 1319 2079 bus
1335 2040 1482 2079 litteris
1515 2038 1734 2079 Pontificiis
1764 2040 1932 2084 constat,
1958 2041 1997 2075 et
2021 2035 2170 2074 habere
2203 2035 2273 2074 So-

1241 2102 1425 2141 cietatem
1447 2100 1770 2151 iurisdictionem
1796 2099 1911 2149 quasi
1931 2097 2209 2149 Epist-opalem
2233 2101 2276 2138 in

1242 2175 1337 2203 suos
1348 2163 1546 2208 subditos,
1571 2173 1694 2212 quam
1714 2159 1804 2210 jure
1822 2159 2030 2198 communi
2044 2158 2198 2196 liabent
2211 2168 2274 2195 re·

1241 2223 1416 2273 ligiones
1439 2228 1651 2275 exemptae,
1685 2227 1726 2259 et
1746 2220 1893 2259 habere
1912 2219 2026 2258 illam
2047 2229 2140 2257 cum
2161 2216 2275 2256 omni

1241 2285 1482 2324 extensione
1519 2287 1560 2322 et
1601 2282 1845 2333 perfectione
1885 2279 1973 2319 aliis
2008 2278 2275 2330 religionibus

1243 2357 1458 2394 concessa,
1485 2355 1558 2396 per
1576 2341 1991 2382 communicationem
2025 2353 2149 2391 quam
2182 2350 2275 2379 eum

1243 2405 1324 2444 illis
1344 2405 1482 2454 habet,
1499 2406 1617 2456 Juxta
1631 2403 1773 2442 cadem
1794 2402 1958 2442 lndulta
1978 2401 2219 2453 Apostolica,
2236 2403 2275 2440 et

1243 2470 1467 2519 praesertim
1490 2478 1586 2506 cum
1613 2463 1956 2509 mendicantibus,
1975 2465 2095 2514 juxta
2115 2463 2276 2502 Bullam

1242 2529 1347 2569 Dum
1363 2529 1583 2577 indefessae,
1605 2527 1666 2566 Pii
1688 2527 1738 2573 V,
1760 2531 1801 2565 et
1820 2538 1913 2564 cuin
1936 2525 2074 2563 multis
2092 2522 2275 2574 speciali-

1243 2587 1320 2628 bus
1339 2588 1398 2627 illi
1427 2589 1587 2639 proprie
1619 2592 1662 2627 et
1690 2587 1840 2626 directe
1863 2586 2057 2624 concessis
2078 2585 2121 2623 in
2155 2584 2276 2622 variis

1244 2649 1371 2689 Bullis
1401 2648 1624 2690 Pontificiis
1652 2661 1678 2688 a
1706 2648 1831 2687 Paulo
1860 2648 1909 2686 ΙΙΙ
1939 2650 1981 2685 et
2000 2646 2108 2686 Julio
2138 2646 2203 2690 ΙΙΙ,
2234 2648 2277 2684 et
2335 2686 2338 2689 ,

1245 2711 1473 2763 praesertim
1492 2723 1517 2750 a
1534 2710 1730 2758 Gregorio
1759 2709 1847 2747 XIII
1873 2707 2081 2751 concessis,
2113 2717 2163 2744 ex
2184 2705 2277 2755 qui·
2332 2762 2336 2763 ⁷

1244 2771 1320 2812 bus
1341 2772 1464 2811 etiam
1488 2774 1662 2817 constat,
1678 2768 2002 2819 jurisdictionem
2022 2767 2126 2805 hanc
2143 2767 2186 2805 in
2205 2768 2276 2806 So-

1244 2833 1389 2872 cietate
1407 2843 1491 2871 esse
1521 2831 1770 2870 ordinariam
1799 2834 1984 2879 respectu
2017 2829 2276 2878 propriorum

1244 2892 1503 2933 subditorum
1522 2905 1531 2938 ;
1554 2891 1662 2943 quia,
1686 2890 1780 2929 licet
1801 2901 1873 2941 per
1903 2890 2116 2940 privilegia
2141 2887 2275 2927 Ponti-

1243 2953 1335 2994 ficia
1359 2953 1581 2992 liberaliter
1599 2963 1788 2991 concessa
1807 2952 1874 2996 sit,
1897 2951 1991 2989 data
2005 2954 2215 2989 esttamen
2231 2950 2276 2988 ut
2316 2972 2329 2975 s

1245 3015 1472 3055 exercenda
1488 3026 1538 3054 ex
1551 3014 1717 3066 proprio
1737 3024 1920 3060 munere,
1943 3017 1982 3051 et
2000 3024 2074 3063 per
2094 3014 2276 3062 proprios
2324 3048 2329 3049 ⁷

1245 3076 1390 3117 talium
1410 3076 1640 3115 animarum
1666 3079 1856 3125 pastorem,
1879 3073 2126 3124 Superiores,
2147 3084 2193 3110 ac
2210 3073 2276 3122 Ju·
2310 3087 2312 3090 ·

1247 3138 1371 3184 dices,
1400 3141 1440 3178 et
1458 3138 1549 3177 ideo
1577 3137 1674 3176 data
1691 3141 1751 3175 est
1778 3139 1823 3174 ut
1851 3139 2044 3185 tanquam
2068 3132 2276 3172 ordinaria

1245 3198 1458 3239 habeatur.
1494 3197 1610 3249 Quod
1643 3196 1970 3236 confirmandum
2006 3199 2066 3234 est
2101 3199 2140 3232 et
2182 3201 2277 3235 cum,

1247 3265 1506 3312 proportione
1524 3258 1811 3309 explicandum
1830 3268 1880 3296 ex
1898 3256 2080 3308 his,quae
2099 3255 2150 3294 de
2171 3255 2276 3293 Prae-

1248 3320 1341 3360 latis
1386 3320 1643 3372 regularibus
1686 3321 1731 3358 in
1776 3319 1984 3358 communi
2016 3317 2193 3356 diximus
2228 3314 2276 3352 in
2308 3343 2310 3346 >

1248 3384 1562 3484 tragtgccunda
1585 3442 1755 3482 assertio
1785 3440 1878 3481 des
1857 3439 2030 3491 subJ'ecto
2063 3437 2179 3477 dicta
2199 3432 2275 3483 ju-

1251 3504 1516 3545 risdictionis.
1535 3525 1590 3534 —
1618 3500 1879 3553 Gonareyatz'o
1910 3494 2206 3550 provincialis
2197 3504 2275 3534 uon
