<?xml version="1.0" encoding="UTF-8"?>
<!DOCTYPE html PUBLIC "-//W3C//DTD XHTML 1.0 Transitional//EN"
    "http://www.w3.org/TR/xhtml1/DTD/xhtml1-transitional.dtd">
<html xmlns="http://www.w3.org/1999/xhtml" xml:lang="en" lang="en">
 <head>
  <title>
</title>
<meta http-equiv="Content-Type" content="text/html;charset=utf-8" />
  <meta name='ocr-system' content='tesseract 3.04.00' />
  <meta name='ocr-capabilities' content='ocr_page ocr_carea ocr_par ocr_line ocrx_word'/>
</head>
<body>
  <div class='ocr_page' id='page_1' title='image "./operaomnia16suaauoft_0505.png"; bbox 0 0 2352 3880; ppageno 0'>
   <div class='ocr_carea' id='block_1_1' title="bbox 0 0 81 3880">
    <p class='ocr_par' dir='ltr' id='par_1_1' title="bbox 0 0 81 3880">
     <span class='ocr_line' id='line_1_1' title="bbox 0 0 81 3880; baseline 0 0"><span class='ocrx_word' id='word_1_1' title='bbox 0 0 81 3880; x_wconf 95' lang='lat' dir='ltr'><strong> </strong></span> 
     </span>
    </p>
   </div>
   <div class='ocr_carea' id='block_1_2' title="bbox 15 388 39 422">
    <p class='ocr_par' dir='ltr' id='par_1_2' title="bbox 15 388 39 422">
     <span class='ocr_line' id='line_1_2' title="bbox 15 388 39 422; baseline 0 -9"><span class='ocrx_word' id='word_1_2' title='bbox 15 388 39 422; x_wconf 49' lang='grc' dir='ltr'><strong>ρ.</strong></span> 
     </span>
    </p>
   </div>
   <div class='ocr_carea' id='block_1_3' title="bbox 587 105 626 129">
    <p class='ocr_par' dir='ltr' id='par_1_3' title="bbox 587 105 626 129">
     <span class='ocr_line' id='line_1_3' title="bbox 587 105 626 129; baseline 0 0"><span class='ocrx_word' id='word_1_3' title='bbox 587 105 626 129; x_wconf 69' lang='lat' dir='ltr'><em>ae</em></span> 
     </span>
    </p>
   </div>
   <div class='ocr_carea' id='block_1_4' title="bbox 12 178 1858 399">
    <p class='ocr_par' dir='ltr' id='par_1_4' title="bbox 12 178 1858 399">
     <span class='ocr_line' id='line_1_4' title="bbox 18 178 1858 266; baseline 0 -12"><span class='ocrx_word' id='word_1_4' title='bbox 18 255 24 257; x_wconf 79' lang='grc'><strong>,</strong></span> <span class='ocrx_word' id='word_1_5' title='bbox 200 253 207 261; x_wconf 77' lang='grc'>,</span> <span class='ocrx_word' id='word_1_6' title='bbox 415 224 417 226; x_wconf 91' lang='grc'><strong><em>·</em></strong></span> <span class='ocrx_word' id='word_1_7' title='bbox 466 217 560 254; x_wconf 61' lang='lat' dir='ltr'><strong>car.</strong></span> <span class='ocrx_word' id='word_1_8' title='bbox 579 215 666 253; x_wconf 73' lang='lat' dir='ltr'><strong>xiv.</strong></span> <span class='ocrx_word' id='word_1_9' title='bbox 687 209 748 252; x_wconf 69' lang='lat' dir='ltr'><strong>Au</strong></span> <span class='ocrx_word' id='word_1_10' title='bbox 763 183 1187 266; x_wconf 50' lang='lat' dir='ltr'><strong>arcuit-‘&#39;affiiauns</strong></span> <span class='ocrx_word' id='word_1_11' title='bbox 1207 189 1318 256; x_wconf 61' lang='lat' dir='ltr'><strong>arim</strong></span> <span class='ocrx_word' id='word_1_12' title='bbox 1337 214 1402 252; x_wconf 84' lang='lat' dir='ltr'><strong>su·</strong></span> <span class='ocrx_word' id='word_1_13' title='bbox 1424 178 1744 258; x_wconf 54' lang='lat' dir='ltr'><strong>nrssuwmimvs,</strong></span> <span class='ocrx_word' id='word_1_14' title='bbox 1765 215 1858 254; x_wconf 70' lang='lat' dir='ltr'><strong>erc.</strong></span> 
     </span>
     <span class='ocr_line' id='line_1_5' title="bbox 12 265 1130 347; baseline -0.004 -20"><span class='ocrx_word' id='word_1_15' title='bbox 12 267 55 329; x_wconf 59' lang='lat'><strong>5⁸¹</strong></span> <span class='ocrx_word' id='word_1_16' title='bbox 97 283 303 347; x_wconf 64' lang='lat' dir='ltr'><strong>praefectis</strong></span> <span class='ocrx_word' id='word_1_17' title='bbox 337 283 636 338; x_wconf 74' lang='lat' dir='ltr'><strong>spiritualibus,</strong></span> <span class='ocrx_word' id='word_1_18' title='bbox 675 281 749 334; x_wconf 85' lang='lat' dir='ltr'><strong>qui</strong></span> <span class='ocrx_word' id='word_1_19' title='bbox 774 280 952 333; x_wconf 84' lang='lat' dir='ltr'><strong>propriis</strong></span> <span class='ocrx_word' id='word_1_20' title='bbox 972 265 1130 332; x_wconf 54' lang='lat' dir='ltr'><strong>regui&amp;</strong></span> 
     </span>
     <span class='ocr_line' id='line_1_6' title="bbox 47 340 1129 399; baseline -0.009 -7"><span class='ocrx_word' id='word_1_21' title='bbox 47 383 50 385; x_wconf 48' lang='lat'>&gt;</span> <span class='ocrx_word' id='word_1_22' title='bbox 97 349 196 392; x_wconf 85' lang='lat' dir='ltr'><strong>unio</strong></span> <span class='ocrx_word' id='word_1_23' title='bbox 227 348 323 399; x_wconf 85' lang='lat' dir='ltr'><strong>&#39;que</strong></span> <span class='ocrx_word' id='word_1_24' title='bbox 357 346 481 388; x_wconf 84' lang='lat' dir='ltr'><strong>statui</strong></span> <span class='ocrx_word' id='word_1_25' title='bbox 507 342 829 388; x_wconf 81' lang='lat' dir='ltr'><strong>accommodatis</strong></span> <span class='ocrx_word' id='word_1_26' title='bbox 857 346 1039 383; x_wconf 81' lang='lat' dir='ltr'><strong>utantur.</strong></span> <span class='ocrx_word' id='word_1_27' title='bbox 1063 340 1129 383; x_wconf 90' lang='lat' dir='ltr'><strong>Sic</strong></span> 
     </span>
    </p>
   </div>
   <div class='ocr_carea' id='block_1_5' title="bbox 96 402 1132 766">
    <p class='ocr_par' dir='ltr' id='par_1_5' title="bbox 96 402 1132 766">
     <span class='ocr_line' id='line_1_7' title="bbox 99 402 1129 459; baseline -0.011 -7"><span class='ocrx_word' id='word_1_28' title='bbox 99 411 180 453; x_wconf 82' lang='lat' dir='ltr'><strong>etia</strong></span> <span class='ocrx_word' id='word_1_29' title='bbox 251 410 520 456; x_wconf 81' lang='lat' dir='ltr'>Procurator,</span> <span class='ocrx_word' id='word_1_30' title='bbox 540 407 614 459; x_wconf 86' lang='lat' dir='ltr'><strong>qui</strong></span> <span class='ocrx_word' id='word_1_31' title='bbox 630 406 674 446; x_wconf 88' lang='lat' dir='ltr'><strong>in</strong></span> <span class='ocrx_word' id='word_1_32' title='bbox 691 404 911 456; x_wconf 85' lang='lat' dir='ltr'><strong>temporali</strong></span> <span class='ocrx_word' id='word_1_33' title='bbox 938 402 1129 444; x_wconf 89' lang='lat' dir='ltr'><strong>adminis-</strong></span> 
     </span>
     <span class='ocr_line' id='line_1_8' title="bbox 97 465 1127 519; baseline -0.009 -6"><span class='ocrx_word' id='word_1_34' title='bbox 97 472 274 515; x_wconf 80' lang='lat' dir='ltr'><strong>tratione</strong></span> <span class='ocrx_word' id='word_1_35' title='bbox 312 473 634 510; x_wconf 81' lang='lat' dir='ltr'><strong>instrumentum</strong></span> <span class='ocrx_word' id='word_1_36' title='bbox 669 467 930 519; x_wconf 85' lang='lat' dir='ltr'><strong>potissimum</strong></span> <span class='ocrx_word' id='word_1_37' title='bbox 969 465 1127 506; x_wconf 79' lang='lat' dir='ltr'><strong>Praelati</strong></span> 
     </span>
     <span class='ocr_line' id='line_1_9' title="bbox 98 529 1128 585; baseline -0.01 -9"><span class='ocrx_word' id='word_1_38' title='bbox 98 538 175 582; x_wconf 82' lang='lat' dir='ltr'><strong>est,</strong></span> <span class='ocrx_word' id='word_1_39' title='bbox 196 546 292 574; x_wconf 86' lang='lat' dir='ltr'><strong>suas</strong></span> <span class='ocrx_word' id='word_1_40' title='bbox 313 533 501 585; x_wconf 89' lang='lat' dir='ltr'><strong>proprias</strong></span> <span class='ocrx_word' id='word_1_41' title='bbox 519 531 644 571; x_wconf 90' lang='lat' dir='ltr'><strong>habet</strong></span> <span class='ocrx_word' id='word_1_42' title='bbox 662 529 845 581; x_wconf 81' lang='lat' dir='ltr'><strong>regulaS,</strong></span> <span class='ocrx_word' id='word_1_43' title='bbox 861 541 1035 580; x_wconf 89' lang='lat' dir='ltr'><strong>quarum</strong></span> <span class='ocrx_word' id='word_1_44' title='bbox 1056 539 1128 568; x_wconf 88' lang='lat' dir='ltr'><strong>ne-</strong></span> 
     </span>
     <span class='ocr_line' id='line_1_10' title="bbox 97 591 1128 647; baseline -0.008 -11"><span class='ocrx_word' id='word_1_45' title='bbox 97 596 268 638; x_wconf 83' lang='lat' dir='ltr'><strong>cessitas</strong></span> <span class='ocrx_word' id='word_1_46' title='bbox 294 598 448 647; x_wconf 87' lang='lat' dir='ltr'><strong>quanta</strong></span> <span class='ocrx_word' id='word_1_47' title='bbox 468 594 532 640; x_wconf 88' lang='lat' dir='ltr'><strong>sit,</strong></span> <span class='ocrx_word' id='word_1_48' title='bbox 555 593 652 632; x_wconf 89' lang='lat' dir='ltr'><strong>satis</strong></span> <span class='ocrx_word' id='word_1_49' title='bbox 673 591 886 630; x_wconf 87' lang='lat' dir='ltr'><strong>declarant</strong></span> <span class='ocrx_word' id='word_1_50' title='bbox 908 591 1034 630; x_wconf 90' lang='lat' dir='ltr'><strong>verba</strong></span> <span class='ocrx_word' id='word_1_51' title='bbox 1053 591 1128 630; x_wconf 88' lang='lat' dir='ltr'><strong>Ba·</strong></span> 
     </span>
     <span class='ocr_line' id='line_1_11' title="bbox 98 651 1129 708; baseline -0.008 -10"><span class='ocrx_word' id='word_1_52' title='bbox 98 657 192 704; x_wconf 88' lang='lat' dir='ltr'><strong>silii,</strong></span> <span class='ocrx_word' id='word_1_53' title='bbox 214 670 301 708; x_wconf 85' lang='lat' dir='ltr'><strong>reg.</strong></span> <span class='ocrx_word' id='word_1_54' title='bbox 323 658 389 704; x_wconf 83' lang='lat'><strong>35,</strong></span> <span class='ocrx_word' id='word_1_55' title='bbox 409 667 460 696; x_wconf 83' lang='lat' dir='ltr'><strong>ex</strong></span> <span class='ocrx_word' id='word_1_56' title='bbox 478 654 717 699; x_wconf 87' lang='lat' dir='ltr'><strong>fusioribus,</strong></span> <span class='ocrx_word' id='word_1_57' title='bbox 740 652 811 691; x_wconf 90' lang='lat' dir='ltr'><strong>ubi</strong></span> <span class='ocrx_word' id='word_1_58' title='bbox 830 653 1036 704; x_wconf 85' lang='lat' dir='ltr'><strong>attingens</strong></span> <span class='ocrx_word' id='word_1_59' title='bbox 1051 651 1129 690; x_wconf 90' lang='lat' dir='ltr'><strong>hoc</strong></span> 
     </span>
     <span class='ocr_line' id='line_1_12' title="bbox 96 713 1132 766; baseline -0.009 -5"><span class='ocrx_word' id='word_1_60' title='bbox 96 731 265 764; x_wconf 90' lang='lat' dir='ltr'><strong>munus,</strong></span> <span class='ocrx_word' id='word_1_61' title='bbox 289 718 373 757; x_wconf 86' lang='lat' dir='ltr'><strong>ait:</strong></span> <span class='ocrx_word' id='word_1_62' title='bbox 398 717 523 766; x_wconf 78' lang='lat' dir='ltr'><strong>Quam</strong></span> <span class='ocrx_word' id='word_1_63' title='bbox 543 727 632 755; x_wconf 78' lang='lat' dir='ltr'><strong>vero</strong></span> <span class='ocrx_word' id='word_1_64' title='bbox 653 715 814 765; x_wconf 81' lang='lat' dir='ltr'><strong>difficile</strong></span> <span class='ocrx_word' id='word_1_65' title='bbox 829 716 884 755; x_wconf 84' lang='lat' dir='ltr'><strong>sit</strong></span> <span class='ocrx_word' id='word_1_66' title='bbox 902 716 1034 755; x_wconf 79' lang='lat' dir='ltr'><strong>virum</strong></span> <span class='ocrx_word' id='word_1_67' title='bbox 1053 713 1132 754; x_wconf 77' lang='lat' dir='ltr'><strong>ati-</strong></span> 
     </span>
    </p>
   </div>
   <div class='ocr_carea' id='block_1_6' title="bbox 74 775 1130 896">
    <p class='ocr_par' dir='ltr' id='par_1_6' title="bbox 74 775 1130 896">
     <span class='ocr_line' id='line_1_13' title="bbox 80 775 1130 840; baseline -0.009 -17"><span class='ocrx_word' id='word_1_68' title='bbox 80 788 208 840; x_wconf 36' lang='lat' dir='ltr'><strong>&#39;iquem</strong></span> <span class='ocrx_word' id='word_1_69' title='bbox 234 778 431 827; x_wconf 79' lang='lat' dir='ltr'><strong>nancisci,</strong></span> <span class='ocrx_word' id='word_1_70' title='bbox 456 778 526 831; x_wconf 82' lang='lat' dir='ltr'><strong>qui</strong></span> <span class='ocrx_word' id='word_1_71' title='bbox 555 775 710 818; x_wconf 70' lang='lat' dir='ltr'><strong>Christi</strong></span> <span class='ocrx_word' id='word_1_72' title='bbox 735 786 872 816; x_wconf 87' lang='lat' dir='ltr'><strong>nomen</strong></span> <span class='ocrx_word' id='word_1_73' title='bbox 902 787 978 816; x_wconf 85' lang='lat' dir='ltr'><strong>non</strong></span> <span class='ocrx_word' id='word_1_74' title='bbox 998 775 1130 827; x_wconf 77' lang='lat' dir='ltr'><strong>aliquo</strong></span> 
     </span>
     <span class='ocr_line' id='line_1_14' title="bbox 74 835 1130 896; baseline -0.006 -16"><span class='ocrx_word' id='word_1_75' title='bbox 74 845 211 896; x_wconf 50' lang='grc' dir='ltr'><strong>ᾔκιστο</strong></span> <span class='ocrx_word' id='word_1_76' title='bbox 229 842 447 888; x_wconf 76' lang='lat' dir='ltr'><strong><em>dedecoret,</em></strong></span> <span class='ocrx_word' id='word_1_77' title='bbox 465 843 504 880; x_wconf 79' lang='lat' dir='ltr'><strong>et</strong></span> <span class='ocrx_word' id='word_1_78' title='bbox 525 851 608 880; x_wconf 81' lang='lat' dir='ltr'><strong>oum</strong></span> <span class='ocrx_word' id='word_1_79' title='bbox 639 837 740 887; x_wconf 77' lang='lat' dir='ltr'><strong>soris</strong></span> <span class='ocrx_word' id='word_1_80' title='bbox 766 839 836 885; x_wconf 83' lang='lat' dir='ltr'><strong>sit,</strong></span> <span class='ocrx_word' id='word_1_81' title='bbox 857 849 947 878; x_wconf 82' lang='lat' dir='ltr'><strong>eum</strong></span> <span class='ocrx_word' id='word_1_82' title='bbox 973 838 1029 878; x_wconf 82' lang='lat' dir='ltr'><strong>iis</strong></span> <span class='ocrx_word' id='word_1_83' title='bbox 1062 835 1130 888; x_wconf 84' lang='lat' dir='ltr'><strong>qni</strong></span> 
     </span>
    </p>
   </div>
   <div class='ocr_carea' id='block_1_7' title="bbox 94 899 1140 1689">
    <p class='ocr_par' dir='ltr' id='par_1_7' title="bbox 94 899 1140 1689">
     <span class='ocr_line' id='line_1_15' title="bbox 96 899 1132 946; baseline -0.008 1"><span class='ocrx_word' id='word_1_84' title='bbox 96 903 316 946; x_wconf 76' lang='lat' dir='ltr'><strong>communis</strong></span> <span class='ocrx_word' id='word_1_85' title='bbox 336 902 433 942; x_wconf 81' lang='lat' dir='ltr'><strong>oitoe</strong></span> <span class='ocrx_word' id='word_1_86' title='bbox 451 901 769 942; x_wconf 55' lang='lat' dir='ltr'><strong>consuetudinem</strong></span> <span class='ocrx_word' id='word_1_87' title='bbox 793 903 943 944; x_wconf 82' lang='lat' dir='ltr'><strong>tenent,</strong></span> <span class='ocrx_word' id='word_1_88' title='bbox 964 899 1026 939; x_wconf 83' lang='lat' dir='ltr'><strong>ita</strong></span> <span class='ocrx_word' id='word_1_89' title='bbox 1043 908 1132 939; x_wconf 75' lang='lat' dir='ltr'><strong>con·</strong></span> 
     </span>
     <span class='ocr_line' id='line_1_16' title="bbox 95 960 1131 1020; baseline -0.007 -16"><span class='ocrx_word' id='word_1_90' title='bbox 95 964 208 1020; x_wconf 62' lang='lat' dir='ltr'><strong>predi</strong></span> <span class='ocrx_word' id='word_1_91' title='bbox 227 965 328 1003; x_wconf 80' lang='lat' dir='ltr'><strong>sciat</strong></span> <span class='ocrx_word' id='word_1_92' title='bbox 340 993 351 1010; x_wconf 92' lang='lat'><strong>,</strong></span> <span class='ocrx_word' id='word_1_93' title='bbox 371 965 417 1002; x_wconf 78' lang='lat' dir='ltr'><strong>ut</strong></span> <span class='ocrx_word' id='word_1_94' title='bbox 437 972 524 1002; x_wconf 83' lang='lat' dir='ltr'><strong>cnm</strong></span> <span class='ocrx_word' id='word_1_95' title='bbox 544 973 619 1001; x_wconf 84' lang='lat' dir='ltr'><strong>sna</strong></span> <span class='ocrx_word' id='word_1_96' title='bbox 638 961 769 1011; x_wconf 79' lang='lat' dir='ltr'><strong>ipsius</strong></span> <span class='ocrx_word' id='word_1_97' title='bbox 784 960 1028 1011; x_wconf 78' lang='lat' dir='ltr'><strong>professione</strong></span> <span class='ocrx_word' id='word_1_98' title='bbox 1046 968 1131 998; x_wconf 84' lang='lat' dir='ltr'><strong>con·</strong></span> 
     </span>
     <span class='ocr_line' id='line_1_17' title="bbox 94 1019 1137 1080; baseline -0.009 -13"><span class='ocrx_word' id='word_1_99' title='bbox 94 1026 248 1080; x_wconf 57' lang='lat' dir='ltr'><strong>pressio</strong></span> <span class='ocrx_word' id='word_1_100' title='bbox 278 1025 352 1065; x_wconf 84' lang='lat' dir='ltr'><strong>illa</strong></span> <span class='ocrx_word' id='word_1_101' title='bbox 374 1024 513 1075; x_wconf 78' lang='lat' dir='ltr'><strong>aliqua</strong></span> <span class='ocrx_word' id='word_1_102' title='bbox 541 1034 589 1063; x_wconf 74' lang='lat' dir='ltr'><strong>ex</strong></span> <span class='ocrx_word' id='word_1_103' title='bbox 614 1026 731 1076; x_wconf 79' lang='lat' dir='ltr'><strong>parte</strong></span> <span class='ocrx_word' id='word_1_104' title='bbox 762 1034 840 1062; x_wconf 84' lang='lat' dir='ltr'><strong>non</strong></span> <span class='ocrx_word' id='word_1_105' title='bbox 865 1022 1072 1072; x_wconf 77' lang='lat' dir='ltr'><strong>discrepet,</strong></span> <span class='ocrx_word' id='word_1_106' title='bbox 1091 1019 1137 1059; x_wconf 76' lang='lat' dir='ltr'><strong>id</strong></span> 
     </span>
     <span class='ocr_line' id='line_1_18' title="bbox 95 1081 1133 1135; baseline -0.011 -7"><span class='ocrx_word' id='word_1_107' title='bbox 95 1095 158 1128; x_wconf 85' lang='lat' dir='ltr'><strong>me</strong></span> <span class='ocrx_word' id='word_1_108' title='bbox 188 1090 346 1126; x_wconf 84' lang='lat' dir='ltr'><strong>tacente</strong></span> <span class='ocrx_word' id='word_1_109' title='bbox 371 1086 491 1125; x_wconf 84' lang='lat' dir='ltr'><strong>etiam</strong></span> <span class='ocrx_word' id='word_1_110' title='bbox 526 1096 594 1124; x_wconf 76' lang='lat' dir='ltr'><strong>vos</strong></span> <span class='ocrx_word' id='word_1_111' title='bbox 629 1082 873 1135; x_wconf 71' lang='lat' dir='ltr'><strong>ioitelliqitis.</strong></span> <span class='ocrx_word' id='word_1_112' title='bbox 909 1082 976 1122; x_wconf 89' lang='lat' dir='ltr'><strong>Sic</strong></span> <span class='ocrx_word' id='word_1_113' title='bbox 1010 1081 1133 1119; x_wconf 87' lang='lat' dir='ltr'><strong>etiam</strong></span> 
     </span>
     <span class='ocr_line' id='line_1_19' title="bbox 95 1142 1133 1192; baseline -0.009 -4"><span class='ocrx_word' id='word_1_114' title='bbox 95 1143 152 1189; x_wconf 81' lang='lat' dir='ltr'><strong>de</strong></span> <span class='ocrx_word' id='word_1_115' title='bbox 179 1146 341 1186; x_wconf 82' lang='lat' dir='ltr'><strong>caeteris</strong></span> <span class='ocrx_word' id='word_1_116' title='bbox 369 1146 631 1192; x_wconf 90' lang='lat' dir='ltr'><strong>ministeriis,</strong></span> <span class='ocrx_word' id='word_1_117' title='bbox 658 1148 699 1183; x_wconf 90' lang='lat' dir='ltr'><strong>et</strong></span> <span class='ocrx_word' id='word_1_118' title='bbox 724 1144 869 1183; x_wconf 83' lang='lat' dir='ltr'><strong>officiis</strong></span> <span class='ocrx_word' id='word_1_119' title='bbox 894 1142 1133 1192; x_wconf 86' lang='lat' dir='ltr'><strong>intelligen-</strong></span> 
     </span>
     <span class='ocr_line' id='line_1_20' title="bbox 98 1203 1136 1256; baseline -0.007 -8"><span class='ocrx_word' id='word_1_120' title='bbox 98 1207 198 1249; x_wconf 84' lang='lat' dir='ltr'><strong>dum</strong></span> <span class='ocrx_word' id='word_1_121' title='bbox 239 1218 330 1255; x_wconf 81' lang='lat' dir='ltr'><strong>est,</strong></span> <span class='ocrx_word' id='word_1_122' title='bbox 359 1211 444 1246; x_wconf 87' lang='lat' dir='ltr'><strong>tam</strong></span> <span class='ocrx_word' id='word_1_123' title='bbox 483 1207 526 1245; x_wconf 90' lang='lat' dir='ltr'><strong>in</strong></span> <span class='ocrx_word' id='word_1_124' title='bbox 558 1205 858 1256; x_wconf 84' lang='lat' dir='ltr'><strong>temporalibus</strong></span> <span class='ocrx_word' id='word_1_125' title='bbox 895 1203 1136 1242; x_wconf 86' lang='lat' dir='ltr'><strong>ministeriis</strong></span> 
     </span>
     <span class='ocr_line' id='line_1_21' title="bbox 96 1266 1136 1321; baseline -0.006 -13"><span class='ocrx_word' id='word_1_126' title='bbox 96 1279 225 1321; x_wconf 88' lang='lat' dir='ltr'><strong>quam</strong></span> <span class='ocrx_word' id='word_1_127' title='bbox 249 1270 292 1308; x_wconf 92' lang='lat' dir='ltr'><strong>in</strong></span> <span class='ocrx_word' id='word_1_128' title='bbox 311 1268 535 1315; x_wconf 86' lang='lat' dir='ltr'><strong>litterariis,</strong></span> <span class='ocrx_word' id='word_1_129' title='bbox 558 1272 604 1307; x_wconf 87' lang='lat' dir='ltr'><strong>ut</strong></span> <span class='ocrx_word' id='word_1_130' title='bbox 624 1266 986 1314; x_wconf 88' lang='lat' dir='ltr'><strong>Scholasticorum,</strong></span> <span class='ocrx_word' id='word_1_131' title='bbox 1008 1276 1136 1316; x_wconf 84' lang='lat' dir='ltr'><strong>quam</strong></span> 
     </span>
     <span class='ocr_line' id='line_1_22' title="bbox 98 1327 1132 1382; baseline -0.009 -8"><span class='ocrx_word' id='word_1_132' title='bbox 98 1331 226 1373; x_wconf 80' lang='lat' dir='ltr'><strong>etiam</strong></span> <span class='ocrx_word' id='word_1_133' title='bbox 247 1332 288 1370; x_wconf 90' lang='lat' dir='ltr'><strong>in</strong></span> <span class='ocrx_word' id='word_1_134' title='bbox 316 1330 598 1382; x_wconf 79' lang='lat' dir='ltr'><strong>spiritualibus</strong></span> <span class='ocrx_word' id='word_1_135' title='bbox 622 1340 721 1379; x_wconf 86' lang='lat' dir='ltr'><strong>erga</strong></span> <span class='ocrx_word' id='word_1_136' title='bbox 740 1328 966 1379; x_wconf 87' lang='lat' dir='ltr'><strong>proximos,</strong></span> <span class='ocrx_word' id='word_1_137' title='bbox 988 1332 1033 1365; x_wconf 91' lang='lat' dir='ltr'><strong>ut</strong></span> <span class='ocrx_word' id='word_1_138' title='bbox 1062 1327 1132 1366; x_wconf 86' lang='lat' dir='ltr'><strong>Sa-</strong></span> 
     </span>
     <span class='ocr_line' id='line_1_23' title="bbox 97 1389 1134 1439; baseline -0.008 -5"><span class='ocrx_word' id='word_1_139' title='bbox 97 1393 310 1435; x_wconf 80' lang='lat' dir='ltr'><strong>cerdotum</strong></span> <span class='ocrx_word' id='word_1_140' title='bbox 333 1396 375 1431; x_wconf 93' lang='lat' dir='ltr'><strong>et</strong></span> <span class='ocrx_word' id='word_1_141' title='bbox 401 1392 754 1436; x_wconf 82' lang='lat' dir='ltr'><strong>concionatorum,</strong></span> <span class='ocrx_word' id='word_1_142' title='bbox 777 1394 874 1437; x_wconf 65' lang='lat' dir='ltr'><strong>etc„</strong></span> <span class='ocrx_word' id='word_1_143' title='bbox 903 1389 956 1428; x_wconf 89' lang='lat' dir='ltr'><strong>de</strong></span> <span class='ocrx_word' id='word_1_144' title='bbox 984 1389 1134 1439; x_wconf 85' lang='lat' dir='ltr'><strong>quibus</strong></span> 
     </span>
     <span class='ocr_line' id='line_1_24' title="bbox 98 1451 1134 1505; baseline -0.009 -9"><span class='ocrx_word' id='word_1_145' title='bbox 98 1454 166 1496; x_wconf 82' lang='lat' dir='ltr'><strong>hic</strong></span> <span class='ocrx_word' id='word_1_146' title='bbox 186 1455 228 1494; x_wconf 90' lang='lat' dir='ltr'><strong>in</strong></span> <span class='ocrx_word' id='word_1_147' title='bbox 245 1452 481 1505; x_wconf 83' lang='lat' dir='ltr'><strong>particulari</strong></span> <span class='ocrx_word' id='word_1_148' title='bbox 497 1452 634 1490; x_wconf 84' lang='lat' dir='ltr'><strong>dicere</strong></span> <span class='ocrx_word' id='word_1_149' title='bbox 655 1462 739 1490; x_wconf 89' lang='lat' dir='ltr'><strong>non</strong></span> <span class='ocrx_word' id='word_1_150' title='bbox 757 1455 820 1490; x_wconf 90' lang='lat' dir='ltr'><strong>est</strong></span> <span class='ocrx_word' id='word_1_151' title='bbox 835 1451 1134 1499; x_wconf 87' lang='lat' dir='ltr'><strong>necessarium,</strong></span> 
     </span>
     <span class='ocr_line' id='line_1_25' title="bbox 99 1512 1137 1568; baseline -0.006 -13"><span class='ocrx_word' id='word_1_152' title='bbox 99 1515 196 1568; x_wconf 83' lang='lat' dir='ltr'><strong>quia</strong></span> <span class='ocrx_word' id='word_1_153' title='bbox 217 1515 375 1554; x_wconf 87' lang='lat' dir='ltr'><strong>nullam</strong></span> <span class='ocrx_word' id='word_1_154' title='bbox 408 1513 632 1564; x_wconf 84' lang='lat' dir='ltr'><strong>specialem</strong></span> <span class='ocrx_word' id='word_1_155' title='bbox 654 1512 885 1551; x_wconf 81' lang='lat' dir='ltr'><strong>doctrinam</strong></span> <span class='ocrx_word' id='word_1_156' title='bbox 906 1512 1137 1561; x_wconf 86' lang='lat' dir='ltr'><strong>requirunt,</strong></span> 
     </span>
     <span class='ocr_line' id='line_1_26' title="bbox 99 1573 1140 1628; baseline -0.008 -10"><span class='ocrx_word' id='word_1_157' title='bbox 99 1580 142 1619; x_wconf 81' lang='lat' dir='ltr'><strong>et</strong></span> <span class='ocrx_word' id='word_1_158' title='bbox 151 1589 243 1628; x_wconf 86' lang='lat' dir='ltr'><strong>quae</strong></span> <span class='ocrx_word' id='word_1_159' title='bbox 258 1581 402 1615; x_wconf 89' lang='lat' dir='ltr'><strong>notatu</strong></span> <span class='ocrx_word' id='word_1_160' title='bbox 417 1576 544 1626; x_wconf 83' lang='lat' dir='ltr'><strong>digna</strong></span> <span class='ocrx_word' id='word_1_161' title='bbox 561 1577 672 1622; x_wconf 87' lang='lat' dir='ltr'><strong>sunt,</strong></span> <span class='ocrx_word' id='word_1_162' title='bbox 685 1574 726 1613; x_wconf 88' lang='lat' dir='ltr'><strong>in</strong></span> <span class='ocrx_word' id='word_1_163' title='bbox 746 1573 1029 1624; x_wconf 85' lang='lat' dir='ltr'><strong>superioribus</strong></span> <span class='ocrx_word' id='word_1_164' title='bbox 1044 1573 1140 1611; x_wconf 85' lang='lat' dir='ltr'><strong>etin</strong></span> 
     </span>
     <span class='ocr_line' id='line_1_27' title="bbox 98 1634 1136 1689; baseline -0.006 -11"><span class='ocrx_word' id='word_1_165' title='bbox 98 1637 201 1680; x_wconf 81' lang='lat' dir='ltr'><strong>loeis</strong></span> <span class='ocrx_word' id='word_1_166' title='bbox 228 1638 313 1678; x_wconf 89' lang='lat' dir='ltr'><strong>suis</strong></span> <span class='ocrx_word' id='word_1_167' title='bbox 332 1636 606 1689; x_wconf 86' lang='lat' dir='ltr'><strong>opportunius</strong></span> <span class='ocrx_word' id='word_1_168' title='bbox 626 1647 711 1675; x_wconf 89' lang='lat' dir='ltr'><strong>non</strong></span> <span class='ocrx_word' id='word_1_169' title='bbox 730 1639 826 1675; x_wconf 89' lang='lat' dir='ltr'><strong>suut</strong></span> <span class='ocrx_word' id='word_1_170' title='bbox 846 1634 1136 1686; x_wconf 85' lang='lat' dir='ltr'><strong>praetermissa.</strong></span> 
     </span>
    </p>
   </div>
   <div class='ocr_carea' id='block_1_8' title="bbox 103 1735 1142 1842">
    <p class='ocr_par' dir='ltr' id='par_1_8' title="bbox 103 1735 1142 1842">
     <span class='ocr_line' id='line_1_28' title="bbox 103 1735 1142 1789; baseline -0.009 -4"><span class='ocrx_word' id='word_1_171' title='bbox 103 1736 164 1785; x_wconf 78' lang='lat' dir='ltr'><strong>De</strong></span> <span class='ocrx_word' id='word_1_172' title='bbox 196 1738 378 1786; x_wconf 80' lang='lat' dir='ltr'><strong>decretis,</strong></span> <span class='ocrx_word' id='word_1_173' title='bbox 408 1736 470 1779; x_wconf 74' lang='lat' dir='ltr'><strong>vet</strong></span> <span class='ocrx_word' id='word_1_174' title='bbox 503 1736 718 1780; x_wconf 78' lang='lat' dir='ltr'><strong>canonibus</strong></span> <span class='ocrx_word' id='word_1_175' title='bbox 752 1735 990 1785; x_wconf 79' lang='lat' dir='ltr'><strong>Societatis,</strong></span> <span class='ocrx_word' id='word_1_176' title='bbox 1022 1736 1142 1789; x_wconf 77' lang='lat' dir='ltr'><strong>deque</strong></span> 
     </span>
     <span class='ocr_line' id='line_1_29' title="bbox 314 1798 918 1842; baseline -0.007 -1"><span class='ocrx_word' id='word_1_177' title='bbox 314 1799 627 1841; x_wconf 73' lang='lat' dir='ltr'><strong>ordinationibus</strong></span> <span class='ocrx_word' id='word_1_178' title='bbox 651 1798 918 1842; x_wconf 72' lang='lat' dir='ltr'><strong>Generalinm.</strong></span> 
     </span>
    </p>
   </div>
   <div class='ocr_carea' id='block_1_9' title="bbox 101 1881 1162 3532">
    <p class='ocr_par' dir='ltr' id='par_1_9' title="bbox 101 1881 1162 3532">
     <span class='ocr_line' id='line_1_30' title="bbox 154 1881 1143 1937; baseline -0.004 -12"><span class='ocrx_word' id='word_1_179' title='bbox 154 1883 222 1925; x_wconf 74' lang='lat'><strong>14.</strong></span> <span class='ocrx_word' id='word_1_180' title='bbox 254 1883 355 1925; x_wconf 80' lang='lat' dir='ltr'><strong>Sola</strong></span> <span class='ocrx_word' id='word_1_181' title='bbox 377 1882 635 1937; x_wconf 71' lang='lat' dir='ltr'><strong>Conyreqacio</strong></span> <span class='ocrx_word' id='word_1_182' title='bbox 656 1882 862 1926; x_wconf 70' lang='lat' dir='ltr'><strong>Generalis</strong></span> <span class='ocrx_word' id='word_1_183' title='bbox 879 1883 961 1923; x_wconf 74' lang='lat' dir='ltr'><strong>liceo</strong></span> <span class='ocrx_word' id='word_1_184' title='bbox 981 1881 1143 1923; x_wconf 65' lang='lat' dir='ltr'><strong>condere</strong></span> 
     </span>
     <span class='ocr_line' id='line_1_31' title="bbox 101 1942 1141 1990; baseline -0.006 -3"><span class='ocrx_word' id='word_1_185' title='bbox 101 1945 207 1988; x_wconf 80' lang='lat' dir='ltr'><strong>valet</strong></span> <span class='ocrx_word' id='word_1_186' title='bbox 224 1948 262 1984; x_wconf 80' lang='lat' dir='ltr'><strong>et</strong></span> <span class='ocrx_word' id='word_1_187' title='bbox 284 1949 452 1984; x_wconf 75' lang='lat' dir='ltr'><strong>mutare.</strong></span> <span class='ocrx_word' id='word_1_188' title='bbox 484 1964 536 1974; x_wconf 91' lang='lat'><em>-</em></span> <span class='ocrx_word' id='word_1_189' title='bbox 563 1944 676 1983; x_wconf 86' lang='lat' dir='ltr'><strong>Ultra</strong></span> <span class='ocrx_word' id='word_1_190' title='bbox 705 1944 806 1990; x_wconf 83' lang='lat' dir='ltr'><strong>haec,</strong></span> <span class='ocrx_word' id='word_1_191' title='bbox 840 1943 1049 1982; x_wconf 85' lang='lat' dir='ltr'><strong>adduntur</strong></span> <span class='ocrx_word' id='word_1_192' title='bbox 1068 1942 1141 1982; x_wconf 86' lang='lat' dir='ltr'><strong>dc·</strong></span> 
     </span>
     <span class='ocr_line' id='line_1_32' title="bbox 102 2003 1139 2055; baseline -0.005 -8"><span class='ocrx_word' id='word_1_193' title='bbox 102 2009 216 2048; x_wconf 82' lang='lat' dir='ltr'><strong>creta</strong></span> <span class='ocrx_word' id='word_1_194' title='bbox 242 2016 318 2044; x_wconf 87' lang='lat' dir='ltr'><strong>seu</strong></span> <span class='ocrx_word' id='word_1_195' title='bbox 348 2014 530 2043; x_wconf 80' lang='lat' dir='ltr'><strong>canones</strong></span> <span class='ocrx_word' id='word_1_196' title='bbox 562 2003 937 2055; x_wconf 76' lang='lat' dir='ltr'><strong>congregationum</strong></span> <span class='ocrx_word' id='word_1_197' title='bbox 968 2015 1139 2054; x_wconf 84' lang='lat' dir='ltr'><strong>genera-</strong></span> 
     </span>
     <span class='ocr_line' id='line_1_33' title="bbox 102 2065 1140 2118; baseline -0.003 -10"><span class='ocrx_word' id='word_1_198' title='bbox 102 2067 226 2114; x_wconf 89' lang='lat' dir='ltr'><strong>lium;</strong></span> <span class='ocrx_word' id='word_1_199' title='bbox 249 2067 437 2118; x_wconf 86' lang='lat' dir='ltr'><strong>quamvis</strong></span> <span class='ocrx_word' id='word_1_200' title='bbox 451 2066 562 2105; x_wconf 90' lang='lat' dir='ltr'><strong>enim</strong></span> <span class='ocrx_word' id='word_1_201' title='bbox 579 2066 645 2104; x_wconf 90' lang='lat' dir='ltr'><strong>hic</strong></span> <span class='ocrx_word' id='word_1_202' title='bbox 659 2065 809 2104; x_wconf 88' lang='lat' dir='ltr'><strong>modus</strong></span> <span class='ocrx_word' id='word_1_203' title='bbox 825 2065 994 2105; x_wconf 91' lang='lat' dir='ltr'><strong>Concilii</strong></span> <span class='ocrx_word' id='word_1_204' title='bbox 1007 2066 1140 2105; x_wconf 89' lang='lat' dir='ltr'><strong>rarius</strong></span> 
     </span>
     <span class='ocr_line' id='line_1_34' title="bbox 102 2126 1141 2179; baseline -0.005 -8"><span class='ocrx_word' id='word_1_205' title='bbox 102 2128 148 2171; x_wconf 81' lang='lat' dir='ltr'><strong>in</strong></span> <span class='ocrx_word' id='word_1_206' title='bbox 168 2129 370 2171; x_wconf 86' lang='lat' dir='ltr'><strong>Societate</strong></span> <span class='ocrx_word' id='word_1_207' title='bbox 396 2139 520 2179; x_wconf 88' lang='lat' dir='ltr'><strong>quam</strong></span> <span class='ocrx_word' id='word_1_208' title='bbox 547 2127 591 2167; x_wconf 89' lang='lat' dir='ltr'><strong>in</strong></span> <span class='ocrx_word' id='word_1_209' title='bbox 620 2127 712 2166; x_wconf 88' lang='lat' dir='ltr'><strong>aliis</strong></span> <span class='ocrx_word' id='word_1_210' title='bbox 744 2126 1016 2178; x_wconf 84' lang='lat' dir='ltr'><strong>religionibus</strong></span> <span class='ocrx_word' id='word_1_211' title='bbox 1042 2138 1141 2166; x_wconf 87' lang='lat' dir='ltr'><strong>con-</strong></span> 
     </span>
     <span class='ocr_line' id='line_1_35' title="bbox 104 2188 1144 2244; baseline -0.005 -12"><span class='ocrx_word' id='word_1_212' title='bbox 104 2194 316 2244; x_wconf 79' lang='lat' dir='ltr'><strong>gregetur,</strong></span> <span class='ocrx_word' id='word_1_213' title='bbox 339 2190 436 2239; x_wconf 86' lang='lat' dir='ltr'><strong>quia</strong></span> <span class='ocrx_word' id='word_1_214' title='bbox 452 2200 548 2228; x_wconf 88' lang='lat' dir='ltr'><strong>cum</strong></span> <span class='ocrx_word' id='word_1_215' title='bbox 564 2188 718 2228; x_wconf 87' lang='lat' dir='ltr'><strong>habeat</strong></span> <span class='ocrx_word' id='word_1_216' title='bbox 734 2188 982 2227; x_wconf 86' lang='lat' dir='ltr'><strong>Generalem</strong></span> <span class='ocrx_word' id='word_1_217' title='bbox 998 2199 1144 2239; x_wconf 85' lang='lat' dir='ltr'><strong>perpe-</strong></span> 
     </span>
     <span class='ocr_line' id='line_1_36' title="bbox 106 2249 1146 2301; baseline -0.004 -8"><span class='ocrx_word' id='word_1_218' title='bbox 106 2258 239 2300; x_wconf 84' lang='lat' dir='ltr'><strong>tuum,</strong></span> <span class='ocrx_word' id='word_1_219' title='bbox 262 2255 303 2291; x_wconf 89' lang='lat' dir='ltr'><strong>et</strong></span> <span class='ocrx_word' id='word_1_220' title='bbox 319 2251 459 2290; x_wconf 86' lang='lat' dir='ltr'><strong>omnia</strong></span> <span class='ocrx_word' id='word_1_221' title='bbox 478 2261 571 2301; x_wconf 72' lang='lat' dir='ltr'><strong>quae</strong></span> <span class='ocrx_word' id='word_1_222' title='bbox 588 2249 641 2288; x_wconf 89' lang='lat' dir='ltr'><strong>ad</strong></span> <span class='ocrx_word' id='word_1_223' title='bbox 657 2249 893 2288; x_wconf 85' lang='lat' dir='ltr'><strong>institutum</strong></span> <span class='ocrx_word' id='word_1_224' title='bbox 919 2250 1146 2301; x_wconf 82' lang='lat' dir='ltr'><strong>pertinent,</strong></span> 
     </span>
     <span class='ocr_line' id='line_1_37' title="bbox 106 2310 1146 2367; baseline -0.006 -13"><span class='ocrx_word' id='word_1_225' title='bbox 106 2314 345 2367; x_wconf 84' lang='lat' dir='ltr'><strong>plenissime</strong></span> <span class='ocrx_word' id='word_1_226' title='bbox 364 2312 564 2362; x_wconf 87' lang='lat' dir='ltr'><strong>disposita</strong></span> <span class='ocrx_word' id='word_1_227' title='bbox 584 2316 624 2351; x_wconf 86' lang='lat' dir='ltr'><strong>et</strong></span> <span class='ocrx_word' id='word_1_228' title='bbox 644 2311 805 2361; x_wconf 77' lang='lat' dir='ltr'><strong>digesta</strong></span> <span class='ocrx_word' id='word_1_229' title='bbox 821 2310 904 2349; x_wconf 86' lang='lat' dir='ltr'><strong>siut</strong></span> <span class='ocrx_word' id='word_1_230' title='bbox 919 2341 932 2359; x_wconf 92' lang='lat'><strong>,</strong></span> <span class='ocrx_word' id='word_1_231' title='bbox 964 2322 1058 2349; x_wconf 85' lang='lat' dir='ltr'><strong>raro</strong></span> <span class='ocrx_word' id='word_1_232' title='bbox 1078 2322 1146 2349; x_wconf 82' lang='lat' dir='ltr'><strong>oc·</strong></span> 
     </span>
     <span class='ocr_line' id='line_1_38' title="bbox 108 2371 1149 2422; baseline -0.006 -6"><span class='ocrx_word' id='word_1_233' title='bbox 108 2375 234 2416; x_wconf 84' lang='lat' dir='ltr'><strong>currit</strong></span> <span class='ocrx_word' id='word_1_234' title='bbox 282 2374 509 2413; x_wconf 82' lang='lat' dir='ltr'><strong>necessitas</strong></span> <span class='ocrx_word' id='word_1_235' title='bbox 549 2373 727 2411; x_wconf 86' lang='lat' dir='ltr'><strong>faciendi</strong></span> <span class='ocrx_word' id='word_1_236' title='bbox 773 2373 901 2411; x_wconf 88' lang='lat' dir='ltr'><strong>totius</strong></span> <span class='ocrx_word' id='word_1_237' title='bbox 938 2371 1149 2422; x_wconf 79' lang='lat' dir='ltr'><strong>religionis</strong></span> 
     </span>
     <span class='ocr_line' id='line_1_39' title="bbox 108 2433 1150 2486; baseline -0.007 -8"><span class='ocrx_word' id='word_1_238' title='bbox 108 2437 463 2484; x_wconf 81' lang='lat' dir='ltr'><strong>convocationem,</strong></span> <span class='ocrx_word' id='word_1_239' title='bbox 486 2446 579 2486; x_wconf 86' lang='lat' dir='ltr'><strong>quae</strong></span> <span class='ocrx_word' id='word_1_240' title='bbox 597 2434 685 2473; x_wconf 91' lang='lat' dir='ltr'><strong>sine</strong></span> <span class='ocrx_word' id='word_1_241' title='bbox 705 2434 796 2473; x_wconf 90' lang='lat' dir='ltr'><strong>aliis</strong></span> <span class='ocrx_word' id='word_1_242' title='bbox 812 2433 974 2484; x_wconf 84' lang='lat' dir='ltr'><strong>magnis</strong></span> <span class='ocrx_word' id='word_1_243' title='bbox 993 2434 1150 2472; x_wconf 88' lang='lat' dir='ltr'><strong>incom-</strong></span> 
     </span>
     <span class='ocr_line' id='line_1_40' title="bbox 109 2495 1148 2547; baseline -0.006 -8"><span class='ocrx_word' id='word_1_244' title='bbox 109 2498 243 2541; x_wconf 83' lang='lat' dir='ltr'><strong>modis</strong></span> <span class='ocrx_word' id='word_1_245' title='bbox 262 2509 344 2536; x_wconf 90' lang='lat' dir='ltr'><strong>non</strong></span> <span class='ocrx_word' id='word_1_246' title='bbox 365 2497 426 2545; x_wconf 85' lang='lat' dir='ltr'><strong>fit,</strong></span> <span class='ocrx_word' id='word_1_247' title='bbox 451 2496 641 2547; x_wconf 88' lang='lat' dir='ltr'><strong>quamvis</strong></span> <span class='ocrx_word' id='word_1_248' title='bbox 670 2496 873 2546; x_wconf 79' lang='lat' dir='ltr'><strong>(inquam)</strong></span> <span class='ocrx_word' id='word_1_249' title='bbox 903 2495 983 2534; x_wconf 89' lang='lat' dir='ltr'><strong>hoc</strong></span> <span class='ocrx_word' id='word_1_250' title='bbox 1005 2495 1061 2533; x_wconf 90' lang='lat' dir='ltr'><strong>ita</strong></span> <span class='ocrx_word' id='word_1_251' title='bbox 1083 2495 1148 2542; x_wconf 91' lang='lat' dir='ltr'><strong>sit,</strong></span> 
     </span>
     <span class='ocr_line' id='line_1_41' title="bbox 110 2556 1152 2609; baseline -0.007 -8"><span class='ocrx_word' id='word_1_252' title='bbox 110 2560 377 2603; x_wconf 85' lang='lat' dir='ltr'><strong>nihilominus</strong></span> <span class='ocrx_word' id='word_1_253' title='bbox 391 2557 614 2609; x_wconf 87' lang='lat' dir='ltr'><strong>aliquando</strong></span> <span class='ocrx_word' id='word_1_254' title='bbox 633 2557 722 2596; x_wconf 87' lang='lat' dir='ltr'><strong>fieri</strong></span> <span class='ocrx_word' id='word_1_255' title='bbox 739 2568 908 2596; x_wconf 85' lang='lat' dir='ltr'><strong>necesse</strong></span> <span class='ocrx_word' id='word_1_256' title='bbox 926 2560 999 2595; x_wconf 89' lang='lat' dir='ltr'><strong>est.</strong></span> <span class='ocrx_word' id='word_1_257' title='bbox 1019 2556 1152 2602; x_wconf 84' lang='lat' dir='ltr'><strong>Quan-</strong></span> 
     </span>
     <span class='ocr_line' id='line_1_42' title="bbox 110 2617 1151 2674; baseline -0.008 -11"><span class='ocrx_word' id='word_1_258' title='bbox 110 2619 165 2664; x_wconf 84' lang='lat' dir='ltr'><strong>do</strong></span> <span class='ocrx_word' id='word_1_259' title='bbox 183 2633 282 2674; x_wconf 87' lang='lat' dir='ltr'><strong>ergo</strong></span> <span class='ocrx_word' id='word_1_260' title='bbox 298 2620 369 2668; x_wconf 88' lang='lat' dir='ltr'><strong>fit,</strong></span> <span class='ocrx_word' id='word_1_261' title='bbox 395 2619 686 2660; x_wconf 84' lang='lat' dir='ltr'><strong>auctoritatem</strong></span> <span class='ocrx_word' id='word_1_262' title='bbox 704 2619 830 2657; x_wconf 88' lang='lat' dir='ltr'><strong>habet</strong></span> <span class='ocrx_word' id='word_1_263' title='bbox 851 2618 1054 2656; x_wconf 86' lang='lat' dir='ltr'><strong>condendi</strong></span> <span class='ocrx_word' id='word_1_264' title='bbox 1078 2617 1151 2656; x_wconf 87' lang='lat' dir='ltr'><strong>de-</strong></span> 
     </span>
     <span class='ocr_line' id='line_1_43' title="bbox 110 2679 1151 2733; baseline -0.009 -7"><span class='ocrx_word' id='word_1_265' title='bbox 110 2686 223 2726; x_wconf 80' lang='lat' dir='ltr'><strong>creta</strong></span> <span class='ocrx_word' id='word_1_266' title='bbox 250 2687 292 2722; x_wconf 90' lang='lat' dir='ltr'><strong>et</strong></span> <span class='ocrx_word' id='word_1_267' title='bbox 308 2682 422 2733; x_wconf 88' lang='lat' dir='ltr'><strong>leges</strong></span> <span class='ocrx_word' id='word_1_268' title='bbox 441 2685 665 2733; x_wconf 88' lang='lat' dir='ltr'><strong>perpetuas</strong></span> <span class='ocrx_word' id='word_1_269' title='bbox 679 2710 688 2727; x_wconf 94' lang='lat'>‚</span> <span class='ocrx_word' id='word_1_270' title='bbox 721 2685 761 2719; x_wconf 89' lang='lat' dir='ltr'><strong>et</strong></span> <span class='ocrx_word' id='word_1_271' title='bbox 781 2680 1021 2719; x_wconf 87' lang='lat' dir='ltr'><strong>declarandi</strong></span> <span class='ocrx_word' id='word_1_272' title='bbox 1045 2679 1151 2719; x_wconf 87' lang='lat' dir='ltr'><strong>Con-</strong></span> 
     </span>
     <span class='ocr_line' id='line_1_44' title="bbox 112 2741 1148 2789; baseline -0.007 -4"><span class='ocrx_word' id='word_1_273' title='bbox 112 2745 362 2789; x_wconf 81' lang='lat' dir='ltr'><strong>stitutioneS,</strong></span> <span class='ocrx_word' id='word_1_274' title='bbox 379 2743 447 2783; x_wconf 90' lang='lat' dir='ltr'><strong>vel</strong></span> <span class='ocrx_word' id='word_1_275' title='bbox 464 2744 587 2782; x_wconf 83' lang='lat' dir='ltr'><strong>etiam</strong></span> <span class='ocrx_word' id='word_1_276' title='bbox 609 2741 813 2788; x_wconf 84' lang='lat' dir='ltr'><strong>mutandi,</strong></span> <span class='ocrx_word' id='word_1_277' title='bbox 841 2741 874 2779; x_wconf 91' lang='lat' dir='ltr'><strong>si</strong></span> <span class='ocrx_word' id='word_1_278' title='bbox 894 2752 1062 2779; x_wconf 84' lang='lat' dir='ltr'><strong>necesse</strong></span> <span class='ocrx_word' id='word_1_279' title='bbox 1084 2741 1148 2787; x_wconf 91' lang='lat' dir='ltr'><strong>sit,</strong></span> 
     </span>
     <span class='ocr_line' id='line_1_45' title="bbox 112 2803 1149 2858; baseline -0.006 -12"><span class='ocrx_word' id='word_1_280' title='bbox 112 2806 228 2858; x_wconf 73' lang='lat' dir='ltr'><strong>iuxta</strong></span> <span class='ocrx_word' id='word_1_281' title='bbox 260 2805 421 2844; x_wconf 87' lang='lat' dir='ltr'><strong>Bullam</strong></span> <span class='ocrx_word' id='word_1_282' title='bbox 454 2804 633 2855; x_wconf 84' lang='lat' dir='ltr'><strong>primam</strong></span> <span class='ocrx_word' id='word_1_283' title='bbox 664 2803 774 2842; x_wconf 75' lang='lat' dir='ltr'><strong>Pauli</strong></span> <span class='ocrx_word' id='word_1_284' title='bbox 802 2804 854 2842; x_wconf 89' lang='grc' dir='ltr'><strong>ΙΙΙ</strong></span> <span class='ocrx_word' id='word_1_285' title='bbox 875 2807 916 2842; x_wconf 90' lang='lat' dir='ltr'><strong>ct</strong></span> <span class='ocrx_word' id='word_1_286' title='bbox 937 2803 1059 2841; x_wconf 88' lang='lat' dir='ltr'><strong>aliam</strong></span> <span class='ocrx_word' id='word_1_287' title='bbox 1078 2803 1149 2842; x_wconf 86' lang='lat' dir='ltr'><strong>Ju-</strong></span> 
     </span>
     <span class='ocr_line' id='line_1_46' title="bbox 113 2865 1150 2910; baseline -0.007 0"><span class='ocrx_word' id='word_1_288' title='bbox 113 2869 157 2910; x_wconf 75' lang='lat' dir='ltr'><strong>tii</strong></span> <span class='ocrx_word' id='word_1_289' title='bbox 169 2870 238 2909; x_wconf 85' lang='lat'>111.</span> <span class='ocrx_word' id='word_1_290' title='bbox 258 2867 472 2908; x_wconf 88' lang='lat' dir='ltr'><strong>Ordinarie</strong></span> <span class='ocrx_word' id='word_1_291' title='bbox 489 2879 586 2907; x_wconf 89' lang='lat' dir='ltr'><strong>vero</strong></span> <span class='ocrx_word' id='word_1_292' title='bbox 603 2866 701 2906; x_wconf 87' lang='lat' dir='ltr'><strong>talia</strong></span> <span class='ocrx_word' id='word_1_293' title='bbox 719 2867 885 2905; x_wconf 84' lang='lat' dir='ltr'><strong>decreta</strong></span> <span class='ocrx_word' id='word_1_294' title='bbox 902 2870 998 2904; x_wconf 83' lang='lat' dir='ltr'><strong>sunt</strong></span> <span class='ocrx_word' id='word_1_295' title='bbox 1012 2866 1064 2904; x_wconf 87' lang='lat' dir='ltr'><strong>ad</strong></span> <span class='ocrx_word' id='word_1_296' title='bbox 1082 2865 1150 2904; x_wconf 89' lang='lat' dir='ltr'><strong>de-</strong></span> 
     </span>
     <span class='ocr_line' id='line_1_47' title="bbox 115 2926 1151 2980; baseline -0.007 -8"><span class='ocrx_word' id='word_1_297' title='bbox 115 2930 311 2973; x_wconf 78' lang='lat' dir='ltr'><strong>claranda</strong></span> <span class='ocrx_word' id='word_1_298' title='bbox 335 2929 460 2968; x_wconf 88' lang='lat' dir='ltr'><strong>dubia</strong></span> <span class='ocrx_word' id='word_1_299' title='bbox 493 2929 748 2980; x_wconf 82' lang='lat' dir='ltr'><strong>emergentia</strong></span> <span class='ocrx_word' id='word_1_300' title='bbox 764 2959 775 2975; x_wconf 88' lang='lat'><strong>,</strong></span> <span class='ocrx_word' id='word_1_301' title='bbox 808 2928 868 2967; x_wconf 89' lang='lat' dir='ltr'><strong>vel</strong></span> <span class='ocrx_word' id='word_1_302' title='bbox 908 2928 961 2967; x_wconf 88' lang='lat' dir='ltr'><strong>ad</strong></span> <span class='ocrx_word' id='word_1_303' title='bbox 997 2926 1151 2977; x_wconf 85' lang='lat' dir='ltr'><strong>aliquid</strong></span> 
     </span>
     <span class='ocr_line' id='line_1_48' title="bbox 117 2989 1150 3041; baseline -0.006 -8"><span class='ocrx_word' id='word_1_304' title='bbox 117 2991 372 3037; x_wconf 88' lang='lat' dir='ltr'><strong>addendum,</strong></span> <span class='ocrx_word' id='word_1_305' title='bbox 388 2989 499 3041; x_wconf 91' lang='lat' dir='ltr'><strong>quod</strong></span> <span class='ocrx_word' id='word_1_306' title='bbox 511 2990 630 3040; x_wconf 84' lang='lat' dir='ltr'><strong>juxta</strong></span> <span class='ocrx_word' id='word_1_307' title='bbox 643 2994 876 3040; x_wconf 88' lang='lat' dir='ltr'><strong>temporum</strong></span> <span class='ocrx_word' id='word_1_308' title='bbox 892 2990 1150 3037; x_wconf 83' lang='lat' dir='ltr'><strong>varietatem,</strong></span> 
     </span>
     <span class='ocr_line' id='line_1_49' title="bbox 116 3051 1153 3101; baseline -0.005 -6"><span class='ocrx_word' id='word_1_309' title='bbox 116 3054 185 3096; x_wconf 81' lang='lat' dir='ltr'><strong>vel</strong></span> <span class='ocrx_word' id='word_1_310' title='bbox 202 3064 352 3092; x_wconf 88' lang='lat' dir='ltr'><strong>novam</strong></span> <span class='ocrx_word' id='word_1_311' title='bbox 374 3051 706 3091; x_wconf 88' lang='lat' dir='ltr'><strong>observationem</strong></span> <span class='ocrx_word' id='word_1_312' title='bbox 725 3079 738 3098; x_wconf 93' lang='lat'><strong>,</strong></span> <span class='ocrx_word' id='word_1_313' title='bbox 760 3062 835 3089; x_wconf 88' lang='lat' dir='ltr'><strong>seu</strong></span> <span class='ocrx_word' id='word_1_314' title='bbox 855 3052 1153 3101; x_wconf 81' lang='lat' dir='ltr'><strong>experientiam</strong></span> 
     </span>
     <span class='ocr_line' id='line_1_50' title="bbox 117 3112 1153 3163; baseline -0.006 -7"><span class='ocrx_word' id='word_1_315' title='bbox 117 3127 274 3163; x_wconf 83' lang='lat' dir='ltr'><strong>rerum,</strong></span> <span class='ocrx_word' id='word_1_316' title='bbox 302 3112 585 3153; x_wconf 89' lang='lat' dir='ltr'><strong>necessarium</strong></span> <span class='ocrx_word' id='word_1_317' title='bbox 606 3115 677 3151; x_wconf 90' lang='lat' dir='ltr'><strong>aut</strong></span> <span class='ocrx_word' id='word_1_318' title='bbox 700 3112 952 3150; x_wconf 77' lang='lat' dir='ltr'><strong>conveniens</strong></span> <span class='ocrx_word' id='word_1_319' title='bbox 977 3112 1153 3159; x_wconf 85' lang='lat' dir='ltr'><strong>videtur,</strong></span> 
     </span>
     <span class='ocr_line' id='line_1_51' title="bbox 120 3173 1156 3228; baseline -0.007 -10"><span class='ocrx_word' id='word_1_320' title='bbox 120 3189 258 3228; x_wconf 89' lang='lat' dir='ltr'><strong>neque</strong></span> <span class='ocrx_word' id='word_1_321' title='bbox 279 3176 332 3215; x_wconf 85' lang='lat' dir='ltr'><strong>ad</strong></span> <span class='ocrx_word' id='word_1_322' title='bbox 346 3176 456 3214; x_wconf 90' lang='lat' dir='ltr'><strong>hunc</strong></span> <span class='ocrx_word' id='word_1_323' title='bbox 475 3174 613 3213; x_wconf 87' lang='lat' dir='ltr'><strong>locum</strong></span> <span class='ocrx_word' id='word_1_324' title='bbox 633 3176 791 3224; x_wconf 89' lang='lat' dir='ltr'><strong>spectat</strong></span> <span class='ocrx_word' id='word_1_325' title='bbox 809 3173 929 3224; x_wconf 91' lang='lat' dir='ltr'><strong>plura</strong></span> <span class='ocrx_word' id='word_1_326' title='bbox 947 3173 999 3212; x_wconf 89' lang='lat' dir='ltr'><strong>de</strong></span> <span class='ocrx_word' id='word_1_327' title='bbox 1016 3173 1156 3224; x_wconf 80' lang='lat' dir='ltr'><strong>hujus-</strong></span> 
     </span>
     <span class='ocr_line' id='line_1_52' title="bbox 120 3234 1158 3279; baseline -0.004 -1"><span class='ocrx_word' id='word_1_328' title='bbox 120 3238 235 3279; x_wconf 88' lang='lat' dir='ltr'><strong>modi</strong></span> <span class='ocrx_word' id='word_1_329' title='bbox 255 3237 430 3276; x_wconf 87' lang='lat' dir='ltr'><strong>decretis</strong></span> <span class='ocrx_word' id='word_1_330' title='bbox 450 3235 600 3274; x_wconf 86' lang='lat' dir='ltr'><strong>dicere.</strong></span> <span class='ocrx_word' id='word_1_331' title='bbox 625 3236 801 3274; x_wconf 85' lang='lat' dir='ltr'><strong>Possunt</strong></span> <span class='ocrx_word' id='word_1_332' title='bbox 820 3239 958 3273; x_wconf 87' lang='lat' dir='ltr'><strong>autem</strong></span> <span class='ocrx_word' id='word_1_333' title='bbox 977 3234 1158 3274; x_wconf 87' lang='lat' dir='ltr'><strong>Genera·-</strong></span> 
     </span>
     <span class='ocr_line' id='line_1_53' title="bbox 122 3296 1159 3346; baseline -0.005 -6"><span class='ocrx_word' id='word_1_334' title='bbox 122 3299 184 3340; x_wconf 84' lang='lat' dir='ltr'><strong>les</strong></span> <span class='ocrx_word' id='word_1_335' title='bbox 203 3311 300 3338; x_wconf 88' lang='lat' dir='ltr'><strong>suas</strong></span> <span class='ocrx_word' id='word_1_336' title='bbox 320 3297 603 3337; x_wconf 87' lang='lat' dir='ltr'><strong>ordinationes</strong></span> <span class='ocrx_word' id='word_1_337' title='bbox 626 3296 807 3335; x_wconf 77' lang='lat' dir='ltr'><strong>condere</strong></span> <span class='ocrx_word' id='word_1_338' title='bbox 832 3324 844 3342; x_wconf 93' lang='lat'><strong>,</strong></span> <span class='ocrx_word' id='word_1_339' title='bbox 872 3306 963 3346; x_wconf 84' lang='lat' dir='ltr'><strong>quae</strong></span> <span class='ocrx_word' id='word_1_340' title='bbox 989 3306 1071 3334; x_wconf 90' lang='lat' dir='ltr'><strong>non</strong></span> <span class='ocrx_word' id='word_1_341' title='bbox 1089 3305 1159 3335; x_wconf 84' lang='lat' dir='ltr'><strong>ex-</strong></span> 
     </span>
     <span class='ocr_line' id='line_1_54' title="bbox 125 3357 1158 3414; baseline -0.005 -13"><span class='ocrx_word' id='word_1_342' title='bbox 125 3361 282 3414; x_wconf 83' lang='lat' dir='ltr'><strong>spirant</strong></span> <span class='ocrx_word' id='word_1_343' title='bbox 295 3372 368 3411; x_wconf 91' lang='lat' dir='ltr'><strong>per</strong></span> <span class='ocrx_word' id='word_1_344' title='bbox 383 3365 559 3398; x_wconf 89' lang='lat' dir='ltr'><strong>mortem</strong></span> <span class='ocrx_word' id='word_1_345' title='bbox 577 3370 738 3404; x_wconf 87' lang='lat' dir='ltr'><strong>eorum,</strong></span> <span class='ocrx_word' id='word_1_346' title='bbox 754 3357 886 3396; x_wconf 89' lang='lat' dir='ltr'><strong>donec</strong></span> <span class='ocrx_word' id='word_1_347' title='bbox 899 3362 1158 3406; x_wconf 89' lang='lat' dir='ltr'><strong>revocentur,</strong></span> 
     </span>
     <span class='ocr_line' id='line_1_55' title="bbox 125 3418 1160 3471; baseline -0.005 -7"><span class='ocrx_word' id='word_1_348' title='bbox 125 3426 171 3464; x_wconf 83' lang='lat' dir='ltr'><strong>ut</strong></span> <span class='ocrx_word' id='word_1_349' title='bbox 186 3433 235 3462; x_wconf 87' lang='lat' dir='ltr'><strong>ex</strong></span> <span class='ocrx_word' id='word_1_350' title='bbox 248 3420 528 3460; x_wconf 86' lang='lat' dir='ltr'><strong>declaratione</strong></span> <span class='ocrx_word' id='word_1_351' title='bbox 547 3424 702 3471; x_wconf 82' lang='lat' dir='ltr'><strong>quartae</strong></span> <span class='ocrx_word' id='word_1_352' title='bbox 722 3418 1072 3470; x_wconf 78' lang='lat' dir='ltr'><strong>Congregationis,</strong></span> <span class='ocrx_word' id='word_1_353' title='bbox 1090 3418 1160 3459; x_wconf 88' lang='lat' dir='ltr'><strong>de-</strong></span> 
     </span>
     <span class='ocr_line' id='line_1_56' title="bbox 127 3479 1162 3532; baseline -0.006 -8"><span class='ocrx_word' id='word_1_354' title='bbox 127 3486 240 3525; x_wconf 79' lang='lat' dir='ltr'><strong>creto</strong></span> <span class='ocrx_word' id='word_1_355' title='bbox 258 3484 324 3529; x_wconf 78' lang='lat'><strong>19,</strong></span> <span class='ocrx_word' id='word_1_356' title='bbox 343 3485 516 3528; x_wconf 87' lang='lat' dir='ltr'><strong>constat,</strong></span> <span class='ocrx_word' id='word_1_357' title='bbox 535 3481 578 3519; x_wconf 91' lang='lat' dir='ltr'><strong>in</strong></span> <span class='ocrx_word' id='word_1_358' title='bbox 593 3493 674 3532; x_wconf 89' lang='lat' dir='ltr'><strong>qua</strong></span> <span class='ocrx_word' id='word_1_359' title='bbox 688 3481 934 3532; x_wconf 87' lang='lat' dir='ltr'><strong>participant</strong></span> <span class='ocrx_word' id='word_1_360' title='bbox 950 3479 1162 3531; x_wconf 89' lang='lat' dir='ltr'><strong>perpetui-</strong></span> 
     </span>
    </p>
   </div>
   <div class='ocr_carea' id='block_1_10' title="bbox 67 3541 1164 3659">
    <p class='ocr_par' dir='ltr' id='par_1_10' title="bbox 67 3541 1164 3659">
     <span class='ocr_line' id='line_1_57' title="bbox 67 3541 1162 3596; baseline -0.003 -11"><span class='ocrx_word' id='word_1_361' title='bbox 67 3560 71 3564; x_wconf 95' lang='lat'>·</span> <span class='ocrx_word' id='word_1_362' title='bbox 127 3547 257 3586; x_wconf 63' lang='lat' dir='ltr'><strong>tatem</strong></span> <span class='ocrx_word' id='word_1_363' title='bbox 276 3544 431 3596; x_wconf 90' lang='lat' dir='ltr'><strong>legum.</strong></span> <span class='ocrx_word' id='word_1_364' title='bbox 461 3541 741 3583; x_wconf 89' lang='lat' dir='ltr'><strong>Nihilominus</strong></span> <span class='ocrx_word' id='word_1_365' title='bbox 761 3542 803 3580; x_wconf 89' lang='lat' dir='ltr'><strong>in</strong></span> <span class='ocrx_word' id='word_1_366' title='bbox 826 3542 903 3580; x_wconf 91' lang='lat' dir='ltr'><strong>hoc</strong></span> <span class='ocrx_word' id='word_1_367' title='bbox 923 3541 1119 3582; x_wconf 84' lang='lat' dir='ltr'><strong>differunt</strong></span> <span class='ocrx_word' id='word_1_368' title='bbox 1135 3552 1162 3582; x_wconf 83' lang='lat' dir='ltr'><strong>a</strong></span> 
     </span>
     <span class='ocr_line' id='line_1_58' title="bbox 130 3602 1164 3659; baseline -0.005 -9"><span class='ocrx_word' id='word_1_369' title='bbox 130 3604 307 3652; x_wconf 59' lang='lat' dir='ltr'><strong>decretis</strong></span> <span class='ocrx_word' id='word_1_370' title='bbox 335 3605 713 3659; x_wconf 86' lang='lat' dir='ltr'><strong>Congregationum</strong></span> <span class='ocrx_word' id='word_1_371' title='bbox 742 3603 1017 3659; x_wconf 81' lang='lat' dir='ltr'><strong>generalium,</strong></span> <span class='ocrx_word' id='word_1_372' title='bbox 1051 3602 1164 3656; x_wconf 86' lang='lat' dir='ltr'><strong>quod</strong></span> 
     </span>
    </p>
   </div>
   <div class='ocr_carea' id='block_1_11' title="bbox 1340 4 1922 156">
    <p class='ocr_par' dir='ltr' id='par_1_11' title="bbox 1340 4 1922 156">
     <span class='ocr_line' id='line_1_59' title="bbox 1631 4 1922 27; baseline -0.003 0"><span class='ocrx_word' id='word_1_373' title='bbox 1631 23 1635 27; x_wconf 72' lang='lat'><strong>·</strong></span> <span class='ocrx_word' id='word_1_374' title='bbox 1700 4 1705 18; x_wconf 50' lang='lat' dir='ltr'><em>e</em></span> <span class='ocrx_word' id='word_1_375' title='bbox 1802 11 1803 15; x_wconf 28' lang='grc' dir='ltr'><strong>Ἰ</strong></span> <span class='ocrx_word' id='word_1_376' title='bbox 1902 12 1922 26; x_wconf 48' lang='lat'><strong>⁴³</strong></span> 
     </span>
     <span class='ocr_line' id='line_1_60' title="bbox 1340 27 1865 60; baseline -0.01 -16"><span class='ocrx_word' id='word_1_377' title='bbox 1340 34 1346 44; x_wconf 67' lang='lat' dir='ltr'><strong>*v</strong></span> <span class='ocrx_word' id='word_1_378' title='bbox 1387 52 1395 59; x_wconf 43' lang='lat'>⁴</span> <span class='ocrx_word' id='word_1_379' title='bbox 1567 30 1606 60; x_wconf 37' lang='lat'><strong>&#39;5⁸&#39;</strong></span> <span class='ocrx_word' id='word_1_380' title='bbox 1831 27 1837 30; x_wconf 62' lang='lat'><em>⁷</em></span> <span class='ocrx_word' id='word_1_381' title='bbox 1863 40 1865 42; x_wconf 54' lang='grc'>,</span> 
     </span>
     <span class='ocr_line' id='line_1_61' title="bbox 1364 60 1757 128; baseline -0.005 -44"><span class='ocrx_word' id='word_1_382' title='bbox 1364 100 1378 112; x_wconf 59' lang='grc'>·</span> <span class='ocrx_word' id='word_1_383' title='bbox 1420 78 1429 81; x_wconf 42' lang='grc' dir='ltr'><em>μ</em></span> <span class='ocrx_word' id='word_1_384' title='bbox 1444 79 1449 83; x_wconf 89' lang='grc'><em>.</em></span> <span class='ocrx_word' id='word_1_385' title='bbox 1464 74 1486 86; x_wconf 57' lang='lat' dir='ltr'>a</span> <span class='ocrx_word' id='word_1_386' title='bbox 1519 69 1566 128; x_wconf 43' lang='lat'><strong>,&#39;‘</strong></span> <span class='ocrx_word' id='word_1_387' title='bbox 1593 75 1600 83; x_wconf 73' lang='grc' dir='ltr'>ι</span> <span class='ocrx_word' id='word_1_388' title='bbox 1613 103 1617 106; x_wconf 19' lang='grc' dir='ltr'><strong><em>ἢ</em></strong></span> <span class='ocrx_word' id='word_1_389' title='bbox 1645 60 1712 112; x_wconf 48' lang='lat'><strong>‘⁴’</strong></span> <span class='ocrx_word' id='word_1_390' title='bbox 1739 91 1757 109; x_wconf 52' lang='grc' dir='ltr'><strong>ι</strong></span> 
     </span>
     <span class='ocr_line' id='line_1_62' title="bbox 1646 123 1825 156; baseline -0.006 0"><span class='ocrx_word' id='word_1_391' title='bbox 1646 146 1653 156; x_wconf 65' lang='grc' dir='ltr'><strong>ν</strong></span> <span class='ocrx_word' id='word_1_392' title='bbox 1806 123 1825 143; x_wconf 41' lang='grc' dir='ltr'><strong>Ἄ</strong></span> 
     </span>
    </p>
   </div>
   <div class='ocr_carea' id='block_1_12' title="bbox 1181 281 2243 2608">
    <p class='ocr_par' dir='ltr' id='par_1_12' title="bbox 1181 281 2221 750">
     <span class='ocr_line' id='line_1_63' title="bbox 1181 281 2216 336; baseline 0.007 -16"><span class='ocrx_word' id='word_1_393' title='bbox 1181 281 1387 334; x_wconf 82' lang='lat' dir='ltr'><strong>posterior</strong></span> <span class='ocrx_word' id='word_1_394' title='bbox 1411 281 1625 323; x_wconf 86' lang='lat' dir='ltr'><strong>Generalis</strong></span> <span class='ocrx_word' id='word_1_395' title='bbox 1653 287 1790 336; x_wconf 88' lang='lat' dir='ltr'><strong>potest</strong></span> <span class='ocrx_word' id='word_1_396' title='bbox 1817 282 2122 326; x_wconf 84' lang='lat' dir='ltr'><strong>ordinationem</strong></span> <span class='ocrx_word' id='word_1_397' title='bbox 2153 291 2216 329; x_wconf 77' lang='lat' dir='ltr'><strong>sui</strong></span> 
     </span>
     <span class='ocr_line' id='line_1_64' title="bbox 1183 345 2219 398; baseline 0.008 -18"><span class='ocrx_word' id='word_1_398' title='bbox 1183 345 1457 383; x_wconf 85' lang='lat' dir='ltr'><strong>antecessoris</strong></span> <span class='ocrx_word' id='word_1_399' title='bbox 1473 355 1681 394; x_wconf 72' lang='lat' dir='ltr'><strong>revocare,</strong></span> <span class='ocrx_word' id='word_1_400' title='bbox 1702 357 1787 385; x_wconf 89' lang='lat' dir='ltr'><strong>non</strong></span> <span class='ocrx_word' id='word_1_401' title='bbox 1803 350 1943 387; x_wconf 85' lang='lat' dir='ltr'><strong>tamen</strong></span> <span class='ocrx_word' id='word_1_402' title='bbox 1959 351 2096 398; x_wconf 84' lang='lat' dir='ltr'><strong>potest</strong></span> <span class='ocrx_word' id='word_1_403' title='bbox 2109 349 2219 390; x_wconf 85' lang='lat' dir='ltr'><strong>ullus</strong></span> 
     </span>
     <span class='ocr_line' id='line_1_65' title="bbox 1181 402 2220 460; baseline 0.007 -18"><span class='ocrx_word' id='word_1_404' title='bbox 1181 402 1396 443; x_wconf 87' lang='lat' dir='ltr'><strong>Generalis</strong></span> <span class='ocrx_word' id='word_1_405' title='bbox 1428 417 1610 446; x_wconf 85' lang='lat' dir='ltr'><strong>canones</strong></span> <span class='ocrx_word' id='word_1_406' title='bbox 1636 407 1703 446; x_wconf 89' lang='lat' dir='ltr'><strong>vel</strong></span> <span class='ocrx_word' id='word_1_407' title='bbox 1728 407 1894 447; x_wconf 87' lang='lat' dir='ltr'><strong>decreta</strong></span> <span class='ocrx_word' id='word_1_408' title='bbox 1923 408 2220 460; x_wconf 87' lang='lat' dir='ltr'><strong>Congregatio-</strong></span> 
     </span>
     <span class='ocr_line' id='line_1_66' title="bbox 1183 467 2221 523; baseline 0.008 -20"><span class='ocrx_word' id='word_1_409' title='bbox 1183 477 1284 504; x_wconf 83' lang='lat' dir='ltr'><strong>num</strong></span> <span class='ocrx_word' id='word_1_410' title='bbox 1306 467 1563 517; x_wconf 82' lang='lat' dir='ltr'><strong>generalium</strong></span> <span class='ocrx_word' id='word_1_411' title='bbox 1583 468 1801 520; x_wconf 87' lang='lat' dir='ltr'><strong>abrogare,</strong></span> <span class='ocrx_word' id='word_1_412' title='bbox 1825 470 1922 521; x_wconf 88' lang='lat' dir='ltr'><strong>quia</strong></span> <span class='ocrx_word' id='word_1_413' title='bbox 1943 470 2221 523; x_wconf 84' lang='lat' dir='ltr'><strong>Congregatio</strong></span> 
     </span>
     <span class='ocr_line' id='line_1_67' title="bbox 1184 527 2220 578; baseline 0.008 -13"><span class='ocrx_word' id='word_1_414' title='bbox 1184 530 1246 566; x_wconf 90' lang='lat' dir='ltr'><strong>est</strong></span> <span class='ocrx_word' id='word_1_415' title='bbox 1260 527 1318 565; x_wconf 91' lang='lat' dir='ltr'><strong>illi</strong></span> <span class='ocrx_word' id='word_1_416' title='bbox 1335 529 1538 578; x_wconf 85' lang='lat' dir='ltr'><strong>superior,</strong></span> <span class='ocrx_word' id='word_1_417' title='bbox 1558 532 1598 569; x_wconf 92' lang='lat' dir='ltr'><strong>et</strong></span> <span class='ocrx_word' id='word_1_418' title='bbox 1615 530 1657 568; x_wconf 90' lang='lat' dir='ltr'><strong>in</strong></span> <span class='ocrx_word' id='word_1_419' title='bbox 1671 531 1750 570; x_wconf 87' lang='lat' dir='ltr'><strong>hoc</strong></span> <span class='ocrx_word' id='word_1_420' title='bbox 1767 543 1893 570; x_wconf 87' lang='lat' dir='ltr'><strong>sensu</strong></span> <span class='ocrx_word' id='word_1_421' title='bbox 1911 532 2060 572; x_wconf 88' lang='lat' dir='ltr'><strong>dicitur</strong></span> <span class='ocrx_word' id='word_1_422' title='bbox 2074 534 2116 571; x_wconf 91' lang='lat' dir='ltr'><strong>in</strong></span> <span class='ocrx_word' id='word_1_423' title='bbox 2133 533 2220 573; x_wconf 89' lang='lat' dir='ltr'><strong>dic-</strong></span> 
     </span>
     <span class='ocr_line' id='line_1_68' title="bbox 1182 588 2220 645; baseline 0.007 -18"><span class='ocrx_word' id='word_1_424' title='bbox 1182 590 1224 627; x_wconf 88' lang='lat' dir='ltr'><strong>ta</strong></span> <span class='ocrx_word' id='word_1_425' title='bbox 1256 588 1373 626; x_wconf 91' lang='lat' dir='ltr'><strong>Bulla</strong></span> <span class='ocrx_word' id='word_1_426' title='bbox 1411 589 1508 628; x_wconf 84' lang='lat' dir='ltr'><strong>Julii</strong></span> <span class='ocrx_word' id='word_1_427' title='bbox 1542 590 1608 632; x_wconf 83' lang='lat'><em>111.</em></span> <span class='ocrx_word' id='word_1_428' title='bbox 1641 603 1730 631; x_wconf 90' lang='lat' dir='ltr'><strong>esse</strong></span> <span class='ocrx_word' id='word_1_429' title='bbox 1762 595 1975 644; x_wconf 90' lang='lat' dir='ltr'><strong>proprium</strong></span> <span class='ocrx_word' id='word_1_430' title='bbox 2011 593 2220 645; x_wconf 83' lang='lat' dir='ltr'><strong>generalis</strong></span> 
     </span>
     <span class='ocr_line' id='line_1_69' title="bbox 1183 648 2221 711; baseline 0.008 -25"><span class='ocrx_word' id='word_1_431' title='bbox 1183 648 1522 700; x_wconf 87' lang='lat' dir='ltr'><strong>Congregationis</strong></span> <span class='ocrx_word' id='word_1_432' title='bbox 1570 651 1888 711; x_wconf 74' lang='lat' dir='ltr'><strong>Cpnstitutiones</strong></span> <span class='ocrx_word' id='word_1_433' title='bbox 1934 656 2114 696; x_wconf 86' lang='lat' dir='ltr'><strong>condere</strong></span> <span class='ocrx_word' id='word_1_434' title='bbox 2151 655 2221 696; x_wconf 78' lang='lat' dir='ltr'><strong>vel</strong></span> 
     </span>
     <span class='ocr_line' id='line_1_70' title="bbox 1183 713 1360 750; baseline -0.006 0"><span class='ocrx_word' id='word_1_435' title='bbox 1183 713 1360 750; x_wconf 88' lang='lat' dir='ltr'><strong>mutare.</strong></span> 
     </span>
    </p>

    <p class='ocr_par' dir='ltr' id='par_1_13' title="bbox 1185 773 2243 2608">
     <span class='ocr_line' id='line_1_71' title="bbox 1239 773 2222 826; baseline 0.005 -13"><span class='ocrx_word' id='word_1_436' title='bbox 1239 775 1303 813; x_wconf 75' lang='lat'><strong>15.</strong></span> <span class='ocrx_word' id='word_1_437' title='bbox 1335 773 1512 824; x_wconf 69' lang='lat' dir='ltr'><strong>Utraque</strong></span> <span class='ocrx_word' id='word_1_438' title='bbox 1527 773 1662 815; x_wconf 72' lang='lat' dir='ltr'><strong>tamen</strong></span> <span class='ocrx_word' id='word_1_439' title='bbox 1680 777 1806 826; x_wconf 80' lang='lat' dir='ltr'><strong>potest</strong></span> <span class='ocrx_word' id='word_1_440' title='bbox 1825 775 2078 826; x_wconf 78' lang='lat' dir='ltr'><strong>Proepositns</strong></span> <span class='ocrx_word' id='word_1_441' title='bbox 2096 778 2222 818; x_wconf 81' lang='lat' dir='ltr'><strong>decla-</strong></span> 
     </span>
     <span class='ocr_line' id='line_1_72' title="bbox 1185 835 2224 884; baseline 0.003 -9"><span class='ocrx_word' id='word_1_442' title='bbox 1185 846 1278 876; x_wconf 74' lang='lat' dir='ltr'><strong>rare</strong></span> <span class='ocrx_word' id='word_1_443' title='bbox 1304 836 1535 884; x_wconf 73' lang='lat' dir='ltr'><strong>efficaciter.</strong></span> <span class='ocrx_word' id='word_1_444' title='bbox 1566 856 1618 864; x_wconf 93' lang='lat'><strong>—</strong></span> <span class='ocrx_word' id='word_1_445' title='bbox 1651 835 1699 873; x_wconf 88' lang='lat' dir='ltr'><strong>Et</strong></span> <span class='ocrx_word' id='word_1_446' title='bbox 1725 835 1767 873; x_wconf 87' lang='lat' dir='ltr'><strong>in</strong></span> <span class='ocrx_word' id='word_1_447' title='bbox 1790 835 1936 874; x_wconf 90' lang='lat' dir='ltr'><strong>eodem</strong></span> <span class='ocrx_word' id='word_1_448' title='bbox 1957 849 2082 876; x_wconf 85' lang='lat' dir='ltr'><strong>sensu</strong></span> <span class='ocrx_word' id='word_1_449' title='bbox 2103 838 2224 878; x_wconf 88' lang='lat' dir='ltr'><strong>intel-</strong></span> 
     </span>
     <span class='ocr_line' id='line_1_73' title="bbox 1185 897 2224 950; baseline 0.002 -13"><span class='ocrx_word' id='word_1_450' title='bbox 1185 897 1283 948; x_wconf 83' lang='lat' dir='ltr'><strong>ligo,</strong></span> <span class='ocrx_word' id='word_1_451' title='bbox 1305 910 1394 937; x_wconf 90' lang='lat' dir='ltr'><strong>esse</strong></span> <span class='ocrx_word' id='word_1_452' title='bbox 1412 897 1566 936; x_wconf 89' lang='lat' dir='ltr'><strong>dictum</strong></span> <span class='ocrx_word' id='word_1_453' title='bbox 1582 897 1624 936; x_wconf 90' lang='lat' dir='ltr'><strong>in</strong></span> <span class='ocrx_word' id='word_1_454' title='bbox 1638 897 1969 949; x_wconf 84' lang='lat' dir='ltr'><strong>Congregatione</strong></span> <span class='ocrx_word' id='word_1_455' title='bbox 1992 905 2138 949; x_wconf 84' lang='lat' dir='ltr'><strong>quarta</strong></span> <span class='ocrx_word' id='word_1_456' title='bbox 2156 911 2224 950; x_wconf 87' lang='lat' dir='ltr'><strong>ge-</strong></span> 
     </span>
     <span class='ocr_line' id='line_1_74' title="bbox 1187 960 2224 1011; baseline 0.001 -12"><span class='ocrx_word' id='word_1_457' title='bbox 1187 960 1334 1006; x_wconf 84' lang='lat' dir='ltr'><strong>nerali,</strong></span> <span class='ocrx_word' id='word_1_458' title='bbox 1366 971 1456 1000; x_wconf 84' lang='lat' dir='ltr'><strong>can.</strong></span> <span class='ocrx_word' id='word_1_459' title='bbox 1490 962 1556 1007; x_wconf 77' lang='lat'><strong>21,</strong></span> <span class='ocrx_word' id='word_1_460' title='bbox 1587 960 1855 1011; x_wconf 70' lang='lat' dir='ltr'><strong>Praepositum</strong></span> <span class='ocrx_word' id='word_1_461' title='bbox 1882 961 2121 1011; x_wconf 85' lang='lat' dir='ltr'><strong>generalem</strong></span> <span class='ocrx_word' id='word_1_462' title='bbox 2146 974 2224 1011; x_wconf 86' lang='lat' dir='ltr'><strong>po—</strong></span> 
     </span>
     <span class='ocr_line' id='line_1_75' title="bbox 1187 1021 2227 1073; baseline 0.002 -13"><span class='ocrx_word' id='word_1_463' title='bbox 1187 1025 1333 1061; x_wconf 86' lang='lat' dir='ltr'><strong>testate</strong></span> <span class='ocrx_word' id='word_1_464' title='bbox 1354 1034 1429 1060; x_wconf 90' lang='lat' dir='ltr'><strong>sua</strong></span> <span class='ocrx_word' id='word_1_465' title='bbox 1444 1021 1653 1060; x_wconf 85' lang='lat' dir='ltr'><strong>ordinaria</strong></span> <span class='ocrx_word' id='word_1_466' title='bbox 1671 1034 1792 1073; x_wconf 89' lang='lat' dir='ltr'><strong>posse</strong></span> <span class='ocrx_word' id='word_1_467' title='bbox 1814 1022 2135 1061; x_wconf 88' lang='lat' dir='ltr'><strong>Constitutiones</strong></span> <span class='ocrx_word' id='word_1_468' title='bbox 2154 1023 2227 1062; x_wconf 84' lang='lat' dir='ltr'><strong>de-</strong></span> 
     </span>
     <span class='ocr_line' id='line_1_76' title="bbox 1189 1083 2228 1134; baseline 0 -12"><span class='ocrx_word' id='word_1_469' title='bbox 1189 1083 1361 1130; x_wconf 85' lang='lat' dir='ltr'><strong>clarare,</strong></span> <span class='ocrx_word' id='word_1_470' title='bbox 1396 1084 1486 1134; x_wconf 86' lang='lat' dir='ltr'><strong>ejus</strong></span> <span class='ocrx_word' id='word_1_471' title='bbox 1513 1087 1655 1123; x_wconf 83' lang='lat' dir='ltr'><strong>tamen</strong></span> <span class='ocrx_word' id='word_1_472' title='bbox 1690 1084 2012 1122; x_wconf 86' lang='lat' dir='ltr'><strong>declarationem</strong></span> <span class='ocrx_word' id='word_1_473' title='bbox 2042 1096 2125 1122; x_wconf 89' lang='lat' dir='ltr'><strong>non</strong></span> <span class='ocrx_word' id='word_1_474' title='bbox 2156 1083 2228 1122; x_wconf 76' lang='lat' dir='ltr'><strong>ha,-</strong></span> 
     </span>
     <span class='ocr_line' id='line_1_77' title="bbox 1188 1143 2229 1195; baseline -0.002 -10"><span class='ocrx_word' id='word_1_475' title='bbox 1188 1143 1288 1185; x_wconf 87' lang='lat' dir='ltr'><strong>bere</strong></span> <span class='ocrx_word' id='word_1_476' title='bbox 1307 1145 1388 1183; x_wconf 87' lang='lat' dir='ltr'><strong>vim</strong></span> <span class='ocrx_word' id='word_1_477' title='bbox 1409 1145 1510 1195; x_wconf 86' lang='lat' dir='ltr'><strong>legis</strong></span> <span class='ocrx_word' id='word_1_478' title='bbox 1531 1145 1789 1192; x_wconf 85' lang='lat' dir='ltr'><strong>universalis,</strong></span> <span class='ocrx_word' id='word_1_479' title='bbox 1813 1145 1887 1183; x_wconf 89' lang='lat' dir='ltr'><strong>sed</strong></span> <span class='ocrx_word' id='word_1_480' title='bbox 1909 1148 2069 1183; x_wconf 90' lang='lat' dir='ltr'><strong>tantum</strong></span> <span class='ocrx_word' id='word_1_481' title='bbox 2089 1145 2229 1183; x_wconf 86' lang='lat' dir='ltr'><strong>valere</strong></span> 
     </span>
     <span class='ocr_line' id='line_1_78' title="bbox 1191 1207 2229 1259; baseline -0.002 -12"><span class='ocrx_word' id='word_1_482' title='bbox 1191 1207 1244 1247; x_wconf 88' lang='lat' dir='ltr'><strong>ad</strong></span> <span class='ocrx_word' id='word_1_483' title='bbox 1274 1207 1434 1258; x_wconf 84' lang='lat' dir='ltr'><strong>praxim</strong></span> <span class='ocrx_word' id='word_1_484' title='bbox 1468 1208 1588 1247; x_wconf 82' lang='lat' dir='ltr'><strong>bonae</strong></span> <span class='ocrx_word' id='word_1_485' title='bbox 1623 1207 1956 1259; x_wconf 82' lang='lat' dir='ltr'><strong>gubernationis,</strong></span> <span class='ocrx_word' id='word_1_486' title='bbox 1992 1207 2088 1258; x_wconf 86' lang='lat' dir='ltr'><strong>quia</strong></span> <span class='ocrx_word' id='word_1_487' title='bbox 2123 1207 2229 1245; x_wconf 87' lang='lat' dir='ltr'><strong>sicut</strong></span> 
     </span>
     <span class='ocr_line' id='line_1_79' title="bbox 1190 1268 2227 1320; baseline -0.002 -11"><span class='ocrx_word' id='word_1_488' title='bbox 1190 1269 1530 1320; x_wconf 76' lang='lat' dir='ltr'><strong>Congregationis</strong></span> <span class='ocrx_word' id='word_1_489' title='bbox 1561 1270 1768 1318; x_wconf 84' lang='lat' dir='ltr'><strong>generalis</strong></span> <span class='ocrx_word' id='word_1_490' title='bbox 1795 1274 1857 1310; x_wconf 89' lang='lat' dir='ltr'><strong>est</strong></span> <span class='ocrx_word' id='word_1_491' title='bbox 1885 1269 1999 1318; x_wconf 85' lang='lat' dir='ltr'><strong>leges</strong></span> <span class='ocrx_word' id='word_1_492' title='bbox 2030 1268 2227 1316; x_wconf 87' lang='lat' dir='ltr'><strong>condere,</strong></span> 
     </span>
     <span class='ocr_line' id='line_1_80' title="bbox 1187 1330 2231 1381; baseline 0 -12"><span class='ocrx_word' id='word_1_493' title='bbox 1187 1334 1245 1376; x_wconf 84' lang='lat' dir='ltr'><strong>ita</strong></span> <span class='ocrx_word' id='word_1_494' title='bbox 1264 1335 1306 1370; x_wconf 86' lang='lat' dir='ltr'><strong>et</strong></span> <span class='ocrx_word' id='word_1_495' title='bbox 1323 1332 1400 1369; x_wconf 89' lang='lat' dir='ltr'><strong>hoc</strong></span> <span class='ocrx_word' id='word_1_496' title='bbox 1416 1331 1540 1369; x_wconf 92' lang='lat' dir='ltr'><strong>modo</strong></span> <span class='ocrx_word' id='word_1_497' title='bbox 1562 1331 1773 1370; x_wconf 86' lang='lat' dir='ltr'><strong>declarare</strong></span> <span class='ocrx_word' id='word_1_498' title='bbox 1793 1344 1802 1375; x_wconf 88' lang='lat'>;</span> <span class='ocrx_word' id='word_1_499' title='bbox 1828 1343 1980 1369; x_wconf 88' lang='lat' dir='ltr'><strong>nomen</strong></span> <span class='ocrx_word' id='word_1_500' title='bbox 2000 1330 2109 1368; x_wconf 88' lang='lat' dir='ltr'><strong>enim</strong></span> <span class='ocrx_word' id='word_1_501' title='bbox 2129 1330 2231 1381; x_wconf 75' lang='lat' dir='ltr'><strong>leqz&#39;s</strong></span> 
     </span>
     <span class='ocr_line' id='line_1_81' title="bbox 1190 1391 2232 1442; baseline -0.001 -12"><span class='ocrx_word' id='word_1_502' title='bbox 1190 1391 1439 1442; x_wconf 87' lang='lat' dir='ltr'><strong>interpretor</strong></span> <span class='ocrx_word' id='word_1_503' title='bbox 1473 1404 1563 1431; x_wconf 87' lang='lat' dir='ltr'><strong>esse</strong></span> <span class='ocrx_word' id='word_1_504' title='bbox 1595 1393 1654 1430; x_wconf 88' lang='lat' dir='ltr'><strong>ibi</strong></span> <span class='ocrx_word' id='word_1_505' title='bbox 1684 1394 1821 1431; x_wconf 89' lang='lat' dir='ltr'><strong>stricte</strong></span> <span class='ocrx_word' id='word_1_506' title='bbox 1856 1397 2087 1442; x_wconf 88' lang='lat' dir='ltr'><strong>sumptum,</strong></span> <span class='ocrx_word' id='word_1_507' title='bbox 2126 1391 2232 1429; x_wconf 77' lang='lat' dir='ltr'><strong>sicut</strong></span> 
     </span>
     <span class='ocr_line' id='line_1_82' title="bbox 1191 1451 2230 1504; baseline -0.003 -11"><span class='ocrx_word' id='word_1_508' title='bbox 1191 1465 1344 1493; x_wconf 83' lang='lat' dir='ltr'><strong>nomen</strong></span> <span class='ocrx_word' id='word_1_509' title='bbox 1364 1453 1683 1498; x_wconf 80' lang='lat' dir='ltr'><strong>Constitutionis,</strong></span> <span class='ocrx_word' id='word_1_510' title='bbox 1707 1466 1781 1504; x_wconf 86' lang='lat' dir='ltr'><strong>pro</strong></span> <span class='ocrx_word' id='word_1_511' title='bbox 1797 1458 1947 1492; x_wconf 86' lang='lat' dir='ltr'><strong>statuto</strong></span> <span class='ocrx_word' id='word_1_512' title='bbox 1967 1451 2230 1499; x_wconf 82' lang='lat' dir='ltr'><strong>immutabili,</strong></span> 
     </span>
     <span class='ocr_line' id='line_1_83' title="bbox 1196 1512 2234 1564; baseline -0.002 -11"><span class='ocrx_word' id='word_1_513' title='bbox 1196 1515 1273 1554; x_wconf 91' lang='lat' dir='ltr'><strong>nisi</strong></span> <span class='ocrx_word' id='word_1_514' title='bbox 1299 1527 1348 1554; x_wconf 85' lang='lat' dir='ltr'><strong>ex</strong></span> <span class='ocrx_word' id='word_1_515' title='bbox 1369 1520 1571 1564; x_wconf 88' lang='lat' dir='ltr'><strong>potestate</strong></span> <span class='ocrx_word' id='word_1_516' title='bbox 1595 1516 1722 1554; x_wconf 89' lang='lat' dir='ltr'><strong>totius</strong></span> <span class='ocrx_word' id='word_1_517' title='bbox 1744 1515 1955 1562; x_wconf 83' lang='lat' dir='ltr'><strong>religionis</strong></span> <span class='ocrx_word' id='word_1_518' title='bbox 1979 1519 2019 1553; x_wconf 89' lang='lat' dir='ltr'><strong>et</strong></span> <span class='ocrx_word' id='word_1_519' title='bbox 2039 1512 2234 1562; x_wconf 80' lang='lat' dir='ltr'><strong>gravissi-</strong></span> 
     </span>
     <span class='ocr_line' id='line_1_84' title="bbox 1193 1575 2234 1627; baseline -0.004 -11"><span class='ocrx_word' id='word_1_520' title='bbox 1193 1589 1260 1616; x_wconf 82' lang='lat' dir='ltr'><strong>ma</strong></span> <span class='ocrx_word' id='word_1_521' title='bbox 1280 1587 1428 1624; x_wconf 87' lang='lat' dir='ltr'><strong>causa;</strong></span> <span class='ocrx_word' id='word_1_522' title='bbox 1445 1578 1501 1615; x_wconf 85' lang='lat' dir='ltr'><strong>sic</strong></span> <span class='ocrx_word' id='word_1_523' title='bbox 1523 1578 1633 1615; x_wconf 87' lang='lat' dir='ltr'><strong>enim</strong></span> <span class='ocrx_word' id='word_1_524' title='bbox 1655 1589 1738 1615; x_wconf 91' lang='lat' dir='ltr'><strong>non</strong></span> <span class='ocrx_word' id='word_1_525' title='bbox 1760 1581 1895 1627; x_wconf 86' lang='lat' dir='ltr'><strong>potest</strong></span> <span class='ocrx_word' id='word_1_526' title='bbox 1912 1575 2136 1614; x_wconf 83' lang='lat' dir='ltr'><strong>declaratio</strong></span> <span class='ocrx_word' id='word_1_527' title='bbox 2153 1575 2234 1614; x_wconf 87' lang='lat' dir='ltr'><strong>Ge-</strong></span> 
     </span>
     <span class='ocr_line' id='line_1_85' title="bbox 1194 1638 2235 1689; baseline -0.003 -12"><span class='ocrx_word' id='word_1_528' title='bbox 1194 1638 1349 1677; x_wconf 88' lang='lat' dir='ltr'><strong>neralis</strong></span> <span class='ocrx_word' id='word_1_529' title='bbox 1365 1638 1520 1677; x_wconf 84' lang='lat' dir='ltr'><strong>habere</strong></span> <span class='ocrx_word' id='word_1_530' title='bbox 1539 1639 1621 1676; x_wconf 84' lang='lat' dir='ltr'><strong>vim</strong></span> <span class='ocrx_word' id='word_1_531' title='bbox 1642 1639 1758 1689; x_wconf 82' lang='lat' dir='ltr'><strong>legis,</strong></span> <span class='ocrx_word' id='word_1_532' title='bbox 1784 1642 1908 1688; x_wconf 81' lang='lat' dir='ltr'><strong>atque</strong></span> <span class='ocrx_word' id='word_1_533' title='bbox 1931 1639 2016 1675; x_wconf 80' lang='lat' dir='ltr'><strong>haec</strong></span> <span class='ocrx_word' id='word_1_534' title='bbox 2031 1638 2235 1686; x_wconf 85' lang='lat' dir='ltr'><strong>interpre-</strong></span> 
     </span>
     <span class='ocr_line' id='line_1_86' title="bbox 1193 1698 2234 1750; baseline -0.003 -12"><span class='ocrx_word' id='word_1_535' title='bbox 1193 1700 1293 1738; x_wconf 82' lang='lat' dir='ltr'><strong>tatio</strong></span> <span class='ocrx_word' id='word_1_536' title='bbox 1313 1703 1471 1738; x_wconf 74' lang='lat' dir='ltr'><strong>constat</strong></span> <span class='ocrx_word' id='word_1_537' title='bbox 1492 1711 1542 1738; x_wconf 85' lang='lat' dir='ltr'><strong>ex</strong></span> <span class='ocrx_word' id='word_1_538' title='bbox 1562 1701 1738 1750; x_wconf 87' lang='lat' dir='ltr'><strong>septima</strong></span> <span class='ocrx_word' id='word_1_539' title='bbox 1758 1699 2099 1750; x_wconf 83' lang='lat' dir='ltr'><strong>Congregatione‚</strong></span> <span class='ocrx_word' id='word_1_540' title='bbox 2119 1698 2234 1735; x_wconf 89' lang='lat' dir='ltr'><strong>decr.</strong></span> 
     </span>
     <span class='ocr_line' id='line_1_87' title="bbox 1195 1756 2237 1810; baseline -0.005 -10"><span class='ocrx_word' id='word_1_541' title='bbox 1195 1760 1263 1800; x_wconf 81' lang='lat'><strong>76.</strong></span> <span class='ocrx_word' id='word_1_542' title='bbox 1301 1760 1573 1799; x_wconf 87' lang='lat' dir='ltr'><strong>Nihilominus</strong></span> <span class='ocrx_word' id='word_1_543' title='bbox 1600 1765 1739 1800; x_wconf 84' lang='lat' dir='ltr'><strong>tamen</strong></span> <span class='ocrx_word' id='word_1_544' title='bbox 1758 1791 1770 1809; x_wconf 82' lang='grc'>,</span> <span class='ocrx_word' id='word_1_545' title='bbox 1804 1762 1907 1799; x_wconf 87' lang='lat' dir='ltr'><strong>sicut</strong></span> <span class='ocrx_word' id='word_1_546' title='bbox 1939 1763 2073 1810; x_wconf 85' lang='lat' dir='ltr'><strong>potest</strong></span> <span class='ocrx_word' id='word_1_547' title='bbox 2098 1756 2237 1796; x_wconf 87' lang='lat' dir='ltr'><strong>decla-</strong></span> 
     </span>
     <span class='ocr_line' id='line_1_88' title="bbox 1194 1819 2237 1872; baseline -0.005 -11"><span class='ocrx_word' id='word_1_548' title='bbox 1194 1833 1303 1865; x_wconf 84' lang='lat' dir='ltr'><strong>rare,</strong></span> <span class='ocrx_word' id='word_1_549' title='bbox 1328 1822 1383 1861; x_wconf 81' lang='lat' dir='ltr'><strong>ita</strong></span> <span class='ocrx_word' id='word_1_550' title='bbox 1403 1826 1538 1872; x_wconf 89' lang='lat' dir='ltr'><strong>potest</strong></span> <span class='ocrx_word' id='word_1_551' title='bbox 1559 1822 1755 1861; x_wconf 84' lang='lat' dir='ltr'><strong>ordinare</strong></span> <span class='ocrx_word' id='word_1_552' title='bbox 1781 1826 1824 1860; x_wconf 91' lang='lat' dir='ltr'><strong>ut</strong></span> <span class='ocrx_word' id='word_1_553' title='bbox 1846 1834 1920 1860; x_wconf 91' lang='lat' dir='ltr'><strong>sua</strong></span> <span class='ocrx_word' id='word_1_554' title='bbox 1945 1821 2169 1859; x_wconf 82' lang='lat' dir='ltr'><strong>declaratio</strong></span> <span class='ocrx_word' id='word_1_555' title='bbox 2194 1819 2237 1857; x_wconf 88' lang='lat' dir='ltr'><strong>in</strong></span> 
     </span>
     <span class='ocr_line' id='line_1_89' title="bbox 1195 1879 2239 1934; baseline -0.004 -12"><span class='ocrx_word' id='word_1_556' title='bbox 1195 1883 1307 1934; x_wconf 84' lang='lat' dir='ltr'><strong>praxi</strong></span> <span class='ocrx_word' id='word_1_557' title='bbox 1332 1887 1371 1921; x_wconf 92' lang='lat' dir='ltr'><strong>et</strong></span> <span class='ocrx_word' id='word_1_558' title='bbox 1392 1883 1693 1931; x_wconf 74' lang='lat' dir='ltr'><strong>gubernatione</strong></span> <span class='ocrx_word' id='word_1_559' title='bbox 1714 1887 1916 1928; x_wconf 87' lang='lat' dir='ltr'><strong>servetur,</strong></span> <span class='ocrx_word' id='word_1_560' title='bbox 1944 1882 2141 1932; x_wconf 85' lang='lat' dir='ltr'><strong>quamdiu</strong></span> <span class='ocrx_word' id='word_1_561' title='bbox 2165 1879 2239 1918; x_wconf 91' lang='lat' dir='ltr'><strong>ali-</strong></span> 
     </span>
     <span class='ocr_line' id='line_1_90' title="bbox 1195 1943 2239 1995; baseline -0.003 -13"><span class='ocrx_word' id='word_1_562' title='bbox 1195 1956 1277 1993; x_wconf 88' lang='lat' dir='ltr'><strong>qua</strong></span> <span class='ocrx_word' id='word_1_563' title='bbox 1286 1945 1558 1995; x_wconf 83' lang='lat' dir='ltr'><strong>Congregatio</strong></span> <span class='ocrx_word' id='word_1_564' title='bbox 1571 1945 1776 1995; x_wconf 88' lang='lat' dir='ltr'><strong>generalis</strong></span> <span class='ocrx_word' id='word_1_565' title='bbox 1788 1943 1899 1982; x_wconf 88' lang='lat' dir='ltr'><strong>aliud</strong></span> <span class='ocrx_word' id='word_1_566' title='bbox 1910 1955 1992 1981; x_wconf 92' lang='lat' dir='ltr'><strong>non</strong></span> <span class='ocrx_word' id='word_1_567' title='bbox 2002 1943 2239 1981; x_wconf 83' lang='lat' dir='ltr'><strong>declarave-</strong></span> 
     </span>
     <span class='ocr_line' id='line_1_91' title="bbox 1194 2003 2242 2055; baseline -0.002 -13"><span class='ocrx_word' id='word_1_568' title='bbox 1194 2005 1267 2053; x_wconf 81' lang='lat' dir='ltr'><strong>rit3</strong></span> <span class='ocrx_word' id='word_1_569' title='bbox 1284 2005 1437 2054; x_wconf 86' lang='lat' dir='ltr'><strong>alioqui</strong></span> <span class='ocrx_word' id='word_1_570' title='bbox 1458 2007 1548 2055; x_wconf 78' lang='lat' dir='ltr'><strong>eJ&#39;us</strong></span> <span class='ocrx_word' id='word_1_571' title='bbox 1568 2005 1792 2044; x_wconf 85' lang='lat' dir='ltr'><strong>declaratio</strong></span> <span class='ocrx_word' id='word_1_572' title='bbox 1814 2017 1898 2043; x_wconf 87' lang='lat' dir='ltr'><strong>non</strong></span> <span class='ocrx_word' id='word_1_573' title='bbox 1917 2004 2092 2042; x_wconf 88' lang='lat' dir='ltr'><strong>haberet</strong></span> <span class='ocrx_word' id='word_1_574' title='bbox 2112 2003 2242 2053; x_wconf 86' lang='lat' dir='ltr'><strong>majo-</strong></span> 
     </span>
     <span class='ocr_line' id='line_1_92' title="bbox 1195 2065 2237 2117; baseline -0.003 -12"><span class='ocrx_word' id='word_1_575' title='bbox 1195 2077 1285 2105; x_wconf 88' lang='lat' dir='ltr'><strong>rem</strong></span> <span class='ocrx_word' id='word_1_576' title='bbox 1300 2065 1526 2104; x_wconf 78' lang='lat' dir='ltr'><strong>efficaciam</strong></span> <span class='ocrx_word' id='word_1_577' title='bbox 1542 2078 1669 2117; x_wconf 87' lang='lat' dir='ltr'><strong>quam</strong></span> <span class='ocrx_word' id='word_1_578' title='bbox 1684 2066 1780 2105; x_wconf 90' lang='lat' dir='ltr'><strong>data</strong></span> <span class='ocrx_word' id='word_1_579' title='bbox 1792 2065 1845 2104; x_wconf 88' lang='lat' dir='ltr'><strong>ab</strong></span> <span class='ocrx_word' id='word_1_580' title='bbox 1862 2067 2028 2103; x_wconf 89' lang='lat' dir='ltr'><strong>homine</strong></span> <span class='ocrx_word' id='word_1_581' title='bbox 2044 2065 2237 2111; x_wconf 84' lang='lat' dir='ltr'><strong>litterato,</strong></span> 
     </span>
     <span class='ocr_line' id='line_1_93' title="bbox 1196 2126 2240 2178; baseline -0.003 -13"><span class='ocrx_word' id='word_1_582' title='bbox 1196 2127 1310 2178; x_wconf 87' lang='lat' dir='ltr'><strong>quod</strong></span> <span class='ocrx_word' id='word_1_583' title='bbox 1328 2127 1405 2165; x_wconf 79' lang='lat' dir='ltr'><strong>diei</strong></span> <span class='ocrx_word' id='word_1_584' title='bbox 1428 2139 1511 2165; x_wconf 89' lang='lat' dir='ltr'><strong>non</strong></span> <span class='ocrx_word' id='word_1_585' title='bbox 1533 2133 1683 2177; x_wconf 87' lang='lat' dir='ltr'><strong>potest,</strong></span> <span class='ocrx_word' id='word_1_586' title='bbox 1708 2127 1828 2178; x_wconf 87' lang='lat' dir='ltr'><strong>quia,</strong></span> <span class='ocrx_word' id='word_1_587' title='bbox 1853 2127 1960 2164; x_wconf 83' lang='lat' dir='ltr'><strong>sicut</strong></span> <span class='ocrx_word' id='word_1_588' title='bbox 1978 2126 2019 2164; x_wconf 83' lang='lat' dir='ltr'><strong>iu</strong></span> <span class='ocrx_word' id='word_1_589' title='bbox 2041 2126 2128 2163; x_wconf 88' lang='lat' dir='ltr'><strong>aliis</strong></span> <span class='ocrx_word' id='word_1_590' title='bbox 2154 2136 2240 2163; x_wconf 83' lang='lat' dir='ltr'><strong>ina-</strong></span> 
     </span>
     <span class='ocr_line' id='line_1_94' title="bbox 1197 2185 2241 2239; baseline -0.003 -13"><span class='ocrx_word' id='word_1_591' title='bbox 1197 2188 1310 2227; x_wconf 87' lang='lat' dir='ltr'><strong>teriis</strong></span> <span class='ocrx_word' id='word_1_592' title='bbox 1339 2188 1464 2226; x_wconf 87' lang='lat' dir='ltr'><strong>habet</strong></span> <span class='ocrx_word' id='word_1_593' title='bbox 1483 2193 1731 2238; x_wconf 89' lang='lat' dir='ltr'><strong>potestatem</strong></span> <span class='ocrx_word' id='word_1_594' title='bbox 1750 2187 2020 2239; x_wconf 84' lang='lat' dir='ltr'><strong>praecipiendi</strong></span> <span class='ocrx_word' id='word_1_595' title='bbox 2040 2199 2113 2225; x_wconf 88' lang='lat' dir='ltr'><strong>seu</strong></span> <span class='ocrx_word' id='word_1_596' title='bbox 2131 2185 2241 2224; x_wconf 88' lang='lat' dir='ltr'><strong>ordi-</strong></span> 
     </span>
     <span class='ocr_line' id='line_1_95' title="bbox 1199 2247 2239 2297; baseline -0.003 -8"><span class='ocrx_word' id='word_1_597' title='bbox 1199 2250 1342 2297; x_wconf 88' lang='lat' dir='ltr'><strong>nandi,</strong></span> <span class='ocrx_word' id='word_1_598' title='bbox 1364 2249 1419 2287; x_wconf 89' lang='lat' dir='ltr'><strong>ita</strong></span> <span class='ocrx_word' id='word_1_599' title='bbox 1440 2250 1564 2287; x_wconf 87' lang='lat' dir='ltr'><strong>etiam</strong></span> <span class='ocrx_word' id='word_1_600' title='bbox 1583 2250 1623 2287; x_wconf 91' lang='lat' dir='ltr'><strong>in</strong></span> <span class='ocrx_word' id='word_1_601' title='bbox 1642 2250 1732 2289; x_wconf 88' lang='lat' dir='ltr'><strong>hac.</strong></span> <span class='ocrx_word' id='word_1_602' title='bbox 1752 2249 1862 2288; x_wconf 88' lang='lat' dir='ltr'><strong>Talis</strong></span> <span class='ocrx_word' id='word_1_603' title='bbox 1880 2253 2017 2287; x_wconf 87' lang='lat' dir='ltr'><strong>autem</strong></span> <span class='ocrx_word' id='word_1_604' title='bbox 2037 2247 2239 2286; x_wconf 85' lang='lat' dir='ltr'><strong>ordinatio</strong></span> 
     </span>
     <span class='ocr_line' id='line_1_96' title="bbox 1201 2309 2239 2362; baseline -0.004 -12"><span class='ocrx_word' id='word_1_605' title='bbox 1201 2323 1284 2350; x_wconf 90' lang='lat' dir='ltr'><strong>non</strong></span> <span class='ocrx_word' id='word_1_606' title='bbox 1311 2315 1445 2350; x_wconf 87' lang='lat' dir='ltr'><strong>cessat</strong></span> <span class='ocrx_word' id='word_1_607' title='bbox 1465 2311 1554 2361; x_wconf 87' lang='lat' dir='ltr'><strong>ipso</strong></span> <span class='ocrx_word' id='word_1_608' title='bbox 1582 2311 1690 2350; x_wconf 86' lang='lat' dir='ltr'><strong>facto</strong></span> <span class='ocrx_word' id='word_1_609' title='bbox 1723 2323 1796 2362; x_wconf 92' lang='lat' dir='ltr'><strong>per</strong></span> <span class='ocrx_word' id='word_1_610' title='bbox 1815 2315 1990 2349; x_wconf 87' lang='lat' dir='ltr'><strong>mortem</strong></span> <span class='ocrx_word' id='word_1_611' title='bbox 2010 2309 2239 2357; x_wconf 87' lang='lat' dir='ltr'><strong>Generalis,</strong></span> 
     </span>
     <span class='ocr_line' id='line_1_97' title="bbox 1199 2372 2240 2424; baseline -0.003 -13"><span class='ocrx_word' id='word_1_612' title='bbox 1199 2374 1317 2424; x_wconf 83' lang='lat' dir='ltr'><strong>juxta</strong></span> <span class='ocrx_word' id='word_1_613' title='bbox 1338 2372 1551 2411; x_wconf 87' lang='lat' dir='ltr'><strong>decretum</strong></span> <span class='ocrx_word' id='word_1_614' title='bbox 1569 2373 1593 2411; x_wconf 89' lang='lat'><strong>3</strong></span> <span class='ocrx_word' id='word_1_615' title='bbox 1614 2372 1804 2423; x_wconf 89' lang='lat' dir='ltr'><strong>ejusdem</strong></span> <span class='ocrx_word' id='word_1_616' title='bbox 1825 2376 1980 2423; x_wconf 81' lang='lat' dir='ltr'><strong>quartae</strong></span> <span class='ocrx_word' id='word_1_617' title='bbox 2006 2372 2240 2421; x_wconf 84' lang='lat' dir='ltr'><strong>Congrega-</strong></span> 
     </span>
     <span class='ocr_line' id='line_1_98' title="bbox 1207 2431 2243 2484; baseline -0.003 -11"><span class='ocrx_word' id='word_1_618' title='bbox 1207 2434 1341 2481; x_wconf 89' lang='lat' dir='ltr'><strong>tionis,</strong></span> <span class='ocrx_word' id='word_1_619' title='bbox 1370 2438 1410 2473; x_wconf 86' lang='lat' dir='ltr'><strong>et</strong></span> <span class='ocrx_word' id='word_1_620' title='bbox 1438 2435 1648 2473; x_wconf 88' lang='lat' dir='ltr'><strong>decretum</strong></span> <span class='ocrx_word' id='word_1_621' title='bbox 1673 2436 1723 2474; x_wconf 78' lang='lat'><strong>72</strong></span> <span class='ocrx_word' id='word_1_622' title='bbox 1751 2434 2090 2484; x_wconf 80' lang='lat' dir='ltr'><strong>Congregationis</strong></span> <span class='ocrx_word' id='word_1_623' title='bbox 2122 2431 2243 2482; x_wconf 88' lang='lat' dir='ltr'><strong>septi-</strong></span> 
     </span>
     <span class='ocr_line' id='line_1_99' title="bbox 1204 2493 2241 2547; baseline -0.003 -13"><span class='ocrx_word' id='word_1_624' title='bbox 1204 2507 1297 2541; x_wconf 84' lang='lat' dir='ltr'><strong>mae,</strong></span> <span class='ocrx_word' id='word_1_625' title='bbox 1314 2495 1425 2546; x_wconf 89' lang='lat' dir='ltr'><strong>quod</strong></span> <span class='ocrx_word' id='word_1_626' title='bbox 1446 2496 1677 2534; x_wconf 79' lang='lat' dir='ltr'><strong>universale</strong></span> <span class='ocrx_word' id='word_1_627' title='bbox 1701 2501 1774 2534; x_wconf 86' lang='lat' dir='ltr'><strong>est.</strong></span> <span class='ocrx_word' id='word_1_628' title='bbox 1795 2498 1932 2547; x_wconf 85' lang='lat' dir='ltr'><strong>Atque</strong></span> <span class='ocrx_word' id='word_1_629' title='bbox 1951 2495 2038 2533; x_wconf 87' lang='lat' dir='ltr'><strong>haec</strong></span> <span class='ocrx_word' id='word_1_630' title='bbox 2058 2493 2241 2544; x_wconf 84' lang='lat' dir='ltr'><strong>attigisse</strong></span> 
     </span>
     <span class='ocr_line' id='line_1_100' title="bbox 1205 2557 1867 2608; baseline -0.005 -11"><span class='ocrx_word' id='word_1_631' title='bbox 1205 2557 1258 2597; x_wconf 87' lang='lat' dir='ltr'><strong>de</strong></span> <span class='ocrx_word' id='word_1_632' title='bbox 1277 2558 1432 2608; x_wconf 87' lang='lat' dir='ltr'><strong>regulis</strong></span> <span class='ocrx_word' id='word_1_633' title='bbox 1451 2558 1665 2596; x_wconf 83' lang='lat' dir='ltr'><strong>Societatis</strong></span> <span class='ocrx_word' id='word_1_634' title='bbox 1682 2557 1735 2595; x_wconf 91' lang='lat' dir='ltr'><strong>sit</strong></span> <span class='ocrx_word' id='word_1_635' title='bbox 1755 2557 1867 2595; x_wconf 83' lang='lat' dir='ltr'><strong>satis.</strong></span> 
     </span>
    </p>
   </div>
   <div class='ocr_carea' id='block_1_13' title="bbox 1209 2652 2246 2768">
    <p class='ocr_par' dir='ltr' id='par_1_14' title="bbox 1209 2652 2246 2768">
     <span class='ocr_line' id='line_1_101' title="bbox 1209 2652 2246 2707; baseline -0.006 -8"><span class='ocrx_word' id='word_1_636' title='bbox 1209 2655 1466 2699; x_wconf 59' lang='lat' dir='ltr'><strong>Concludam·</strong></span> <span class='ocrx_word' id='word_1_637' title='bbox 1485 2655 1724 2697; x_wconf 77' lang='lat' dir='ltr'><strong>Societatem</strong></span> <span class='ocrx_word' id='word_1_638' title='bbox 1740 2654 1894 2704; x_wconf 68' lang='lat' dir='ltr'><strong>reqnlis</strong></span> <span class='ocrx_word' id='word_1_639' title='bbox 1906 2652 1993 2695; x_wconf 78' lang='lat' dir='ltr'><strong>suis</strong></span> <span class='ocrx_word' id='word_1_640' title='bbox 2007 2663 2088 2695; x_wconf 80' lang='lat' dir='ltr'><strong>esse</strong></span> <span class='ocrx_word' id='word_1_641' title='bbox 2099 2652 2246 2707; x_wconf 79' lang='lat' dir='ltr'><strong>optime</strong></span> 
     </span>
     <span class='ocr_line' id='line_1_102' title="bbox 1499 2717 1949 2768; baseline -0.011 -10"><span class='ocrx_word' id='word_1_642' title='bbox 1499 2718 1676 2768; x_wconf 80' lang='lat' dir='ltr'><strong>satisque</strong></span> <span class='ocrx_word' id='word_1_643' title='bbox 1692 2717 1949 2756; x_wconf 80' lang='lat' dir='ltr'><strong>instructam.</strong></span> 
     </span>
    </p>
   </div>
   <div class='ocr_carea' id='block_1_14' title="bbox 1204 2794 2248 3647">
    <p class='ocr_par' dir='ltr' id='par_1_15' title="bbox 1204 2794 2248 3647">
     <span class='ocr_line' id='line_1_103' title="bbox 1261 2794 2246 2848; baseline -0.007 -5"><span class='ocrx_word' id='word_1_644' title='bbox 1261 2803 1325 2843; x_wconf 74' lang='lat'><strong>16.</strong></span> <span class='ocrx_word' id='word_1_645' title='bbox 1345 2801 1546 2842; x_wconf 78' lang='lat' dir='ltr'><strong>Probatur</strong></span> <span class='ocrx_word' id='word_1_646' title='bbox 1565 2811 1612 2840; x_wconf 67' lang='lat' dir='ltr'><strong>ece</strong></span> <span class='ocrx_word' id='word_1_647' title='bbox 1629 2799 1874 2848; x_wconf 74' lang='lat' dir='ltr'><strong>sufficientia</strong></span> <span class='ocrx_word' id='word_1_648' title='bbox 1893 2796 2098 2848; x_wconf 59' lang='lat' dir='ltr'><strong>omnigena</strong></span> <span class='ocrx_word' id='word_1_649' title='bbox 2116 2794 2246 2846; x_wconf 81' lang='lat' dir='ltr'><strong>ipsius</strong></span> 
     </span>
     <span class='ocr_line' id='line_1_104' title="bbox 1204 2859 2245 2916; baseline -0.01 -11"><span class='ocrx_word' id='word_1_650' title='bbox 1204 2865 1365 2916; x_wconf 71' lang='lat' dir='ltr'><strong>requlce.</strong></span> <span class='ocrx_word' id='word_1_651' title='bbox 1386 2884 1438 2892; x_wconf 92' lang='lat'>—</span> <span class='ocrx_word' id='word_1_652' title='bbox 1459 2863 1608 2902; x_wconf 84' lang='lat' dir='ltr'><strong>Deinde</strong></span> <span class='ocrx_word' id='word_1_653' title='bbox 1635 2874 1678 2900; x_wconf 72' lang='lat' dir='ltr'><strong>ece</strong></span> <span class='ocrx_word' id='word_1_654' title='bbox 1697 2861 1933 2900; x_wconf 81' lang='lat' dir='ltr'><strong>auctoritate</strong></span> <span class='ocrx_word' id='word_1_655' title='bbox 1956 2859 2187 2904; x_wconf 76' lang='lat' dir='ltr'><strong>conditoris,</strong></span> <span class='ocrx_word' id='word_1_656' title='bbox 2209 2861 2245 2897; x_wconf 83' lang='lat' dir='ltr'><strong>et</strong></span> 
     </span>
     <span class='ocr_line' id='line_1_105' title="bbox 1206 2919 2246 2976; baseline -0.013 -8"><span class='ocrx_word' id='word_1_657' title='bbox 1206 2927 1447 2976; x_wconf 65' lang='lat' dir='ltr'><strong>Pontificum</strong></span> <span class='ocrx_word' id='word_1_658' title='bbox 1466 2925 1805 2970; x_wconf 73' lang='lat' dir='ltr'><strong>confirmantium.</strong></span> <span class='ocrx_word' id='word_1_659' title='bbox 1830 2943 1880 2950; x_wconf 84' lang='lat'><em>-——-</em></span> <span class='ocrx_word' id='word_1_660' title='bbox 1901 2921 1957 2959; x_wconf 89' lang='lat' dir='ltr'><strong>Ex</strong></span> <span class='ocrx_word' id='word_1_661' title='bbox 1985 2919 2135 2969; x_wconf 81' lang='lat' dir='ltr'><strong>quibus</strong></span> <span class='ocrx_word' id='word_1_662' title='bbox 2159 2929 2246 2956; x_wconf 90' lang='lat' dir='ltr'><strong>om-</strong></span> 
     </span>
     <span class='ocr_line' id='line_1_106' title="bbox 1207 2982 2246 3036; baseline -0.01 -10"><span class='ocrx_word' id='word_1_663' title='bbox 1207 2988 1398 3036; x_wconf 80' lang='lat' dir='ltr'><strong>nihus(ut</strong></span> <span class='ocrx_word' id='word_1_664' title='bbox 1418 2985 1631 3035; x_wconf 59' lang='lat' dir='ltr'><strong>quaestioni</strong></span> <span class='ocrx_word' id='word_1_665' title='bbox 1659 2983 1884 3034; x_wconf 81' lang='lat' dir='ltr'><strong>praepositae</strong></span> <span class='ocrx_word' id='word_1_666' title='bbox 1901 2982 2056 3020; x_wconf 87' lang='lat' dir='ltr'><strong>directe</strong></span> <span class='ocrx_word' id='word_1_667' title='bbox 2079 2991 2246 3029; x_wconf 81' lang='lat' dir='ltr'><strong>respon—</strong></span> 
     </span>
     <span class='ocr_line' id='line_1_107' title="bbox 1209 3041 2246 3097; baseline -0.012 -7"><span class='ocrx_word' id='word_1_668' title='bbox 1209 3050 1398 3097; x_wconf 80' lang='lat' dir='ltr'><strong>deamus)</strong></span> <span class='ocrx_word' id='word_1_669' title='bbox 1427 3048 1526 3086; x_wconf 84' lang='lat' dir='ltr'><strong>satis</strong></span> <span class='ocrx_word' id='word_1_670' title='bbox 1546 3051 1706 3085; x_wconf 83' lang='lat' dir='ltr'><strong>constat</strong></span> <span class='ocrx_word' id='word_1_671' title='bbox 1728 3045 1994 3090; x_wconf 81' lang='lat' dir='ltr'><strong>Societatem,</strong></span> <span class='ocrx_word' id='word_1_672' title='bbox 2021 3041 2184 3091; x_wconf 84' lang='lat' dir='ltr'><strong>optimis</strong></span> <span class='ocrx_word' id='word_1_673' title='bbox 2205 3042 2246 3078; x_wconf 83' lang='lat' dir='ltr'><strong>et</strong></span> 
     </span>
     <span class='ocr_line' id='line_1_108' title="bbox 1211 3102 2245 3160; baseline -0.015 -9"><span class='ocrx_word' id='word_1_674' title='bbox 1211 3110 1508 3152; x_wconf 81' lang='lat' dir='ltr'><strong>sufficientibus</strong></span> <span class='ocrx_word' id='word_1_675' title='bbox 1534 3108 1688 3160; x_wconf 82' lang='lat' dir='ltr'><strong>regulis</strong></span> <span class='ocrx_word' id='word_1_676' title='bbox 1717 3107 1942 3145; x_wconf 81' lang='lat' dir='ltr'><strong>institutam</strong></span> <span class='ocrx_word' id='word_1_677' title='bbox 1971 3107 2010 3141; x_wconf 90' lang='lat' dir='ltr'><strong>et</strong></span> <span class='ocrx_word' id='word_1_678' title='bbox 2042 3102 2245 3139; x_wconf 86' lang='lat' dir='ltr'><strong>munitam</strong></span> 
     </span>
     <span class='ocr_line' id='line_1_109' title="bbox 1212 3159 2248 3221; baseline -0.015 -9"><span class='ocrx_word' id='word_1_679' title='bbox 1212 3184 1304 3212; x_wconf 89' lang='lat' dir='ltr'><strong>esse</strong></span> <span class='ocrx_word' id='word_1_680' title='bbox 1321 3201 1331 3219; x_wconf 92' lang='lat'><strong>,</strong></span> <span class='ocrx_word' id='word_1_681' title='bbox 1358 3171 1539 3221; x_wconf 88' lang='lat' dir='ltr'><strong>ideoque</strong></span> <span class='ocrx_word' id='word_1_682' title='bbox 1565 3182 1615 3209; x_wconf 82' lang='lat' dir='ltr'><strong>ex</strong></span> <span class='ocrx_word' id='word_1_683' title='bbox 1643 3171 1720 3208; x_wconf 89' lang='lat' dir='ltr'><strong>hac</strong></span> <span class='ocrx_word' id='word_1_684' title='bbox 1741 3172 1855 3218; x_wconf 87' lang='lat' dir='ltr'><strong>parte</strong></span> <span class='ocrx_word' id='word_1_685' title='bbox 1877 3165 1979 3204; x_wconf 88' lang='lat' dir='ltr'><strong>nihil</strong></span> <span class='ocrx_word' id='word_1_686' title='bbox 1996 3162 2174 3212; x_wconf 87' lang='lat' dir='ltr'><strong>amplius</strong></span> <span class='ocrx_word' id='word_1_687' title='bbox 2193 3159 2248 3199; x_wconf 87' lang='lat' dir='ltr'><strong>ad</strong></span> 
     </span>
     <span class='ocr_line' id='line_1_110' title="bbox 1215 3223 2248 3285; baseline -0.016 -10"><span class='ocrx_word' id='word_1_688' title='bbox 1215 3235 1307 3285; x_wconf 84' lang='lat' dir='ltr'><strong>ejus</strong></span> <span class='ocrx_word' id='word_1_689' title='bbox 1320 3234 1636 3272; x_wconf 87' lang='lat' dir='ltr'><strong>convenientem</strong></span> <span class='ocrx_word' id='word_1_690' title='bbox 1650 3228 2009 3282; x_wconf 82' lang='lat' dir='ltr'><strong>gubernationem,</strong></span> <span class='ocrx_word' id='word_1_691' title='bbox 2027 3223 2248 3273; x_wconf 81' lang='lat' dir='ltr'><strong>optimam-</strong></span> 
     </span>
     <span class='ocr_line' id='line_1_111' title="bbox 1212 3280 2245 3348; baseline -0.015 -13"><span class='ocrx_word' id='word_1_692' title='bbox 1212 3306 1294 3348; x_wconf 87' lang='lat' dir='ltr'><strong>que</strong></span> <span class='ocrx_word' id='word_1_693' title='bbox 1338 3294 1630 3345; x_wconf 84' lang='lat' dir='ltr'><strong>religiosorum</strong></span> <span class='ocrx_word' id='word_1_694' title='bbox 1671 3283 1972 3330; x_wconf 83' lang='lat' dir='ltr'><strong>institutionem</strong></span> <span class='ocrx_word' id='word_1_695' title='bbox 2018 3280 2245 3323; x_wconf 73' lang='lat' dir='ltr'><strong>desiderari</strong></span> 
     </span>
     <span class='ocr_line' id='line_1_112' title="bbox 1214 3343 2246 3410; baseline -0.015 -13"><span class='ocrx_word' id='word_1_696' title='bbox 1214 3369 1350 3410; x_wconf 85' lang='lat' dir='ltr'><strong>posse.</strong></span> <span class='ocrx_word' id='word_1_697' title='bbox 1374 3357 1491 3403; x_wconf 86' lang='lat' dir='ltr'><strong>Nam,</strong></span> <span class='ocrx_word' id='word_1_698' title='bbox 1515 3356 1547 3394; x_wconf 91' lang='lat' dir='ltr'><strong>si</strong></span> <span class='ocrx_word' id='word_1_699' title='bbox 1566 3363 1764 3406; x_wconf 85' lang='lat' dir='ltr'><strong>personas</strong></span> <span class='ocrx_word' id='word_1_700' title='bbox 1784 3353 2033 3400; x_wconf 88' lang='lat' dir='ltr'><strong>spectemus,</strong></span> <span class='ocrx_word' id='word_1_701' title='bbox 2054 3343 2246 3383; x_wconf 70' lang='lat' dir='ltr'><strong>omnibus</strong></span> 
     </span>
     <span class='ocr_line' id='line_1_113' title="bbox 1216 3404 2246 3471; baseline -0.019 -11"><span class='ocrx_word' id='word_1_702' title='bbox 1216 3419 1413 3471; x_wconf 85' lang='lat' dir='ltr'><strong>gradibus</strong></span> <span class='ocrx_word' id='word_1_703' title='bbox 1431 3423 1471 3457; x_wconf 89' lang='lat' dir='ltr'><strong>et</strong></span> <span class='ocrx_word' id='word_1_704' title='bbox 1491 3416 1703 3456; x_wconf 79' lang='lat' dir='ltr'><strong>ordinibus</strong></span> <span class='ocrx_word' id='word_1_705' title='bbox 1723 3411 1932 3463; x_wconf 85' lang='lat' dir='ltr'><strong>provisum</strong></span> <span class='ocrx_word' id='word_1_706' title='bbox 1956 3411 2043 3452; x_wconf 82' lang='lat' dir='ltr'><strong>est;</strong></span> <span class='ocrx_word' id='word_1_707' title='bbox 2069 3406 2101 3443; x_wconf 91' lang='lat' dir='ltr'><strong>si</strong></span> <span class='ocrx_word' id='word_1_708' title='bbox 2122 3404 2246 3471; x_wconf 44' lang='lat' dir='ltr'><strong>virtu·-</strong></span> 
     </span>
     <span class='ocr_line' id='line_1_114' title="bbox 1217 3469 2246 3531; baseline -0.018 -10"><span class='ocrx_word' id='word_1_709' title='bbox 1217 3485 1294 3529; x_wconf 81' lang='lat' dir='ltr'><strong>teS,</strong></span> <span class='ocrx_word' id='word_1_710' title='bbox 1315 3481 1428 3519; x_wconf 87' lang='lat' dir='ltr'><strong>nulla</strong></span> <span class='ocrx_word' id='word_1_711' title='bbox 1444 3477 1719 3531; x_wconf 85' lang='lat' dir='ltr'><strong>praetermissa</strong></span> <span class='ocrx_word' id='word_1_712' title='bbox 1739 3478 1802 3513; x_wconf 89' lang='lat' dir='ltr'><strong>est</strong></span> <span class='ocrx_word' id='word_1_713' title='bbox 1818 3473 1892 3512; x_wconf 91' lang='lat' dir='ltr'><strong>tali</strong></span> <span class='ocrx_word' id='word_1_714' title='bbox 1909 3469 2101 3520; x_wconf 86' lang='lat' dir='ltr'><strong>religioso</strong></span> <span class='ocrx_word' id='word_1_715' title='bbox 2122 3470 2246 3504; x_wconf 76' lang='lat' dir='ltr'><strong>statui</strong></span> 
     </span>
     <span class='ocr_line' id='line_1_115' title="bbox 1218 3525 2246 3590; baseline -0.019 -8"><span class='ocrx_word' id='word_1_716' title='bbox 1218 3542 1543 3583; x_wconf 73' lang='lat' dir='ltr'><strong>accommodata,</strong></span> <span class='ocrx_word' id='word_1_717' title='bbox 1566 3550 1655 3590; x_wconf 84' lang='lat' dir='ltr'><strong>quae</strong></span> <span class='ocrx_word' id='word_1_718' title='bbox 1680 3536 1764 3575; x_wconf 87' lang='lat' dir='ltr'><strong>suis</strong></span> <span class='ocrx_word' id='word_1_719' title='bbox 1791 3531 2066 3586; x_wconf 86' lang='lat' dir='ltr'><strong>peculiaribus</strong></span> <span class='ocrx_word' id='word_1_720' title='bbox 2083 3525 2246 3579; x_wconf 82' lang='lat' dir='ltr'><strong>legibus</strong></span> 
     </span>
     <span class='ocr_line' id='line_1_116' title="bbox 1218 3585 2246 3647; baseline -0.022 1"><span class='ocrx_word' id='word_1_721' title='bbox 1218 3607 1262 3647; x_wconf 76' lang='lat' dir='ltr'><strong>et</strong></span> <span class='ocrx_word' id='word_1_722' title='bbox 1276 3603 1537 3646; x_wconf 85' lang='lat' dir='ltr'><strong>documentis</strong></span> <span class='ocrx_word' id='word_1_723' title='bbox 1554 3611 1640 3640; x_wconf 84' lang='lat' dir='ltr'><strong>nou</strong></span> <span class='ocrx_word' id='word_1_724' title='bbox 1657 3597 1784 3639; x_wconf 79' lang='lat' dir='ltr'><strong>fuerit</strong></span> <span class='ocrx_word' id='word_1_725' title='bbox 1809 3591 2084 3638; x_wconf 84' lang='lat' dir='ltr'><strong>communita;</strong></span> <span class='ocrx_word' id='word_1_726' title='bbox 2104 3587 2139 3628; x_wconf 88' lang='lat' dir='ltr'><strong>si</strong></span> <span class='ocrx_word' id='word_1_727' title='bbox 2158 3585 2246 3627; x_wconf 87' lang='lat' dir='ltr'><strong>offi-</strong></span> 
     </span>
    </p>
   </div>
  </div>
 </body>
</html>
