2352 3880
169 220 183 262 1'
225 193 235 203 “
298 198 314 216 ⁴“
344 198 359 228 ⁵
411 225 502 261 ω.
524 226 610 263 vm,
631 224 688 262 ns
705 223 844 262 mus
863 221 1072 266 remma,
1093 221 1174 259 sau
1193 223 1289 264 amn
1307 224 1351 259 m
1373 223 1549 260 scriem
1569 223 1835 263 cossisruwri

442 346 611 405 capus
637 362 737 404 vm.

71 468 83 504 ⁴¹
134 489 284 525 unns
308 489 500 520 rosrrrvts
525 489 662 523 numus
678 487 892 518 mamam
908 486 1101 520 mmm

40 577 49 595 ,
312 552 355 581 ΙΝ
379 551 593 583 εοοιΕΤΑτΕ
619 549 887 581 communen.
947 553 950 557 ·

31 664 48 725 'f
72 621 168 729 ξι.
193 658 299 703 Hoec
336 660 467 700 media
500 660 681 711 qaoedam
706 661 806 700 sant
831 659 992 700 interna
1005 687 1020 708 ‚
1052 661 1103 700 ut

38 725 166 779 :fio
193 725 381 776 cujusque
418 724 599 762 nostrum
641 722 686 761 in
723 721 899 761 Christo.
923 743 975 750 —
992 721 1100 762 Item

35 782 212 844 imo.
235 806 289 815 --
304 786 409 825 Item
427 784 691 824 consideratio
720 784 911 824 donorum.
928 784 974 823 in
989 782 1095 824 aliis.

37 847 124 900 Jq-n·
144 847 369 893 Veniamus
406 846 460 885 ad
489 845 570 884 alia
607 845 773 893 media,
803 856 896 895 qnae
930 857 1016 884 non
1055 844 1098 884 in

39 897 342 966 i'pmhihitione
361 938 371 955 ,
400 907 473 947 sed
504 907 549 946 in
578 907 739 946 actione
777 907 1033 952 consistunt,
1056 909 1097 944 et

41 1007 45 1012 .
69 972 122 1016 ad
138 971 332 1012 eumdem
347 969 476 1008 finem
494 969 739 1008 conciliandi
759 969 999 1007 charitatem
1010 967 1096 1006 fra-

32 1040 45 1071 „1
68 1035 228 1084 §arnam
259 1031 518 1072 ordinantur.
538 1031 636 1077 Quae
667 1030 815 1081 partim
838 1030 998 1068 interna
1034 1040 1094 1067 es-

36 1117 43 1148 ,¹
65 1106 110 1143 μ
125 1095 324 1147 ξζροεειωῒ,
344 1093 494 1144 partim
528 1096 710 1132 externa.
734 1091 808 1130 Illa
834 1089 1094 1140 generaliora

36 1157 43 1189 f«
63 1148 175 1203 hant,
190 1160 232 1195 et
251 1155 475 1195 exinterno
493 1154 694 1205 spirituali
711 1153 899 1203 profectu
914 1152 1094 1190 maxime

39 1251 41 1259 ,
60 1217 248 1273 :pendent
267 1229 277 1263 ;
299 1215 539 1265 hujusmodi
560 1219 636 1262 est,
665 1213 779 1264 quod
799 1217 943 1252 octava
976 1215 1092 1263 parte

38 1291 41 1295 '
63 1278 425 1325 constitutionum,
441 1290 478 1316 c.
491 1275 570 1328 1,§
590 1279 630 1323 8,
647 1275 819 1314 dicitur:
835 1274 1092 1326 Proecipazlm

38 1360 41 1379 ;
61 1341 268 1392 ute-iusque
289 1339 424 1392 partis
445 1339 660 1386 otriculum,
680 1339 734 1377 ad
751 1337 1014 1377 membr-oram
1030 1337 1093 1377 in-

60 1402 122 1447 ’ἐν
137 1414 180 1445 se
197 1407 234 1442 et
254 1414 341 1442 cam
362 1402 490 1452 eapite
508 1413 579 1441 sao
597 1402 796 1447 unionem,
813 1402 869 1438 est
885 1411 998 1439 amor
1014 1399 1093 1439 Dei

61 1476 110 1508 aa
122 1465 288 1506 Domini
306 1464 435 1504 nostri
456 1463 491 1504 J
493 1473 579 1503 esus
596 1462 769 1509 Christi,
791 1471 877 1502 eam
897 1462 1011 1512 cajics
1031 1462 1093 1503 di-

59 1529 154 1571 vina
174 1530 212 1567 et
234 1535 395 1567 samma
422 1525 608 1572 bonitate,
632 1524 671 1564 si
706 1523 902 1575 Superior
919 1534 965 1563 ae
985 1523 1092 1573 infe-

59 1587 187 1628 riores
203 1587 314 1626 valde
330 1586 440 1626 anili
469 1586 644 1635 fuerint,
659 1584 855 1635 perfacile
879 1585 985 1624 inter
1014 1584 1092 1623 sei-

57 1661 151 1704 peos
168 1651 369 1691 unientur.
387 1648 503 1687 Unde
534 1648 632 1699 quia
666 1648 745 1685 hoc
762 1647 974 1686 vinculum
993 1658 1090 1685 ora-

58 1711 171 1752 tione
208 1723 256 1751 ac
282 1710 549 1750 meditatione
585 1709 766 1748 maxime
795 1708 957 1755 crescit,
972 1708 1090 1758 juxta

56 1772 160 1814 illud
186 1772 288 1812 Psal.
306 1773 386 1813 38:
413 1772 471 1812 Ia
483 1771 740 1811 meditatione
762 1781 850 1810 mea
866 1771 1090 1810 exardescet

55 1835 192 1886 danis,
217 1834 310 1872 ideo
333 1836 421 1872 sine
444 1833 570 1872 dubio
601 1833 686 1871 haec
706 1835 769 1872 est
795 1831 946 1870 certior
968 1836 1009 1870 et
1028 1845 1090 1871 so-

57 1895 179 1939 lidior
197 1896 263 1935 via
283 1895 336 1934 ad
355 1896 462 1934 hanc
480 1895 683 1934 unitatem
711 1893 996 1933 obtinendam.
1023 1894 1090 1933 Sic

59 1958 182 1999 etiam
198 1955 342 1997 reduci
356 1957 407 1995 ad
429 1956 588 2007 praxim
609 1956 762 2006 optime
787 1955 951 2006 poterit,
974 1955 1088 2005 quod

60 2030 98 2072 p.
121 2017 240 2059 tertia
256 2017 561 2063 constitution„
576 2030 614 2056 c.
635 2017 785 2068 primo,
803 2016 828 2069 ἓ
847 2016 890 2065 4,
911 2016 1089 2057 dicitur:

59 2081 186 2134 atque
203 2081 264 2122 ila
283 2082 373 2132 fiat,
394 2084 441 2121 at
453 2092 494 2121 se
504 2083 637 2120 mutuo
657 2080 949 2120 cofisideraates
962 2090 1092 2120 omnes

58 2143 101 2185 in
130 2143 328 2183 devotione
353 2146 546 2190 crescant,
566 2142 767 2194 Deamqae
797 2152 844 2183 ao
873 2141 1092 2182 Dominam

59 2207 235 2247 nostram
263 2203 438 2252 laudent,
458 2214 568 2256 quem
596 2204 759 2255 quisque
787 2203 830 2242 ia
860 2202 957 2250 alic,
976 2206 1023 2242 at
1047 2202 1093 2241 ia

59 2266 169 2309 taius
186 2267 378 2320 imagine,
398 2277 605 2320 aynoscere
622 2266 795 2306 studeat.
818 2265 916 2312 Quae
946 2264 1091 2314 regula

57 2332 219 2381 sumpta
235 2327 398 2368 videtur
408 2340 460 2367 ex
471 2340 559 2379 reg.
581 2327 606 2366 5
620 2326 855 2376 Augustini,
868 2335 994 2375 quam
1008 2329 1091 2364 sta-

56 2389 131 2438 tim
161 2401 336 2430 numero
367 2389 490 2429 tertio
521 2387 715 2435 referam,
740 2391 887 2437 estque
914 2386 967 2425 ad
1002 2397 1092 2425 rem

57 2456 305 2507 praesentem
335 2451 490 2502 optima
511 2462 522 2498 ;
543 2449 643 2499 quia
676 2447 779 2487 nihil
811 2448 870 2487 ita
900 2448 1092 2487 conciliat

58 2523 158 2565 erga
177 2513 359 2563 aliquem
378 2523 487 2551 verae
505 2510 714 2550 charitatis
732 2520 934 2556 amorem,
965 2519 1094 2559 quam

20 2591 30 2611 :²
55 2574 283 2626 singularia
317 2571 515 2613 virtutum
555 2571 803 2611 ornamenta
837 2573 881 2610 et
915 2570 1092 2622 Spiritus

52 2633 198 2680 Sancti
220 2635 332 2674 dona
350 2634 392 2672 in
412 2645 461 2673 eo
478 2633 738 2684 conspicere,
762 2641 939 2682 eumque
953 2636 998 2671 ut
1014 2630 1092 2672 Dei

55 2695 298 2749 imaginem,
314 2695 478 2747 optimis
487 2695 628 2746 gratiae
643 2694 847 2733 coloribus
863 2694 1089 2745 depictum,

55 2757 343 2810 -mntemplarh
357 2757 399 2798 Si
415 2768 514 2808 ergo
533 2768 694 2805 omnes,
710 2759 754 2795 et
779 2756 820 2793 in
836 2756 983 2806 seipsis
1008 2758 1093 2794 stu-

61 2817 186 2862 fleant
203 2820 246 2858 in
275 2819 340 2858 his
372 2817 588 2857 virtutihus
609 2821 651 2857 et
682 2817 804 2856 donis
831 2827 1032 2864 crescere,
1050 2819 1092 2856 et

58 2875 109 2923 h
122 2881 212 2922 aliis
227 2892 279 2920 ea
293 2880 533 2931 frequenter
551 2879 831 2926 considerare,
853 2890 1012 2929 eosque
1030 2878 1091 2928 (ut

22 2964 27 2966 -
60 2940 213 2997 ¹,midam
249 2942 414 2994 dicitur)
434 2945 635 2992 tanquam
667 2941 746 2980 sibi
782 2940 1019 2991 superiores
1047 2939 1092 2979 in

60 3003 200 3049 mimo
216 3003 386 3051 ducere,
409 3003 518 3043 etde
534 3003 702 3041 illorum
720 3002 1001 3054 spiritualibus
1017 3001 1090 3040 ho-

55 3062 126 3114 si*
158 3066 340 3117 gaudere
378 3066 544 3116 Deoque
572 3064 726 3116 gratias
758 3075 908 3115 agere,
938 3064 1091 3102 mirum

22 3138 26 3148 ³
59 3123 243 3182 [pfecto
258 3127 301 3166 in
332 3127 504 3167 modum
522 3130 668 3166 mutua
688 3126 797 3164 inter
816 3136 888 3164 eos
906 3125 1087 3164 charitas

57 3184 230 3246 »men

52 3247 154 3299 μβ.
185 3249 372 3298 Quoedam
390 3260 479 3290 vero
498 3253 590 3291 sant
616 3252 792 3297 calerna,
809 3246 963 3299 parlim
981 3259 1089 3300 yene-

19 3331 26 3336 <
55 3307 188 3369 lydia,
222 3315 267 3350 at
297 3310 536 3359 obedientia,
561 3314 799 3362 paupertas,
821 3309 1091 3349 etc.—Exte-

22 3377 26 3380 ’
83 3367 96 3378 ”
186 3371 325 3411 media
341 3370 532 3421 quaedam
549 3372 673 3410 etiam
689 3370 902 3422 generalia
918 3374 1029 3418 sunt,
1050 3373 1092 3410 et

149 3430 252 3472 alias
278 3432 450 3471 virtutes
480 3431 705 3483 pertinent.
737 3430 983 3482 Hujusmodi
1009 3434 1088 3480 est,

191 3493 244 3534 de
263 3492 501 3533 obedientia.
525 3492 580 3532 ad
605 3492 718 3532 hunc
734 3492 862 3531 finem
882 3503 1097 3531 commen-

183 3589 186 3594 ,
210 3554 258 3596 in
283 3558 430 3595 octava
450 3555 568 3606 parte
597 3553 965 3600 Constitutionum,
998 3564 1088 3605 cap.

143 3619 146 3621 ’
167 3660 169 3662 ,
233 3614 266 3666 ἓ
277 3615 320 3667 3,
339 3620 385 3658 et
399 3626 488 3667 seq.
508 3627 522 3656 ς
535 3614 784 3667 Hujaemodi
802 3615 896 3658 unio
914 3613 1093 3667 (dicitur

1157 289 1240 343 ihi)
1262 303 1407 346 maqna
1435 304 1483 332 ea:
1503 295 1620 344 parte
1646 302 1720 346 pe·
1746 291 1968 333 obedientia
1983 293 2192 334 maculam

1158 354 1386 402 conficitur,
1405 353 1546 393 Simile
1564 358 1626 393 est
1642 354 1902 407 paupertatis
1921 358 1962 393 et
1982 353 2193 393 humilita-

1157 413 1210 453 tis
1228 414 1413 454 medium
1423 443 1444 462 ,.
1465 414 1518 452 de
1537 426 1620 466 quo
1638 415 1846 468 ibidem‚§
1865 416 1909 465 8,
1929 415 2078 456 dicitur
2093 425 2107 456 z
2125 414 2197 458 Ad

1155 476 1340 516 unionem
1373 476 1547 515 mammo
1569 476 1735 526 juvabit
1761 489 1895 517 rerum
1913 477 2192 529 temporalium

1157 540 1416 588 contemptas,
1455 539 1561 583 etc.;
1593 537 1701 575 inter
1729 539 1974 589 temporalia
2007 550 2189 590 namque

1155 599 1337 638 honores
1357 602 1398 637 et
1415 597 1653 648 dignitates.
1682 610 1802 649 aeqne
1830 612 1879 638 aa:
1907 601 2076 649 divitiae,
2098 613 2192 641 cor—

1155 660 1402 712 poralesque
1430 659 1745 711 commoditates
1774 666 2093 711 computantur;
2113 675 2191 702 nec

1152 723 1291 761 minus
1322 722 1486 761 illorum
1517 732 1645 771 quam
1676 721 1826 759 horum
1855 721 2063 761 bonorum
2090 736 2189 763 con-

1151 788 1335 835 temptus
1356 796 1407 823 ex
1426 783 1498 823 Dei
1516 783 1716 822 charitate
1739 782 1948 833 sequitur,
1974 789 2020 823 ut
2038 785 2191 826 citatus

1150 845 1176 898 ξ
1202 847 1229 886 8
1257 845 1464 896 loquium
1502 844 1768 896 peculiariter
1800 856 1898 883 vero
1934 847 2187 896 paupertatis

1151 907 1337 946 medium
1353 936 1368 956 ‚
1402 910 1545 957 utpote
1577 905 1760 956 refig³osi
1788 906 1947 945 ratione
1976 906 2060 945 voti
2090 919 2188 958 pro-

1149 969 1417 1020 priissimum,
1434 967 1548 1018 quod
1560 967 1792 1007 luculenter
1807 967 1975 1007 tradidit
1992 968 2182 1016 Basilius,

1148 1032 1191 1071 in
1210 1030 1379 1068 Constit.
1402 1034 1604 1077 monast„
1626 1041 1719 1081 cap.
1750 1029 1912 1071 decimo
1940 1042 2077 1070 nono:
2111 1031 2188 1073 Ubi

1151 1092 1328 1144 (inquit)
1349 1092 1483 1131 ovinia
1498 1092 1720 1133 eommunia
1732 1097 1840 1138 sant,
1857 1093 1999 1140 animi,
2020 1097 2184 1143 mentes,

1151 1168 1331 1206 corpora,
1351 1158 1389 1195 et
1403 1165 1452 1196 ea
1469 1155 1616 1203 omnia,
1635 1155 1779 1207 quibas
1793 1154 2014 1195 necessario
2033 1156 2088 1196 ad
2105 1157 2186 1197 ‘oie-

1149 1222 1234 1258 tam
1253 1217 1476 1268 cultamque
1497 1215 1665 1262 utimur,
1687 1216 1905 1256 communis
1931 1217 2053 1262 Deus,
2081 1230 2183 1258 oom-

1146 1280 1282 1320 manis
1299 1278 1469 1330 pietatis
1494 1281 1745 1325 mercatura,
1777 1289 1996 1318 communes
2018 1279 2186 1329 labores,

1150 1345 1226 1381 ets.
1250 1339 1366 1378 Idem
1384 1338 1649 1389 prosequitur
1671 1351 1762 1389 cap.
1779 1339 1991 1389 trigesimo
2013 1340 2179 1389 quintoe

1147 1405 1189 1443 et
1208 1402 1410 1448 Cassian„
1433 1400 1569 1439 collat.
1594 1401 1660 1448 16,
1675 1413 1711 1439 c.
1732 1400 1771 1447 6,
1787 1401 1967 1439 afferens
1983 1401 2025 1439 id
2042 1402 2181 1441 Actor.

1144 1466 1172 1504 4
1198 1474 1210 1502 2
1232 1464 1345 1504 Erat
1364 1461 1452 1501 illis
1471 1473 1539 1502 cor
1557 1472 1679 1500 olnam
1696 1465 1732 1501 et
1751 1462 1891 1502 anima
1914 1473 2010 1502 aaa.
2033 1463 2084 1501 Et
2105 1465 2186 1502 sta-

1145 1526 1221 1564 tim
1236 1523 1426 1563 subditur
1446 1533 1457 1561 ε
1473 1523 1537 1562 Et
1553 1526 1669 1562 erant
1686 1522 1773 1563 illis
1794 1523 1929 1564 omnia
1945 1525 2180 1565 eommunia.

1146 1586 1476 1636 chrysostomus,
1494 1583 1599 1622 libro
1615 1584 1751 1631 tertio,
1771 1588 1915 1623 contra
1930 1585 2065 1636 Vitup.
2090 1587 2188 1626 vitae

1145 1651 1323 1687 monast.
1340 1676 1350 1694 ‚
1383 1649 1425 1684 et
1445 1646 1547 1684 orat.
1579 1643 1631 1683 de
1656 1645 1699 1685 S.
1729 1645 2001 1696 Philogonio,
2029 1649 2070 1685 et
2102 1647 2183 1686 alia

1147 1709 1331 1761 congerit
1346 1707 1582 1755 GratianUS,
1601 1707 1667 1754 12,
1691 1717 1732 1758 q.
1755 1709 1796 1755 2,
1818 1719 1855 1747 c.
1877 1708 2184 1757 Dilectissimis,

1143 1782 1241 1810 cum
1257 1771 1361 1810 aliis.

1198 1834 1236 1873 3.
1251 1832 1416 1875 Partim
1426 1831 1637 1883 specialia,
1655 1835 1703 1872 at
1715 1830 1974 1882 uniformitas
1995 1831 2040 1871 in
2054 1831 2184 1871 viven-

1139 1894 1186 1935 di
1209 1895 1335 1934 modo.
1356 1913 1409 1924 -—
1428 1893 1519 1932 Alia
1542 1905 1641 1932 vero
1674 1896 1771 1931 sunt
1802 1893 1935 1941 magis
1968 1892 2178 1942 specialia,

1146 1955 1269 2007 quale
1301 1954 1502 2006 imprimis
1524 1958 1607 2002 est,
1638 1953 1751 2003 quod
1772 1954 1813 1991 in
1835 1953 1984 1992 eodem
2004 1954 2027 2004 ἓ
2045 1954 2071 1993 8
2090 1954 2186 1993 sub-

1143 2016 1354 2069 J‘ungitnr,
1378 2015 1431 2055 de
1456 2015 1735 2054 uniformitate
1758 2018 1798 2053 et
1829 2015 2114 2054 conformitate
2139 2017 2183 2055 in

1146 2078 1341 2119 omnibus
1360 2077 1487 2117 rebus
1514 2077 1640 2117 etiam
1661 2076 1856 2124 externis,
1884 2080 1931 2115 ut
1951 2076 1990 2115 in
2013 2078 2180 2127 vestitu,

1146 2141 1284 2191 victu,
1322 2140 1517 2191 omnique
1559 2138 1727 2178 vivendi
1764 2138 1888 2178 modo
1906 2149 1921 2188 3
1958 2138 2183 2179 similitudo

1146 2204 1261 2242 enim
1285 2205 1348 2241 est
1378 2212 1506 2240 causa
1528 2201 1705 2246 amoris;
1733 2203 1774 2238 et
1795 2199 1884 2238 haec
1902 2200 1995 2239 vitae
2023 2200 2182 2239 unifor-

1146 2264 1291 2311 mitas,
1322 2274 1370 2302 ac
1402 2262 1635 2302 communis
1663 2261 1894 2308 consensio,
1916 2261 2096 2300 maxime
2128 2261 2185 2300 ad

1146 2327 1380 2364 animorum
1394 2325 1598 2363 unitatem
1620 2324 1753 2375 juvat.
1771 2323 1888 2362 Unde
1909 2323 2178 2374 Augustinus,

1145 2388 1190 2427 in
1203 2388 1324 2436 Reg„
1343 2398 1379 2424 c.
1391 2387 1420 2424 5
1436 2386 1602 2425 :Omnes
1621 2387 1869 2425 unanimiter
1884 2389 1922 2426 et
1939 2387 2184 2426 concorditer

1146 2451 1299 2496 vivant,
1320 2459 1370 2487 ac
1396 2448 1431 2486 si
1457 2447 1631 2494 diceret,
1662 2448 1709 2484 ut
1732 2446 1873 2486 vivant
1900 2446 2180 2494 concorditer,

1145 2521 1317 2550 necesse
1337 2512 1411 2556 est,
1434 2513 1481 2548 ut
1498 2508 1638 2547 vivant
1654 2508 1922 2548 unanimiter.
1943 2509 1990 2546 Et
2009 2507 2147 2547 subdit
2167 2518 2180 2548 :

1144 2572 1209 2614 Et
1242 2572 1430 2612 honorate
1462 2570 1507 2609 in
1540 2568 1648 2608 vobis
1692 2570 1812 2609 Deam
1839 2570 2031 2617 iai-icem,
2067 2570 2181 2620 cajus

1145 2633 1292 2684 templa
1318 2631 1424 2681 facti
1453 2629 1566 2671 estis.
1588 2628 1694 2676 Quia
1714 2630 1824 2670 Deus
1853 2631 1966 2669 solus
1995 2633 2079 2678 est,
2110 2631 2181 2681 qai

1144 2694 1328 2735 habitare
1357 2692 1460 2742 facit
1491 2701 1624 2731 omnes
1657 2691 1782 2731 anias
1813 2695 1938 2732 moris
1970 2691 2015 2731 ia
2046 2693 2156 2732 domo
2164 2708 2182 2739 ;

1145 2755 1258 2795 unde
1278 2755 1364 2792 haec
1381 2753 1642 2792 uniformitas
1661 2753 1841 2792 maxime
1858 2753 1956 2792 facit
1968 2783 1978 2799 ‚
2005 2755 2050 2791 ut
2069 2754 2182 2792 Deus

1145 2817 1189 2856 in
1206 2815 1400 2855 omnibus
1425 2817 1774 2866 recognoscatur,
1807 2818 1848 2854 et
1876 2818 2181 2864 consequenter

1145 2883 1191 2919 ut
1206 2890 1352 2918 omnes
1372 2878 1414 2916 in
1434 2878 1518 2916 Deo
1534 2876 1715 2915 maxime
1731 2876 1942 2915 uniantur.
1958 2877 2046 2914 Huc
2066 2887 2181 2926 spec-

1144 2943 1205 2980 tat
1220 2950 1366 2978 mensa
1386 2937 1639 2986 eommunis,
1669 2948 1760 2987 quae
1785 2937 1890 2976 adeo
1910 2937 1955 2974 in
1977 2936 2180 2975 Societate

1146 3000 1377 3041 communis
1398 3004 1460 3038 est
1477 3029 1486 3045 ‚
1520 3002 1564 3037 ut
1596 2998 1736 3036 nullus
1757 2998 2022 3048 quantumvis
2044 2997 2179 3048 gravis

1146 3067 1187 3103 et
1204 3062 1414 3112 antiquus,
1436 3060 1521 3099 sive
1552 3059 1764 3110 Superior,
1787 3050 1872 3097 sive
1892 3059 2063 3104 docti-or,
2092 3057 2177 3096 sive

1145 3124 1446 3176 cujuscumque
1465 3120 1633 3159 alterius
1654 3120 1900 3159 conditionis
1917 3150 1928 3165 ,
1948 3120 2000 3158 ab
2023 3118 2093 3156 illa
2111 3129 2180 3157 ex-

1143 3186 1336 3237 cipiatur,
1351 3183 1429 3222 nisi
1450 3181 1704 3234 aegritudinis
1723 3194 1864 3228 causa,
1893 3181 1980 3219 solo
2009 3180 2183 3230 dempto-

1143 3246 1350 3293 Generali',
1363 3245 1429 3284 cui
1444 3244 1497 3283 ob
1511 3255 1636 3295 grave
1657 3243 1822 3294 pondus
1839 3241 2172 3292 occupationum,

1142 3309 1328 3359 aliasque
1351 3318 1498 3346 causas
1512 3335 1523 3351 ‚
1554 3305 1634 3345 hoc
1654 3303 1916 3356 singulariter
1933 3310 2174 3341 concessum

1144 3370 1263 3410 estin
1272 3367 1600 3420 Congregatione
1614 3366 1734 3406 tertia
1747 3364 1946 3417 generali,
1967 3375 2003 3401 c.
2022 3363 2068 3407 5;
2089 3360 2174 3398 imo

1145 3431 1245 3471 etin
1265 3431 1440 3481 septima
1455 3427 1799 3479 Congregatione‚
1820 3425 1984 3463 decreto
2004 3423 2044 3469 7,
2063 3431 2174 3458 com—

1145 3492 1367 3530 mendatur
1400 3491 1584 3530 maxime
1613 3490 1657 3528 P.
1690 3484 1904 3527 Generalis
1934 3480 2170 3533 propensio,

1144 3564 1271 3603 quam
1308 3552 1387 3604 ipsi
1415 3548 1735 3600 Congregationi
1767 3543 2070 3595 significaverat
2087 3571 2097 3588 ,
2119 3542 2175 3581 ad

1142 3612 1371 3654 tollendam
1392 3612 1597 3666 privatam
1615 3616 1823 3654 mensam,
1849 3603 1962 3656 quod
1988 3604 2066 3646 etsi
2086 3615 2176 3644 non
