2352 3880
363 237 454 272 CAP.
477 237 531 272 tv.
555 237 652 278 QUID
673 238 788 278 numu
807 238 1010 272 RELIGIOSI
1030 237 1199 271 PosslN‘r
1219 237 1263 272 IN
1283 239 1467 275 ALIORUM
1484 241 1857 283 SAGRAMENTORUM,
1879 242 1970 278 ETc.

44 283 304 355 '33⁴mbiliter
336 308 476 343 essent
508 303 641 357 inviti.
675 303 739 344 Ob
774 304 968 343 eamdem
997 315 1141 343 rursus

47 370 50 372 ’
111 376 281 415 eausam
310 376 386 416 pro
410 377 461 404 eo
482 369 635 405 eventu
662 364 803 404 locum
834 364 960 405 habet
977 364 1142 416 privile-

111 427 226 482 gium
257 427 369 466 Pauli
389 427 456 472 ΠΙ,
476 426 574 477 quia
586 427 677 478 J'am
695 438 781 465 non
801 426 1024 466 intervenit
1041 438 1142 477 prae-

108 488 307 542 judicium
323 489 448 536 tertii,
465 488 576 538 quod
593 487 740 527 saltem
756 487 810 526 ad
827 488 905 528 hoc
920 487 1139 535 deserviet,

108 553 155 590 ut
182 550 270 589 sine
300 550 385 589 ullo
406 550 600 600 scrupulo
621 553 663 588 et
690 549 955 590 contentione
986 549 1142 601 opinio·

107 622 211 652 num
230 611 326 663 (non
345 611 456 650 enim
474 611 590 650 deest
605 611 648 649 in
667 611 862 661 praedicto
878 613 1047 663 puncto)
1065 612 1142 650 hoc

107 672 200 714 fieri
226 673 370 726 possit.
400 672 594 712 Conferre
624 673 751 712 etiam
779 677 916 725 potest
940 679 985 716 ut
1005 672 1142 712 nullus

107 734 238 788 possit
256 738 418 773 nostros
437 734 479 773 in
506 746 557 773 eo
585 746 685 773 casu
706 735 907 786 impedire
926 736 981 776 ab
1001 734 1141 786 hujus-

64 802 66 804 '
106 797 219 838 modi
239 795 483 835 ministerio.
504 796 676 835 Videtur
695 797 820 836 etiam
837 798 997 837 ratione
1018 796 1140 847 hujus

105 858 309 911 privilegii
328 857 605 909 praeferendus
630 859 847 910 religiosus
867 859 1082 899 Societatis
1098 857 1141 897 in

107 931 159 961 eo
185 932 288 959 casu
323 919 492 959 cuilibet
524 919 700 970 simplici
731 921 952 967 sacerdoti,
975 920 1049 971 qui
1075 920 1141 970 ius

105 986 180 1022 aut
197 982 437 1021 facultatem
457 993 542 1020 non
572 982 724 1022 habeat
742 983 795 1021 ad
822 980 1139 1022 ministrandum

106 1043 207 1083 illud
220 1047 547 1091 sacramentum,
563 1045 659 1095 quia
678 1044 747 1083 ille
767 1055 852 1082 non
869 1045 1001 1094 potest
1021 1054 1143 1082 usur-

105 1116 207 1157 pare
226 1106 305 1145 hoc
319 1106 596 1144 ministerium
614 1106 694 1144 nisi
712 1106 878 1156 praecise
893 1105 1053 1144 ratione
1070 1114 1143 1143 ne-

105 1167 328 1212 cessitatis:
352 1171 450 1206 tunc
469 1171 608 1206 autem
623 1171 817 1217 respectu
829 1166 937 1204 illius
952 1165 1066 1204 nulla
1082 1168 1145 1206 est

104 1230 345 1275 necessitas,
368 1229 467 1279 quia
495 1230 616 1268 adest
645 1229 833 1267 minister
865 1227 1085 1279 delegatus
1116 1238 1147 1266 n

103 1290 276 1332 Summo
297 1289 492 1328 Pontifice
519 1303 593 1342 pro
613 1290 683 1328 tali
704 1302 818 1329 casu.

158 1354 223 1392 to.
243 1351 526 1403 Excipiaatur
541 1352 774 1402 familiares
794 1351 925 1392 nostri
942 1362 1040 1404 quos
1054 1362 1146 1401 pos-

105 1423 241 1454 sumus
259 1425 415 1463 anqere.
432 1434 485 1443 —
502 1413 638 1452 Potest
658 1417 857 1463 praeterea
875 1413 1058 1453 Societas
1072 1412 1147 1451 mi-

104 1475 281 1515 nistrare
300 1473 380 1514 hoc
399 1480 706 1513 sacramentum
726 1487 811 1512 non
827 1474 961 1513 solum
982 1475 1069 1513 suis
1084 1486 1143 1513 re-

104 1534 277 1587 ligiosis,
298 1535 409 1586 quod
425 1536 582 1574 clarum
603 1540 678 1582 est,
699 1536 774 1573 sed
794 1536 919 1574 etiam
936 1535 1145 1574 familiari-

103 1595 181 1637 hus
199 1598 284 1636 suis
305 1609 353 1638 ac
372 1597 609 1637 domesticis
630 1597 809 1636 famulis.
833 1598 919 1637 Hoc
940 1597 1145 1637 concessit

105 1659 258 1699 Paulus
277 1660 341 1706 ΙΙΙ,
361 1660 402 1699 in
433 1659 618 1698 secundo
650 1659 812 1697 Indulto
847 1670 972 1709 supra
994 1659 1116 1697 citato
1130 1689 1141 1706 ,

103 1721 170 1760 his
184 1721 322 1759 verbis
341 1731 354 1760 ε
376 1720 440 1760 Iis
459 1732 563 1767 vero,
583 1719 651 1771 qui
670 1721 712 1759 in
734 1722 911 1770 ipsorum
937 1721 1143 1771 Proeposi-

105 1786 238 1825 torum
255 1787 291 1823 el
320 1784 515 1822 sociorum
547 1786 758 1821 moramur
791 1783 984 1833 obsequio,
1005 1786 1146 1824 cancta

104 1842 223 1884 libere
252 1844 409 1892 possint
438 1842 672 1882 ministrare
706 1843 976 1883 ecclesiastica
1012 1854 1147 1883 sacra-

104 1908 249 1949 menta,
268 1907 306 1944 et
328 1903 436 1955 ipsos
465 1916 552 1942 cam
577 1904 774 1948 decedunt,
794 1904 836 1941 in
854 1915 986 1943 eorum
1008 1915 1145 1943 coeme-

104 1966 222 2007 teriia·
240 1965 416 2015 sepelire.
429 1964 521 2007 Ubi,
535 1963 631 2002 licet
660 1964 703 2002 in
734 1964 873 2014 specie
895 1976 980 2002 non
1001 1964 1146 2014 loqua-

103 2030 173 2068 tur
198 2026 252 2064 de
283 2025 725 2072 Extrema-Uacunae,
758 2026 849 2064 sine
873 2025 1000 2064 dubio
1034 2025 1146 2064 illam

104 2087 435 2138 comprehendit,
446 2091 534 2125 tum
545 2087 642 2137 quia
654 2087 724 2125 illa
738 2087 972 2126 distributio
989 2091 1143 2135 cuncta,

104 2153 274 2203 propter
303 2149 420 2188 illam
451 2149 630 2187 maxime
663 2148 802 2188 addita
827 2149 1015 2195 videtum
1053 2152 1144 2188 tum

105 2213 202 2264 quia
214 2210 482 2250 concedendo
492 2211 762 2261 sepulturam,
776 2210 960 2251 declarat
973 2223 1018 2249 se
1029 2220 1123 2249 com
1132 2232 1146 2239 -

104 2273 378 2326 prehendisse
397 2273 535 2312 omnia
551 2277 825 2319 sacramenta,
847 2285 942 2322 quae
962 2272 1016 2311 ad
1032 2272 1143 2311 illam

104 2339 353 2388 praeparant.
369 2333 475 2372 Tum
495 2338 695 2384 praeterea
709 2335 806 2384 quia
822 2334 922 2373 alias
937 2334 1038 2372 nihil
1050 2344 1143 2384 spe-

106 2396 209 2436 ciale
222 2394 469 2434 concederet
479 2406 553 2445 pro
570 2395 635 2434 his
649 2395 1044 2442 familiaribus3nam
1059 2405 1143 2446 qua

104 2457 266 2497 ratione
287 2468 370 2494 non
385 2456 760 2506 comprehenderet
781 2457 1144 2496 Extremam-Unc-

105 2518 282 2564 tionem,
297 2516 445 2556 eadem
462 2529 546 2556 non
562 2517 792 2556 includeret
809 2518 1019 2557 viaticum.
1039 2519 1145 2558 Tum

106 2579 287 2629 denique
303 2578 400 2628 quia
419 2577 484 2616 hic
502 2590 582 2616 non
602 2582 663 2617 est
682 2578 822 2617 addita
843 2579 982 2629 aliqua
1000 2590 1144 2630 excep·

106 2641 178 2687 tio,
195 2651 332 2690 neque
352 2639 420 2677 illa
436 2639 641 2686 limitatio,
658 2641 744 2679 sine
758 2641 995 2690 proeJudlcio
1012 2641 1143 2687 tertia}

107 2703 204 2756 quia
239 2701 486 2752 supponitur
505 2701 546 2739 iu
575 2701 639 2739 his
671 2701 943 2740 familiaribus
979 2706 1145 2752 propter

107 2763 332 2816 specialem
353 2763 443 2814 conj
452 2762 691 2801 unctionem
711 2762 765 2801 ad
786 2763 1035 2801 Societatem
1053 2774 1144 2803 esse

107 2824 361 2878 peculiarem
394 2823 595 2862 rationem
610 2852 621 2871 ,
647 2824 701 2862 ob
734 2836 860 2874 quam
896 2825 1056 2862 nullum
1097 2823 1144 2864 fit

108 2886 399 2938 praejudicium
418 2885 610 2936 parochis
642 2885 969 2924 administrando
1000 2886 1060 2924 eis
1079 2898 1144 2924 sa-

109 2951 320 2987 eramenta
343 2946 519 2984 maxime
548 2946 715 2996 propria
733 2947 1025 2999 parochorum,
1047 2947 1144 2997 quia

111 3007 418 3059 quodammodo
439 3007 496 3045 illi
529 3011 628 3047 sunt
664 3008 742 3046 sub
775 3019 874 3047 cura
912 3009 1141 3047 Societatis.

111 3068 263 3108 Praeter
294 3070 403 3107 hanc
433 3079 531 3107 vero
558 3068 871 3107 concessionem
894 3069 976 3108 Leo
997 3071 1032 3108 X
1050 3082 1147 3115 con·

111 3130 231 3170 cessit
260 3129 453 3175 Minimis‚
476 3133 521 3167 ut
538 3129 698 3179 possint
732 3130 808 3167 hoc
840 3135 1146 3168 sacramentum

111 3190 345 3230 ministrare
363 3189 632 3229 familiaribus
645 3189 783 3228 suisin
805 3189 951 3228 habitu
971 3191 1146 3230 seculari

113 3251 401 3299 servientibus,
425 3251 533 3290 utin
566 3263 710 3290 eorum
739 3251 992 3302 Compendio
1023 3253 1146 3291 refer-

113 3314 196 3358 tur,
210 3324 247 3351 ν.
269 3313 335 3359 57,
354 3312 452 3350 etin
467 3316 626 3358 nostro,
644 3313 759 3352 verb.
779 3313 1044 3358 Familiares,
1062 3314 1084 3365 ξ
1103 3317 1143 3361 23

116 3377 158 3424 et
176 3373 200 3426 ἓ
233 3374 254 3413 1
289 3374 466 3412 refertur
501 3373 644 3412 similis
681 3375 893 3414 concessio
915 3375 1078 3414 Martini
1097 3376 1148 3424 V,

116 3433 226 3474 facta
253 3434 468 3473 monachis
489 3435 531 3473 S.
565 3434 794 3483 Benedicti,
816 3447 866 3475 ex
897 3435 1149 3486 Compendio

54 3541 58 3544 ⁴
116 3492 340 3539 uiuorum,
358 3495 474 3534 verb.
492 3494 759 3542 Familiares,
778 3495 803 3546 ξ
822 3498 887 3542 lo,
906 3496 1056 3546 quibus
1074 3497 1154 3547 pri·

120 3553 278 3605 vile-,giis
312 3555 496 3596 Societas
531 3566 608 3606 per
628 3554 737 3595 viam
771 3556 1155 3597 communicationis

116 3615 286 3669 gaudet.

1249 305 1313 346 11.
1352 305 1409 346 Ut
1431 306 1663 355 familiaris
1682 310 1819 348 noster
1836 308 2011 357 dicatur,
2032 309 2121 350 ἄνευ
2140 323 2231 351 con-

1194 365 1363 407 ditiones
1376 367 1878 419 requiruntur.—1nquiri
1898 372 2039 409 autem
2059 370 2126 410 hic
2155 384 2229 423 po-

1196 429 1287 474 test,
1309 426 1379 477 qui
1396 426 1478 465 sint
1495 428 1765 476 familiarium
1781 431 1948 470 nomine
1968 431 2011 470 in
2033 434 2230 483 praesenti

1196 487 1479 538 intelligendi3
1503 488 1605 527 alias
1625 490 1736 530 enim
1774 492 1934 542 amplas
1955 493 2081 533 habet
2100 495 2230 546 signi-

1194 547 1427 596 ficationes,
1437 552 1482 587 ut
1494 561 1670 589 numero
1682 551 1839 591 decimo
1855 559 2001 603 quarto
2011 556 2227 608 attingam.

1197 610 1248 651 Et
1277 613 1342 650 est
1359 610 1464 649 ratio
1495 609 1625 659 dubii,
1643 623 1741 650 nam
1772 613 1815 651 in
1845 614 2022 654 Concilio
2056 618 2230 658 Triden-

1197 671 1301 720 tino,
1338 683 1442 711 sess.
1465 672 1533 718 ⁹24,
1555 683 1592 711 c.
1624 673 1700 719 41,
1720 672 1771 711 de
1803 673 2125 726 Reformatione,
2158 680 2231 722 uhi

1194 732 1248 774 de
1281 733 1344 772 his
1364 733 1627 784 privivilegiis
1659 736 1822 781 tractat,
1860 736 2057 785 declarat,
2098 741 2234 780 solum

1195 795 1361 835 extendi
1378 795 1433 836 ad
1454 806 1542 842 eOS,
1564 795 1633 847 qai
1652 798 1745 836 acta
1764 797 1944 837 serviant
1962 800 2178 851 reliyiosis,
2197 806 2234 844 ec

1195 858 1307 898 intra
1324 869 1455 897 eoram
1470 861 1584 910 septa
1598 869 1645 898 ao
1656 858 1787 896 domos
1800 858 1983 906 resident,
2003 862 2146 912 subque
2166 876 2231 903 eo-

1193 930 1287 958 rum
1306 917 1522 959 obedientia
1540 920 1690 958 vivant.
1712 919 1830 958 Unde
1850 918 1954 958 duas
1971 922 2230 964 conditiones

1195 979 1238 1018 in
1257 979 1323 1018 his
1336 980 1525 1030 requirit,
1543 984 1590 1019 ut
1607 980 1661 1019 ad
1679 980 1790 1019 hunc
1813 980 2007 1020 effectum
2030 995 2232 1024 censean-

1197 1045 1265 1080 tur
1284 1040 1510 1079 familiares
1528 1053 1535 1079 :
1560 1053 1645 1079 una
1660 1045 1742 1087 est,
1765 1045 1810 1080 ut
1828 1041 1937 1080 intra
1963 1047 2080 1094 septa
2094 1057 2144 1084 ac
2161 1047 2234 1084 do-

1198 1114 1289 1141 mos
1307 1102 1555 1154 religionum
1575 1102 1763 1141 habitent
1776 1117 1787 1150 ;
1809 1103 1938 1142 altera
1959 1108 2034 1151 est,
2057 1111 2103 1145 ut
2139 1110 2234 1146 actu

1198 1164 1391 1211 serviant,
1414 1168 1455 1204 et
1474 1164 1552 1202 sub
1572 1164 1805 1203 obedientia
1833 1165 2042 1216 religionis
2062 1168 2230 1216 vivant;

1198 1227 1307 1265 hanc
1340 1226 1454 1266 enim
1484 1237 1613 1264 unam
1646 1237 1738 1264 esse
1757 1226 1971 1273 existim03
1999 1240 2083 1266 non
2121 1230 2234 1269 enim

1198 1298 1371 1326 necesse
1403 1290 1468 1325 est
1500 1290 1548 1326 ut
1579 1286 1804 1326 familiares
1834 1289 2104 1339 promiserint
2136 1291 2236 1330 obe-

1197 1348 1399 1387 dientiam
1419 1347 1672 1398 religiosam,
1689 1359 1786 1386 nam
1813 1349 1871 1396 hi,
1890 1361 1973 1388 non
1991 1350 2233 1399 familiares,

1200 1408 1273 1448 sed
1294 1409 1482 1447 conversi
1515 1413 1677 1454 essent3
1700 1410 1895 1448 dicuntur
1926 1423 2024 1462 ergo
2046 1424 2135 1450 esse
2157 1413 2235 1452 sub

1199 1469 1451 1517 obedientia,
1486 1470 1583 1520 quia
1615 1470 1776 1509 ratione
1806 1472 1991 1510 muneris
2026 1474 2235 1513 serviendi

1200 1543 1464 1581 consequens
1485 1535 1547 1570 est
1567 1535 1612 1569 ut
1631 1532 1803 1570 obedire
1834 1532 2024 1572 debeant.
2049 1535 2236 1574 Dubitari

1200 1597 1341 1633 autem
1359 1595 1494 1644 potest
1511 1605 1565 1631 an
1584 1594 1646 1631 11ae
1663 1593 1754 1631 duae
1773 1594 2030 1633 conditiones
2042 1597 2237 1646 conjunc-

1198 1655 1273 1694 tim
1293 1655 1574 1705 requirantur,
1592 1658 1636 1692 ut
1654 1655 1853 1705 particula
1869 1659 1905 1695 et
1923 1669 1946 1694 a
1960 1657 2139 1696 Concilio
2165 1671 2236 1708 po-

1199 1716 1276 1754 sita
1310 1716 1352 1753 in
1382 1716 1520 1763 rigore
1550 1716 1758 1766 postulare
1776 1716 1956 1765 videtur,
1976 1718 2040 1756 vel
2074 1719 2236 1757 divisim

1200 1777 1396 1829 quaelibet
1410 1777 1614 1815 dictarum
1634 1778 1917 1816 conditionum
1938 1791 2014 1829 per
2045 1791 2089 1818 se
2125 1781 2236 1818 suffi-

1199 1840 1304 1888 ciat3
1329 1839 1427 1890 quia
1461 1838 1670 1877 Indultum
1692 1839 1806 1876 Pauli
1826 1840 1880 1877 III
1902 1840 2034 1878 solum
2063 1842 2236 1890 requirit

1199 1904 1246 1939 ut
1266 1901 1309 1939 in
1342 1901 1541 1949 obsequio
1571 1900 1786 1939 Societatis
1807 1901 2013 1950 quispiam
2035 1906 2233 1950 moretur,

1199 1961 1244 2000 id
1270 1965 1348 2007 est,
1368 1962 1619 2010 occupetur3
1646 1960 1794 1998 sufficit
1814 1972 1914 2011 ergo
1946 1962 2125 2000 conditio
2152 1975 2235 2001 ser-

1198 2020 1338 2061 vitutis
1360 2021 1447 2060 sine
1467 2021 1747 2067 habitatione3
1768 2022 1887 2060 multi
1910 2023 2021 2061 enim
2041 2028 2134 2062 actu
2151 2037 2235 2062 ser-

1198 2084 1286 2124 vire
1306 2087 1480 2134 possunt
1495 2083 1687 2122 domibus
1703 2084 1932 2131 Societatis,
1947 2086 2135 2134 quamvis
2151 2099 2234 2125 non

1198 2145 1308 2184 intra
1329 2157 1414 2193 eas,
1440 2148 1513 2185 sed
1533 2145 1576 2182 in
1597 2145 1772 2195 propriis
1794 2145 1993 2185 habitent.
2018 2148 2067 2185 Et
2087 2147 2129 2184 in
2158 2148 2233 2197 pri-

1196 2206 1348 2257 vilegio
1377 2205 1679 2246 monachorum
1715 2206 1756 2245 S.
1789 2206 2001 2246 Benedicti
2033 2220 2233 2258 expresse

1196 2267 1347 2307 dicitur
1367 2280 1376 2307 :
1402 2268 1503 2311 Tam
1523 2268 1650 2318 intra,
1668 2278 1788 2322 quam
1803 2272 1919 2311 extra
1935 2273 2045 2321 septa
2066 2281 2230 2314 commoa

1195 2330 1399 2372 rantibus.

1253 2393 1318 2433 12.
1349 2387 1538 2431 Primum
1557 2395 1755 2432 assertum
1774 2389 1821 2431 in
1834 2390 2015 2442 proximo
2035 2392 2162 2434 dubio.
2178 2411 2229 2424 -—

1196 2453 1310 2495 Circa
1336 2454 1631 2504 hocimprimis
1656 2453 1879 2493 dicendum
1901 2458 1977 2502 est,
1995 2456 2142 2494 stando
2162 2456 2229 2496 de-

1198 2520 1311 2556 creto
1335 2515 1502 2554 Concilii
1526 2515 1771 2563 Tridentini,
1794 2519 2013 2566 utramque
2035 2517 2229 2564 conditio-

1200 2588 1297 2616 nem
1318 2588 1411 2615 esse
1434 2577 1730 2622 necessariam,
1752 2578 1799 2614 ut
1817 2587 1868 2615 ex
1887 2581 2082 2616 contextu
2104 2579 2232 2617 mani-

1198 2636 1302 2677 feste
1334 2641 1507 2676 constat.
1547 2636 1651 2675 Illud
1678 2640 1818 2676 autem
1853 2636 2072 2676 decretum
2109 2639 2232 2680 hodie

1200 2710 1284 2737 non
1317 2698 1454 2737 obstat
1478 2697 1719 2748 quominus,
1741 2697 1774 2736 si
1807 2697 1852 2736 in
1881 2698 2105 2749 privilegiis
2139 2700 2231 2750 plus

1200 2760 1464 2808 conceditur,
1500 2760 1628 2810 possit
1673 2758 1858 2798 Societas
1892 2759 1972 2797 illis
2013 2761 2094 2808 uti,
2135 2762 2232 2812 quia

1200 2822 1344 2861 PiusV
1372 2820 1608 2868 declaravit,
1635 2823 1680 2858 ut
1700 2820 1839 2871 gratiae
1876 2820 2117 2871 hujusmodi
2148 2835 2233 2862 non

1196 2887 1450 2924 censeantur
1470 2881 1677 2933 derogatae
1690 2893 1764 2932 per
1784 2881 2012 2921 Concilium
2032 2884 2233 2924 Tridenti-

1199 2957 1317 2993 num,
1339 2956 1416 2983 nec
1438 2944 1637 2982 restrietae
1651 2957 1662 2991 3
1678 2943 1735 2981 ita
1762 2943 1888 2982 refert
1914 2944 2101 2983 absolute
2123 2949 2163 2983 et
2181 2946 2233 2983 si-

1199 3020 1254 3047 ne
1272 3006 1517 3045 limitatione
1536 3004 1781 3043 Emmanuel
1817 3005 2057 3053 Rodericus,
2083 3010 2228 3055 quaest.

1198 3069 1268 3115 56,
1307 3071 1387 3106 art.
1425 3068 1489 3106 14.
1529 3068 1686 3105 Tamen
1717 3066 1760 3104 in
1798 3070 1939 3105 nostro
1963 3067 2230 3117 Compendio,

1199 3129 1315 3170 verb.
1338 3128 1558 3169 Concilium
1578 3127 1918 3179 Tridentinam‚§
1939 3128 1975 3174 3,
1997 3128 2038 3165 in
2076 3127 2232 3165 scholio

1201 3191 1380 3238 additur,
1399 3190 1507 3229 hanc
1546 3188 1902 3227 confirmationem
1932 3200 2004 3226 seu
2033 3188 2234 3226 revalida-

1201 3253 1359 3291 tionem
1383 3251 1441 3289 Pii
1462 3251 1494 3288 V
1513 3249 1824 3300 intelligendam
1850 3260 1940 3286 esse
1963 3249 2097 3298 quoad
2117 3257 2233 3286 casus

1203 3313 1400 3360 occultos,
1413 3324 1487 3351 seu
1506 3323 1591 3350 non
1608 3310 1863 3355 manifestos,
1883 3310 1978 3359 quia
2001 3321 2072 3359 pro
2094 3307 2235 3357 hujus-

1202 3374 1317 3413 modi
1350 3378 1512 3413 tantum
1533 3372 1624 3411 fieri
1644 3371 1778 3409 solent
1796 3369 2034 3420 hujusmodi
2068 3378 2235 3406 conces-

1208 3435 1363 3484 siones,
1392 3435 1496 3474 vivae
1521 3433 1634 3472 vocis
1659 3431 1841 3470 oraculo.
1865 3431 1949 3480 Ego
1981 3428 2119 3466 videre
2153 3438 2238 3468 non

1207 3496 1324 3548 potui
1338 3495 1584 3546 originalem
1602 3494 1795 3537 litteram,
1810 3492 1854 3529 in
1872 3501 1954 3540 qua
1973 3488 2072 3527 illud
2091 3499 2238 3527 oracu-

1208 3557 1296 3595 lum
1316 3557 1573 3600 continetur;
1596 3557 1750 3598 tamen,
1770 3551 1803 3589 si
1823 3550 1867 3588 in
1886 3560 1935 3588 ea
1955 3560 2038 3587 non
2075 3549 2239 3589 additur

1210 3617 1414 3665 limitatio,
1431 3617 1506 3656 sed
1528 3614 1716 3654 absolute
1740 3611 1788 3662 fit
1809 3610 2036 3659 concessio,
2057 3613 2103 3650 ut
2120 3621 2241 3651 men·
