2352 3880
1010 193 1139 233 mxx
1158 192 1312 231 linunt.

467 291 562 318 1018
582 291 762 318 ennomu-

95 361 207 398 floras
223 359 423 394 canonicas
438 359 681 402 anteponendi
696 359 752 393 vel
765 358 1005 402 postponendi
1018 356 1133 402 privi-

137 408 269 452 legium
287 409 452 442 Societati
465 410 547 443 Jesu
562 416 785 449 concessum,
801 408 987 451 quomodo
998 400 1135 442 intelli-

137 459 310 503 gendum,
334 462 377 492 tr.
396 462 448 500 10,
468 459 492 491 l.
510 461 543 500 0,
557 467 589 492 c.
608 462 659 491 10.

95 509 236 544 nissam
260 513 341 543 ante
371 510 481 542 Horas
504 507 705 542 canonicas
727 507 873 542 dicendi
904 506 1135 551 privilegium

138 559 269 594 iisdem
291 559 468 603 religiosis
489 566 713 599 concessum,
739 559 830 600 quid
851 562 1032 603 operetur,
1054 557 1079 592 1.
1098 559 1132 599 ⁸,

138 617 171 645 c.
193 614 225 644 3.

388 689 517 720 nospes,
541 689 583 713 m·
602 688 841 715 nosen-urus,

95 757 257 799 nospites
276 755 433 797 religiosi
457 763 503 789 an
520 755 726 797 obligentur
744 757 885 800 legibus
902 751 1138 799 particulari-

138 807 206 840 bus
226 806 432 839 monasterii
455 805 511 839 sui
532 805 672 840 ordinis
687 834 695 848 ,
719 806 749 841 si
779 807 818 840 in
849 815 892 842 eo
921 803 1138 849 aliquandiu

138 861 426 898 commorentur,
451 858 495 889 tr.
512 859 543 897 8,
559 855 583 889 l.
605 859 637 898 2,
660 864 692 890 c.
710 860 741 891 8.

95 906 185 940 Vide
204 906 400 948 Peregrini.

95 955 324 998 Hospitalitas
346 963 455 997 quam
474 957 594 989 exacte
614 955 653 989 in
675 956 848 991 societate
870 958 1030 991 servetur
1050 961 1135 996 erga

138 1006 304 1050 proprios
322 1005 527 1048 religiosos;
549 1006 742 1048 etquidem
763 1016 809 1040 an
825 1008 892 1040 hoc
910 1005 955 1040 ab
975 1002 1135 1046 antiquis

139 1055 356 1097 religionum
381 1055 635 1090 fundatoribus
656 1056 703 1090 sit
720 1057 877 1090 maxime
899 1052 1135 1090 commenda-

139 1106 228 1145 tum,
250 1109 294 1139 tr.
316 1108 369 1147 10,
393 1105 456 1140 lib.
481 1108 513 1148 8,
533 1112 565 1139 c.
583 1108 615 1140 s.

527 1191 713 1218 nummus.

95 1255 315 1291 numilitatis
337 1264 526 1299 supremus
544 1256 676 1299 gradus
698 1255 738 1288 in
759 1252 1003 1289 submissione
1023 1251 1133 1288 intel·

139 1307 251 1340 lectus
267 1308 499 1350 conspicitur,
518 1310 561 1341 tr.
581 1310 633 1349 10,
651 1307 674 1340 l.
692 1309 723 1347 8,
742 1313 773 1339 c.
791 1308 823 1338 9.

96 1357 192 1391 Varii
212 1358 273 1390 alii
290 1359 421 1400 gradus
438 1358 547 1396 illius,
571 1358 595 1392 l.
611 1360 643 1399 9,
661 1365 692 1391 c.
711 1360 741 1389 5.

96 1408 285 1443 Humilitas
312 1418 383 1450 qua
406 1408 570 1450 specialis
598 1410 650 1441 est
673 1407 790 1442 virtus
812 1405 972 1447 moralis,
996 1404 1036 1438 in
1061 1411 1134 1446 quo

139 1458 320 1499 consistat,
345 1458 394 1490 ib.

96 1507 287 1542 Humilitas
311 1510 486 1549 quantum
512 1509 547 1540 et
577 1507 710 1549 quibus
736 1505 869 1540 mediis
895 1505 933 1539 in
961 1504 1133 1540 societate

138 1561 359 1600 procuretur,
378 1557 401 1589 1.
419 1560 449 1598 8,
470 1565 501 1590 c.
518 1560 549 1589 9.

95 1607 286 1642 Humilitas
310 1607 453 1647 Christi,
484 1607 640 1639 maxime
670 1605 708 1640 in
739 1606 903 1649 ingressu
932 1604 1132 1648 religionis,

138 1657 376 1700 proponenda
394 1660 429 1690 et
447 1656 624 1692 imitanda
637 1659 700 1698 est,
718 1656 768 1690 ib.

305 1887 333 1914 S·
357 1890 517 1923 mitulus,
540 1889 725 1915 soclssnrls
746 1889 928 1915 runnATon.

95 1951 133 1987 S.
149 1951 276 1994 Ignatii
297 1951 500 1985 fundatoris
520 1952 704 1986 Societatis
720 1952 907 1986 humilitas
924 1951 963 1985 in
984 1951 1133 1996 proprio

139 2001 288 2036 nomine
310 2003 535 2044 occultando,
556 2006 599 2035 tr.
620 2002 760 2043 10,1.1,
784 2011 815 2036 c.
831 2005 862 2035 1.

136 2052 271 2086 Eodem
291 2052 363 2084 fere
380 2056 538 2094 tempore
558 2055 663 2085 natus
681 2055 734 2085 est
750 2059 821 2094 quo
836 2051 1011 2086 Lutherus
1032 2050 1132 2085 insa·

139 2102 220 2136 nire
239 2101 277 2134 in
293 2101 485 2135 Ecclesiam
501 2102 562 2135 Dei
579 2102 700 2144 coepit,
720 2110 752 2135 c.
768 2104 802 2135 ¹0.

520 2186 696 2212 uti-:mnu
701 2200 709 2209 .

97 2248 277 2292 Illegitimi
300 2256 375 2283 non
399 2251 549 2291 possunt
570 2247 654 2291 eligi
681 2247 722 2283 in
743 2247 912 2284 Praelatos
931 2247 1133 2292 religionis,

138 2299 427 2436 {Eilllegzititcna}
438 2347 580 2391 possint
605 2347 691 2391 eligi
723 2346 764 2382 in
792 2347 997 2384 Abbatissas
1013 2373 1022 2391 ,
1050 2347 1139 2384 vide

224 2399 342 2433 atissa.

488 2480 746 2508 Ul’ssmlfflm.

97 2550 401 2592 impedimentum
434 2549 580 2583 irritans
613 2547 874 2591 professionem
904 2555 951 2582 an
981 2547 1134 2590 possita

141 2601 302 2642 qualibet
319 2599 492 2641 religione
511 2599 661 2640 institui,
682 2602 726 2631 tr.
748 2602 800 2639 10,
824 2598 848 2630 1.
865 2601 897 2639 2,
915 2605 946 2631 c.
963 2600 994 2629 2.

97 2651 359 2693 Impedimenta
375 2650 624 2684 substantialia
643 2650 844 2692 ingressum
867 2648 905 2681 in
925 2647 1134 2682 Societatem

141 2701 320 2734 irritantia
343 2704 427 2734 sunt
451 2700 624 2742 quinque.
650 2700 821 2740 Quaenam
845 2698 905 2731 illa
927 2698 1017 2738 sint,
1041 2706 1133 2740 quo-

140 2752 249 2785 modo
273 2750 508 2793 intelligenda
524 2777 532 2791 ,
557 2753 591 2784 et
616 2758 663 2783 an
689 2749 948 2784 convenienter
973 2748 1132 2788 inducta,

138 2803 222 2884 {⁵3³4}
244 2849 502 2891 impedimenta
520 2856 786 2891 quamcumque
806 2846 1134 2889 incorporationem

141 2897 183 2955 in
205 2898 415 2932 Societatem
445 2898 523 2940 ipso
556 2898 648 2933 facto
679 2905 754 2932 non
786 2897 926 2931 irritam
955 2896 1132 2938 reddunt,

141 2947 229 3033 ἔξω
254 2996 352 3039 quod
378 2996 455 3038 ipso
475 2996 568 3030 facto
592 3004 666 3030 non
691 2996 845 3038 irritent,
870 3005 917 3031 an
939 2995 1133 3038 impeditus

141 3050 265 3092 peccet
290 3046 487 3080 mortaliter
509 3055 550 3080 ea
573 3047 806 3088 occultando;
830 3049 864 3080 et
890 3055 937 3080 an
967 3050 1046 3089 post
1072 3045 1134 3079 in-

141 3105 303 3141 gressum
327 3097 373 3130 ad
392 3104 430 3130 se
449 3096 775 3138 manifestandum,
803 3096 860 3131 vel
879 3096 925 3130 ad
943 3093 1133 3139 egredien-

139 3147 244 3232 ‹Slolltuls
260 3147 428 3230 gummus
444 3196 609 3230 Pontifex
626 3198 740 3239 potest
754 3195 794 3229 in
816 3194 874 3229 his
887 3195 1130 3239 impedimen-

138 3246 186 3280 tis
207 3246 428 3288 dispensare,
448 3246 498 3279 ib.

139 3297 195 3331 An
214 3299 356 3330 maneat
378 3295 507 3338 ligatus
528 3295 650 3338 aliquo
671 3295 833 3338 vinculo,
857 3293 920 3336 qui
944 3296 1026 3329 vota
1045 3302 1130 3329 cum

140 3345 263 3401 aliquo
286 3353 328 3379 ex
350 3345 457 3379 dictis
477 3345 745 3388 impedimentis
767 3345 806 3378 in
828 3344 1001 3379 societate
1022 3344 1130 3379 emit-

138 3395 280 3484 giti'idbsi
302 3451 344 3477 ea
359 3443 480 3478 emisit
495 3452 601 3478 suum
620 3443 918 3486 impedimentum
935 3442 1129 3484 ignorans;

139 3492 238 3550 illud
254 3498 375 3576 tar-Zeu
396 3493 532 3528 sciente
550 3497 586 3528 et
604 3494 852 3528 consentiente
870 3491 1019 3526 Praelato
1043 3491 1130 3525 reli-

31 3618 36 3622 .
97 3551 399 3636 lnfpggilrsnelntum
429 3591 477 3628 ob
507 3591 687 3630 defectum
716 3591 869 3635 originis
897 3590 1130 3628 substantiale

309 3662 396 3694 xvl.

2119 198 2226 243 118⁵

1227 266 1301 292 non
1318 259 1372 292 est
1388 257 1435 292 ad
1449 257 1652 301 ingressum
1672 259 1712 294 in
1734 259 1959 305 societatem,
1975 269 2007 299 ο.
2019 266 2054 298 2.

1227 307 1352 341 Utrum
1367 309 1625 344 convenienter
1643 309 1754 346 fuerit
1767 311 1968 355 inductum,
1987 312 2038 347 ib.

1227 358 1283 391 An
1307 358 1463 401 potuerit
1490 368 1512 392 a
1543 360 1826 404 congregatione
1853 363 2014 406 generali
2037 362 2163 399 induci
2184 366 2227 400 ut

1228 407 1472 450 substantiale,
1496 412 1532 444 et
1549 410 1696 445 irritans
1718 412 1795 455 ipso
1818 412 1924 455 facto,
1946 414 1996 447 ib.

1188 457 1448 501 Immdimenta
1470 461 1706 496 accidentalia
1722 490 1730 504 ,
1751 472 1832 506 quae
1855 465 2012 499 reddunt
2033 473 2225 508 personam

1229 508 1353 562 minus
1379 509 1546 543 idoneam
1572 515 1613 545 ut
1640 512 1679 545 in
1703 513 1876 548 societate
1903 515 2123 559 admittatur,
2142 523 2225 560 quae

1228 559 1314 596 sint,
1333 560 1369 591 et
1386 567 1496 599 quam
1510 561 1708 601 prudenter
1730 563 1889 607 inducta,
1909 573 1940 599 c.
1957 569 1987 598 3.

1597 682 1603 690 .
1616 646 1790 672 mnnita.

1190 702 1396 748 Imperandi
1427 706 1574 743 effectus
1598 712 1651 744 est
1681 713 1838 748 maxime
1862 715 2161 757 reprehensibilis
2187 719 2224 753 et

1231 755 1392 800 odiosus,
1410 759 1455 792 tr.
1477 760 1530 800 10,
1551 760 1574 793 l.
1594 763 1625 802 8,
1648 767 1681 795 c.
1697 764 1730 794 ⁶.

1577 845 1825 873 incoant-snum

1189 900 1276 939 Fide
1294 903 1497 948 Religiosus
1518 908 1701 950 oxpulsus.

1590 993 1621 1017 ln
1626 993 1818 1019 DULGENTIA.

1187 1052 1415 1098 Indulgentia
1433 1056 1597 1100 plenaria
1617 1059 1912 1096 mendicantibus
1926 1068 2099 1099 concessa
2110 1062 2152 1098 in
2167 1068 2227 1100 ub

1228 1105 1340 1140 ticulo
1356 1107 1491 1149 morits‚
1512 1108 1597 1144 vide
1610 1109 1864 1146 Mendicantes.

1633 1194 1780 1219 inmun.

1186 1251 1341 1287 Infamia
1359 1253 1605 1297 delinquentis
1623 1256 1721 1290 subit
1741 1257 1857 1291 vicem
1881 1266 1954 1293 non
1974 1261 2091 1294 solum
2114 1268 2224 1296 aceti-

1228 1304 1367 1342 satoris,
1384 1305 1447 1338 sed
1462 1305 1569 1338 etiam
1585 1306 1695 1347 testis,
1711 1310 1755 1341 tr.
1774 1311 1826 1349 10,
1843 1307 1866 1341 l.
1891 1312 1942 1348 1ο,
1957 1317 1987 1342 e.
2004 1313 2055 1344 12.

1186 1352 1341 1387 Infamia
1357 1355 1574 1388 sufficienter
1591 1357 1739 1398 probata
1757 1357 1865 1392 efficit
1883 1359 2119 1401 semiplenam
2136 1369 2223 1404 pro-

1226 1402 1421 1486 ?lationem,
1449 1406 1648 1446 praesertim
1676 1406 1707 1440 si
1731 1409 1904 1443 accedant
1927 1410 2050 1451 gravia
2073 1410 2222 1454 indicia,

1228 1500 1374 1544 Caetera,
1394 1502 1478 1537 vide
1500 1504 1704 1547 Inquisitio.

1623 1591 1784 1617 mumma.

1186 1647 1343 1682 Infirmis
1362 1659 1434 1692 qua
1453 1651 1623 1692 charitate
1643 1653 1681 1686 in
1704 1655 1880 1697 religione
1898 1657 2169 1693 condolendum
2189 1660 2229 1694 etr

1229 1699 1535 1742 subveniendum,
1551 1705 1593 1736 tr.
1611 1706 1661 1742 10,
1685 1704 1707 1737 l.
1726 1708 1756 1746 8,
1773 1713 1804 1738 c.
1825 1708 1856 1739 8.

1188 1748 1280 1789 Quid
1300 1751 1337 1784 in
1362 1752 1430 1785 hoc
1451 1751 1594 1795 praestet
1608 1754 1775 1789 Societas.

1600 1840 1815 1865 luflAnlLlTAS.

1186 1899 1418 1936 Inhabilitare
1436 1903 1576 1945 aliquas
1599 1912 1771 1946 personas
1786 1905 1832 1938 ad
1854 1905 1982 1948 officia,
1998 1906 2150 1950 collegia
2165 1907 2224 1943 vel

1227 1950 1443 2033 {elizgionem
1465 1953 1624 1995 aliquam
1644 1981 1651 1995 ,
1676 1962 1723 1987 an
1746 1954 1792 1988 sit
1815 1955 1966 1996 licitum,
1997 1959 2040 1989 tr.
2071 1959 2125 1996 10,
2144 1956 2168 1991 l.
2189 1961 2229 2001 2„

1587 2072 1827 2099 monsmswru.

1185 2146 1445 2182 inobedientiae
1464 2153 1650 2190 peccatum
1672 2151 1806 2193 quibus
1827 2151 1946 2186 modis
1966 2153 2221 2196 committatur,

1227 2200 1263 2231 et
1283 2198 1416 2239 quibus
1434 2199 1628 2234 virtutibus
1645 2200 1863 2243 adversetur,
1881 2205 1923 2235 tr.
1946 2205 1998 2244 1ο,
2016 2202 2039 2236 l.
2060 2206 2093 2246 4,
2119 2211 2150 2238 c.
2169 2206 2224 2240 14.

1228 2246 1319 2282 Vide
1338 2248 1561 2283 obedientia.

1616 2329 1791 2360 momento
1796 2349 1803 2356 .

1187 2392 1380 2436 Inquisitio
1396 2395 1582 2437 J'udicialis
1603 2397 1641 2429 in
1664 2405 1737 2439 quo
1765 2397 1906 2431 differat
1927 2398 1972 2431 ab
1994 2398 2223 2434 accusatione

1230 2447 1266 2478 et
1283 2444 1577 2486 denunciatione,
1593 2450 1635 2479 tr.
1655 2450 1707 2489 10,
1726 2447 1749 2480 l.
1769 2450 1821 2488 10,
1846 2455 1876 2480 c.
1901 2449 1952 2479 10.

1230 2492 1416 2535 Duplicem
1443 2503 1519 2528 esse
1547 2496 1832 2538 inquisitionem,
1854 2497 2059 2538 generalem
2077 2499 2112 2532 et
2138 2505 2231 2542 spe-1

1231 2543 1371 2585 cialem,
1392 2544 1440 2577 ib.

1187 2592 1378 2634 Inquisitio
1405 2594 1583 2635 generalis
1611 2595 1650 2628 in
1683 2595 1920 2638 religionibus
1946 2604 2019 2630 non
2039 2596 2156 2631 solum
2174 2597 2223 2631 li-

1229 2643 1316 2682 cita,
1348 2643 1410 2676 sed
1437 2644 1545 2676 etiam
1574 2652 1616 2678 ex
1639 2644 1858 2687 obligatione
1883 2645 1991 2679 officii
2018 2654 2040 2679 a
2064 2646 2225 2684 Praelatis

1229 2691 1398 2725 facienda
1420 2697 1482 2733 est,
1502 2694 1552 2726 ib.

1228 2741 1364 2781 Quibus
1378 2743 1495 2776 modis
1511 2743 1647 2785 inquiri
1668 2740 1780 2786 possit
1795 2743 1840 2777 de
1858 2743 2010 2785 delictis,
2024 2748 2060 2780 et
2075 2746 2223 2789 quando

1228 2792 1377 2826 cuilibet
1397 2801 1521 2826 eorum
1538 2793 1643 2826 liceat
1663 2796 1724 2827 aut
1739 2793 1914 2836 expediat,
1931 2794 1980 2828 ih.

1186 2840 1227 2875 In
1257 2842 1558 2884 inquisitionibus
1590 2844 1820 2885 generalibus
1853 2852 1916 2878 seu
1954 2844 2223 2883 visitationibus

1227 2892 1375 2934 quando
1395 2893 1477 2934 quis
1497 2893 1752 2936 interrogatur,
1779 2894 1887 2928 etiam
1914 2894 1980 2927 sub
2003 2895 2220 2939 juramento,

1227 2944 1268 2976 ut
1291 2942 1496 2976 manifestet
1524 2951 1606 2977 eum
1637 2952 1745 2986 quem
1774 2943 1969 2986 deliquisse
1998 2944 2118 2986 novit,
2144 2954 2220 2980 non

1227 2993 1370 3026 tenetur
1386 3001 1469 3026 eum
1491 2993 1735 3037 manifestare,
1751 2993 1782 3029 si
1806 2993 2023 3036 delinquens
2048 2993 2149 3029 nulla
2164 2995 2221 3030 la·

1229 3041 1332 3075 borat
1351 3042 1515 3084 infamia,
1535 3051 1564 3076 c.
1581 3047 1632 3077 11.

1227 3092 1350 3127 Utrum
1369 3093 1465 3126 licite
1483 3094 1594 3136 possit
1611 3103 1694 3128 eum
1716 3093 1958 3135 manifestare,
1974 3094 2021 3127 ib.

1228 3143 1281 3176 An
1309 3147 1428 3185 peccet
1452 3143 1626 3185 visitator,
1654 3152 1717 3177 seu
1739 3144 1952 3186 Inquisitor,
1977 3142 2038 3184 qui
2057 3141 2219 3177 absolute

1230 3191 1425 3235 interrogat
1447 3194 1686 3227 abstrahendo
1708 3203 1729 3227 a
1753 3194 1986 3235 delinquente
2010 3192 2148 3226 occulto
2160 3192 2217 3227 vel

1225 3250 1299 3276 non
1315 3243 1467 3282 occulto,
1479 3243 1677 3285 praesertim
1693 3243 1838 3285 quando
1853 3243 2046 3284 interrogat
2055 3241 2218 3276 subditos

1227 3290 1402 3333 indoctos,
1429 3293 1478 3325 ib.

1182 3340 1372 3384 Inquisitio
1401 3342 1566 3384 specialis
1584 3342 1661 3376 fieri
1682 3349 1755 3375 non
1781 3343 1918 3382 potest,
1946 3341 2017 3374 nisi
2037 3347 2214 3383 personae,

1225 3391 1270 3426 de
1285 3401 1355 3434 qua
1370 3393 1580 3435 inquiritur,
1596 3391 1773 3434 praecedat
1789 3391 1952 3431 infamia,
1969 3399 2000 3423 c.
2017 3394 2068 3423 12.
2215 3389 2219 3392 '

1223 3442 1459 3484 Excipiuntur
1472 3446 1506 3476 et
1524 3443 1746 3484 explicantur
1758 3440 1870 3483 aliqui
1885 3449 1988 3474 casus
2003 3440 2047 3473 de
2061 3438 2193 3474 crimin

1223 3496 1392 3534 vergente
1421 3493 1458 3525 in
1486 3493 1659 3526 damnum
1687 3497 1890 3527 commune.
1925 3490 1983 3523 vel
2018 3489 2151 3523 admoti

1223 3542 1324 3584 gravi
1351 3545 1388 3578 et
1416 3542 1539 3584 atroci,
1564 3541 1622 3576 vel
1645 3540 1803 3584 denique
1822 3539 1968 3583 publico
1994 3542 2030 3573 et
2056 3538 2215 3583 notorio.

1220 3588 1279 3627 ib.

1944 3646 1998 3688 '15
