2352 3880
56 346 122 389 his
138 354 230 404 quse
247 344 292 387 in
309 354 458 398 genere
477 340 528 386 de
546 342 783 396 regularum
801 343 1086 385 observatione

57 407 162 450 diota
178 407 288 456 sunt,
306 408 424 446 tract.
443 407 486 455 8,
503 403 575 446 lib.
595 406 634 455 1,
653 410 694 446 et
708 405 948 458 explicando
961 404 1086 446 etiam

55 467 271 511 eonsilium
300 465 378 508 hoe
406 467 513 508 circa
544 466 713 507 modum
732 466 980 518 obediendi,
1000 479 1087 507 am-

54 527 492 586 pliuskdeclarahuntur
509 529 650 571 omnia
668 541 761 582 quae
774 529 828 570 ad
843 541 937 570 eam
953 533 1086 570 mate-

53 588 160 633 riam
175 595 372 645 spectant.

106 652 147 694 2.
177 650 387 695 Notantur
405 651 489 695 trie.
502 662 578 705 pro
599 651 719 694 titulo
739 652 885 705 eapitis
908 654 1086 694 tractan-

54 715 122 758 da.
138 733 192 746 --
204 714 266 754 Ad
287 710 577 767 explicandum
607 717 748 753 autem
768 714 972 767 optimum
991 713 1088 754 obe-

39 776 195 821 diendi
208 775 392 824 modum,
408 772 635 815 notandum
651 778 725 822 est,
743 775 787 815 in
805 776 1087 816 observatione

53 838 344 889 cujuscumque
362 835 463 888 legis
484 849 556 876 seu
586 838 794 890 praecepti,
816 838 896 878 tria
919 848 1088 878 concur-

0 945 1 953 *
53 910 143 940 rere
176 909 291 951 posse
308 909 358 938 ac
379 898 542 947 debere,
578 898 754 948 scilicet,
790 899 975 939 executio
999 898 1088 950 ejus

0 956 1 1020 ζ
54 959 163 1013 quod
181 961 343 1012 =iussum
362 963 436 1009 est,
457 959 649 999 voluntas
670 962 899 1013 exequendi
923 972 994 1000 seu
1017 959 1088 999 oh-

0 1028 1 1066 }
53 1022 246 1063 servandi
265 1034 354 1061 rem
372 1026 624 1075 praeceptam
642 1053 657 1073 ,
676 1027 718 1062 et
731 1022 939 1074 judicium
968 1019 1091 1061 intel-

0 1102 1 1120 :
53 1082 181 1124 lectus
203 1083 443 1137 imperantis
473 1084 599 1124 talem
633 1085 917 1124 executionem
950 1087 991 1122 et
1017 1091 1090 1121 vo-

0 1153 1 1172 ³
54 1143 270 1186 luntatem.
303 1146 401 1194 Quae
435 1150 656 1186 sumuntur
674 1158 725 1185 ex
743 1146 788 1185 D.
811 1145 957 1185 Thom.
983 1148 1022 1184 1.
1045 1145 1086 1192 2,

0 1217 1 1220 ’
55 1212 199 1260 quaest.
223 1208 459 1256 centesima,
477 1210 554 1247 art.
576 1208 617 1255 9,
637 1210 839 1258 quatenus
858 1207 929 1255 ait,
947 1205 998 1246 ad
1018 1205 1089 1246 ob-

55 1270 326 1309 servationem
346 1269 448 1320 legis
466 1269 739 1308 necessariam
759 1280 843 1309 esse
874 1273 917 1308 et
947 1279 1087 1320 opera-

55 1331 209 1371 tionem
235 1332 398 1370 virtutis
418 1341 468 1370 ex
486 1342 560 1370 suo
580 1341 743 1382 genere,
774 1335 818 1370 et
844 1330 1015 1370 modum
1039 1328 1090 1370 il-

53 1391 142 1432 lum
169 1393 355 1442 virtutis,
388 1392 458 1444 qui
491 1392 536 1432 in
559 1392 636 1432 hoc
655 1393 853 1442 consistit,
879 1392 988 1445 quod
1019 1390 1090 1431 ali-

54 1454 146 1506 quis
163 1454 303 1494 volens
321 1458 361 1493 et
386 1454 516 1493 sciens
536 1459 740 1508 operetur,
760 1456 877 1507 juxta
892 1455 1091 1494 Aristote-

55 1515 151 1565 lem,
162 1517 187 1555 2
198 1517 348 1565 Ethic.,
360 1529 396 1556 c.
407 1518 446 1556 4.
463 1517 557 1557 Haec
570 1530 667 1569 ergo
684 1518 763 1558 tria
775 1519 819 1558 in
831 1528 1092 1571 quacumque

62 1578 295 1619 obedientia
312 1579 417 1621 etin
442 1580 565 1619 modo
589 1580 805 1625 obediendi
821 1583 1089 1628 concurrunt,

57 1644 100 1681 et
131 1639 286 1694 aliquid
311 1645 444 1695 potest
462 1642 507 1682 in
526 1642 585 1682 eis
611 1643 862 1683 considerari
881 1644 1092 1695 pertinens

56 1702 108 1743 ad
127 1703 413 1753 substantiam,
434 1703 514 1751 vel,
533 1708 580 1745 ut
597 1703 655 1743 ita
671 1703 821 1755 dicam,
839 1705 890 1745 ad
908 1717 1092 1745 necessa-

56 1764 166 1805 rium
196 1765 367 1805 modum
392 1764 626 1814 obediendi,
649 1766 729 1807 alia
756 1778 854 1807 vero
881 1767 1014 1806 solum
1040 1766 1093 1806 ad

56 1827 225 1868 modum
257 1829 470 1869 meliorem
489 1840 502 1880 ;
525 1833 567 1868 et
597 1829 684 1870 haec
711 1830 875 1883 proprie
901 1830 1093 1869 dicuntur

57 1889 102 1929 in
120 1890 311 1942 praesenti
328 1891 470 1931 cadere
492 1890 569 1930 sub
596 1891 814 1930 consilium
830 1891 1087 1931 obedientiae.

110 1952 148 1992 3.
182 1951 376 1993 Eaecutio
398 1953 528 2005 quoad
551 1953 823 1994 substantiam
849 1953 1095 2005 obliqatoria

57 2016 193 2057 est.—
208 2013 354 2056 Prima
366 2014 558 2066 perfectio
582 2015 822 2056 executionis
842 2015 886 2056 de
913 2014 1089 2055 consilio.

57 2096 109 2107 —
125 2075 175 2116 Et
192 2074 395 2128 imprimis
415 2075 466 2116 de
485 2078 727 2118 executione
748 2077 837 2128 ejus
861 2076 972 2128 quod
991 2088 1093 2129 pree-

57 2138 207 2191 cipitur
220 2168 230 2186 ‚
252 2137 517 2178 manifestum
538 2141 599 2179 est
619 2139 663 2178 in
683 2151 732 2178 ea
760 2139 980 2179 consistere
1003 2138 1095 2179 sub-

0 2201 1 2204 ’
56 2200 249 2240 stantiam
265 2230 278 2250 ,
299 2204 348 2239 ut
366 2199 424 2239 sic
451 2199 600 2250 dicam,
622 2201 795 2241 actualis
821 2201 1093 2251 obedientiae3

0 2296 1 2300 ,
54 2263 129 2314 per
150 2261 253 2301 illud
269 2262 380 2302 enim
398 2262 720 2303 substantialiter
740 2263 980 2304 observatur
991 2274 1094 2317 pree·

58 2327 221 2375 ceptum
240 2353 254 2373 ,
283 2324 392 2376 quod
420 2328 481 2364 est
511 2326 675 2378 propria
705 2326 792 2377 ejus
815 2326 1011 2374 materia,
1042 2325 1095 2365 ad

0 2390 1 2439 j
58 2396 183 2436 quam
202 2384 355 2425 directe
380 2385 535 2437 obligat
558 2398 571 2436 ς
604 2386 842 2440 huJusmodi
871 2392 1010 2427 autem
1036 2391 1096 2428 est

0 2443 1 2474 1
58 2446 147 2498 ipsa
185 2447 370 2486 executio
402 2449 560 2500 operis,
581 2459 655 2488 seu
677 2449 849 2489 actionis
879 2449 1092 2501 injunctae,

57 2509 135 2548 sub
146 2521 227 2561 qua
240 2508 626 2560 comprehendimus
638 2511 915 2559 omissionem,
931 2510 1096 2562 quando

58 2570 110 2610 de
128 2570 199 2610 illa
230 2574 290 2610 est
308 2570 544 2622 prohibitio.
566 2572 715 2611 Praeter
735 2571 868 2623 ipsam
886 2584 983 2612 vero
1003 2584 1099 2612 exe-

59 2632 266 2671 cutionem
283 2632 416 2684 quoad
436 2632 707 2675 substantiam
731 2634 835 2685 ejus,
861 2637 1031 2687 possunt
1048 2634 1094 2675 in

59 2705 108 2733 ea
133 2692 379 2733 considerari
402 2693 540 2746 aliqua
562 2694 812 2746 pertinentia
838 2695 892 2735 ad
921 2696 1094 2736 modum

60 2755 184 2806 illius,
204 2768 294 2808 quae
310 2768 360 2795 ex
378 2755 501 2795 variis
519 2755 617 2795 locis
632 2760 868 2797 nostrarum
890 2757 1094 2797 Constitu-

59 2817 218 2858 tionum
231 2818 515 2858 desumuntur.
533 2817 718 2858 Primum
736 2822 812 2868 est,
830 2822 878 2858 ut
892 2818 979 2858 haec
1001 2831 1094 2859 exe·

61 2878 170 2920 cutio
193 2892 277 2920 non
301 2879 433 2919 solum
453 2879 696 2921 exhibeatur
713 2881 759 2921 in
786 2881 908 2921 rebus
936 2880 1095 2932 obliga-

60 2941 189 2992 toriis,
211 2941 283 2982 sed
301 2942 425 2983 etiam
447 2942 492 2983 in
521 2943 625 2983 aliis.
645 2943 695 2982 Et
714 2943 767 2983 ad
790 2943 900 2983 idem
920 2946 1092 2996 spectat,

62 3008 122 3054 ut,
144 3004 258 3045 nullo
276 3008 485 3057 expectato
507 3008 723 3058 praecepto,
742 3004 813 3044 sed
829 3017 1094 3058 quocumque

61 3065 178 3117 signo
199 3065 421 3106 voluntatis
439 3067 667 3120 Superioris
691 3071 895 3120 praecepto
911 3098 921 3117 ,
951 3068 1091 3107 statim

63 3128 246 3168 executio
259 3127 541 3181 subsequatur,
562 3134 677 3171 sexta
696 3134 811 3185 parte
830 3130 1096 3170 Constitutio-

63 3201 180 3239 num,
201 3201 237 3229 c.
265 3191 286 3234 1
301 3220 316 3239 ,
334 3189 360 3243 ἓ
386 3190 435 3239 1,
454 3195 494 3232 et
521 3196 718 3233 consonat
743 3194 791 3232 D.
815 3191 962 3232 Thom.
984 3194 1024 3234 2.
1050 3193 1092 3240 2,

63 3262 105 3303 q.
126 3251 193 3299 10,
210 3250 325 3295 artic.
344 3251 385 3300 ὃ,
405 3251 457 3298 ad
473 3252 514 3301 3,
530 3251 603 3294 ubi
631 3253 682 3294 de
707 3253 911 3306 religiosis
940 3253 1092 3306 inquit,

62 3311 196 3353 teneri
213 3324 265 3359 ex
282 3315 378 3357 voto
405 3313 455 3357 ad
476 3312 751 3360 obedientiam
774 3316 1024 3368 regularem,
1052 3314 1098 3362 id

65 3383 142 3424 est,
166 3371 211 3413 111
228 3371 294 3419 his
313 3385 406 3428 quae
429 3374 480 3418 ad
497 3376 726 3428 regularem
746 3379 1098 3423 conversationem

65 3435 301 3487 pertinent3
321 3435 525 3487 pertinere
547 3441 685 3486 autem
703 3438 756 3485 ad
775 3439 988 3485 cumulum
1008 3451 1098 3492 per·

65 3495 267 3548 fectionis,
293 3498 419 3544 etiam
445 3498 492 3541 in
522 3497 616 3540 aliis
636 3498 818 3546 honestis
842 3501 1008 3546 obedire
1025 3513 1037 3550 ;
1057 3502 1099 3545 et

37 3559 40 3562 ’
67 3556 129 3597 ita
156 3556 369 3612 distinguit
403 3559 609 3614 duplicem
644 3560 942 3614 obedientlam,
972 3561 1098 3608 aliam

67 3616 338 3667 sufficientem
350 3651 366 3673 ,
394 3624 436 3667 et
453 3622 579 3670 aliam
597 3623 837 3677 perfectam,
857 3624 1024 3675 scilicet,
1044 3636 1099 3670 ex

69 3682 188 3737 parte
201 3691 339 3725 rernm
361 3682 408 3727 in
424 3683 573 3738 quibus
590 3684 866 3731 obediendum
884 3690 1071 3730 censetur
1080 3701 1094 3737 ;

519 281 609 316 cns.
632 280 718 317 xm.
740 281 794 317 DE
814 279 1000 317 CONSILIO
1020 276 1278 316 ommatium
1297 277 1341 317 IN
1359 276 1598 325 socinum,
1620 279 1710 318 E'l'c.

2092 272 2172 317 767

1139 342 1212 385 illa
1242 343 1356 384 enim
1383 343 1563 398 perfecta
1589 347 1650 385 est
1664 376 1680 395 ,
1699 355 1793 398 quae
1823 339 2067 383 universalis
2093 346 2171 394 est,

1138 404 1326 459 nihilque
1351 405 1529 458 excipit,
1549 406 1630 446 nisi
1650 406 1760 458 quod
1782 405 1965 459 displicet
1991 406 2075 446 Deo
2093 419 2104 455 ;
2132 406 2178 461 et⁴

1139 466 1246 508 hanc
1270 467 1548 508 obedientiam
1580 466 1728 523 saepius
1768 466 2029 508 commendat
2061 465 2179 526 Bassi-2

1139 526 1236 579 lius,
1250 530 1475 583 praesertim
1489 529 1622 582 regul.
1635 530 1856 569 centesima
1876 530 2033 569 decima
2052 541 2176 582 quar-

1140 596 1198 641 ta,
1219 604 1269 632 ex
1287 591 1558 639 brevioribus,
1577 594 1618 630 et
1635 591 1727 640 137,
1751 590 1844 639 138,
1865 595 1904 630 et
1922 590 1967 630 in
1986 591 2086 641 120,
2117 590 2176 632 sic

1139 653 1200 695 ait
1218 654 1269 695 de
1295 666 1470 708 persona
1493 652 1710 704 religiosa:
1736 653 1790 693 In
1809 652 2053 702 universum,
2074 653 2180 706 quod

1138 716 1231 769 quis
1250 716 1316 757 sui
1327 717 1443 768 Juris
1464 727 1547 757 esse
1567 714 1687 763 vetit,
1717 714 1910 766 culpabile
1942 718 2026 760 est‚·
2044 715 2178 756 multa.

1141 778 1266 821 etiam
1294 777 1444 817 similia
1462 772 1587 816 habet
1602 777 1646 816 in
1668 776 1956 815 Constitution.
1980 781 2175 826 monast„

1141 851 1176 879 c.
1196 840 1250 880 20
1274 844 1316 880 et
1339 841 1405 887 23,
1427 843 1468 879 et
1488 851 1594 894 saepe
1623 838 1752 888 alias,
1773 837 1817 876 in
1836 835 2006 876 articulo
2037 841 2177 878 autem

1142 902 1319 942 secundo
1340 903 1399 942 ita
1421 902 1580 942 dixerat
1606 901 1717 940 idem
1745 901 1791 939 D.
1812 899 1990 939 Thomas
2010 911 2021 939 ε
2047 899 2177 941 Tanto

1140 963 1298 1005 videtur
1308 964 1521 1005 obedientia
1535 963 1769 1019 promptior,
1788 966 1933 1014 quanto
1951 973 2179 1013 expressum

1140 1029 1379 1077 praeceptum
1396 1026 1596 1066 obediendo
1606 1023 1814 1077 praevenit,
1827 1024 2028 1064 voluntate
2049 1026 2180 1065 tamen

1144 1087 1385 1140 Superioris
1415 1087 1615 1128 intellecta
1638 1104 1656 1134 ,·
1677 1087 1799 1126 sentit
1820 1098 1917 1137 ergo
1948 1085 2059 1126 hunc
2093 1098 2181 1126 mo-

1143 1148 1243 1188 dum
1262 1150 1466 1202 pertinere
1486 1150 1539 1188 ad
1570 1149 1786 1188 consilium
1805 1147 2066 1200 perfectionis
2085 1148 2182 1188 obe-

1143 1209 1321 1252 dientiae.
1343 1211 1452 1253 Idem
1472 1211 1612 1251 docuit
1630 1211 1930 1258 Bonaventura,
1950 1211 1999 1251 de
2021 1211 2183 1250 Proces-

1143 1282 1191 1311 su
1210 1272 1438 1326 religionis,
1460 1286 1551 1326 cap.
1571 1273 1771 1323 vigesimo
1788 1276 1947 1320 octavo,
1975 1273 2046 1312 ubi
2074 1273 2183 1312 inter

1144 1332 1224 1373 alia
1244 1335 1405 1387 inquit:
1428 1336 1568 1376 Bonus
1590 1335 1768 1374 obed'ens
1789 1334 1903 1375 aliud
1914 1347 1995 1385 non
2014 1338 2181 1386 spectat,

1144 1396 1211 1436 ubi
1229 1396 1273 1436 de
1291 1397 1527 1448 Superioris
1547 1397 1629 1437 sibi
1650 1396 1874 1437 constiterit
1895 1396 2110 1438 voluntate.

1196 1458 1237 1498 4.
1258 1457 1448 1499 Secunda
1463 1459 1668 1510 perfectio.
1683 1480 1734 1487 ———
1754 1458 1844 1498 Alia
1864 1458 2042 1497 conditio
2061 1459 2185 1510 hujus

1145 1520 1414 1569 executionis,
1436 1525 1483 1559 ut
1518 1521 1672 1572 optime
1709 1520 1796 1569 fiat,
1830 1524 1891 1559 est
1922 1520 2106 1559 celeritas
2144 1524 2187 1561 et

1143 1582 1448 1635 promptitudo;
1471 1587 1512 1623 et
1542 1582 1629 1622 haec
1661 1583 1805 1623 eodem
1842 1582 1866 1634 ξ,
1905 1585 1924 1623 1
1957 1583 2185 1635 postulatur

1145 1657 1239 1684 cum
1278 1645 1350 1684 illa
1382 1646 1715 1696 exaggeratione,
1744 1649 1790 1683 ut
1826 1644 1962 1684 littera
1995 1645 2186 1685 inchoata

1146 1706 1402 1759 relinquatur
1424 1719 1434 1746 z
1465 1719 1590 1759 quam
1624 1706 1673 1746 ad
1707 1707 1887 1746 litteram
1925 1706 2185 1747 observatam

1147 1782 1234 1810 esse
1264 1770 1316 1809 ab
1347 1770 1531 1822 antiquis
1566 1770 1783 1821 religiosis,
1802 1770 1928 1809 refert
1952 1771 2184 1819 Cassianus,

1146 1831 1217 1870 lib.
1239 1833 1265 1871 4
1299 1832 1350 1871 de
1388 1832 1521 1871 Instit.
1559 1836 1727 1871 renunt.
1734 1861 1746 1880 ,
1785 1844 1874 1883 cap.
1913 1833 1979 1881 12,
2009 1832 2150 1871 dicens
2172 1847 2182 1871 :

1147 1894 1292 1947 Itaque
1327 1894 1573 1934 considentes
1595 1894 1707 1933 intra
1726 1892 1872 1933 cubilia
1901 1905 1989 1940 sua,
2015 1896 2050 1933 et
2077 1894 2187 1947 operi

1147 1967 1195 1996 ac
1216 1955 1469 1997 meditationi
1503 1956 1664 2006 pariter
1682 1955 1941 2003 intendentes,
1965 1966 2052 1995 cum
2084 1954 2188 1995 soni-

1148 2021 1232 2059 tum
1256 2018 1465 2069 pulsantis
1486 2018 1648 2066 ostium,
1668 2021 1736 2058 aut
1756 2017 1999 2056 diversorum
2022 2017 2188 2058 cellulas

1146 2080 1407 2131 percutientis
1446 2080 1636 2127 audierit,
1665 2079 1717 2119 ad
1744 2079 1961 2119 orationem
1980 2091 2056 2127 eos,
2076 2080 2187 2120 scili-

1149 2146 1303 2189 cet,seu
1332 2143 1386 2182 ad
1404 2154 1500 2193 opus
1522 2141 1684 2193 aliquod
1710 2141 1941 2188 invitantis,
1965 2143 2150 2182 certatim
2168 2154 2188 2182 e

1150 2204 1346 2246 cubilibus
1365 2205 1454 2244 suis
1486 2202 1755 2254 unusquisque
1770 2203 2015 2254 prorumpit,
2042 2203 2103 2244 ita
2140 2207 2187 2245 ut

1148 2267 1218 2319 qui
1255 2279 1353 2319 opus
1390 2266 1605 2318 scriptoris
1642 2268 1807 2312 emercet,
1844 2276 1961 2314 quam
2006 2269 2189 2319 repertus

1147 2329 1278 2380 suerit
1316 2328 1522 2370 inchoasse
1547 2327 1741 2375 litteram,
1764 2327 1887 2375 finire
1916 2339 1994 2366 non
2025 2329 2185 2376 audeat,

1148 2391 1217 2433 sed
1240 2391 1284 2430 in
1303 2390 1429 2430 eodem
1451 2394 1600 2441 puncto
1622 2400 1697 2441 quo
1717 2387 1772 2428 ad
1789 2400 1907 2428 aures
1925 2388 2012 2439 ejus
2032 2391 2187 2431 sonitus

1143 2452 1350 2504 pulsantis
1366 2452 1584 2499 advenerit,
1592 2462 1748 2491 summa
1762 2450 1965 2490 velocitate
1974 2451 2188 2502 prosiliens

1147 2517 1371 2554 natantum
1402 2513 1556 2563 quidem
1586 2523 1706 2551 moroe
1725 2512 1969 2561 interponat,
1993 2516 2186 2564 quantum

1150 2574 1269 2626 coepti
1303 2574 1433 2625 apicis
1462 2576 1698 2614 consummet
1726 2572 1921 2622 effiqiem,
1943 2575 2013 2613 sed
2042 2574 2187 2626 imper-

1148 2638 1291 2686 fectam
1311 2635 1456 2675 lineam
1476 2633 1625 2674 litterae
1643 2633 1884 2685 relinquens,
1904 2646 1982 2674 non
2001 2638 2083 2674 tam
2098 2646 2187 2687 ope-

1146 2696 1210 2737 ris
1224 2697 1462 2748 compendia,
1482 2696 1642 2736 lucrave
1664 2698 1850 2743 sectetur,
1869 2707 1987 2748 quam
2008 2696 2186 2737 obedien-

1147 2759 1216 2799 tioe
1234 2760 1422 2799 virtutem
1453 2758 1591 2810 eaeqaz'
1613 2761 1691 2798 toto
1719 2757 1850 2797 studio
1880 2761 1995 2810 atque
2017 2758 2183 2800 oemula-

1148 2821 1253 2861 tione
1266 2821 1440 2871 festinet.
1457 2821 1560 2859 Huic
1576 2825 1770 2859 consonat
1788 2819 1895 2870 quod
1914 2819 2084 2859 Basilius
2101 2832 2184 2860 res-

1146 2882 1290 2933 pondit
1307 2883 1351 2921 in
1369 2882 1512 2934 regula
1528 2883 1617 2931 166,
1633 2894 1682 2921 ex
1696 2881 1965 2929 brevioribus,
1984 2882 2071 2930 ubi,
2088 2893 2184 2921 cum

1145 2944 1366 2996 quaesitum
1387 2948 1491 2984 esset
1516 2956 1598 2996 qua
1629 2943 1954 2996 promptitudine
1993 2943 2185 2983 obedien-

1145 3006 1246 3045 dum
1265 3007 1316 3045 sit
1334 3006 1470 3058 quoad
1488 3005 1672 3045 mandati
1698 3004 1996 3054 executionem,
2017 3017 2184 3057 respon-

1147 3067 1230 3117 det,
1249 3067 1377 3108 niliilo
1396 3068 1569 3117 minore,
1590 3080 1709 3121 quam
1737 3072 1889 3121 quanta
1902 3068 2101 3121 parvulus
2119 3080 2184 3109 ve-

1148 3130 1343 3172 liementer
1361 3131 1542 3175 esuriens
1576 3132 1733 3172 vocanti
1763 3143 1804 3172 se
1841 3131 1895 3172 ad
1927 3130 2185 3171 nutritionem

1147 3192 1301 3233 nutrici
1338 3193 1563 3242 auscultat,
1559 3210 1567 3217 ·
1587 3196 1623 3234 et
1648 3191 1824 3245 quilibet,
1848 3192 1915 3234 cui
1945 3193 2067 3234 chara
2098 3194 2185 3233 cita

1149 3255 1220 3303 sit,
1242 3254 1294 3304 ei,
1318 3255 1388 3306 qui
1424 3254 1517 3303 sibi,
1540 3266 1629 3308 quoe
1648 3256 1702 3296 ad
1717 3254 1925 3296 vivendum
1961 3254 2184 3296 necessaria

1149 3303 1260 3365 sunt,
1277 3316 1499 3369 larqiatur‚
1522 3321 1620 3365 etc.;
1642 3321 1683 3356 et
1706 3317 1751 3356 in
1777 3317 2064 3357 Constitution.
2094 3326 2184 3354 mo-

1149 3382 1274 3428 nest„
1306 3391 1394 3432 cap.
1428 3379 1589 3422 decimo
1609 3382 1787 3420 octavo·
1823 3380 2067 3420 Potestatem
2095 3376 2182 3426 (ait)

1150 3439 1347 3494 suiipsius
1362 3452 1410 3485 ne
1443 3440 1498 3482 ad
1507 3445 1700 3494 punctum
1732 3441 1887 3496 quidem
1907 3437 2096 3491 temporis
2113 3436 2183 3478 Ιιιι-

1149 3502 1235 3549 berc
1257 3500 1471 3549 monachus
1498 3504 1619 3548 debet.
1646 3500 1696 3545 Et
1727 3500 1875 3544 deinde
1900 3501 2109 3550 comparat
2134 3496 2183 3541 il-

1149 3563 1240 3605 lum
1271 3565 1546 3604 instrumento
1586 3564 1775 3613 artificis,
1806 3561 1932 3614 quod,
1970 3558 2184 3599 deficiente

1150 3626 1310 3678 impetu
1327 3626 1510 3673 artificis,
1530 3626 1705 3678 amplius
1724 3636 1811 3664 non
1828 3625 2030 3666 movetur,
2051 3622 2103 3663 Et
2119 3633 2183 3662 re·

1149 3685 1237 3739 gul.
1251 3686 1321 3738 28,
1336 3699 1387 3729 ex
1403 3687 1641 3737 fusioribus,
1658 3684 1791 3728 multa
1814 3681 1914 3725 dicit
1947 3680 2058 3725 idem
2074 3683 2183 3737 Basi-
