<?xml version="1.0" encoding="UTF-8"?>
<!DOCTYPE html PUBLIC "-//W3C//DTD XHTML 1.0 Transitional//EN"
    "http://www.w3.org/TR/xhtml1/DTD/xhtml1-transitional.dtd">
<html xmlns="http://www.w3.org/1999/xhtml" xml:lang="en" lang="en">
 <head>
  <title>
</title>
<meta http-equiv="Content-Type" content="text/html;charset=utf-8" />
  <meta name='ocr-system' content='tesseract 3.04.00' />
  <meta name='ocr-capabilities' content='ocr_page ocr_carea ocr_par ocr_line ocrx_word'/>
</head>
<body>
  <div class='ocr_page' id='page_1' title='image "./operaomnia16suaauoft_0083.png"; bbox 0 0 2352 3880; ppageno 0'>
   <div class='ocr_carea' id='block_1_1' title="bbox 0 0 282 206">
    <p class='ocr_par' dir='ltr' id='par_1_1' title="bbox 0 0 282 206">
     <span class='ocr_line' id='line_1_1' title="bbox 0 0 282 206; baseline 0 3674"><span class='ocrx_word' id='word_1_1' title='bbox 0 0 282 206; x_wconf 95' lang='lat' dir='ltr'> </span> 
     </span>
    </p>
   </div>
   <div class='ocr_carea' id='block_1_2' title="bbox 0 220 2235 368">
    <p class='ocr_par' dir='ltr' id='par_1_2' title="bbox 0 220 2213 363">
     <span class='ocr_line' id='line_1_2' title="bbox 0 220 1928 284; baseline 0.021 -46"><span class='ocrx_word' id='word_1_2' title='bbox 0 263 7 274; x_wconf 19' lang='lat'>‚¹</span> <span class='ocrx_word' id='word_1_3' title='bbox 59 259 64 262; x_wconf 14' lang='grc' dir='ltr'><strong>μ</strong></span> <span class='ocrx_word' id='word_1_4' title='bbox 421 224 519 263; x_wconf 61' lang='lat'>031»</span> <span class='ocrx_word' id='word_1_5' title='bbox 545 225 590 262; x_wconf 85' lang='lat' dir='ltr'>v</span> <span class='ocrx_word' id='word_1_6' title='bbox 615 220 839 268; x_wconf 59' lang='lat' dir='ltr'>womero</span> <span class='ocrx_word' id='word_1_7' title='bbox 857 221 1126 260; x_wconf 75' lang='lat' dir='ltr'>rAannTAs</span> <span class='ocrx_word' id='word_1_8' title='bbox 1143 222 1177 259; x_wconf 85' lang='lat' dir='ltr'>A</span> <span class='ocrx_word' id='word_1_9' title='bbox 1198 224 1507 266; x_wconf 65' lang='grc'>501101111111105</span> <span class='ocrx_word' id='word_1_10' title='bbox 1530 232 1805 284; x_wconf 65' lang='lat' dir='ltr'>sufflamus,</span> <span class='ocrx_word' id='word_1_11' title='bbox 1829 239 1928 281; x_wconf 79' lang='lat' dir='ltr'>ETC.</span> 
     </span>
     <span class='ocr_line' id='line_1_3' title="bbox 0 299 2235 368; baseline 0.019 -47"><span class='ocrx_word' id='word_1_12' title='bbox 0 299 4 334; x_wconf 85' lang='lat'>&#39;.</span> <span class='ocrx_word' id='word_1_13' title='bbox 79 308 111 329; x_wconf 57' lang='lat' dir='ltr'><em>z</em></span> <span class='ocrx_word' id='word_1_14' title='bbox 99 304 289 360; x_wconf 60' lang='lat' dir='ltr'>mm.</span> <span class='ocrx_word' id='word_1_15' title='bbox 303 304 412 346; x_wconf 65' lang='lat' dir='ltr'>idem</span> <span class='ocrx_word' id='word_1_16' title='bbox 429 305 539 357; x_wconf 69' lang='lat' dir='ltr'>quod</span> <span class='ocrx_word' id='word_1_17' title='bbox 554 316 630 344; x_wconf 82' lang='lat' dir='ltr'>nos</span> <span class='ocrx_word' id='word_1_18' title='bbox 646 303 841 350; x_wconf 71' lang='lat' dir='ltr'>diximus,</span> <span class='ocrx_word' id='word_1_19' title='bbox 866 315 947 344; x_wconf 70' lang='grc' dir='ltr'>ποοι</span> <span class='ocrx_word' id='word_1_20' title='bbox 961 305 1145 358; x_wconf 64' lang='lat' dir='ltr'>caynam</span> <span class='ocrx_word' id='word_1_21' title='bbox 1194 309 1237 348; x_wconf 76' lang='grc' dir='ltr'>Ξ.</span> <span class='ocrx_word' id='word_1_22' title='bbox 1257 310 1298 358; x_wconf 77' lang='lat'>2,</span> <span class='ocrx_word' id='word_1_23' title='bbox 1317 312 1462 360; x_wconf 77' lang='lat' dir='ltr'>quaest.</span> <span class='ocrx_word' id='word_1_24' title='bbox 1476 311 1679 362; x_wconf 82' lang='lat' dir='ltr'>vigesima</span> <span class='ocrx_word' id='word_1_25' title='bbox 1696 321 1825 368; x_wconf 85' lang='lat' dir='ltr'>sexta,</span> <span class='ocrx_word' id='word_1_26' title='bbox 1846 319 2022 360; x_wconf 71' lang='lat' dir='ltr'>artiwlo</span> <span class='ocrx_word' id='word_1_27' title='bbox 2036 318 2235 363; x_wconf 57' lang='lat' dir='ltr'>&amp;oded-</span> 
     </span>
    </p>
   </div>
   <div class='ocr_carea' id='block_1_3' title="bbox 20 366 1143 3690">
    <p class='ocr_par' dir='ltr' id='par_1_3' title="bbox 32 366 1143 2017">
     <span class='ocr_line' id='line_1_4' title="bbox 32 366 1143 421; baseline -0.005 -11"><span class='ocrx_word' id='word_1_28' title='bbox 32 380 37 390; x_wconf 82' lang='grc'>’</span> <span class='ocrx_word' id='word_1_29' title='bbox 87 377 90 384; x_wconf 95' lang='grc'><em>·</em></span> <span class='ocrx_word' id='word_1_30' title='bbox 107 371 307 421; x_wconf 61' lang='lat' dir='ltr'>quatenus</span> <span class='ocrx_word' id='word_1_31' title='bbox 325 367 424 408; x_wconf 73' lang='lat' dir='ltr'>tales</span> <span class='ocrx_word' id='word_1_32' title='bbox 444 371 552 408; x_wconf 69' lang='lat' dir='ltr'>eunt.</span> <span class='ocrx_word' id='word_1_33' title='bbox 574 366 698 414; x_wconf 76' lang='lat' dir='ltr'>Nam,</span> <span class='ocrx_word' id='word_1_34' title='bbox 718 368 920 417; x_wconf 78' lang='lat' dir='ltr'>quatenns</span> <span class='ocrx_word' id='word_1_35' title='bbox 945 377 1143 417; x_wconf 72' lang='lat' dir='ltr'>pmperes</span> 
     </span>
     <span class='ocr_line' id='line_1_5' title="bbox 108 426 1142 479; baseline -0.003 -10"><span class='ocrx_word' id='word_1_36' title='bbox 108 428 317 469; x_wconf 64' lang='lat' dir='ltr'>interdum</span> <span class='ocrx_word' id='word_1_37' title='bbox 346 431 455 476; x_wconf 81' lang='lat' dir='ltr'>sunt,</span> <span class='ocrx_word' id='word_1_38' title='bbox 482 431 592 468; x_wconf 79' lang='lat' dir='ltr'>reete</span> <span class='ocrx_word' id='word_1_39' title='bbox 624 430 794 479; x_wconf 81' lang='lat' dir='ltr'><strong>possunt</strong></span> <span class='ocrx_word' id='word_1_40' title='bbox 818 426 877 466; x_wconf 88' lang='lat' dir='ltr'>eis</span> <span class='ocrx_word' id='word_1_41' title='bbox 903 426 1003 467; x_wconf 81' lang='lat' dir='ltr'>talia</span> <span class='ocrx_word' id='word_1_42' title='bbox 1034 426 1142 466; x_wconf 80' lang='lat' dir='ltr'>bona</span> 
     </span>
     <span class='ocr_line' id='line_1_6' title="bbox 106 489 1141 540; baseline 0 -12"><span class='ocrx_word' id='word_1_43' title='bbox 106 489 221 540; x_wconf 67' lang='grc' dir='ltr'>ὀπῆς</span> <span class='ocrx_word' id='word_1_44' title='bbox 234 502 317 530; x_wconf 82' lang='grc'>11011</span> <span class='ocrx_word' id='word_1_45' title='bbox 335 489 447 529; x_wconf 87' lang='lat' dir='ltr'>enim</span> <span class='ocrx_word' id='word_1_46' title='bbox 465 489 737 529; x_wconf 81' lang='lat' dir='ltr'>excluduntur</span> <span class='ocrx_word' id='word_1_47' title='bbox 752 499 777 527; x_wconf 88' lang='lat' dir='ltr'>a</span> <span class='ocrx_word' id='word_1_48' title='bbox 795 500 969 529; x_wconf 85' lang='lat' dir='ltr'>numero</span> <span class='ocrx_word' id='word_1_49' title='bbox 991 499 1141 540; x_wconf 80' lang='lat' dir='ltr'>paupe-</span> 
     </span>
     <span class='ocr_line' id='line_1_7' title="bbox 107 549 1140 603; baseline -0.001 -12"><span class='ocrx_word' id='word_1_50' title='bbox 107 560 224 601; x_wconf 80' lang='lat' dir='ltr'>rum,</span> <span class='ocrx_word' id='word_1_51' title='bbox 259 552 344 591; x_wconf 92' lang='lat' dir='ltr'>imo</span> <span class='ocrx_word' id='word_1_52' title='bbox 373 551 646 603; x_wconf 58' lang='lat' dir='ltr'>praeferuntur</span> <span class='ocrx_word' id='word_1_53' title='bbox 679 549 770 590; x_wconf 81' lang='lat' dir='ltr'>aliis</span> <span class='ocrx_word' id='word_1_54' title='bbox 801 550 922 602; x_wconf 83' lang='lat' dir='ltr'>juxta</span> <span class='ocrx_word' id='word_1_55' title='bbox 953 550 1140 590; x_wconf 78' lang='lat' dir='ltr'>ordinem</span> 
     </span>
     <span class='ocr_line' id='line_1_8' title="bbox 107 611 1138 663; baseline -0.001 -11"><span class='ocrx_word' id='word_1_56' title='bbox 107 612 331 660; x_wconf 83' lang='lat' dir='ltr'>charitatis,</span> <span class='ocrx_word' id='word_1_57' title='bbox 346 612 381 651; x_wconf 84' lang='lat' dir='ltr'>si</span> <span class='ocrx_word' id='word_1_58' title='bbox 398 615 543 651; x_wconf 80' lang='lat' dir='ltr'>caetera</span> <span class='ocrx_word' id='word_1_59' title='bbox 565 611 647 651; x_wconf 84' lang='lat' dir='ltr'>sint</span> <span class='ocrx_word' id='word_1_60' title='bbox 662 612 792 663; x_wconf 87' lang='lat' dir='ltr'>paria.</span> <span class='ocrx_word' id='word_1_61' title='bbox 811 612 982 660; x_wconf 85' lang='lat' dir='ltr'><strong>Quando</strong></span> <span class='ocrx_word' id='word_1_62' title='bbox 1001 616 1138 652; x_wconf 84' lang='lat' dir='ltr'>antem</span> 
     </span>
     <span class='ocr_line' id='line_1_9' title="bbox 105 673 1134 725; baseline -0.001 -11"><span class='ocrx_word' id='word_1_63' title='bbox 105 678 201 714; x_wconf 77' lang='lat' dir='ltr'>sunt</span> <span class='ocrx_word' id='word_1_64' title='bbox 228 673 393 717; x_wconf 81' lang='lat' dir='ltr'>divites,</span> <span class='ocrx_word' id='word_1_65' title='bbox 414 673 546 712; x_wconf 87' lang='lat' dir='ltr'>solum</span> <span class='ocrx_word' id='word_1_66' title='bbox 565 677 748 725; x_wconf 82' lang='lat' dir='ltr'><strong>superest</strong></span> <span class='ocrx_word' id='word_1_67' title='bbox 776 675 884 713; x_wconf 79' lang='lat' dir='ltr'>ratio</span> <span class='ocrx_word' id='word_1_68' title='bbox 909 674 1134 725; x_wconf 77' lang='lat' dir='ltr'>sanguinis.</span> 
     </span>
     <span class='ocr_line' id='line_1_10' title="bbox 104 735 1134 789; baseline 0.001 -14"><span class='ocrx_word' id='word_1_69' title='bbox 104 739 151 775; x_wconf 88' lang='lat' dir='ltr'>nt</span> <span class='ocrx_word' id='word_1_70' title='bbox 170 736 277 776; x_wconf 86' lang='lat' dir='ltr'>inter</span> <span class='ocrx_word' id='word_1_71' title='bbox 298 747 365 775; x_wconf 91' lang='lat' dir='ltr'>eos</span> <span class='ocrx_word' id='word_1_72' title='bbox 385 735 618 775; x_wconf 83' lang='lat' dir='ltr'>distributio</span> <span class='ocrx_word' id='word_1_73' title='bbox 636 736 723 785; x_wconf 87' lang='lat' dir='ltr'>fiat,</span> <span class='ocrx_word' id='word_1_74' title='bbox 739 737 849 789; x_wconf 90' lang='lat' dir='ltr'>quod</span> <span class='ocrx_word' id='word_1_75' title='bbox 868 737 963 777; x_wconf 88' lang='lat' dir='ltr'>licet</span> <span class='ocrx_word' id='word_1_76' title='bbox 978 736 1134 776; x_wconf 84' lang='lat' dir='ltr'>malum</span> 
     </span>
     <span class='ocr_line' id='line_1_11' title="bbox 102 798 1130 846; baseline 0.001 -9"><span class='ocrx_word' id='word_1_77' title='bbox 102 809 186 838; x_wconf 90' lang='lat' dir='ltr'>non</span> <span class='ocrx_word' id='word_1_78' title='bbox 202 798 268 846; x_wconf 89' lang='lat' dir='ltr'>sit,</span> <span class='ocrx_word' id='word_1_79' title='bbox 287 798 467 837; x_wconf 90' lang='lat' dir='ltr'>alienum</span> <span class='ocrx_word' id='word_1_80' title='bbox 486 803 625 838; x_wconf 84' lang='lat' dir='ltr'>tamen</span> <span class='ocrx_word' id='word_1_81' title='bbox 642 803 703 839; x_wconf 88' lang='lat' dir='ltr'>est</span> <span class='ocrx_word' id='word_1_82' title='bbox 727 812 752 839; x_wconf 89' lang='lat' dir='ltr'>a</span> <span class='ocrx_word' id='word_1_83' title='bbox 777 800 925 840; x_wconf 87' lang='lat' dir='ltr'>Christi</span> <span class='ocrx_word' id='word_1_84' title='bbox 949 799 1130 839; x_wconf 87' lang='lat' dir='ltr'>consilio.</span> 
     </span>
     <span class='ocr_line' id='line_1_12' title="bbox 101 857 1130 912; baseline 0.001 -13"><span class='ocrx_word' id='word_1_85' title='bbox 101 857 216 899; x_wconf 83' lang='lat' dir='ltr'><strong>Unde</strong></span> <span class='ocrx_word' id='word_1_86' title='bbox 237 860 525 911; x_wconf 81' lang='lat' dir='ltr'>Hieronymus,</span> <span class='ocrx_word' id='word_1_87' title='bbox 548 861 667 912; x_wconf 83' lang='lat' dir='ltr'><strong>epist.</strong></span> <span class='ocrx_word' id='word_1_88' title='bbox 688 861 713 901; x_wconf 89' lang='lat'>8</span> <span class='ocrx_word' id='word_1_89' title='bbox 738 861 788 900; x_wconf 89' lang='lat' dir='ltr'>ad</span> <span class='ocrx_word' id='word_1_90' title='bbox 807 861 1130 901; x_wconf 84' lang='lat' dir='ltr'>Demetriadem:</span> 
     </span>
     <span class='ocr_line' id='line_1_13' title="bbox 102 919 1132 974; baseline 0.003 -14"><span class='ocrx_word' id='word_1_91' title='bbox 102 919 352 971; x_wconf 77' lang='lat' dir='ltr'>Pauperibus</span> <span class='ocrx_word' id='word_1_92' title='bbox 381 922 562 973; x_wconf 88' lang='lat' dir='ltr'>(inquit),</span> <span class='ocrx_word' id='word_1_93' title='bbox 594 934 672 962; x_wconf 75' lang='lat' dir='ltr'>non</span> <span class='ocrx_word' id='word_1_94' title='bbox 701 922 911 970; x_wconf 76' lang='lat' dir='ltr'>divitibus,</span> <span class='ocrx_word' id='word_1_95' title='bbox 939 934 1016 962; x_wconf 72' lang='lat' dir='ltr'>non</span> <span class='ocrx_word' id='word_1_96' title='bbox 1038 934 1132 974; x_wconf 81' lang='lat' dir='ltr'>pro-</span> 
     </span>
     <span class='ocr_line' id='line_1_14' title="bbox 99 981 1128 1034; baseline 0.002 -12"><span class='ocrx_word' id='word_1_97' title='bbox 99 981 278 1034; x_wconf 78' lang='lat' dir='ltr'>pinquis,</span> <span class='ocrx_word' id='word_1_98' title='bbox 298 995 376 1023; x_wconf 72' lang='lat' dir='ltr'>non</span> <span class='ocrx_word' id='word_1_99' title='bbox 410 985 463 1023; x_wconf 85' lang='lat' dir='ltr'>ad</span> <span class='ocrx_word' id='word_1_100' title='bbox 489 984 648 1032; x_wconf 71' lang='lat' dir='ltr'>luxum,</span> <span class='ocrx_word' id='word_1_101' title='bbox 670 986 737 1025; x_wconf 74' lang='lat' dir='ltr'>sed</span> <span class='ocrx_word' id='word_1_102' title='bbox 766 986 821 1025; x_wconf 84' lang='lat' dir='ltr'>ad</span> <span class='ocrx_word' id='word_1_103' title='bbox 845 985 1128 1032; x_wconf 73' lang='lat' dir='ltr'>necessitatem,</span> 
     </span>
     <span class='ocr_line' id='line_1_15' title="bbox 98 1044 1131 1096; baseline 0.002 -12"><span class='ocrx_word' id='word_1_104' title='bbox 98 1044 180 1084; x_wconf 68' lang='lat' dir='ltr'>&#39;eive</span> <span class='ocrx_word' id='word_1_105' title='bbox 210 1046 295 1095; x_wconf 79' lang='lat' dir='ltr'>ipse</span> <span class='ocrx_word' id='word_1_106' title='bbox 326 1046 505 1086; x_wconf 75' lang='lat' dir='ltr'>sacerdos</span> <span class='ocrx_word' id='word_1_107' title='bbox 533 1047 602 1095; x_wconf 80' lang='lat' dir='ltr'>sit,</span> <span class='ocrx_word' id='word_1_108' title='bbox 633 1046 714 1086; x_wconf 78' lang='lat' dir='ltr'>eive</span> <span class='ocrx_word' id='word_1_109' title='bbox 736 1049 938 1096; x_wconf 70' lang='lat' dir='ltr'>aequatus,</span> <span class='ocrx_word' id='word_1_110' title='bbox 958 1045 1066 1084; x_wconf 72' lang='lat' dir='ltr'>nihil</span> <span class='ocrx_word' id='word_1_111' title='bbox 1087 1045 1131 1086; x_wconf 81' lang='lat' dir='ltr'>in</span> 
     </span>
     <span class='ocr_line' id='line_1_16' title="bbox 100 1104 1129 1158; baseline 0.001 -14"><span class='ocrx_word' id='word_1_112' title='bbox 100 1104 170 1145; x_wconf 77' lang='lat' dir='ltr'>illo</span> <span class='ocrx_word' id='word_1_113' title='bbox 190 1106 307 1147; x_wconf 79' lang='lat' dir='ltr'>aliud</span> <span class='ocrx_word' id='word_1_114' title='bbox 320 1107 550 1155; x_wconf 74' lang='lat' dir='ltr'>consideres,</span> <span class='ocrx_word' id='word_1_115' title='bbox 573 1117 690 1158; x_wconf 75' lang='lat' dir='ltr'>quam</span> <span class='ocrx_word' id='word_1_116' title='bbox 706 1109 995 1156; x_wconf 71' lang='lat' dir='ltr'>paupertatem.</span> <span class='ocrx_word' id='word_1_117' title='bbox 1015 1106 1129 1153; x_wconf 86' lang='lat' dir='ltr'>Quod</span> 
     </span>
     <span class='ocr_line' id='line_1_17' title="bbox 99 1164 1127 1219; baseline 0.001 -13"><span class='ocrx_word' id='word_1_118' title='bbox 99 1164 222 1206; x_wconf 87' lang='lat' dir='ltr'>latius</span> <span class='ocrx_word' id='word_1_119' title='bbox 249 1168 504 1219; x_wconf 84' lang='lat' dir='ltr'>prosequitur</span> <span class='ocrx_word' id='word_1_120' title='bbox 529 1166 686 1219; x_wconf 81' lang='lat' dir='ltr'>epistol.</span> <span class='ocrx_word' id='word_1_121' title='bbox 710 1167 1047 1218; x_wconf 82' lang='lat' dir='ltr'>quinquagesima</span> <span class='ocrx_word' id='word_1_122' title='bbox 1076 1168 1127 1207; x_wconf 86' lang='lat' dir='ltr'>ad</span> 
     </span>
     <span class='ocr_line' id='line_1_18' title="bbox 98 1227 1128 1280; baseline 0.002 -13"><span class='ocrx_word' id='word_1_123' title='bbox 98 1227 326 1277; x_wconf 87' lang='lat' dir='ltr'>Hedibiam,</span> <span class='ocrx_word' id='word_1_124' title='bbox 339 1232 478 1280; x_wconf 79' lang='lat' dir='ltr'>quaest.</span> <span class='ocrx_word' id='word_1_125' title='bbox 497 1231 534 1277; x_wconf 81' lang='grc'>1,</span> <span class='ocrx_word' id='word_1_126' title='bbox 555 1229 724 1267; x_wconf 91' lang='lat' dir='ltr'>modum</span> <span class='ocrx_word' id='word_1_127' title='bbox 744 1230 866 1267; x_wconf 88' lang='lat' dir='ltr'>etiam</span> <span class='ocrx_word' id='word_1_128' title='bbox 885 1233 924 1268; x_wconf 91' lang='lat' dir='ltr'>et</span> <span class='ocrx_word' id='word_1_129' title='bbox 941 1230 1128 1269; x_wconf 84' lang='lat' dir='ltr'>ordinem</span> 
     </span>
     <span class='ocr_line' id='line_1_19' title="bbox 98 1288 1127 1342; baseline 0.002 -13"><span class='ocrx_word' id='word_1_130' title='bbox 98 1288 221 1342; x_wconf 85' lang='lat' dir='ltr'>hujus</span> <span class='ocrx_word' id='word_1_131' title='bbox 250 1290 543 1329; x_wconf 83' lang='lat' dir='ltr'>distributionis</span> <span class='ocrx_word' id='word_1_132' title='bbox 576 1290 802 1329; x_wconf 89' lang='lat' dir='ltr'>declarans.</span> <span class='ocrx_word' id='word_1_133' title='bbox 839 1292 961 1330; x_wconf 87' lang='lat' dir='ltr'>Porro</span> <span class='ocrx_word' id='word_1_134' title='bbox 995 1293 1127 1331; x_wconf 87' lang='lat' dir='ltr'>omnis</span> 
     </span>
     <span class='ocr_line' id='line_1_20' title="bbox 93 1352 1123 1404; baseline 0.002 -13"><span class='ocrx_word' id='word_1_135' title='bbox 93 1352 213 1398; x_wconf 75' lang='lat' dir='ltr'>ratio,</span> <span class='ocrx_word' id='word_1_136' title='bbox 234 1352 278 1391; x_wconf 89' lang='lat' dir='ltr'>in</span> <span class='ocrx_word' id='word_1_137' title='bbox 301 1364 381 1403; x_wconf 89' lang='lat' dir='ltr'>qua</span> <span class='ocrx_word' id='word_1_138' title='bbox 402 1352 572 1404; x_wconf 86' lang='lat' dir='ltr'>(praeter</span> <span class='ocrx_word' id='word_1_139' title='bbox 589 1353 735 1393; x_wconf 84' lang='lat' dir='ltr'>Christi</span> <span class='ocrx_word' id='word_1_140' title='bbox 767 1353 931 1392; x_wconf 88' lang='lat' dir='ltr'>Domini</span> <span class='ocrx_word' id='word_1_141' title='bbox 949 1354 1123 1393; x_wconf 86' lang='lat' dir='ltr'>auetori-</span> 
     </span>
     <span class='ocr_line' id='line_1_21' title="bbox 93 1413 1124 1465; baseline 0.003 -14"><span class='ocrx_word' id='word_1_142' title='bbox 93 1413 238 1464; x_wconf 83' lang='lat' dir='ltr'>tatem)</span> <span class='ocrx_word' id='word_1_143' title='bbox 261 1413 425 1452; x_wconf 87' lang='lat' dir='ltr'>fundari</span> <span class='ocrx_word' id='word_1_144' title='bbox 453 1418 582 1465; x_wconf 83' lang='lat' dir='ltr'>potest</span> <span class='ocrx_word' id='word_1_145' title='bbox 612 1414 688 1453; x_wconf 90' lang='lat' dir='ltr'>hoc</span> <span class='ocrx_word' id='word_1_146' title='bbox 714 1414 945 1462; x_wconf 88' lang='lat' dir='ltr'>consilium,</span> <span class='ocrx_word' id='word_1_147' title='bbox 979 1415 1124 1455; x_wconf 83' lang='lat' dir='ltr'>fundat</span> 
     </span>
     <span class='ocr_line' id='line_1_22' title="bbox 93 1474 1123 1527; baseline 0.001 -13"><span class='ocrx_word' id='word_1_148' title='bbox 93 1474 214 1514; x_wconf 80' lang='lat' dir='ltr'>etiam</span> <span class='ocrx_word' id='word_1_149' title='bbox 232 1475 463 1527; x_wconf 74' lang='lat' dir='ltr'>praedictam</span> <span class='ocrx_word' id='word_1_150' title='bbox 480 1476 833 1515; x_wconf 87' lang='lat' dir='ltr'>Constitutionem.</span> <span class='ocrx_word' id='word_1_151' title='bbox 848 1476 965 1514; x_wconf 82' lang='lat' dir='ltr'>Ratio</span> <span class='ocrx_word' id='word_1_152' title='bbox 984 1481 1123 1515; x_wconf 89' lang='lat' dir='ltr'>autem</span> 
     </span>
     <span class='ocr_line' id='line_1_23' title="bbox 90 1536 1124 1587; baseline 0.001 -12"><span class='ocrx_word' id='word_1_153' title='bbox 90 1547 164 1587; x_wconf 86' lang='lat' dir='ltr'>per</span> <span class='ocrx_word' id='word_1_154' title='bbox 183 1549 224 1576; x_wconf 90' lang='lat' dir='ltr'>se</span> <span class='ocrx_word' id='word_1_155' title='bbox 243 1537 352 1576; x_wconf 90' lang='lat' dir='ltr'>illius</span> <span class='ocrx_word' id='word_1_156' title='bbox 379 1537 539 1576; x_wconf 85' lang='lat' dir='ltr'>consilii</span> <span class='ocrx_word' id='word_1_157' title='bbox 561 1540 634 1584; x_wconf 87' lang='lat' dir='ltr'>est,</span> <span class='ocrx_word' id='word_1_158' title='bbox 656 1536 752 1587; x_wconf 90' lang='lat' dir='ltr'>quia</span> <span class='ocrx_word' id='word_1_159' title='bbox 772 1536 872 1575; x_wconf 85' lang='lat' dir='ltr'>illud</span> <span class='ocrx_word' id='word_1_160' title='bbox 894 1548 944 1575; x_wconf 87' lang='lat' dir='ltr'>ex</span> <span class='ocrx_word' id='word_1_161' title='bbox 964 1549 1036 1575; x_wconf 88' lang='lat' dir='ltr'>suo</span> <span class='ocrx_word' id='word_1_162' title='bbox 1056 1550 1124 1587; x_wconf 82' lang='lat' dir='ltr'>ge-</span> 
     </span>
     <span class='ocr_line' id='line_1_24' title="bbox 91 1600 1123 1650; baseline 0 -12"><span class='ocrx_word' id='word_1_163' title='bbox 91 1609 189 1639; x_wconf 54' lang='lat' dir='ltr'>nere</span> <span class='ocrx_word' id='word_1_164' title='bbox 203 1600 347 1639; x_wconf 90' lang='lat' dir='ltr'>melius</span> <span class='ocrx_word' id='word_1_165' title='bbox 362 1604 435 1648; x_wconf 85' lang='lat' dir='ltr'>est,</span> <span class='ocrx_word' id='word_1_166' title='bbox 452 1600 664 1650; x_wconf 77' lang='lat' dir='ltr'>magisque</span> <span class='ocrx_word' id='word_1_167' title='bbox 681 1600 954 1648; x_wconf 84' lang='lat' dir='ltr'>meritorium,</span> <span class='ocrx_word' id='word_1_168' title='bbox 973 1604 1014 1637; x_wconf 86' lang='lat' dir='ltr'>et</span> <span class='ocrx_word' id='word_1_169' title='bbox 1033 1612 1123 1650; x_wconf 83' lang='lat' dir='ltr'>gra-</span> 
     </span>
     <span class='ocr_line' id='line_1_25' title="bbox 91 1660 1125 1708; baseline -0.002 -8"><span class='ocrx_word' id='word_1_170' title='bbox 91 1660 172 1700; x_wconf 83' lang='lat' dir='ltr'>tius</span> <span class='ocrx_word' id='word_1_171' title='bbox 202 1662 301 1708; x_wconf 89' lang='lat' dir='ltr'>Deo;</span> <span class='ocrx_word' id='word_1_172' title='bbox 337 1661 502 1700; x_wconf 87' lang='lat' dir='ltr'>consilia</span> <span class='ocrx_word' id='word_1_173' title='bbox 532 1665 668 1700; x_wconf 89' lang='lat' dir='ltr'>autem</span> <span class='ocrx_word' id='word_1_174' title='bbox 702 1660 852 1698; x_wconf 87' lang='lat' dir='ltr'>dantur</span> <span class='ocrx_word' id='word_1_175' title='bbox 882 1660 933 1699; x_wconf 90' lang='lat' dir='ltr'>de</span> <span class='ocrx_word' id='word_1_176' title='bbox 965 1661 1125 1699; x_wconf 85' lang='lat' dir='ltr'>meliori</span> 
     </span>
     <span class='ocr_line' id='line_1_26' title="bbox 91 1720 1124 1774; baseline 0.001 -13"><span class='ocrx_word' id='word_1_177' title='bbox 91 1720 214 1762; x_wconf 90' lang='lat' dir='ltr'>bono.</span> <span class='ocrx_word' id='word_1_178' title='bbox 237 1724 498 1773; x_wconf 83' lang='lat' dir='ltr'>Assumptum</span> <span class='ocrx_word' id='word_1_179' title='bbox 519 1726 652 1774; x_wconf 86' lang='lat' dir='ltr'>patet,</span> <span class='ocrx_word' id='word_1_180' title='bbox 674 1722 771 1773; x_wconf 80' lang='lat' dir='ltr'>quia</span> <span class='ocrx_word' id='word_1_181' title='bbox 798 1734 848 1761; x_wconf 81' lang='lat' dir='ltr'>ex</span> <span class='ocrx_word' id='word_1_182' title='bbox 874 1733 946 1761; x_wconf 91' lang='lat' dir='ltr'>suo</span> <span class='ocrx_word' id='word_1_183' title='bbox 976 1735 1124 1773; x_wconf 83' lang='lat' dir='ltr'>genere</span> 
     </span>
     <span class='ocr_line' id='line_1_27' title="bbox 92 1783 1125 1834; baseline -0.001 -11"><span class='ocrx_word' id='word_1_184' title='bbox 92 1787 153 1822; x_wconf 85' lang='lat' dir='ltr'>est</span> <span class='ocrx_word' id='word_1_185' title='bbox 168 1788 281 1823; x_wconf 88' lang='lat' dir='ltr'>actus</span> <span class='ocrx_word' id='word_1_186' title='bbox 301 1784 454 1823; x_wconf 88' lang='lat' dir='ltr'>altioris</span> <span class='ocrx_word' id='word_1_187' title='bbox 473 1784 650 1831; x_wconf 85' lang='lat' dir='ltr'>virtutis,</span> <span class='ocrx_word' id='word_1_188' title='bbox 670 1795 818 1834; x_wconf 85' lang='lat' dir='ltr'>nempe</span> <span class='ocrx_word' id='word_1_189' title='bbox 836 1783 1125 1823; x_wconf 74' lang='lat' dir='ltr'>misericordiae</span> 
     </span>
     <span class='ocr_line' id='line_1_28' title="bbox 90 1845 1125 1896; baseline 0 -12"><span class='ocrx_word' id='word_1_190' title='bbox 90 1849 131 1884; x_wconf 85' lang='lat' dir='ltr'>et</span> <span class='ocrx_word' id='word_1_191' title='bbox 152 1845 371 1884; x_wconf 87' lang='lat' dir='ltr'>charitatis.</span> <span class='ocrx_word' id='word_1_192' title='bbox 396 1846 444 1884; x_wconf 89' lang='lat' dir='ltr'>Et</span> <span class='ocrx_word' id='word_1_193' title='bbox 472 1846 637 1896; x_wconf 85' lang='lat' dir='ltr'>signum</span> <span class='ocrx_word' id='word_1_194' title='bbox 658 1858 680 1884; x_wconf 88' lang='lat' dir='ltr'>a</span> <span class='ocrx_word' id='word_1_195' title='bbox 711 1845 925 1896; x_wconf 85' lang='lat' dir='ltr'>posteriori</span> <span class='ocrx_word' id='word_1_196' title='bbox 951 1858 1035 1884; x_wconf 83' lang='lat' dir='ltr'>esse</span> <span class='ocrx_word' id='word_1_197' title='bbox 1056 1858 1125 1896; x_wconf 93' lang='lat' dir='ltr'>po-</span> 
     </span>
     <span class='ocr_line' id='line_1_29' title="bbox 89 1906 1124 1958; baseline 0.002 -13"><span class='ocrx_word' id='word_1_198' title='bbox 89 1909 181 1950; x_wconf 80' lang='lat' dir='ltr'>test,</span> <span class='ocrx_word' id='word_1_199' title='bbox 201 1907 297 1958; x_wconf 89' lang='lat' dir='ltr'>quia</span> <span class='ocrx_word' id='word_1_200' title='bbox 315 1906 384 1945; x_wconf 89' lang='lat' dir='ltr'>illa</span> <span class='ocrx_word' id='word_1_201' title='bbox 404 1911 463 1946; x_wconf 89' lang='lat' dir='ltr'>est</span> <span class='ocrx_word' id='word_1_202' title='bbox 488 1907 661 1946; x_wconf 81' lang='lat' dir='ltr'>materia</span> <span class='ocrx_word' id='word_1_203' title='bbox 684 1907 787 1952; x_wconf 82' lang='lat' dir='ltr'>voti;</span> <span class='ocrx_word' id='word_1_204' title='bbox 810 1907 963 1946; x_wconf 87' lang='lat' dir='ltr'>donare</span> <span class='ocrx_word' id='word_1_205' title='bbox 985 1911 1124 1947; x_wconf 87' lang='lat' dir='ltr'>autem</span> 
     </span>
     <span class='ocr_line' id='line_1_30' title="bbox 89 1968 911 2017; baseline 0 -11"><span class='ocrx_word' id='word_1_206' title='bbox 89 1969 268 2017; x_wconf 85' lang='lat' dir='ltr'>cognatis</span> <span class='ocrx_word' id='word_1_207' title='bbox 288 1972 333 2006; x_wconf 85' lang='lat' dir='ltr'>ut</span> <span class='ocrx_word' id='word_1_208' title='bbox 353 1968 409 2006; x_wconf 88' lang='lat' dir='ltr'>sic</span> <span class='ocrx_word' id='word_1_209' title='bbox 428 1980 511 2007; x_wconf 93' lang='lat' dir='ltr'>non</span> <span class='ocrx_word' id='word_1_210' title='bbox 536 1976 594 2007; x_wconf 88' lang='lat' dir='ltr'>est</span> <span class='ocrx_word' id='word_1_211' title='bbox 616 1968 790 2007; x_wconf 84' lang='lat' dir='ltr'>materia</span> <span class='ocrx_word' id='word_1_212' title='bbox 810 1968 911 2006; x_wconf 86' lang='lat' dir='ltr'>voti.</span> 
     </span>
    </p>

    <p class='ocr_par' dir='ltr' id='par_1_4' title="bbox 72 2029 1125 3001">
     <span class='ocr_line' id='line_1_31' title="bbox 142 2029 1121 2080; baseline 0 -12"><span class='ocrx_word' id='word_1_213' title='bbox 142 2030 181 2068; x_wconf 86' lang='lat'>3.</span> <span class='ocrx_word' id='word_1_214' title='bbox 200 2029 340 2070; x_wconf 80' lang='lat' dir='ltr'>Altera</span> <span class='ocrx_word' id='word_1_215' title='bbox 357 2030 462 2069; x_wconf 75' lang='lat' dir='ltr'>ratio</span> <span class='ocrx_word' id='word_1_216' title='bbox 483 2030 641 2069; x_wconf 77' lang='lat' dir='ltr'>vitandi</span> <span class='ocrx_word' id='word_1_217' title='bbox 659 2029 808 2080; x_wconf 69' lang='lat' dir='ltr'>triplex</span> <span class='ocrx_word' id='word_1_218' title='bbox 823 2029 1121 2069; x_wconf 74' lang='lat' dir='ltr'>incommodum.</span> 
     </span>
     <span class='ocr_line' id='line_1_32' title="bbox 88 2091 1124 2143; baseline 0.002 -14"><span class='ocrx_word' id='word_1_219' title='bbox 88 2091 231 2130; x_wconf 87' lang='lat' dir='ltr'>——Alia</span> <span class='ocrx_word' id='word_1_220' title='bbox 247 2103 344 2131; x_wconf 86' lang='lat' dir='ltr'>vero</span> <span class='ocrx_word' id='word_1_221' title='bbox 361 2091 464 2130; x_wconf 84' lang='lat' dir='ltr'>ratio</span> <span class='ocrx_word' id='word_1_222' title='bbox 485 2095 543 2130; x_wconf 85' lang='lat' dir='ltr'>est</span> <span class='ocrx_word' id='word_1_223' title='bbox 562 2095 728 2143; x_wconf 81' lang='lat' dir='ltr'>propter</span> <span class='ocrx_word' id='word_1_224' title='bbox 746 2091 946 2141; x_wconf 88' lang='lat' dir='ltr'>majorem</span> <span class='ocrx_word' id='word_1_225' title='bbox 970 2092 1124 2131; x_wconf 86' lang='lat' dir='ltr'>utilita-</span> 
     </span>
     <span class='ocr_line' id='line_1_33' title="bbox 89 2152 1122 2204; baseline 0.002 -14"><span class='ocrx_word' id='word_1_226' title='bbox 89 2155 171 2191; x_wconf 89' lang='lat' dir='ltr'>tem</span> <span class='ocrx_word' id='word_1_227' title='bbox 210 2152 260 2191; x_wconf 89' lang='lat' dir='ltr'>ad</span> <span class='ocrx_word' id='word_1_228' title='bbox 295 2152 587 2204; x_wconf 80' lang='lat' dir='ltr'>perfectionem</span> <span class='ocrx_word' id='word_1_229' title='bbox 624 2152 914 2204; x_wconf 79' lang='lat' dir='ltr'>acquirendam</span> <span class='ocrx_word' id='word_1_230' title='bbox 928 2182 939 2200; x_wconf 93' lang='lat'>,</span> <span class='ocrx_word' id='word_1_231' title='bbox 975 2153 1122 2192; x_wconf 85' lang='lat' dir='ltr'>saltem</span> 
     </span>
     <span class='ocr_line' id='line_1_34' title="bbox 91 2214 1123 2266; baseline 0.002 -15"><span class='ocrx_word' id='word_1_232' title='bbox 91 2214 221 2263; x_wconf 85' lang='lat' dir='ltr'>magis</span> <span class='ocrx_word' id='word_1_233' title='bbox 239 2214 485 2253; x_wconf 87' lang='lat' dir='ltr'>removendo</span> <span class='ocrx_word' id='word_1_234' title='bbox 506 2215 813 2266; x_wconf 87' lang='lat' dir='ltr'>impedimenta.</span> <span class='ocrx_word' id='word_1_235' title='bbox 833 2215 917 2253; x_wconf 88' lang='lat' dir='ltr'>Hoc</span> <span class='ocrx_word' id='word_1_236' title='bbox 937 2215 1123 2253; x_wconf 88' lang='lat' dir='ltr'>insinua-</span> 
     </span>
     <span class='ocr_line' id='line_1_35' title="bbox 89 2274 1119 2328; baseline 0 -15"><span class='ocrx_word' id='word_1_237' title='bbox 89 2278 158 2313; x_wconf 85' lang='lat' dir='ltr'>tur</span> <span class='ocrx_word' id='word_1_238' title='bbox 184 2277 226 2313; x_wconf 89' lang='lat' dir='ltr'>in</span> <span class='ocrx_word' id='word_1_239' title='bbox 251 2276 385 2315; x_wconf 88' lang='lat' dir='ltr'>verbis</span> <span class='ocrx_word' id='word_1_240' title='bbox 421 2277 518 2315; x_wconf 85' lang='lat' dir='ltr'>dicti</span> <span class='ocrx_word' id='word_1_241' title='bbox 545 2277 690 2328; x_wconf 87' lang='lat' dir='ltr'>capitis</span> <span class='ocrx_word' id='word_1_242' title='bbox 727 2274 863 2324; x_wconf 86' lang='lat' dir='ltr'>quarti</span> <span class='ocrx_word' id='word_1_243' title='bbox 898 2274 1119 2321; x_wconf 74' lang='lat' dir='ltr'>Examfflis,</span> 
     </span>
     <span class='ocr_line' id='line_1_36' title="bbox 93 2335 1123 2388; baseline 0.002 -14"><span class='ocrx_word' id='word_1_244' title='bbox 93 2337 345 2388; x_wconf 86' lang='lat' dir='ltr'>paragrapho</span> <span class='ocrx_word' id='word_1_245' title='bbox 383 2339 558 2377; x_wconf 87' lang='lat' dir='ltr'>secundo</span> <span class='ocrx_word' id='word_1_246' title='bbox 584 2349 594 2373; x_wconf 74' lang='grc' dir='ltr'><strong><em>ε</em></strong></span> <span class='ocrx_word' id='word_1_247' title='bbox 639 2336 693 2376; x_wconf 78' lang='lat' dir='ltr'>Ut</span> <span class='ocrx_word' id='word_1_248' title='bbox 728 2335 867 2374; x_wconf 77' lang='lat' dir='ltr'>melius</span> <span class='ocrx_word' id='word_1_249' title='bbox 906 2336 1123 2386; x_wconf 67' lang='lat' dir='ltr'>ememplum</span> 
     </span>
     <span class='ocr_line' id='line_1_37' title="bbox 91 2397 1124 2447; baseline 0 -10"><span class='ocrx_word' id='word_1_250' title='bbox 91 2398 267 2437; x_wconf 74' lang='lat' dir='ltr'>omnibus</span> <span class='ocrx_word' id='word_1_251' title='bbox 301 2397 501 2444; x_wconf 74' lang='lat' dir='ltr'>adhibeat,</span> <span class='ocrx_word' id='word_1_252' title='bbox 538 2397 811 2435; x_wconf 72' lang='lat' dir='ltr'>inordinatum</span> <span class='ocrx_word' id='word_1_253' title='bbox 842 2397 1029 2447; x_wconf 81' lang='lat' dir='ltr'>affectum</span> <span class='ocrx_word' id='word_1_254' title='bbox 1063 2409 1124 2437; x_wconf 81' lang='lat' dir='ltr'>er·</span> 
     </span>
     <span class='ocr_line' id='line_1_38' title="bbox 90 2457 1125 2510; baseline 0.002 -12"><span class='ocrx_word' id='word_1_255' title='bbox 90 2470 143 2510; x_wconf 72' lang='lat' dir='ltr'>ya</span> <span class='ocrx_word' id='word_1_256' title='bbox 169 2461 352 2509; x_wconf 79' lang='lat' dir='ltr'>parentes</span> <span class='ocrx_word' id='word_1_257' title='bbox 384 2457 561 2505; x_wconf 57' lang='lat' dir='ltr'>eruendi,</span> <span class='ocrx_word' id='word_1_258' title='bbox 592 2461 626 2497; x_wconf 81' lang='lat' dir='ltr'>et</span> <span class='ocrx_word' id='word_1_259' title='bbox 654 2458 897 2497; x_wconf 79' lang='lat' dir='ltr'>incommoda</span> <span class='ocrx_word' id='word_1_260' title='bbox 920 2459 1125 2500; x_wconf 77' lang='lat' dir='ltr'>inordina-</span> 
     </span>
     <span class='ocr_line' id='line_1_39' title="bbox 90 2519 1122 2571; baseline -0.001 -9"><span class='ocrx_word' id='word_1_261' title='bbox 90 2524 142 2562; x_wconf 81' lang='lat' dir='ltr'>toe</span> <span class='ocrx_word' id='word_1_262' title='bbox 161 2519 471 2566; x_wconf 73' lang='lat' dir='ltr'>distributionis,</span> <span class='ocrx_word' id='word_1_263' title='bbox 491 2531 577 2571; x_wconf 82' lang='lat' dir='ltr'>quoe</span> <span class='ocrx_word' id='word_1_264' title='bbox 602 2532 628 2560; x_wconf 81' lang='lat' dir='ltr'>a</span> <span class='ocrx_word' id='word_1_265' title='bbox 657 2520 760 2560; x_wconf 67' lang='lat' dir='ltr'>dicto</span> <span class='ocrx_word' id='word_1_266' title='bbox 787 2531 918 2560; x_wconf 78' lang='lat' dir='ltr'>amore</span> <span class='ocrx_word' id='word_1_267' title='bbox 933 2522 1122 2570; x_wconf 78' lang='lat' dir='ltr'>procedit,</span> 
     </span>
     <span class='ocr_line' id='line_1_40' title="bbox 90 2582 1125 2634; baseline 0.001 -12"><span class='ocrx_word' id='word_1_268' title='bbox 90 2582 335 2627; x_wconf 71' lang='lat' dir='ltr'>declinandi,</span> <span class='ocrx_word' id='word_1_269' title='bbox 357 2585 393 2621; x_wconf 83' lang='lat' dir='ltr'>et</span> <span class='ocrx_word' id='word_1_270' title='bbox 412 2585 456 2620; x_wconf 84' lang='lat' dir='ltr'>ut</span> <span class='ocrx_word' id='word_1_271' title='bbox 480 2582 534 2620; x_wconf 89' lang='lat' dir='ltr'>ad</span> <span class='ocrx_word' id='word_1_272' title='bbox 550 2584 739 2633; x_wconf 77' lang='lat' dir='ltr'>parentes</span> <span class='ocrx_word' id='word_1_273' title='bbox 765 2584 802 2622; x_wconf 74' lang='lat' dir='ltr'>et</span> <span class='ocrx_word' id='word_1_274' title='bbox 821 2583 1125 2634; x_wconf 73' lang='lat' dir='ltr'>consanyuz&#39;neos</span> 
     </span>
     <span class='ocr_line' id='line_1_41' title="bbox 90 2643 1123 2693; baseline -0.001 -9"><span class='ocrx_word' id='word_1_275' title='bbox 90 2645 339 2690; x_wconf 79' lang='lat' dir='ltr'>recurrendi,</span> <span class='ocrx_word' id='word_1_276' title='bbox 361 2647 396 2683; x_wconf 80' lang='lat' dir='ltr'>et</span> <span class='ocrx_word' id='word_1_277' title='bbox 414 2643 464 2682; x_wconf 80' lang='lat' dir='ltr'>ad</span> <span class='ocrx_word' id='word_1_278' title='bbox 493 2643 675 2683; x_wconf 77' lang='lat' dir='ltr'>inutilem</span> <span class='ocrx_word' id='word_1_279' title='bbox 695 2643 874 2693; x_wconf 78' lang='lat' dir='ltr'>ipsorum</span> <span class='ocrx_word' id='word_1_280' title='bbox 894 2644 1123 2683; x_wconf 72' lang='lat' dir='ltr'>memoriam</span> 
     </span>
     <span class='ocr_line' id='line_1_42' title="bbox 91 2704 1124 2757; baseline -0.002 -11"><span class='ocrx_word' id='word_1_281' title='bbox 91 2706 204 2746; x_wconf 81' lang='lat' dir='ltr'>aditu</span> <span class='ocrx_word' id='word_1_282' title='bbox 218 2705 425 2757; x_wconf 73' lang='lat' dir='ltr'>proecluw,</span> <span class='ocrx_word' id='word_1_283' title='bbox 443 2705 607 2753; x_wconf 67' lang='lat' dir='ltr'>firmius</span> <span class='ocrx_word' id='word_1_284' title='bbox 629 2707 663 2743; x_wconf 77' lang='lat' dir='ltr'>et</span> <span class='ocrx_word' id='word_1_285' title='bbox 683 2704 872 2744; x_wconf 68' lang='lat' dir='ltr'>stabilius</span> <span class='ocrx_word' id='word_1_286' title='bbox 890 2704 934 2743; x_wconf 70' lang='lat' dir='ltr'>iu</span> <span class='ocrx_word' id='word_1_287' title='bbox 956 2715 1032 2745; x_wconf 77' lang='lat' dir='ltr'>sua</span> <span class='ocrx_word' id='word_1_288' title='bbox 1059 2716 1124 2744; x_wconf 85' lang='lat' dir='ltr'>vo-</span> 
     </span>
     <span class='ocr_line' id='line_1_43' title="bbox 91 2765 1124 2820; baseline -0.002 -13"><span class='ocrx_word' id='word_1_289' title='bbox 91 2768 242 2808; x_wconf 63' lang='lat' dir='ltr'>catione</span> <span class='ocrx_word' id='word_1_290' title='bbox 256 2770 513 2820; x_wconf 77' lang='lat' dir='ltr'>perseverent.</span> <span class='ocrx_word' id='word_1_291' title='bbox 538 2765 612 2804; x_wconf 90' lang='lat' dir='ltr'>Ubi</span> <span class='ocrx_word' id='word_1_292' title='bbox 641 2765 721 2804; x_wconf 87' lang='lat' dir='ltr'>tria</span> <span class='ocrx_word' id='word_1_293' title='bbox 739 2765 996 2804; x_wconf 83' lang='lat' dir='ltr'>incommoda</span> <span class='ocrx_word' id='word_1_294' title='bbox 1027 2765 1124 2805; x_wconf 88' lang='lat' dir='ltr'>insi-</span> 
     </span>
     <span class='ocr_line' id='line_1_44' title="bbox 89 2827 1122 2879; baseline 0.002 -13"><span class='ocrx_word' id='word_1_295' title='bbox 89 2832 271 2867; x_wconf 85' lang='lat' dir='ltr'>nuantur</span> <span class='ocrx_word' id='word_1_296' title='bbox 288 2858 298 2872; x_wconf 87' lang='lat'>,</span> <span class='ocrx_word' id='word_1_297' title='bbox 334 2831 500 2879; x_wconf 88' lang='lat' dir='ltr'>propter</span> <span class='ocrx_word' id='word_1_298' title='bbox 532 2839 624 2878; x_wconf 84' lang='lat' dir='ltr'>qnae</span> <span class='ocrx_word' id='word_1_299' title='bbox 649 2827 816 2867; x_wconf 84' lang='lat' dir='ltr'>vitanda</span> <span class='ocrx_word' id='word_1_300' title='bbox 845 2827 1009 2878; x_wconf 87' lang='lat' dir='ltr'>expedit</span> <span class='ocrx_word' id='word_1_301' title='bbox 1039 2839 1122 2868; x_wconf 96' lang='grc'>11011</span> 
     </span>
     <span class='ocr_line' id='line_1_45' title="bbox 72 2887 1120 2939; baseline 0.002 -12"><span class='ocrx_word' id='word_1_302' title='bbox 72 2887 330 2928; x_wconf 71' lang='lat' dir='ltr'>distribuere</span> <span class='ocrx_word' id='word_1_303' title='bbox 347 2889 456 2927; x_wconf 89' lang='lat' dir='ltr'>bona</span> <span class='ocrx_word' id='word_1_304' title='bbox 476 2889 805 2939; x_wconf 84' lang='lat' dir='ltr'>consanguineis.</span> <span class='ocrx_word' id='word_1_305' title='bbox 829 2889 1011 2928; x_wconf 87' lang='lat' dir='ltr'>Primum</span> <span class='ocrx_word' id='word_1_306' title='bbox 1039 2893 1120 2937; x_wconf 90' lang='lat' dir='ltr'>est,</span> 
     </span>
     <span class='ocr_line' id='line_1_46' title="bbox 89 2949 1122 3001; baseline 0.002 -13"><span class='ocrx_word' id='word_1_307' title='bbox 89 2957 146 2989; x_wconf 77' lang='lat' dir='ltr'>ne</span> <span class='ocrx_word' id='word_1_308' title='bbox 168 2949 424 2989; x_wconf 84' lang='lat' dir='ltr'>inordinatus</span> <span class='ocrx_word' id='word_1_309' title='bbox 448 2962 563 2989; x_wconf 89' lang='lat' dir='ltr'>amor</span> <span class='ocrx_word' id='word_1_310' title='bbox 581 2950 633 2988; x_wconf 88' lang='lat' dir='ltr'>ad</span> <span class='ocrx_word' id='word_1_311' title='bbox 651 2953 841 3001; x_wconf 86' lang='lat' dir='ltr'>parentes</span> <span class='ocrx_word' id='word_1_312' title='bbox 859 2954 1026 2998; x_wconf 86' lang='lat' dir='ltr'>crescat,</span> <span class='ocrx_word' id='word_1_313' title='bbox 1051 2951 1122 2990; x_wconf 87' lang='lat' dir='ltr'>sed</span> 
     </span>
    </p>

    <p class='ocr_par' dir='ltr' id='par_1_5' title="bbox 70 3011 1124 3429">
     <span class='ocr_line' id='line_1_47' title="bbox 70 3011 1122 3063; baseline 0.002 -14"><span class='ocrx_word' id='word_1_314' title='bbox 70 3011 225 3062; x_wconf 77' lang='lat' dir='ltr'>&#39;potius</span> <span class='ocrx_word' id='word_1_315' title='bbox 240 3011 450 3051; x_wconf 88' lang='lat' dir='ltr'>minuatur</span> <span class='ocrx_word' id='word_1_316' title='bbox 464 3022 476 3062; x_wconf 90' lang='lat'>;</span> <span class='ocrx_word' id='word_1_317' title='bbox 497 3012 684 3063; x_wconf 85' lang='lat' dir='ltr'>quamvis</span> <span class='ocrx_word' id='word_1_318' title='bbox 709 3013 820 3050; x_wconf 87' lang='lat' dir='ltr'>enim</span> <span class='ocrx_word' id='word_1_319' title='bbox 848 3011 1005 3051; x_wconf 86' lang='lat' dir='ltr'>dicatur</span> <span class='ocrx_word' id='word_1_320' title='bbox 1033 3011 1122 3051; x_wconf 90' lang='lat' dir='ltr'>fieri</span> 
     </span>
     <span class='ocr_line' id='line_1_48' title="bbox 88 3068 1123 3126; baseline 0.003 -16"><span class='ocrx_word' id='word_1_321' title='bbox 88 3068 172 3110; x_wconf 75' lang='lat' dir='ltr'>&#39;hoc</span> <span class='ocrx_word' id='word_1_322' title='bbox 198 3076 361 3124; x_wconf 84' lang='lat' dir='ltr'>propter</span> <span class='ocrx_word' id='word_1_323' title='bbox 389 3074 621 3125; x_wconf 88' lang='lat' dir='ltr'>exemplum</span> <span class='ocrx_word' id='word_1_324' title='bbox 650 3073 849 3122; x_wconf 86' lang='lat' dir='ltr'>aliorum,</span> <span class='ocrx_word' id='word_1_325' title='bbox 881 3075 1123 3126; x_wconf 83' lang='lat' dir='ltr'>supponitur</span> 
     </span>
     <span class='ocr_line' id='line_1_49' title="bbox 94 3131 1124 3187; baseline 0.004 -17"><span class='ocrx_word' id='word_1_326' title='bbox 94 3131 182 3171; x_wconf 76' lang='lat' dir='ltr'>sine</span> <span class='ocrx_word' id='word_1_327' title='bbox 195 3132 320 3172; x_wconf 86' lang='lat' dir='ltr'>dubio</span> <span class='ocrx_word' id='word_1_328' title='bbox 332 3134 444 3184; x_wconf 87' lang='lat' dir='ltr'>prius</span> <span class='ocrx_word' id='word_1_329' title='bbox 459 3146 544 3174; x_wconf 89' lang='lat' dir='ltr'>esse</span> <span class='ocrx_word' id='word_1_330' title='bbox 559 3135 683 3174; x_wconf 85' lang='lat' dir='ltr'>talem</span> <span class='ocrx_word' id='word_1_331' title='bbox 700 3135 878 3174; x_wconf 84' lang='lat' dir='ltr'>fructum</span> <span class='ocrx_word' id='word_1_332' title='bbox 892 3134 936 3174; x_wconf 91' lang='lat' dir='ltr'>in</span> <span class='ocrx_word' id='word_1_333' title='bbox 950 3136 1124 3187; x_wconf 85' lang='lat' dir='ltr'>ipsomet</span> 
     </span>
     <span class='ocr_line' id='line_1_50' title="bbox 95 3192 1123 3246; baseline 0.006 -14"><span class='ocrx_word' id='word_1_334' title='bbox 95 3192 286 3244; x_wconf 80' lang='lat' dir='ltr'>religioso</span> <span class='ocrx_word' id='word_1_335' title='bbox 305 3197 582 3246; x_wconf 84' lang='lat' dir='ltr'>spectandum.</span> <span class='ocrx_word' id='word_1_336' title='bbox 603 3197 778 3237; x_wconf 87' lang='lat' dir='ltr'>Multum</span> <span class='ocrx_word' id='word_1_337' title='bbox 799 3201 936 3238; x_wconf 86' lang='lat' dir='ltr'>autem</span> <span class='ocrx_word' id='word_1_338' title='bbox 966 3198 1123 3238; x_wconf 82' lang='lat' dir='ltr'>confert</span> 
     </span>
     <span class='ocr_line' id='line_1_51' title="bbox 96 3254 1121 3310; baseline 0.005 -16"><span class='ocrx_word' id='word_1_339' title='bbox 96 3254 148 3294; x_wconf 90' lang='lat' dir='ltr'>ad</span> <span class='ocrx_word' id='word_1_340' title='bbox 166 3254 436 3295; x_wconf 90' lang='lat' dir='ltr'>minuendum</span> <span class='ocrx_word' id='word_1_341' title='bbox 452 3256 562 3296; x_wconf 84' lang='lat' dir='ltr'>hunc</span> <span class='ocrx_word' id='word_1_342' title='bbox 584 3258 790 3308; x_wconf 81' lang='lat' dir='ltr'>affectum,</span> <span class='ocrx_word' id='word_1_343' title='bbox 810 3258 862 3298; x_wconf 90' lang='lat' dir='ltr'>ab</span> <span class='ocrx_word' id='word_1_344' title='bbox 885 3259 1121 3310; x_wconf 89' lang='lat' dir='ltr'>hujusmodi</span> 
     </span>
     <span class='ocr_line' id='line_1_52' title="bbox 96 3315 1123 3373; baseline 0.008 -19"><span class='ocrx_word' id='word_1_345' title='bbox 96 3315 382 3355; x_wconf 85' lang='lat' dir='ltr'>donationibus</span> <span class='ocrx_word' id='word_1_346' title='bbox 401 3316 614 3359; x_wconf 80' lang='lat' dir='ltr'>abstinere.</span> <span class='ocrx_word' id='word_1_347' title='bbox 630 3321 732 3360; x_wconf 87' lang='lat' dir='ltr'>Nam</span> <span class='ocrx_word' id='word_1_348' title='bbox 748 3333 797 3361; x_wconf 89' lang='lat' dir='ltr'>eo</span> <span class='ocrx_word' id='word_1_349' title='bbox 818 3321 908 3373; x_wconf 88' lang='lat' dir='ltr'>ipso</span> <span class='ocrx_word' id='word_1_350' title='bbox 923 3334 1038 3361; x_wconf 89' lang='lat' dir='ltr'>amor</span> <span class='ocrx_word' id='word_1_351' title='bbox 1056 3334 1123 3361; x_wconf 85' lang='grc'>00-</span> 
     </span>
     <span class='ocr_line' id='line_1_53' title="bbox 95 3381 1123 3429; baseline 0.008 -13"><span class='ocrx_word' id='word_1_352' title='bbox 95 3381 315 3429; x_wconf 79' lang='lat' dir='ltr'>gnatorum</span> <span class='ocrx_word' id='word_1_353' title='bbox 344 3389 442 3429; x_wconf 84' lang='lat' dir='ltr'>erga</span> <span class='ocrx_word' id='word_1_354' title='bbox 461 3389 535 3417; x_wconf 84' lang='lat' dir='ltr'>nos</span> <span class='ocrx_word' id='word_1_355' title='bbox 564 3381 796 3423; x_wconf 77' lang='lat' dir='ltr'>remittitur.</span> <span class='ocrx_word' id='word_1_356' title='bbox 816 3383 933 3424; x_wconf 89' lang='lat' dir='ltr'>Unde</span> <span class='ocrx_word' id='word_1_357' title='bbox 957 3383 1081 3423; x_wconf 88' lang='lat' dir='ltr'>etiam</span> <span class='ocrx_word' id='word_1_358' title='bbox 1101 3395 1123 3424; x_wconf 90' lang='lat' dir='ltr'>e</span> 
     </span>
    </p>

    <p class='ocr_par' dir='ltr' id='par_1_6' title="bbox 54 3438 1125 3676">
     <span class='ocr_line' id='line_1_54' title="bbox 63 3438 1125 3490; baseline 0.006 -11"><span class='ocrx_word' id='word_1_359' title='bbox 63 3438 82 3482; x_wconf 67' lang='grc' dir='ltr'>’ἐ</span> <span class='ocrx_word' id='word_1_360' title='bbox 95 3443 258 3490; x_wconf 74' lang='lat' dir='ltr'>contra,</span> <span class='ocrx_word' id='word_1_361' title='bbox 275 3439 480 3489; x_wconf 78' lang='lat' dir='ltr'>donando,</span> <span class='ocrx_word' id='word_1_362' title='bbox 499 3443 812 3484; x_wconf 74' lang='lat' dir='ltr'>connaturaliter</span> <span class='ocrx_word' id='word_1_363' title='bbox 844 3445 892 3484; x_wconf 80' lang='lat' dir='ltr'>fit</span> <span class='ocrx_word' id='word_1_364' title='bbox 913 3449 959 3484; x_wconf 88' lang='lat' dir='ltr'>nt</span> <span class='ocrx_word' id='word_1_365' title='bbox 987 3449 1125 3486; x_wconf 83' lang='lat' dir='ltr'>nostra</span> 
     </span>
     <span class='ocr_line' id='line_1_55' title="bbox 67 3501 1123 3547; baseline 0.006 -6.169"><span class='ocrx_word' id='word_1_366' title='bbox 67 3501 220 3542; x_wconf 69' lang='lat' dir='ltr'>etiam</span> <span class='ocrx_word' id='word_1_367' title='bbox 247 3501 445 3541; x_wconf 83' lang='lat' dir='ltr'>naturalis</span> <span class='ocrx_word' id='word_1_368' title='bbox 462 3501 625 3541; x_wconf 82' lang='lat' dir='ltr'>affectio</span> <span class='ocrx_word' id='word_1_369' title='bbox 641 3508 805 3544; x_wconf 77' lang='lat' dir='ltr'>crescat.</span> <span class='ocrx_word' id='word_1_370' title='bbox 823 3506 975 3547; x_wconf 82' lang='lat' dir='ltr'>Morale</span> <span class='ocrx_word' id='word_1_371' title='bbox 999 3508 1123 3547; x_wconf 83' lang='lat' dir='ltr'>etiam</span> 
     </span>
     <span class='ocr_line' id='line_1_56' title="bbox 58 3557 1124 3615; baseline 0.006 -12.222"><span class='ocrx_word' id='word_1_372' title='bbox 58 3557 159 3603; x_wconf 75' lang='lat' dir='ltr'>est</span> <span class='ocrx_word' id='word_1_373' title='bbox 171 3565 218 3601; x_wconf 83' lang='lat' dir='ltr'>ut</span> <span class='ocrx_word' id='word_1_374' title='bbox 229 3573 360 3611; x_wconf 84' lang='lat' dir='ltr'>amor,</span> <span class='ocrx_word' id='word_1_375' title='bbox 373 3574 459 3603; x_wconf 90' lang='lat' dir='ltr'>non</span> <span class='ocrx_word' id='word_1_376' title='bbox 476 3566 640 3603; x_wconf 81' lang='lat' dir='ltr'>tantum</span> <span class='ocrx_word' id='word_1_377' title='bbox 651 3564 898 3615; x_wconf 80' lang='lat' dir='ltr'>recipiendo,</span> <span class='ocrx_word' id='word_1_378' title='bbox 913 3568 982 3607; x_wconf 87' lang='lat' dir='ltr'>sed</span> <span class='ocrx_word' id='word_1_379' title='bbox 1001 3570 1124 3608; x_wconf 84' lang='lat' dir='ltr'>etiam</span> 
     </span>
     <span class='ocr_line' id='line_1_57' title="bbox 20 3602 1121 3690; baseline 0.005 -27.162"><span class='ocrx_word' id='word_1_380' title='bbox 20 3602 288 3690; x_wconf 45' lang='lat' dir='ltr'>froumundo</span> <span class='ocrx_word' id='word_1_381' title='bbox 305 3628 520 3676; x_wconf 78' lang='lat' dir='ltr'>augeatur,</span> <span class='ocrx_word' id='word_1_382' title='bbox 539 3624 641 3665; x_wconf 78' lang='lat' dir='ltr'>adeo</span> <span class='ocrx_word' id='word_1_383' title='bbox 665 3628 712 3665; x_wconf 87' lang='lat' dir='ltr'>ut</span> <span class='ocrx_word' id='word_1_384' title='bbox 727 3624 884 3668; x_wconf 80' lang='lat' dir='ltr'>dubitet</span> <span class='ocrx_word' id='word_1_385' title='bbox 904 3628 952 3668; x_wconf 85' lang='lat' dir='ltr'>D.</span> <span class='ocrx_word' id='word_1_386' title='bbox 976 3629 1121 3670; x_wconf 85' lang='lat' dir='ltr'>Thom.</span> 
     </span>
    </p>
   </div>
   <div class='ocr_carea' id='block_1_4' title="bbox 1191 371 2232 436">
    <p class='ocr_par' dir='ltr' id='par_1_7' title="bbox 1191 371 2232 436">
     <span class='ocr_line' id='line_1_58' title="bbox 1191 371 2232 436; baseline 0.017 -29"><span class='ocrx_word' id='word_1_387' title='bbox 1191 380 1276 419; x_wconf 89' lang='lat' dir='ltr'>mo,</span> <span class='ocrx_word' id='word_1_388' title='bbox 1296 381 1392 410; x_wconf 90' lang='lat' dir='ltr'>cum</span> <span class='ocrx_word' id='word_1_389' title='bbox 1410 371 1645 423; x_wconf 84' lang='lat' dir='ltr'>Aristotele,</span> <span class='ocrx_word' id='word_1_390' title='bbox 1667 376 1741 416; x_wconf 88' lang='lat' dir='ltr'>lib</span> <span class='ocrx_word' id='word_1_391' title='bbox 1766 382 1793 419; x_wconf 83' lang='lat'>9</span> <span class='ocrx_word' id='word_1_392' title='bbox 1812 381 1946 422; x_wconf 68' lang='lat' dir='ltr'>Ethic.</span> <span class='ocrx_word' id='word_1_393' title='bbox 1952 394 2081 435; x_wconf 78' lang='lat' dir='ltr'>,eap.</span> <span class='ocrx_word' id='word_1_394' title='bbox 2105 383 2232 436; x_wconf 73' lang='lat' dir='ltr'>septi-</span> 
     </span>
    </p>
   </div>
   <div class='ocr_carea' id='block_1_5' title="bbox 1191 433 2235 549">
    <p class='ocr_par' dir='ltr' id='par_1_8' title="bbox 1191 433 2235 549">
     <span class='ocr_line' id='line_1_59' title="bbox 1191 433 2235 497; baseline 0.018 -28"><span class='ocrx_word' id='word_1_395' title='bbox 1191 442 1276 480; x_wconf 91' lang='lat' dir='ltr'>mo,</span> <span class='ocrx_word' id='word_1_396' title='bbox 1299 433 1391 484; x_wconf 85' lang='lat' dir='ltr'>quis</span> <span class='ocrx_word' id='word_1_397' title='bbox 1419 434 1552 485; x_wconf 84' lang='lat' dir='ltr'>magis</span> <span class='ocrx_word' id='word_1_398' title='bbox 1571 434 1806 487; x_wconf 84' lang='lat' dir='ltr'>diligendus</span> <span class='ocrx_word' id='word_1_399' title='bbox 1825 443 1890 492; x_wconf 84' lang='lat' dir='ltr'>sit,</span> <span class='ocrx_word' id='word_1_400' title='bbox 1911 443 2166 497; x_wconf 76' lang='lat' dir='ltr'>benefactor,</span> <span class='ocrx_word' id='word_1_401' title='bbox 2177 457 2235 487; x_wconf 77' lang='lat' dir='ltr'>an</span> 
     </span>
     <span class='ocr_line' id='line_1_60' title="bbox 1191 493 2234 549; baseline 0.018 -18"><span class='ocrx_word' id='word_1_402' title='bbox 1191 493 1259 532; x_wconf 86' lang='lat' dir='ltr'>cui</span> <span class='ocrx_word' id='word_1_403' title='bbox 1286 493 1536 534; x_wconf 86' lang='lat' dir='ltr'>beneficium</span> <span class='ocrx_word' id='word_1_404' title='bbox 1566 496 1802 548; x_wconf 76' lang='lat' dir='ltr'>confertur,</span> <span class='ocrx_word' id='word_1_405' title='bbox 1834 507 1875 541; x_wconf 90' lang='lat' dir='ltr'>et</span> <span class='ocrx_word' id='word_1_406' title='bbox 1902 517 1953 544; x_wconf 78' lang='lat' dir='ltr'>ex</span> <span class='ocrx_word' id='word_1_407' title='bbox 1981 506 2234 549; x_wconf 78' lang='lat' dir='ltr'>resolutione</span> 
     </span>
    </p>
   </div>
   <div class='ocr_carea' id='block_1_6' title="bbox 1185 556 2235 932">
    <p class='ocr_par' dir='ltr' id='par_1_9' title="bbox 1185 556 2235 922">
     <span class='ocr_line' id='line_1_61' title="bbox 1191 556 2235 614; baseline 0.018 -19"><span class='ocrx_word' id='word_1_408' title='bbox 1191 556 1282 608; x_wconf 86' lang='lat' dir='ltr'>ejus</span> <span class='ocrx_word' id='word_1_409' title='bbox 1310 557 1585 610; x_wconf 84' lang='lat' dir='ltr'>intelligitur,</span> <span class='ocrx_word' id='word_1_410' title='bbox 1615 559 1711 600; x_wconf 87' lang='lat' dir='ltr'>licet</span> <span class='ocrx_word' id='word_1_411' title='bbox 1739 565 1945 614; x_wconf 85' lang='lat' dir='ltr'>superiori</span> <span class='ocrx_word' id='word_1_412' title='bbox 1973 573 2015 608; x_wconf 85' lang='lat' dir='ltr'>et</span> <span class='ocrx_word' id='word_1_413' title='bbox 2040 571 2235 612; x_wconf 77' lang='lat' dir='ltr'>rationali</span> 
     </span>
     <span class='ocr_line' id='line_1_62' title="bbox 1190 621 2235 677; baseline 0.017 -20"><span class='ocrx_word' id='word_1_414' title='bbox 1190 630 1333 659; x_wconf 86' lang='lat' dir='ltr'>amore</span> <span class='ocrx_word' id='word_1_415' title='bbox 1352 621 1487 672; x_wconf 88' lang='lat' dir='ltr'>magis</span> <span class='ocrx_word' id='word_1_416' title='bbox 1505 621 1705 674; x_wconf 77' lang='lat' dir='ltr'>diligatur</span> <span class='ocrx_word' id='word_1_417' title='bbox 1723 623 1979 677; x_wconf 75' lang='lat' dir='ltr'>benefactor,</span> <span class='ocrx_word' id='word_1_418' title='bbox 1993 630 2235 674; x_wconf 74' lang='lat' dir='ltr'>interiorem</span> 
     </span>
     <span class='ocr_line' id='line_1_63' title="bbox 1187 680 2235 739; baseline 0.014 -21"><span class='ocrx_word' id='word_1_419' title='bbox 1187 680 1330 719; x_wconf 86' lang='lat' dir='ltr'>tamen</span> <span class='ocrx_word' id='word_1_420' title='bbox 1349 684 1390 720; x_wconf 80' lang='lat' dir='ltr'>et</span> <span class='ocrx_word' id='word_1_421' title='bbox 1421 681 1659 722; x_wconf 82' lang='lat' dir='ltr'>naturalem</span> <span class='ocrx_word' id='word_1_422' title='bbox 1687 695 1876 724; x_wconf 86' lang='lat' dir='ltr'>amorem</span> <span class='ocrx_word' id='word_1_423' title='bbox 1905 689 2040 739; x_wconf 88' lang='lat' dir='ltr'>magis</span> <span class='ocrx_word' id='word_1_424' title='bbox 2063 691 2167 732; x_wconf 82' lang='lat' dir='ltr'>ferri</span> <span class='ocrx_word' id='word_1_425' title='bbox 2181 693 2235 733; x_wconf 86' lang='lat' dir='ltr'>ad</span> 
     </span>
     <span class='ocr_line' id='line_1_64' title="bbox 1186 739 2235 805; baseline 0.013 -25"><span class='ocrx_word' id='word_1_426' title='bbox 1186 739 1496 783; x_wconf 78' lang='lat' dir='ltr'>beneficiatum.</span> <span class='ocrx_word' id='word_1_427' title='bbox 1518 745 1706 797; x_wconf 87' lang='lat' dir='ltr'>Denique</span> <span class='ocrx_word' id='word_1_428' title='bbox 1719 747 1880 787; x_wconf 89' lang='lat' dir='ltr'>illemet</span> <span class='ocrx_word' id='word_1_429' title='bbox 1894 752 2024 799; x_wconf 87' lang='lat' dir='ltr'>actus,</span> <span class='ocrx_word' id='word_1_430' title='bbox 2046 763 2128 802; x_wconf 89' lang='lat' dir='ltr'>quo</span> <span class='ocrx_word' id='word_1_431' title='bbox 2142 755 2235 805; x_wconf 83' lang='lat' dir='ltr'>quis</span> 
     </span>
     <span class='ocr_line' id='line_1_65' title="bbox 1187 804 2229 860; baseline 0.012 -18"><span class='ocrx_word' id='word_1_432' title='bbox 1187 813 1230 842; x_wconf 84' lang='lat' dir='ltr'>se</span> <span class='ocrx_word' id='word_1_433' title='bbox 1249 804 1376 844; x_wconf 88' lang='lat' dir='ltr'>vincit</span> <span class='ocrx_word' id='word_1_434' title='bbox 1389 809 1430 844; x_wconf 88' lang='lat' dir='ltr'>et</span> <span class='ocrx_word' id='word_1_435' title='bbox 1447 806 1627 858; x_wconf 84' lang='lat' dir='ltr'>abnegat</span> <span class='ocrx_word' id='word_1_436' title='bbox 1640 807 1835 849; x_wconf 89' lang='lat' dir='ltr'>donando</span> <span class='ocrx_word' id='word_1_437' title='bbox 1849 810 1961 850; x_wconf 89' lang='lat' dir='ltr'>bona</span> <span class='ocrx_word' id='word_1_438' title='bbox 1979 823 2055 851; x_wconf 84' lang='lat' dir='ltr'>sua</span> <span class='ocrx_word' id='word_1_439' title='bbox 2072 813 2229 860; x_wconf 83' lang='lat' dir='ltr'>alienis,</span> 
     </span>
     <span class='ocr_line' id='line_1_66' title="bbox 1185 865 2230 932; baseline 0.01 -28"><span class='ocrx_word' id='word_1_440' title='bbox 1185 865 1324 916; x_wconf 88' lang='lat' dir='ltr'>potius</span> <span class='ocrx_word' id='word_1_441' title='bbox 1351 879 1479 919; x_wconf 87' lang='lat' dir='ltr'>quam</span> <span class='ocrx_word' id='word_1_442' title='bbox 1507 870 1780 932; x_wconf 86' lang='lat' dir='ltr'>propinquis,</span> <span class='ocrx_word' id='word_1_443' title='bbox 1812 872 1988 912; x_wconf 87' lang='lat' dir='ltr'>remittit</span> <span class='ocrx_word' id='word_1_444' title='bbox 2023 875 2230 926; x_wconf 86' lang='lat' dir='ltr'>multum,</span> 
     </span>
    </p>
   </div>
   <div class='ocr_carea' id='block_1_7' title="bbox 1186 928 2230 1034">
    <p class='ocr_par' dir='ltr' id='par_1_10' title="bbox 1186 928 2230 1034">
     <span class='ocr_line' id='line_1_67' title="bbox 1186 928 2230 979; baseline 0.01 -13"><span class='ocrx_word' id='word_1_445' title='bbox 1186 939 1259 967; x_wconf 91' lang='lat' dir='ltr'>seu</span> <span class='ocrx_word' id='word_1_446' title='bbox 1300 928 1346 967; x_wconf 90' lang='lat' dir='ltr'>in</span> <span class='ocrx_word' id='word_1_447' title='bbox 1387 930 1523 969; x_wconf 87' lang='lat' dir='ltr'>officio</span> <span class='ocrx_word' id='word_1_448' title='bbox 1553 928 1736 972; x_wconf 75' lang='lat' dir='ltr'>centinet</span> <span class='ocrx_word' id='word_1_449' title='bbox 1763 945 1950 974; x_wconf 88' lang='lat' dir='ltr'>amorem</span> <span class='ocrx_word' id='word_1_450' title='bbox 1980 937 2230 979; x_wconf 83' lang='lat' dir='ltr'>naturalem.</span> 
     </span>
     <span class='ocr_line' id='line_1_68' title="bbox 1186 981 2224 1034; baseline 0.007 -15"><span class='ocrx_word' id='word_1_451' title='bbox 1186 981 1392 1029; x_wconf 87' lang='lat' dir='ltr'>Quantum</span> <span class='ocrx_word' id='word_1_452' title='bbox 1407 990 1546 1022; x_wconf 90' lang='lat' dir='ltr'>autem</span> <span class='ocrx_word' id='word_1_453' title='bbox 1562 982 1724 1022; x_wconf 87' lang='lat' dir='ltr'>intersit</span> <span class='ocrx_word' id='word_1_454' title='bbox 1740 983 1793 1022; x_wconf 91' lang='lat' dir='ltr'>ad</span> <span class='ocrx_word' id='word_1_455' title='bbox 1810 983 2104 1034; x_wconf 85' lang='lat' dir='ltr'>perfectionem</span> <span class='ocrx_word' id='word_1_456' title='bbox 2116 984 2224 1027; x_wconf 88' lang='grc'>111100</span> 
     </span>
    </p>
   </div>
   <div class='ocr_carea' id='block_1_8' title="bbox 1175 1044 2246 3557">
    <p class='ocr_par' dir='ltr' id='par_1_11' title="bbox 1175 1044 2246 3556">
     <span class='ocr_line' id='line_1_69' title="bbox 1185 1044 2222 1097; baseline 0.005 -15"><span class='ocrx_word' id='word_1_457' title='bbox 1185 1055 1367 1082; x_wconf 82' lang='grc'>3111010111</span> <span class='ocrx_word' id='word_1_458' title='bbox 1395 1044 1675 1084; x_wconf 88' lang='lat' dir='ltr'>inordinatum</span> <span class='ocrx_word' id='word_1_459' title='bbox 1702 1044 1892 1085; x_wconf 88' lang='lat' dir='ltr'>cohibere</span> <span class='ocrx_word' id='word_1_460' title='bbox 1913 1057 1987 1085; x_wconf 86' lang='lat' dir='ltr'>seu</span> <span class='ocrx_word' id='word_1_461' title='bbox 2019 1046 2222 1097; x_wconf 87' lang='lat' dir='ltr'>minuere,</span> 
     </span>
     <span class='ocr_line' id='line_1_70' title="bbox 1185 1105 2224 1156; baseline 0.004 -13"><span class='ocrx_word' id='word_1_462' title='bbox 1185 1105 1280 1143; x_wconf 88' lang='lat' dir='ltr'>satis</span> <span class='ocrx_word' id='word_1_463' title='bbox 1299 1105 1545 1155; x_wconf 85' lang='lat' dir='ltr'>significavit</span> <span class='ocrx_word' id='word_1_464' title='bbox 1566 1106 1767 1154; x_wconf 89' lang='lat' dir='ltr'>Christus,</span> <span class='ocrx_word' id='word_1_465' title='bbox 1787 1110 1877 1146; x_wconf 87' lang='lat' dir='ltr'>tum</span> <span class='ocrx_word' id='word_1_466' title='bbox 1895 1106 2040 1147; x_wconf 75' lang='lat' dir='ltr'>Matth.</span> <span class='ocrx_word' id='word_1_467' title='bbox 2062 1109 2130 1156; x_wconf 81' lang='lat'>29,</span> <span class='ocrx_word' id='word_1_468' title='bbox 2151 1107 2224 1147; x_wconf 85' lang='lat' dir='ltr'>uhi</span> 
     </span>
     <span class='ocr_line' id='line_1_71' title="bbox 1181 1166 2221 1220; baseline 0.004 -15"><span class='ocrx_word' id='word_1_469' title='bbox 1181 1166 1240 1205; x_wconf 88' lang='lat' dir='ltr'>ita</span> <span class='ocrx_word' id='word_1_470' title='bbox 1253 1168 1428 1206; x_wconf 86' lang='lat' dir='ltr'>consulit</span> <span class='ocrx_word' id='word_1_471' title='bbox 1441 1168 1672 1219; x_wconf 86' lang='lat' dir='ltr'>relinquere</span> <span class='ocrx_word' id='word_1_472' title='bbox 1686 1167 1847 1215; x_wconf 87' lang='lat' dir='ltr'>fratres,</span> <span class='ocrx_word' id='word_1_473' title='bbox 1861 1180 2032 1216; x_wconf 86' lang='grc'>5010105,</span> <span class='ocrx_word' id='word_1_474' title='bbox 2045 1173 2221 1220; x_wconf 88' lang='lat' dir='ltr'>patrem,</span> 
     </span>
     <span class='ocr_line' id='line_1_72' title="bbox 1182 1229 2223 1281; baseline 0.004 -14"><span class='ocrx_word' id='word_1_475' title='bbox 1182 1233 1378 1278; x_wconf 86' lang='lat' dir='ltr'>matrem,</span> <span class='ocrx_word' id='word_1_476' title='bbox 1407 1233 1448 1269; x_wconf 88' lang='lat' dir='ltr'>et</span> <span class='ocrx_word' id='word_1_477' title='bbox 1464 1230 1592 1279; x_wconf 87' lang='lat' dir='ltr'>filios,</span> <span class='ocrx_word' id='word_1_478' title='bbox 1613 1234 1685 1269; x_wconf 88' lang='lat' dir='ltr'>aut</span> <span class='ocrx_word' id='word_1_479' title='bbox 1702 1229 1857 1278; x_wconf 91' lang='lat' dir='ltr'>domos,</span> <span class='ocrx_word' id='word_1_480' title='bbox 1878 1234 1951 1269; x_wconf 89' lang='lat' dir='ltr'>aut</span> <span class='ocrx_word' id='word_1_481' title='bbox 1972 1241 2114 1281; x_wconf 85' lang='lat' dir='ltr'>agr;os</span> <span class='ocrx_word' id='word_1_482' title='bbox 2133 1235 2223 1271; x_wconf 85' lang='lat' dir='ltr'>tum</span> 
     </span>
     <span class='ocr_line' id='line_1_73' title="bbox 1181 1290 2246 1337; baseline 0.004 -9"><span class='ocrx_word' id='word_1_483' title='bbox 1181 1290 1278 1329; x_wconf 85' lang='lat' dir='ltr'>Luc..</span> <span class='ocrx_word' id='word_1_484' title='bbox 1302 1292 1367 1337; x_wconf 77' lang='lat'>14,</span> <span class='ocrx_word' id='word_1_485' title='bbox 1383 1291 1455 1329; x_wconf 83' lang='grc'>11111</span> <span class='ocrx_word' id='word_1_486' title='bbox 1475 1291 1582 1330; x_wconf 88' lang='lat' dir='ltr'>hanc</span> <span class='ocrx_word' id='word_1_487' title='bbox 1602 1291 1921 1330; x_wconf 80' lang='lat' dir='ltr'>diminutionem</span> <span class='ocrx_word' id='word_1_488' title='bbox 1943 1292 2143 1331; x_wconf 89' lang='lat' dir='ltr'>naturalis</span> <span class='ocrx_word' id='word_1_489' title='bbox 2163 1293 2246 1332; x_wconf 75' lang='lat' dir='ltr'>af·-</span> 
     </span>
     <span class='ocr_line' id='line_1_74' title="bbox 1180 1351 2224 1405; baseline 0.004 -14"><span class='ocrx_word' id='word_1_490' title='bbox 1180 1351 1308 1391; x_wconf 82' lang='lat' dir='ltr'>fectus</span> <span class='ocrx_word' id='word_1_491' title='bbox 1328 1353 1468 1392; x_wconf 91' lang='lat' dir='ltr'>odium</span> <span class='ocrx_word' id='word_1_492' title='bbox 1485 1352 1722 1404; x_wconf 84' lang='lat' dir='ltr'>appellavit,</span> <span class='ocrx_word' id='word_1_493' title='bbox 1741 1352 1905 1394; x_wconf 86' lang='lat' dir='ltr'>dicens:</span> <span class='ocrx_word' id='word_1_494' title='bbox 1930 1351 1984 1393; x_wconf 71' lang='lat' dir='ltr'>Si</span> <span class='ocrx_word' id='word_1_495' title='bbox 2007 1352 2099 1405; x_wconf 75' lang='lat' dir='ltr'>quis</span> <span class='ocrx_word' id='word_1_496' title='bbox 2118 1355 2224 1395; x_wconf 76' lang='lat' dir='ltr'>venit</span> 
     </span>
     <span class='ocr_line' id='line_1_75' title="bbox 1179 1415 2222 1465; baseline 0.001 -11"><span class='ocrx_word' id='word_1_497' title='bbox 1179 1415 1232 1455; x_wconf 86' lang='lat' dir='ltr'>ad</span> <span class='ocrx_word' id='word_1_498' title='bbox 1247 1426 1328 1463; x_wconf 81' lang='lat' dir='ltr'>me,</span> <span class='ocrx_word' id='word_1_499' title='bbox 1345 1418 1380 1455; x_wconf 78' lang='lat' dir='ltr'>et</span> <span class='ocrx_word' id='word_1_500' title='bbox 1399 1426 1476 1454; x_wconf 78' lang='lat' dir='ltr'>non</span> <span class='ocrx_word' id='word_1_501' title='bbox 1493 1415 1576 1454; x_wconf 78' lang='lat' dir='ltr'>odit</span> <span class='ocrx_word' id='word_1_502' title='bbox 1592 1418 1751 1465; x_wconf 79' lang='lat' dir='ltr'>patrem</span> <span class='ocrx_word' id='word_1_503' title='bbox 1773 1426 1902 1461; x_wconf 79' lang='lat' dir='ltr'>suum,</span> <span class='ocrx_word' id='word_1_504' title='bbox 1928 1418 1964 1454; x_wconf 77' lang='lat' dir='ltr'>ec</span> <span class='ocrx_word' id='word_1_505' title='bbox 1982 1418 2164 1463; x_wconf 80' lang='lat' dir='ltr'>matrem,</span> <span class='ocrx_word' id='word_1_506' title='bbox 2185 1418 2222 1455; x_wconf 78' lang='lat' dir='ltr'>et</span> 
     </span>
     <span class='ocr_line' id='line_1_76' title="bbox 1177 1476 2221 1524; baseline 0.003 -10"><span class='ocrx_word' id='word_1_507' title='bbox 1177 1485 1355 1522; x_wconf 73' lang='lat' dir='ltr'>uxorem,</span> <span class='ocrx_word' id='word_1_508' title='bbox 1378 1480 1412 1514; x_wconf 84' lang='lat' dir='ltr'>et</span> <span class='ocrx_word' id='word_1_509' title='bbox 1435 1478 1602 1524; x_wconf 75' lang='lat' dir='ltr'>fratres,</span> <span class='ocrx_word' id='word_1_510' title='bbox 1624 1479 1660 1515; x_wconf 79' lang='lat' dir='ltr'>et</span> <span class='ocrx_word' id='word_1_511' title='bbox 1679 1487 1855 1523; x_wconf 76' lang='lat' dir='ltr'>sorores,</span> <span class='ocrx_word' id='word_1_512' title='bbox 1883 1476 2010 1515; x_wconf 70' lang='lat' dir='ltr'>adhuc</span> <span class='ocrx_word' id='word_1_513' title='bbox 2029 1480 2159 1516; x_wconf 75' lang='lat' dir='ltr'>autem</span> <span class='ocrx_word' id='word_1_514' title='bbox 2186 1480 2221 1517; x_wconf 74' lang='lat' dir='ltr'>et</span> 
     </span>
     <span class='ocr_line' id='line_1_77' title="bbox 1179 1537 2218 1590; baseline 0.001 -14"><span class='ocrx_word' id='word_1_515' title='bbox 1179 1538 1355 1577; x_wconf 78' lang='lat' dir='ltr'>animam</span> <span class='ocrx_word' id='word_1_516' title='bbox 1375 1549 1505 1583; x_wconf 75' lang='lat' dir='ltr'>suam,</span> <span class='ocrx_word' id='word_1_517' title='bbox 1520 1550 1598 1577; x_wconf 69' lang='lat' dir='ltr'>ozon</span> <span class='ocrx_word' id='word_1_518' title='bbox 1613 1542 1741 1588; x_wconf 78' lang='lat' dir='ltr'>potest</span> <span class='ocrx_word' id='word_1_519' title='bbox 1760 1550 1869 1578; x_wconf 78' lang='lat' dir='ltr'>meus</span> <span class='ocrx_word' id='word_1_520' title='bbox 1886 1549 1967 1578; x_wconf 75' lang='lat' dir='ltr'>esse</span> <span class='ocrx_word' id='word_1_521' title='bbox 1984 1537 2218 1590; x_wconf 76' lang='lat' dir='ltr'>discipulus.</span> 
     </span>
     <span class='ocr_line' id='line_1_78' title="bbox 1179 1599 2220 1639; baseline 0.001 -2"><span class='ocrx_word' id='word_1_522' title='bbox 1179 1599 1230 1637; x_wconf 90' lang='lat' dir='ltr'>Et</span> <span class='ocrx_word' id='word_1_523' title='bbox 1251 1599 1342 1637; x_wconf 89' lang='lat' dir='ltr'>ideo</span> <span class='ocrx_word' id='word_1_524' title='bbox 1378 1601 1514 1638; x_wconf 85' lang='lat' dir='ltr'>Patres</span> <span class='ocrx_word' id='word_1_525' title='bbox 1536 1611 1679 1638; x_wconf 90' lang='lat' dir='ltr'>omnes</span> <span class='ocrx_word' id='word_1_526' title='bbox 1709 1599 1826 1638; x_wconf 82' lang='lat' dir='ltr'>valde</span> <span class='ocrx_word' id='word_1_527' title='bbox 1856 1599 2147 1638; x_wconf 86' lang='lat' dir='ltr'>commendant</span> <span class='ocrx_word' id='word_1_528' title='bbox 2169 1599 2220 1639; x_wconf 86' lang='lat' dir='ltr'>ad</span> 
     </span>
     <span class='ocr_line' id='line_1_79' title="bbox 1179 1660 2220 1711; baseline 0.004 -13"><span class='ocrx_word' id='word_1_529' title='bbox 1179 1660 1472 1711; x_wconf 84' lang='lat' dir='ltr'>perfectionem</span> <span class='ocrx_word' id='word_1_530' title='bbox 1510 1661 1827 1711; x_wconf 84' lang='lat' dir='ltr'>assequendam,</span> <span class='ocrx_word' id='word_1_531' title='bbox 1863 1664 1909 1698; x_wconf 88' lang='lat' dir='ltr'>ut</span> <span class='ocrx_word' id='word_1_532' title='bbox 1948 1660 2015 1699; x_wconf 89' lang='lat' dir='ltr'>hic</span> <span class='ocrx_word' id='word_1_533' title='bbox 2053 1661 2220 1702; x_wconf 80' lang='lat' dir='ltr'>affectus</span> 
     </span>
     <span class='ocr_line' id='line_1_80' title="bbox 1179 1721 2219 1774; baseline 0.002 -13"><span class='ocrx_word' id='word_1_534' title='bbox 1179 1724 1405 1761; x_wconf 88' lang='lat' dir='ltr'>minuatur.</span> <span class='ocrx_word' id='word_1_535' title='bbox 1430 1723 1543 1770; x_wconf 88' lang='lat' dir='ltr'>Quod</span> <span class='ocrx_word' id='word_1_536' title='bbox 1566 1723 1716 1760; x_wconf 90' lang='lat' dir='ltr'>mirum</span> <span class='ocrx_word' id='word_1_537' title='bbox 1740 1722 1782 1760; x_wconf 90' lang='lat' dir='ltr'>in</span> <span class='ocrx_word' id='word_1_538' title='bbox 1806 1721 1976 1760; x_wconf 89' lang='lat' dir='ltr'>modum</span> <span class='ocrx_word' id='word_1_539' title='bbox 2001 1728 2219 1774; x_wconf 83' lang='lat' dir='ltr'>exaggerat</span> 
     </span>
     <span class='ocr_line' id='line_1_81' title="bbox 1179 1782 2216 1835; baseline 0.001 -13"><span class='ocrx_word' id='word_1_540' title='bbox 1179 1784 1366 1831; x_wconf 80' lang='lat' dir='ltr'>Basilius,</span> <span class='ocrx_word' id='word_1_541' title='bbox 1385 1784 1426 1822; x_wconf 91' lang='lat' dir='ltr'>in</span> <span class='ocrx_word' id='word_1_542' title='bbox 1448 1782 1814 1823; x_wconf 86' lang='lat' dir='ltr'>Constitutionibus</span> <span class='ocrx_word' id='word_1_543' title='bbox 1835 1787 2030 1831; x_wconf 68' lang='lat' dir='ltr'>monast„</span> <span class='ocrx_word' id='word_1_544' title='bbox 2052 1796 2140 1835; x_wconf 82' lang='lat' dir='ltr'>cap.</span> <span class='ocrx_word' id='word_1_545' title='bbox 2162 1785 2216 1823; x_wconf 78' lang='lat' dir='ltr'>vi-</span> 
     </span>
     <span class='ocr_line' id='line_1_82' title="bbox 1180 1843 2215 1895; baseline 0 -12"><span class='ocrx_word' id='word_1_546' title='bbox 1180 1846 1336 1895; x_wconf 86' lang='lat' dir='ltr'>gesimo</span> <span class='ocrx_word' id='word_1_547' title='bbox 1358 1845 1511 1895; x_wconf 88' lang='lat' dir='ltr'>primo,</span> <span class='ocrx_word' id='word_1_548' title='bbox 1533 1848 1573 1882; x_wconf 90' lang='lat' dir='ltr'>et</span> <span class='ocrx_word' id='word_1_549' title='bbox 1593 1845 1636 1881; x_wconf 90' lang='lat' dir='ltr'>in</span> <span class='ocrx_word' id='word_1_550' title='bbox 1664 1843 1816 1893; x_wconf 76' lang='lat' dir='ltr'>regulis</span> <span class='ocrx_word' id='word_1_551' title='bbox 1836 1843 1968 1881; x_wconf 81' lang='lat' dir='ltr'>fusius</span> <span class='ocrx_word' id='word_1_552' title='bbox 1990 1844 2215 1895; x_wconf 77' lang='lat' dir='ltr'>disputatis,</span> 
     </span>
     <span class='ocr_line' id='line_1_83' title="bbox 1179 1904 2216 1956; baseline 0.002 -12"><span class='ocrx_word' id='word_1_553' title='bbox 1179 1906 1312 1956; x_wconf 84' lang='lat' dir='ltr'>regul.</span> <span class='ocrx_word' id='word_1_554' title='bbox 1346 1905 1558 1955; x_wconf 86' lang='lat' dir='ltr'>trigesima</span> <span class='ocrx_word' id='word_1_555' title='bbox 1590 1904 1793 1951; x_wconf 73' lang='lat' dir='ltr'>secunda,</span> <span class='ocrx_word' id='word_1_556' title='bbox 1823 1905 2069 1949; x_wconf 83' lang='lat' dir='ltr'>Bernardus,</span> <span class='ocrx_word' id='word_1_557' title='bbox 2097 1918 2216 1946; x_wconf 89' lang='lat' dir='ltr'>serm.</span> 
     </span>
     <span class='ocr_line' id='line_1_84' title="bbox 1180 1966 2218 2019; baseline 0.002 -14"><span class='ocrx_word' id='word_1_558' title='bbox 1180 1967 1400 2005; x_wconf 85' lang='lat' dir='ltr'>Dominicae</span> <span class='ocrx_word' id='word_1_559' title='bbox 1423 1966 1611 2005; x_wconf 82' lang='lat' dir='ltr'>secundae</span> <span class='ocrx_word' id='word_1_560' title='bbox 1631 1970 1720 2016; x_wconf 89' lang='lat' dir='ltr'>post</span> <span class='ocrx_word' id='word_1_561' title='bbox 1739 1966 1931 2004; x_wconf 84' lang='lat' dir='ltr'>Octavam</span> <span class='ocrx_word' id='word_1_562' title='bbox 1952 1967 2192 2018; x_wconf 82' lang='lat' dir='ltr'>Epiphaniae</span> <span class='ocrx_word' id='word_1_563' title='bbox 2204 1979 2218 2019; x_wconf 79' lang='lat'>3</span> 
     </span>
     <span class='ocr_line' id='line_1_85' title="bbox 1179 2026 2219 2081; baseline 0.002 -14"><span class='ocrx_word' id='word_1_564' title='bbox 1179 2032 1220 2067; x_wconf 90' lang='lat' dir='ltr'>et</span> <span class='ocrx_word' id='word_1_565' title='bbox 1243 2029 1402 2076; x_wconf 87' lang='lat' dir='ltr'>Ansel.,</span> <span class='ocrx_word' id='word_1_566' title='bbox 1433 2028 1525 2066; x_wconf 88' lang='lat' dir='ltr'>libr.</span> <span class='ocrx_word' id='word_1_567' title='bbox 1562 2027 1611 2066; x_wconf 89' lang='lat' dir='ltr'>de</span> <span class='ocrx_word' id='word_1_568' title='bbox 1637 2026 2002 2076; x_wconf 79' lang='lat' dir='ltr'>Similitudinibus,</span> <span class='ocrx_word' id='word_1_569' title='bbox 2039 2041 2128 2081; x_wconf 89' lang='lat' dir='ltr'>cap.</span> <span class='ocrx_word' id='word_1_570' title='bbox 2160 2042 2219 2069; x_wconf 88' lang='lat' dir='ltr'>se-</span> 
     </span>
     <span class='ocr_line' id='line_1_86' title="bbox 1179 2089 2217 2141; baseline 0.001 -12"><span class='ocrx_word' id='word_1_571' title='bbox 1179 2091 1437 2141; x_wconf 84' lang='lat' dir='ltr'>ptuagesimo</span> <span class='ocrx_word' id='word_1_572' title='bbox 1472 2097 1598 2129; x_wconf 82' lang='lat' dir='ltr'>sexto.</span> <span class='ocrx_word' id='word_1_573' title='bbox 1630 2089 1862 2128; x_wconf 85' lang='lat' dir='ltr'>Secundum</span> <span class='ocrx_word' id='word_1_574' title='bbox 1892 2091 2217 2141; x_wconf 86' lang='lat' dir='ltr'>incommodum,</span> 
     </span>
     <span class='ocr_line' id='line_1_87' title="bbox 1177 2150 2216 2204; baseline 0.002 -14"><span class='ocrx_word' id='word_1_575' title='bbox 1177 2153 1287 2203; x_wconf 89' lang='lat' dir='ltr'>quod</span> <span class='ocrx_word' id='word_1_576' title='bbox 1309 2166 1379 2204; x_wconf 88' lang='lat' dir='ltr'>per</span> <span class='ocrx_word' id='word_1_577' title='bbox 1404 2153 1481 2191; x_wconf 90' lang='lat' dir='ltr'>hoc</span> <span class='ocrx_word' id='word_1_578' title='bbox 1503 2151 1697 2198; x_wconf 87' lang='lat' dir='ltr'>evitatur,</span> <span class='ocrx_word' id='word_1_579' title='bbox 1716 2156 1791 2199; x_wconf 87' lang='lat' dir='ltr'>est,</span> <span class='ocrx_word' id='word_1_580' title='bbox 1813 2162 1866 2189; x_wconf 90' lang='lat' dir='ltr'>ne</span> <span class='ocrx_word' id='word_1_581' title='bbox 1888 2150 2121 2191; x_wconf 84' lang='lat' dir='ltr'>inordinata</span> <span class='ocrx_word' id='word_1_582' title='bbox 2148 2152 2216 2192; x_wconf 87' lang='lat' dir='ltr'>fiat</span> 
     </span>
     <span class='ocr_line' id='line_1_88' title="bbox 1178 2211 2217 2260; baseline -0.001 -7"><span class='ocrx_word' id='word_1_583' title='bbox 1178 2214 1423 2253; x_wconf 86' lang='lat' dir='ltr'>distributio.</span> <span class='ocrx_word' id='word_1_584' title='bbox 1459 2214 1636 2252; x_wconf 86' lang='lat' dir='ltr'>Vocatur</span> <span class='ocrx_word' id='word_1_585' title='bbox 1670 2215 1808 2250; x_wconf 88' lang='lat' dir='ltr'>autem</span> <span class='ocrx_word' id='word_1_586' title='bbox 1841 2211 2073 2252; x_wconf 55' lang='lat' dir='ltr'>inordinata</span> <span class='ocrx_word' id='word_1_587' title='bbox 2093 2242 2103 2260; x_wconf 87' lang='lat'>,</span> <span class='ocrx_word' id='word_1_588' title='bbox 2135 2226 2217 2252; x_wconf 86' lang='lat' dir='ltr'>non</span> 
     </span>
     <span class='ocr_line' id='line_1_89' title="bbox 1178 2273 2217 2325; baseline 0.002 -13"><span class='ocrx_word' id='word_1_589' title='bbox 1178 2274 1310 2312; x_wconf 87' lang='lat' dir='ltr'>solum</span> <span class='ocrx_word' id='word_1_590' title='bbox 1336 2275 1422 2322; x_wconf 84' lang='lat' dir='ltr'>illa,</span> <span class='ocrx_word' id='word_1_591' title='bbox 1442 2286 1533 2325; x_wconf 86' lang='lat' dir='ltr'>quae</span> <span class='ocrx_word' id='word_1_592' title='bbox 1556 2278 1614 2312; x_wconf 85' lang='lat' dir='ltr'>est</span> <span class='ocrx_word' id='word_1_593' title='bbox 1634 2277 1776 2312; x_wconf 88' lang='lat' dir='ltr'>contra</span> <span class='ocrx_word' id='word_1_594' title='bbox 1801 2273 2020 2323; x_wconf 81' lang='lat' dir='ltr'>justitiam,</span> <span class='ocrx_word' id='word_1_595' title='bbox 2042 2273 2105 2312; x_wconf 87' lang='lat' dir='ltr'>vcl</span> <span class='ocrx_word' id='word_1_596' title='bbox 2124 2274 2217 2314; x_wconf 87' lang='grc'>0113-</span> 
     </span>
     <span class='ocr_line' id='line_1_90' title="bbox 1177 2334 2215 2385; baseline 0.002 -13"><span class='ocrx_word' id='word_1_597' title='bbox 1177 2334 1443 2382; x_wconf 85' lang='lat' dir='ltr'>ritatem,sed</span> <span class='ocrx_word' id='word_1_598' title='bbox 1463 2335 1587 2374; x_wconf 82' lang='lat' dir='ltr'>etiam</span> <span class='ocrx_word' id='word_1_599' title='bbox 1608 2334 1693 2382; x_wconf 88' lang='lat' dir='ltr'>illa,</span> <span class='ocrx_word' id='word_1_600' title='bbox 1710 2334 1753 2372; x_wconf 93' lang='lat' dir='ltr'>in</span> <span class='ocrx_word' id='word_1_601' title='bbox 1773 2346 1853 2385; x_wconf 86' lang='lat' dir='ltr'>qua</span> <span class='ocrx_word' id='word_1_602' title='bbox 1874 2334 2084 2373; x_wconf 85' lang='lat' dir='ltr'>charitatis</span> <span class='ocrx_word' id='word_1_603' title='bbox 2102 2336 2215 2385; x_wconf 91' lang='lat' dir='ltr'>ordo,</span> 
     </span>
     <span class='ocr_line' id='line_1_91' title="bbox 1179 2395 2219 2448; baseline 0.001 -13"><span class='ocrx_word' id='word_1_604' title='bbox 1179 2408 1264 2435; x_wconf 91' lang='lat' dir='ltr'>non</span> <span class='ocrx_word' id='word_1_605' title='bbox 1293 2396 1425 2435; x_wconf 88' lang='lat' dir='ltr'>solum</span> <span class='ocrx_word' id='word_1_606' title='bbox 1454 2395 1695 2447; x_wconf 87' lang='lat' dir='ltr'>simpliciter</span> <span class='ocrx_word' id='word_1_607' title='bbox 1726 2396 1975 2434; x_wconf 80' lang='lat' dir='ltr'>necessarius</span> <span class='ocrx_word' id='word_1_608' title='bbox 1997 2409 2047 2434; x_wconf 77' lang='lat' dir='ltr'>ex</span> <span class='ocrx_word' id='word_1_609' title='bbox 2072 2410 2219 2448; x_wconf 60' lang='grc'>1113100-</span> 
     </span>
     <span class='ocr_line' id='line_1_92' title="bbox 1179 2457 2218 2509; baseline 0 -12"><span class='ocrx_word' id='word_1_610' title='bbox 1179 2462 1280 2509; x_wconf 87' lang='lat' dir='ltr'>pto,</span> <span class='ocrx_word' id='word_1_611' title='bbox 1299 2459 1369 2497; x_wconf 90' lang='lat' dir='ltr'>sed</span> <span class='ocrx_word' id='word_1_612' title='bbox 1390 2458 1515 2496; x_wconf 87' lang='lat' dir='ltr'>etiam</span> <span class='ocrx_word' id='word_1_613' title='bbox 1535 2457 1681 2495; x_wconf 88' lang='lat' dir='ltr'>melior</span> <span class='ocrx_word' id='word_1_614' title='bbox 1701 2460 1740 2496; x_wconf 88' lang='lat' dir='ltr'>et</span> <span class='ocrx_word' id='word_1_615' title='bbox 1759 2458 1912 2507; x_wconf 83' lang='lat' dir='ltr'>gratior</span> <span class='ocrx_word' id='word_1_616' title='bbox 1932 2458 2014 2496; x_wconf 87' lang='lat' dir='ltr'>Deo</span> <span class='ocrx_word' id='word_1_617' title='bbox 2034 2470 2115 2497; x_wconf 91' lang='lat' dir='ltr'>non</span> <span class='ocrx_word' id='word_1_618' title='bbox 2136 2470 2218 2498; x_wconf 84' lang='grc'>501-</span> 
     </span>
     <span class='ocr_line' id='line_1_93' title="bbox 1182 2518 2218 2566; baseline 0 -8"><span class='ocrx_word' id='word_1_619' title='bbox 1182 2523 1312 2558; x_wconf 87' lang='lat' dir='ltr'>vatur.</span> <span class='ocrx_word' id='word_1_620' title='bbox 1334 2520 1464 2566; x_wconf 84' lang='lat' dir='ltr'>Quem</span> <span class='ocrx_word' id='word_1_621' title='bbox 1484 2519 1670 2557; x_wconf 77' lang='lat' dir='ltr'>ordinem</span> <span class='ocrx_word' id='word_1_622' title='bbox 1693 2518 1780 2556; x_wconf 88' lang='lat' dir='ltr'>sine</span> <span class='ocrx_word' id='word_1_623' title='bbox 1804 2518 1930 2556; x_wconf 85' lang='lat' dir='ltr'>dubio</span> <span class='ocrx_word' id='word_1_624' title='bbox 1948 2531 2109 2558; x_wconf 78' lang='lat' dir='ltr'>servale</span> <span class='ocrx_word' id='word_1_625' title='bbox 2134 2532 2218 2559; x_wconf 88' lang='lat' dir='ltr'>non</span> 
     </span>
     <span class='ocr_line' id='line_1_94' title="bbox 1180 2578 2221 2648; baseline 0.002 -30"><span class='ocrx_word' id='word_1_626' title='bbox 1180 2584 1326 2632; x_wconf 81' lang='lat' dir='ltr'>potest,</span> <span class='ocrx_word' id='word_1_627' title='bbox 1347 2581 1419 2630; x_wconf 89' lang='lat' dir='ltr'>qui</span> <span class='ocrx_word' id='word_1_628' title='bbox 1438 2592 1487 2618; x_wconf 80' lang='grc'>03</span> <span class='ocrx_word' id='word_1_629' title='bbox 1507 2580 1652 2618; x_wconf 78' lang='lat' dir='ltr'>affectu</span> <span class='ocrx_word' id='word_1_630' title='bbox 1689 2578 1845 2625; x_wconf 79' lang='grc'>0311115,</span> <span class='ocrx_word' id='word_1_631' title='bbox 1873 2583 1913 2617; x_wconf 90' lang='lat' dir='ltr'>et</span> <span class='ocrx_word' id='word_1_632' title='bbox 1941 2592 2025 2618; x_wconf 91' lang='lat' dir='ltr'>non</span> <span class='ocrx_word' id='word_1_633' title='bbox 2046 2593 2095 2618; x_wconf 78' lang='lat' dir='ltr'>ex</span> <span class='ocrx_word' id='word_1_634' title='bbox 2115 2593 2221 2648; x_wconf 83' lang='lat' dir='ltr'>puro</span> 
     </span>
     <span class='ocr_line' id='line_1_95' title="bbox 1179 2639 2218 2681; baseline -0.001 0"><span class='ocrx_word' id='word_1_635' title='bbox 1179 2653 1317 2681; x_wconf 87' lang='lat' dir='ltr'>amore</span> <span class='ocrx_word' id='word_1_636' title='bbox 1336 2642 1407 2679; x_wconf 87' lang='lat' dir='ltr'>Dei</span> <span class='ocrx_word' id='word_1_637' title='bbox 1435 2641 1544 2679; x_wconf 87' lang='lat' dir='ltr'>bona</span> <span class='ocrx_word' id='word_1_638' title='bbox 1570 2639 1792 2678; x_wconf 85' lang='lat' dir='ltr'>distribuit.</span> <span class='ocrx_word' id='word_1_639' title='bbox 1815 2639 2016 2679; x_wconf 87' lang='lat' dir='ltr'>Ultimum</span> <span class='ocrx_word' id='word_1_640' title='bbox 2036 2653 2131 2679; x_wconf 88' lang='lat' dir='ltr'>vero</span> <span class='ocrx_word' id='word_1_641' title='bbox 2158 2642 2218 2681; x_wconf 90' lang='lat' dir='ltr'>in-</span> 
     </span>
     <span class='ocr_line' id='line_1_96' title="bbox 1179 2702 2214 2754; baseline 0 -10"><span class='ocrx_word' id='word_1_642' title='bbox 1179 2704 1452 2752; x_wconf 87' lang='lat' dir='ltr'>commodum,</span> <span class='ocrx_word' id='word_1_643' title='bbox 1492 2703 1600 2754; x_wconf 91' lang='lat' dir='ltr'>quod</span> <span class='ocrx_word' id='word_1_644' title='bbox 1637 2702 1805 2751; x_wconf 85' lang='lat' dir='ltr'>vitatur,</span> <span class='ocrx_word' id='word_1_645' title='bbox 1839 2704 1979 2754; x_wconf 85' lang='lat' dir='ltr'>magni</span> <span class='ocrx_word' id='word_1_646' title='bbox 2018 2704 2214 2744; x_wconf 87' lang='lat' dir='ltr'>momenti</span> 
     </span>
     <span class='ocr_line' id='line_1_97' title="bbox 1177 2763 2214 2816; baseline -0.001 -11"><span class='ocrx_word' id='word_1_647' title='bbox 1177 2770 1254 2814; x_wconf 89' lang='lat' dir='ltr'>est,</span> <span class='ocrx_word' id='word_1_648' title='bbox 1279 2765 1444 2812; x_wconf 89' lang='lat' dir='ltr'>scilicet,</span> <span class='ocrx_word' id='word_1_649' title='bbox 1468 2769 1514 2803; x_wconf 90' lang='lat' dir='ltr'>ut</span> <span class='ocrx_word' id='word_1_650' title='bbox 1532 2764 1666 2803; x_wconf 90' lang='lat' dir='ltr'>omnis</span> <span class='ocrx_word' id='word_1_651' title='bbox 1689 2763 1855 2812; x_wconf 88' lang='lat' dir='ltr'>fiducia,</span> <span class='ocrx_word' id='word_1_652' title='bbox 1877 2776 1969 2815; x_wconf 78' lang='lat' dir='ltr'>quae</span> <span class='ocrx_word' id='word_1_653' title='bbox 1999 2765 2044 2804; x_wconf 90' lang='lat' dir='ltr'>in</span> <span class='ocrx_word' id='word_1_654' title='bbox 2073 2776 2214 2816; x_wconf 88' lang='lat' dir='ltr'>paren-</span> 
     </span>
     <span class='ocr_line' id='line_1_98' title="bbox 1177 2824 2214 2878; baseline -0.001 -11"><span class='ocrx_word' id='word_1_655' title='bbox 1177 2832 1266 2868; x_wconf 88' lang='lat' dir='ltr'>tum</span> <span class='ocrx_word' id='word_1_656' title='bbox 1285 2827 1431 2878; x_wconf 91' lang='lat' dir='ltr'>opibus</span> <span class='ocrx_word' id='word_1_657' title='bbox 1450 2826 1516 2864; x_wconf 90' lang='lat' dir='ltr'>vel</span> <span class='ocrx_word' id='word_1_658' title='bbox 1534 2824 1825 2876; x_wconf 87' lang='lat' dir='ltr'>temporalibus</span> <span class='ocrx_word' id='word_1_659' title='bbox 1846 2826 2008 2864; x_wconf 84' lang='lat' dir='ltr'>auxiliis</span> <span class='ocrx_word' id='word_1_660' title='bbox 2028 2826 2214 2866; x_wconf 85' lang='lat' dir='ltr'>collocari</span> 
     </span>
     <span class='ocr_line' id='line_1_99' title="bbox 1178 2889 2213 2943; baseline -0.001 -14"><span class='ocrx_word' id='word_1_661' title='bbox 1178 2894 1325 2943; x_wconf 84' lang='lat' dir='ltr'>posset,</span> <span class='ocrx_word' id='word_1_662' title='bbox 1356 2890 1578 2936; x_wconf 67' lang='lat' dir='ltr'>auferatur,</span> <span class='ocrx_word' id='word_1_663' title='bbox 1606 2892 1646 2927; x_wconf 89' lang='lat' dir='ltr'>et</span> <span class='ocrx_word' id='word_1_664' title='bbox 1683 2893 1977 2939; x_wconf 86' lang='lat' dir='ltr'>consequenter</span> <span class='ocrx_word' id='word_1_665' title='bbox 2008 2889 2053 2928; x_wconf 88' lang='lat' dir='ltr'>in</span> <span class='ocrx_word' id='word_1_666' title='bbox 2086 2889 2213 2928; x_wconf 87' lang='lat' dir='ltr'>Deum</span> 
     </span>
     <span class='ocr_line' id='line_1_100' title="bbox 1178 2949 2214 3001; baseline -0.003 -10"><span class='ocrx_word' id='word_1_667' title='bbox 1178 2952 1459 2992; x_wconf 82' lang='lat' dir='ltr'>transferatur.</span> <span class='ocrx_word' id='word_1_668' title='bbox 1481 2951 1598 2990; x_wconf 88' lang='lat' dir='ltr'>Unde</span> <span class='ocrx_word' id='word_1_669' title='bbox 1617 2950 1742 2988; x_wconf 86' lang='lat' dir='ltr'>etiam</span> <span class='ocrx_word' id='word_1_670' title='bbox 1762 2949 1810 2989; x_wconf 83' lang='lat' dir='ltr'>fit</span> <span class='ocrx_word' id='word_1_671' title='bbox 1828 2955 1873 2988; x_wconf 87' lang='lat' dir='ltr'>ut</span> <span class='ocrx_word' id='word_1_672' title='bbox 1892 2950 1979 3000; x_wconf 88' lang='lat' dir='ltr'>ipsa</span> <span class='ocrx_word' id='word_1_673' title='bbox 1999 2953 2214 3001; x_wconf 84' lang='lat' dir='ltr'>paupertas</span> 
     </span>
     <span class='ocr_line' id='line_1_101' title="bbox 1176 3010 2214 3064; baseline -0.004 -11"><span class='ocrx_word' id='word_1_674' title='bbox 1176 3015 1227 3053; x_wconf 81' lang='lat' dir='ltr'>sit</span> <span class='ocrx_word' id='word_1_675' title='bbox 1257 3013 1388 3064; x_wconf 82' lang='lat' dir='ltr'>major</span> <span class='ocrx_word' id='word_1_676' title='bbox 1418 3017 1458 3053; x_wconf 90' lang='lat' dir='ltr'>et</span> <span class='ocrx_word' id='word_1_677' title='bbox 1487 3013 1642 3064; x_wconf 88' lang='lat' dir='ltr'>purior.</span> <span class='ocrx_word' id='word_1_678' title='bbox 1664 3012 1767 3050; x_wconf 82' lang='lat' dir='ltr'>Nam</span> <span class='ocrx_word' id='word_1_679' title='bbox 1797 3011 1869 3062; x_wconf 87' lang='lat' dir='ltr'>qui</span> <span class='ocrx_word' id='word_1_680' title='bbox 1892 3010 2131 3062; x_wconf 84' lang='lat' dir='ltr'>parentibus</span> <span class='ocrx_word' id='word_1_681' title='bbox 2150 3011 2214 3050; x_wconf 89' lang='lat' dir='ltr'>vel</span> 
     </span>
     <span class='ocr_line' id='line_1_102' title="bbox 1177 3071 2214 3124; baseline -0.005 -9"><span class='ocrx_word' id='word_1_682' title='bbox 1177 3075 1370 3115; x_wconf 84' lang='lat' dir='ltr'>fratribus</span> <span class='ocrx_word' id='word_1_683' title='bbox 1392 3074 1548 3114; x_wconf 86' lang='lat' dir='ltr'>confert</span> <span class='ocrx_word' id='word_1_684' title='bbox 1566 3074 1689 3122; x_wconf 88' lang='grc'>110113,</span> <span class='ocrx_word' id='word_1_685' title='bbox 1717 3071 1796 3111; x_wconf 85' lang='grc'>51111</span> <span class='ocrx_word' id='word_1_686' title='bbox 1815 3073 1892 3124; x_wconf 88' lang='lat' dir='ltr'>ipsi</span> <span class='ocrx_word' id='word_1_687' title='bbox 1912 3071 2214 3123; x_wconf 89' lang='lat' dir='ltr'>quodammodo</span> 
     </span>
     <span class='ocr_line' id='line_1_103' title="bbox 1177 3134 2213 3186; baseline -0.005 -10"><span class='ocrx_word' id='word_1_688' title='bbox 1177 3137 1361 3176; x_wconf 84' lang='lat' dir='ltr'>conferre</span> <span class='ocrx_word' id='word_1_689' title='bbox 1378 3136 1564 3184; x_wconf 88' lang='lat' dir='ltr'>videtur,</span> <span class='ocrx_word' id='word_1_690' title='bbox 1595 3135 1693 3186; x_wconf 85' lang='lat' dir='ltr'>quia</span> <span class='ocrx_word' id='word_1_691' title='bbox 1709 3134 1838 3173; x_wconf 87' lang='lat' dir='ltr'>veluti</span> <span class='ocrx_word' id='word_1_692' title='bbox 1858 3146 1989 3172; x_wconf 88' lang='lat' dir='ltr'>unum</span> <span class='ocrx_word' id='word_1_693' title='bbox 2010 3137 2106 3172; x_wconf 86' lang='lat' dir='ltr'>sunt</span> <span class='ocrx_word' id='word_1_694' title='bbox 2123 3143 2213 3184; x_wconf 87' lang='lat' dir='ltr'>pro-</span> 
     </span>
     <span class='ocr_line' id='line_1_104' title="bbox 1178 3195 2213 3266; baseline -0.007 -28"><span class='ocrx_word' id='word_1_695' title='bbox 1178 3203 1267 3251; x_wconf 86' lang='lat' dir='ltr'>pter</span> <span class='ocrx_word' id='word_1_696' title='bbox 1296 3198 1628 3266; x_wconf 81' lang='lat' dir='ltr'>conjunctionem</span> <span class='ocrx_word' id='word_1_697' title='bbox 1659 3196 1809 3243; x_wconf 87' lang='lat' dir='ltr'>carnis,</span> <span class='ocrx_word' id='word_1_698' title='bbox 1838 3199 1879 3235; x_wconf 89' lang='lat' dir='ltr'>et</span> <span class='ocrx_word' id='word_1_699' title='bbox 1906 3195 2138 3247; x_wconf 80' lang='lat' dir='ltr'>aliqualiter</span> <span class='ocrx_word' id='word_1_700' title='bbox 2166 3203 2213 3231; x_wconf 88' lang='lat' dir='ltr'>ea</span> 
     </span>
     <span class='ocr_line' id='line_1_105' title="bbox 1175 3249 2215 3311; baseline -0.01 -11"><span class='ocrx_word' id='word_1_701' title='bbox 1175 3261 1352 3308; x_wconf 82' lang='lat' dir='ltr'>retinet,</span> <span class='ocrx_word' id='word_1_702' title='bbox 1371 3258 1486 3311; x_wconf 86' lang='lat' dir='ltr'>qu&#39;asi</span> <span class='ocrx_word' id='word_1_703' title='bbox 1507 3259 1552 3297; x_wconf 90' lang='lat' dir='ltr'>in</span> <span class='ocrx_word' id='word_1_704' title='bbox 1571 3269 1655 3308; x_wconf 90' lang='lat' dir='ltr'>spe.</span> <span class='ocrx_word' id='word_1_705' title='bbox 1680 3257 1741 3296; x_wconf 84' lang='lat' dir='ltr'>Ex</span> <span class='ocrx_word' id='word_1_706' title='bbox 1764 3269 1845 3308; x_wconf 82' lang='lat' dir='ltr'>quo</span> <span class='ocrx_word' id='word_1_707' title='bbox 1865 3256 2032 3295; x_wconf 79' lang='lat' dir='ltr'>tandem</span> <span class='ocrx_word' id='word_1_708' title='bbox 2062 3249 2215 3293; x_wconf 87' lang='lat' dir='ltr'>intelli-</span> 
     </span>
     <span class='ocr_line' id='line_1_106' title="bbox 1178 3312 2212 3374; baseline -0.01 -12"><span class='ocrx_word' id='word_1_709' title='bbox 1178 3323 1303 3374; x_wconf 82' lang='lat' dir='ltr'>gitur,</span> <span class='ocrx_word' id='word_1_710' title='bbox 1323 3322 1434 3373; x_wconf 85' lang='lat' dir='ltr'>quod</span> <span class='ocrx_word' id='word_1_711' title='bbox 1450 3321 1501 3360; x_wconf 89' lang='lat' dir='ltr'>de</span> <span class='ocrx_word' id='word_1_712' title='bbox 1518 3319 1702 3371; x_wconf 77' lang='lat' dir='ltr'>cognatis</span> <span class='ocrx_word' id='word_1_713' title='bbox 1721 3319 1884 3368; x_wconf 84' lang='lat' dir='ltr'>dicitur,</span> <span class='ocrx_word' id='word_1_714' title='bbox 1904 3320 2028 3358; x_wconf 87' lang='lat' dir='ltr'>etiam</span> <span class='ocrx_word' id='word_1_715' title='bbox 2046 3317 2090 3354; x_wconf 89' lang='lat' dir='ltr'>in</span> <span class='ocrx_word' id='word_1_716' title='bbox 2111 3312 2212 3353; x_wconf 88' lang='lat' dir='ltr'>ami·</span> 
     </span>
     <span class='ocr_line' id='line_1_107' title="bbox 1179 3373 2212 3433; baseline -0.011 -10"><span class='ocrx_word' id='word_1_717' title='bbox 1179 3384 1274 3424; x_wconf 87' lang='lat' dir='ltr'>citia</span> <span class='ocrx_word' id='word_1_718' title='bbox 1293 3383 1475 3422; x_wconf 88' lang='lat' dir='ltr'>humana</span> <span class='ocrx_word' id='word_1_719' title='bbox 1495 3381 1722 3433; x_wconf 81' lang='lat' dir='ltr'>conJ&#39;unctis</span> <span class='ocrx_word' id='word_1_720' title='bbox 1741 3380 1875 3419; x_wconf 87' lang='lat' dir='ltr'>locum</span> <span class='ocrx_word' id='word_1_721' title='bbox 1894 3379 2058 3422; x_wconf 83' lang='lat' dir='ltr'>habere,</span> <span class='ocrx_word' id='word_1_722' title='bbox 2077 3385 2124 3413; x_wconf 89' lang='lat' dir='ltr'>ac</span> <span class='ocrx_word' id='word_1_723' title='bbox 2143 3373 2212 3413; x_wconf 73' lang='lat' dir='ltr'>de-</span> 
     </span>
     <span class='ocr_line' id='line_1_108' title="bbox 1179 3435 2212 3497; baseline -0.01 -12"><span class='ocrx_word' id='word_1_724' title='bbox 1179 3447 1304 3497; x_wconf 83' lang='lat' dir='ltr'>nique</span> <span class='ocrx_word' id='word_1_725' title='bbox 1322 3446 1367 3484; x_wconf 82' lang='lat' dir='ltr'>in</span> <span class='ocrx_word' id='word_1_726' title='bbox 1383 3444 1616 3492; x_wconf 82' lang='lat' dir='ltr'>omnibus,</span> <span class='ocrx_word' id='word_1_727' title='bbox 1606 3455 1651 3482; x_wconf 88' lang='lat' dir='ltr'>m</span> <span class='ocrx_word' id='word_1_728' title='bbox 1670 3442 1820 3494; x_wconf 88' lang='lat' dir='ltr'>quibus</span> <span class='ocrx_word' id='word_1_729' title='bbox 1840 3452 1924 3479; x_wconf 88' lang='lat' dir='ltr'>non</span> <span class='ocrx_word' id='word_1_730' title='bbox 1942 3435 2158 3475; x_wconf 84' lang='lat' dir='ltr'>necessitas</span> <span class='ocrx_word' id='word_1_731' title='bbox 2171 3437 2212 3475; x_wconf 86' lang='lat' dir='ltr'>et</span> 
     </span>
     <span class='ocr_line' id='line_1_109' title="bbox 1176 3495 2211 3557; baseline -0.013 -11"><span class='ocrx_word' id='word_1_732' title='bbox 1176 3506 1422 3557; x_wconf 86' lang='lat' dir='ltr'>indigentia,</span> <span class='ocrx_word' id='word_1_733' title='bbox 1436 3505 1506 3544; x_wconf 92' lang='lat' dir='ltr'>sed</span> <span class='ocrx_word' id='word_1_734' title='bbox 1524 3503 1716 3556; x_wconf 84' lang='lat' dir='ltr'>quaelibet</span> <span class='ocrx_word' id='word_1_735' title='bbox 1732 3502 1812 3541; x_wconf 85' lang='lat' dir='ltr'>alia</span> <span class='ocrx_word' id='word_1_736' title='bbox 1827 3499 2011 3538; x_wconf 84' lang='lat' dir='ltr'>humana</span> <span class='ocrx_word' id='word_1_737' title='bbox 2028 3495 2150 3545; x_wconf 81' lang='lat' dir='ltr'>ratio,</span> <span class='ocrx_word' id='word_1_738' title='bbox 2165 3498 2211 3535; x_wconf 85' lang='lat' dir='ltr'>ut</span> 
     </span>
    </p>
   </div>
   <div class='ocr_carea' id='block_1_9' title="bbox 1179 3557 2209 3675">
    <p class='ocr_par' dir='ltr' id='par_1_12' title="bbox 1179 3557 2209 3675">
     <span class='ocr_line' id='line_1_110' title="bbox 1179 3557 2209 3619; baseline -0.013 -10"><span class='ocrx_word' id='word_1_739' title='bbox 1179 3569 1456 3619; x_wconf 83' lang='lat' dir='ltr'>Hieronymus</span> <span class='ocrx_word' id='word_1_740' title='bbox 1475 3567 1597 3614; x_wconf 84' lang='lat' dir='ltr'>dixit,</span> <span class='ocrx_word' id='word_1_741' title='bbox 1612 3567 1831 3615; x_wconf 83' lang='lat' dir='ltr'>spectatur,</span> <span class='ocrx_word' id='word_1_742' title='bbox 1848 3558 1978 3598; x_wconf 86' lang='lat' dir='ltr'>veluti</span> <span class='ocrx_word' id='word_1_743' title='bbox 1997 3557 2035 3598; x_wconf 83' lang='lat' dir='ltr'>si</span> <span class='ocrx_word' id='word_1_744' title='bbox 2047 3557 2209 3608; x_wconf 79' lang='grc'>1011310·</span> 
     </span>
     <span class='ocr_line' id='line_1_111' title="bbox 1179 3618 2206 3675; baseline -0.013 -4"><span class='ocrx_word' id='word_1_745' title='bbox 1179 3641 1249 3670; x_wconf 72' lang='lat' dir='ltr'>sus</span> <span class='ocrx_word' id='word_1_746' title='bbox 1266 3628 1414 3670; x_wconf 86' lang='lat' dir='ltr'>sororis</span> <span class='ocrx_word' id='word_1_747' title='bbox 1429 3628 1568 3668; x_wconf 83' lang='lat' dir='ltr'>dotem</span> <span class='ocrx_word' id='word_1_748' title='bbox 1584 3626 1768 3675; x_wconf 85' lang='lat' dir='ltr'>augeret,</span> <span class='ocrx_word' id='word_1_749' title='bbox 1783 3625 1830 3660; x_wconf 81' lang='lat' dir='ltr'>ut</span> <span class='ocrx_word' id='word_1_750' title='bbox 1849 3619 1988 3661; x_wconf 79' lang='lat' dir='ltr'>ditiori</span> <span class='ocrx_word' id='word_1_751' title='bbox 2005 3622 2078 3660; x_wconf 86' lang='lat' dir='ltr'>aut</span> <span class='ocrx_word' id='word_1_752' title='bbox 2095 3618 2206 3659; x_wconf 80' lang='lat' dir='ltr'>nobi</span> 
     </span>
    </p>
   </div>
  </div>
 </body>
</html>
