2352 3880
135 304 197 350 {ln
213 302 291 342 hoc
307 303 445 341 autem
471 296 654 337 notanda
681 299 743 335 est
768 295 956 335 doctrina
977 294 1176 346 Gregorii,

137 366 239 417 [loco
269 361 454 414 proxime
471 359 615 407 citato,
634 369 760 410 quam
778 356 996 409 explicavit
1010 357 1055 396 D.
1072 357 1178 396 'rho-

136 436 235 478 ,mas
265 425 303 463 2.
333 423 374 470 2,
401 423 544 472 quaest.
573 419 793 459 centesima
817 423 977 471 quarta.
1006 417 1179 458 articulo

136 484 341 536 'secundm
357 481 410 521 ad
429 482 480 528 3;
507 480 726 532 distinguit
745 481 860 520 enim
878 480 947 520 ille
973 480 1178 531 duplicem

135 544 362 598 'materiam
397 541 639 582 obedientiae
661 554 671 580 :
709 542 929 593 quamdam
970 545 1180 581 consenta-

135 618 267 657 meam
287 604 545 645 inclinationi
565 603 760 652 hominis,
776 607 823 642 ut
838 616 930 643 cum
944 604 1180 656 praecipitur

134 667 250 708 metio
268 665 494 706 honorifica
510 696 520 712 ‚
543 665 610 704 vel
632 664 896 713 delectabilis,
926 670 1000 705 etc.
1021 678 1031 711 ;
1054 666 1178 704 aliam

134 728 279 768 'eidem
297 727 554 767 inclinationi
573 727 839 774 contrariam,
855 730 902 765 ut
920 738 1014 765 cum
1040 727 1178 778 praeci-

133 791 256 843 gpitur
281 790 361 828 vile
388 789 675 835 ministerium,
709 787 774 827 vel
808 787 1058 826 laboriosum
1075 818 1089 836 ,
1107 792 1178 827 aut

134 850 422 890 ‘doloriferum.
444 850 512 888 Ait
529 861 625 899 ergo
639 849 872 898 Gregorius,
891 848 934 886 in
949 849 1074 899 priori
1092 861 1177 887 ma-

134 913 261 960 iteria,
284 913 317 950 si
334 911 574 950 obedientiae
595 922 696 961 opus
715 909 786 948 fiat
809 921 858 949 ex
886 910 1011 961 priori
1031 910 1178 949 affectu

143 974 195 1013 ad
214 985 301 1014 rem
319 974 465 1024 ipsam,
481 972 757 1010 obedientiam
777 983 863 1010 esse
881 971 1176 1023 imperfectam,

135 1039 184 1074 :et
209 1035 302 1073 ideo
321 1035 370 1073 de
401 1032 634 1072 obedientia
653 1033 696 1071 in
717 1033 954 1083 hujusmodi
972 1033 1094 1072 rebus
1119 1034 1178 1071 ait

139 1107 224 1134 non
242 1095 391 1134 debere
409 1093 565 1144 aliquid
586 1094 635 1132 de
656 1105 730 1132 suo
747 1093 914 1142 habere,
936 1094 1046 1145 quod
1064 1107 1177 1133 secus

140 1169 226 1196 esse
246 1156 346 1195 dicit
364 1156 408 1194 in
428 1155 644 1206 posteriori
661 1155 848 1202 materia,
871 1167 967 1193 nam
992 1155 1043 1194 ad
1063 1156 1177 1194 illam

135 1217 260 1256 {debet
280 1217 405 1255 homo
426 1216 560 1264 affici,
591 1220 636 1254 ut
654 1216 833 1267 perfecte
851 1216 1029 1263 obediat,
1051 1220 1092 1256 et
1118 1217 1177 1256 ita

138 1279 364 1330 adjungere
387 1278 540 1328 aliquid
561 1278 610 1317 de
631 1290 716 1317 suo.

192 1343 258 1380 21.
292 1339 538 1381 conciliatur
572 1339 759 1390 ἅτερον-ἐι·
793 1341 989 1380 doctrina.
1010 1361 1055 1369 -
1079 1339 1174 1390 Sed,

138 1406 185 1440 ut
232 1406 340 1441 recte
381 1401 635 1451 intelligatur
653 1430 663 1446 ,
708 1402 962 1440 considerare
1005 1402 1176 1441 ulterius

138 1467 314 1514 oportet,
332 1463 444 1501 aliud
461 1474 547 1501 esse
563 1462 726 1512 operari
742 1474 836 1500 cum
857 1462 1002 1502 affectu
1022 1463 1073 1502 ad
1088 1475 1176 1502 rem

138 1537 231 1575 quae
265 1524 501 1576 praecipitur
516 1553 530 1571 ,
564 1523 676 1562 aliud
712 1535 761 1562 ex
793 1524 956 1563 affectu.
992 1525 1176 1563 Primum

138 1586 249 1623 enim
283 1585 382 1624 dicit
412 1588 575 1622 tantum
605 1586 990 1634 concomitantiam,
1023 1590 1063 1625 et
1085 1586 1175 1625 ideo

137 1658 211 1698 per
231 1658 273 1685 se
301 1658 436 1696 neque
464 1650 603 1695 auget,
635 1657 769 1696 neque
789 1647 940 1684 minuit
964 1646 1177 1697 perfectio-

136 1719 235 1746 nem
269 1707 541 1755 obedientiae,
569 1718 667 1745 nam
688 1707 871 1750 affectus,
901 1708 971 1758 qui
1003 1719 1087 1746 non
1117 1712 1177 1746 est

138 1781 261 1808 causa
281 1773 410 1814 actus,
433 1780 505 1819 per
525 1780 566 1807 se
595 1780 678 1806 non
700 1769 770 1806 dat
798 1768 864 1806 vel
894 1768 1003 1806 tollit
1033 1768 1084 1806 ab
1106 1768 1177 1807 illo

137 1830 379 1869 bonitatem.
400 1830 460 1868 Ex
476 1829 678 1867 accidenti
699 1841 797 1868 vero
818 1829 911 1868 talis
931 1830 1096 1868 affectus
1109 1842 1179 1881 po-

138 1895 219 1931 test
239 1891 450 1930 moraliter
476 1891 661 1930 conferre
682 1892 732 1930 ad
756 1892 1051 1943 perfectionem
1082 1892 1179 1931 obe-

140 1954 309 1992 dientiae
331 1954 374 1991 in
397 1953 511 1991 omni
538 1954 710 1992 materia
726 1983 737 2000 ,
757 1954 868 2003 quia,
890 1958 1091 2003 quantum
1119 1957 1178 1991 est

140 2027 193 2054 ex
214 2027 272 2061 se,
293 2014 400 2053 tollit
420 2015 561 2053 omnia
578 2015 887 2066 impedimenta,
910 2019 950 2054 et
968 2018 1091 2064 auget
1108 2027 1178 2053 vo-

138 2075 366 2114 luntarium
399 2075 444 2113 in
475 2075 722 2124 obediendo,
759 2076 902 2114 saltem
932 2075 1178 2114 removendo

139 2136 361 2187 prohibens
377 2150 388 2184 3
409 2137 508 2187 quia
528 2149 640 2183 vero,
663 2137 827 2186 quando
845 2135 912 2175 hic
931 2136 1098 2176 affectus
1117 2140 1178 2176 est

137 2209 251 2236 mere
282 2197 504 2246 humanus,
539 2202 579 2237 et
607 2197 813 2236 inferioris
845 2198 1015 2246 ordinis,
1045 2202 1177 2249 potest

137 2258 258 2297 facile
277 2258 480 2297 inclinare
499 2258 769 2307 voluntatem,
787 2263 834 2297 ut
853 2263 1017 2310 propter
1032 2259 1178 2298 huma-

138 2331 240 2358 num
266 2319 465 2358 motivum
483 2349 495 2368 ,
523 2321 655 2371 potius
677 2331 802 2370 quam
830 2327 994 2371 propter
1022 2320 1178 2371 periec-

138 2383 294 2420 tionem
315 2381 559 2420 obedientiae
580 2387 790 2433 operetur,
825 2381 917 2420 ideo
951 2382 1055 2421 dixit
1081 2383 1179 2422 Gre-

139 2444 279 2494 gorius
300 2443 344 2481 in
361 2443 600 2494 hujusmodi
619 2444 741 2483 rebus
760 2444 958 2494 optimam
977 2455 1064 2483 esse
1082 2445 1179 2484 obe-

140 2505 356 2553 dientiam,
378 2517 470 2555 quae
491 2505 597 2544 nihil
615 2510 687 2544 aut
708 2517 855 2556 parum
872 2504 995 2543 habet
1019 2505 1069 2544 de
1087 2518 1174 2545 suo.

140 2567 206 2605 Sic
221 2566 333 2605 enim
354 2566 459 2604 dixit
475 2568 520 2606 D.
543 2566 736 2614 Thomas,
756 2566 800 2604 in
823 2566 992 2616 epistola
1011 2567 1062 2604 ad
1086 2567 1178 2605 Phi-

139 2627 258 2678 lipp„
278 2639 313 2666 c.
333 2629 375 2674 2,
407 2627 500 2665 lect.
521 2629 561 2674 Ξ,
584 2627 628 2665 in
648 2627 746 2675 fine,
768 2631 865 2665 tunc
883 2639 968 2666 esse
988 2627 1178 2667 obedien-

140 2689 242 2727 tiam
274 2700 471 2739 magnam
488 2718 501 2738 ,
534 2688 699 2739 quando
736 2689 923 2739 sequitur
955 2690 1178 2740 imperium

142 2749 309 2788 alterius
328 2753 469 2788 contra
501 2754 662 2788 motum
695 2750 924 2800 proprium,
951 2751 1179 2800 praesertim

142 2807 249 2850 'circa
282 2811 411 2849 vitam
443 2810 509 2849 vel
529 2811 742 2850 honorem.
765 2811 1037 2850 Nihilominus
1068 2812 1179 2852 idem

142 2873 189 2911 D.
206 2872 384 2910 Thomas
404 2871 534 2922 priori
553 2871 642 2910 loco
659 2871 787 2918 addit,
810 2883 924 2922 posse
942 2873 1180 2923 contingere

142 2932 252 2970 utin
271 2932 343 2970 Dei
360 2932 529 2982 judicio,
557 2932 720 2970 etiamsi
744 2931 836 2970 talis
861 2932 1092 2972 obedientia
1109 2933 1180 2972 ha-

143 2993 239 3032 beat
259 2992 413 3043 aliquid
433 2993 483 3032 de
498 3005 587 3042 suo,
604 2993 646 3032 id
658 2997 732 3041 est,
748 2993 799 3032 sit
809 2993 859 3033 de
874 2994 995 3033 rebus
1014 2995 1064 3034 ad
1078 3007 1179 3047 quas

141 3053 271 3106 *homo
299 3053 401 3092 alias
426 3058 487 3092 est
512 3066 562 3092 ex
585 3065 627 3093 se
652 3066 891 3106 propensus,
913 3055 1180 3097 nihilominus

141 3115 202 3163 jsit
220 3115 390 3153 omnino
409 3115 603 3166 perfecta,
616 3116 713 3166 quia
725 3115 913 3156 voluntas
930 3128 1024 3157 cum
1039 3118 1180 3159 divina

142 3178 280 3234 ¹gratia
299 3180 432 3226 potest
450 3189 524 3228 pro
544 3189 617 3216 sua
630 3178 818 3218 libertate
833 3190 884 3218 ex
902 3191 1004 3231 puro
1024 3182 1179 3221 motivo

147 3238 387 3278 obedientiae
415 3239 591 3288 operari,
625 3251 710 3279 non
741 3240 927 3280 obstante
946 3240 1017 3280 illo
1034 3253 1178 3281 conco-

143 3299 322 3339 ³mitante
352 3298 514 3338 affeetu.
554 3300 690 3339 Minus
723 3306 862 3340 autem
904 3306 965 3341 est
990 3303 1175 3353 periculi,

143 3361 313 3413 *quando
331 3362 504 3400 materia
527 3361 617 3412 ipsa
637 3361 878 3402 obedientiae
897 3367 958 3402 est
982 3364 1032 3402 de
1052 3376 1093 3403 se
1115 3376 1179 3404 re-

144 3415 339 3474 pugnans
365 3423 500 3461 sensui
523 3427 563 3462 et
588 3422 773 3462 inferiori
789 3425 965 3475 portioni
983 3425 1177 3475 hominis,

146 3494 249 3522 nam
282 3488 396 3534 tunc,
417 3484 577 3524 etiamsi
608 3485 820 3536 contingat
845 3486 1055 3526 hominem
1082 3487 1183 3526 alias

146 3538 239 3582 'esse
253 3556 503 3599 propensum
531 3545 587 3584 ad
602 3557 691 3586 rem
703 3558 795 3598 quae
813 3548 1062 3600 praecipitur,
1078 3549 1184 3589 nihi-

149 3602 332 3648 lominus
358 3606 606 3659 regulariter
636 3619 725 3648 non
741 3608 952 3649 minuetur
986 3609 1181 3662 perfectio

491 231 571 268 Lm.
593 231 656 267 lv.·
670 229 726 264 DE
747 224 868 264 VOTIS
888 223 1139 264 simulemus
1158 227 1399 264 clismffls
1418 227 1474 262 m·
1493 224 1790 267 murmuris..
1810 223 1903 261 mc.
1930 254 1937 272 ·.

1231 292 1487 342 obedientiae,
1507 304 1605 332 nam
1623 290 1694 331 ille
1710 289 1814 330 alius
1831 289 2002 331 affectus
2027 289 2153 331 etiam
2174 308 2195 341 ‚·
2216 302 2289 343 -eq

1232 367 1283 394 ex
1303 355 1442 405 aliqua
1455 353 1620 401 virtute,
1646 363 1736 403 quae
1752 363 1826 402 per
1844 363 1886 390 se
1905 350 2093 402 disponat
2109 350 2161 391 ad
2178 347 2258 392 vir·
2272 365 2293 386 s

1231 420 1363 455 tutem
1380 414 1636 462 obedientiae,
1656 413 1866 464 magisque
1885 416 1946 453 est
1965 424 2149 452 connexa
2163 422 2262 452 cum

1231 478 1316 518 illa.
1334 478 1386 517 Et
1401 477 1586 529 quamvis
1606 476 1818 527 contingat
1835 478 1973 515 actum
1995 487 2046 515 ex
2063 475 2260 515 obedien·
2290 496 2293 498 -
2330 477 2331 483 ’

1231 541 1290 578 tia
1306 539 1539 590 injunctum
1556 538 1645 578 fieri
1663 541 1825 576 tantum
1852 548 1902 576 ex
1921 537 2075 576 motivo
2093 536 2259 576 alterius
2291 531 2305 566 ἶ·
2327 535 2330 588 j

1231 601 1409 649 virtutis,
1429 606 1471 640 et
1484 612 1567 639 non
1579 612 1630 640 ex
1646 599 1809 639 formali
1829 599 1983 638 motivo
2001 597 2242 638 obedientiae
2308 627 2329 654 =:,

1232 674 1279 702 ac
1301 661 1470 713 proinde
1498 661 1543 700 in
1564 673 1613 700 eo
1639 672 1735 700 casu
1757 673 1842 700 non
1861 661 1913 699 sit
1942 659 2126 699 formalis
2145 662 2260 699 actus
2309 703 2315 715 ⁴·
2336 667 2337 671 ’

1232 723 1486 770 obedientiae,
1516 726 1563 761 ut
1590 727 1651 762 est
1669 722 1854 774 specialis
1872 722 2002 761 virtus
2016 751 2029 771 ,
2050 720 2261 760 nihilomi-

1231 797 1309 824 nus
1327 793 1440 823 actus
1458 783 1528 822 ille
1555 795 1639 822 non
1659 784 1811 823 carebit
1831 783 1940 835 apud
1968 784 2097 822 Deum
2121 782 2260 834 aliquo

1231 846 1377 885 merito
1396 845 1651 891 obedientiae,
1682 845 1780 896 quia
1813 845 1956 883 saltem
1991 843 2173 894 generali
2195 855 2261 882 ra·
2314 868 2326 892 2,

1230 908 1341 946 tione
1357 907 1472 946 illam
1496 906 1844 945 circumstantiam
1860 906 2046 944 includit.
2071 905 2185 952 Quod
2203 906 2264 957 ses
2312 868 2352 961 ’ξς

1232 981 1300 1008 cus
1317 973 1390 1018 est,
1409 968 1574 1020 quando
1594 971 1708 1006 actus
1733 966 1784 1005 ab
1804 966 2037 1006 obedientia
2053 966 2262 1017 injunctus
2320 967 2321 971 ’
2348 957 2352 970 “

1231 1031 1363 1069 solum
1376 1030 1422 1069 fit
1435 1030 1487 1069 ob
1500 1029 1702 1068 motivum
1719 1038 1831 1066 mere
1851 1027 2079 1066 humanum
2096 1039 2144 1066 ac
2159 1031 2268 1077 tem-3
2317 1040 2329 1079 .'
2349 1030 2352 1033 '

1231 1093 1383 1144 porale.
1403 1091 1516 1139 Quod
1537 1103 1633 1142 ergo
1653 1093 1765 1129 actus
1784 1089 1836 1127 ab
1853 1088 2084 1127 obedientia
2099 1089 2268 1139 injunc-.
2323 1115 2326 1121 .
2348 1119 2352 1124 .

1231 1159 1321 1203 tus,
1356 1154 1456 1193 alias
1485 1165 1556 1192 seu
1585 1164 1656 1204 per
1683 1163 1724 1190 se
1753 1155 1983 1202 spectatus,
2005 1149 2262 1190 voluntarius

1231 1215 1298 1264 sit,
1320 1227 1393 1266 per
1411 1227 1452 1253 se
1481 1227 1566 1253 non
1585 1213 1782 1264 impedit,
1809 1212 1879 1252 sed
1893 1213 2012 1264 juvat
2029 1211 2081 1252 ad
2107 1211 2269 1264 perfec-,

1229 1277 1386 1316 tionem
1405 1276 1662 1316 obedientiae.

1283 1341 1348 1378 2⁶2.
1385 1338 1539 1386 Quarta
1569 1338 1763 1389 perfectio
1803 1337 1925 1378 veluti
1959 1337 2195 1378 extrinseca.
2209 1359 2262 1367 —

1230 1401 1345 1441 Unde
1364 1401 1489 1439 etiam
1508 1399 1555 1439 fit
1570 1404 1617 1438 ut
1635 1411 1751 1438 amor
1770 1411 1869 1449 erga
1889 1400 2022 1450 ipsum
2043 1399 2260 1438 Praelatum

1229 1463 1535 1513 praecipientem
1557 1460 1732 1500 multum
1747 1460 1870 1499 etiam
1890 1461 2027 1511 juvet3
2043 1461 2134 1499 ideo
2149 1460 2271 1507 enim-2.

1229 1523 1364 1562 aiebat
1378 1523 1560 1562 Christus
1589 1522 1783 1560 Dominus
1801 1535 1812 1559 ε
1841 1521 1894 1563 Si
1913 1522 2004 1574 quis
2027 1522 2165 1573 diligit
2183 1512 2272 1573 mest

1231 1586 1422 1626 mandata
1451 1597 1537 1624 mea
1560 1585 1747 1631 servabit,
1778 1584 1926 1622 Joann.
1965 1584 2043 1631 14;
2080 1583 2190 1622 unde
2216 1575 2272 1622 in2
2336 1619 2340 1623 .

1231 1647 1401 1698 epistola
1416 1649 1441 1685 4
1452 1647 1502 1686 ad
1518 1646 1746 1691 Rusticum,
1768 1645 1944 1684 consulit
1958 1645 2231 1696 Hieronymus
2247 1658 2274 1691 ε)
2335 1642 2339 1646 ’

1230 1708 1502 1758 Praepositum
1529 1707 1761 1747 monasterii
1790 1706 1928 1747 timeas
1962 1709 2008 1746 ut
2033 1695 2273 1754 domiuum,‘=

1233 1770 1379 1823 diliyas
1398 1773 1445 1810 ut
1462 1772 1631 1820 patrem.
1654 1769 1847 1819 Idemque
1869 1771 1928 1806 est
1955 1767 2064 1819 quod
2082 1768 2126 1806 B.
2145 1742 2274 1821 Igna-}

1232 1832 1326 1879 tius,
1348 1832 1392 1870 in
1411 1831 1531 1870 tertia
1549 1834 1662 1882 parte
1682 1830 2041 1878 Constitutionum,
2061 1842 2096 1868 c.
2121 1832 2139 1869 1
2161 1840 2171 1868 :
2192 1825 2275 2030 In}

2304 713 2325 754 4·
2344 699 2352 732 ¹

2316 760 2329 775 ,Ἴ
2347 746 2352 764 Ι

2345 776 2352 814 ¹

2309 830 2324 854 §x
2328 821 2335 830 ι.
2345 819 2352 861 ¹

1234 1897 1346 1934 terna
1361 1893 1579 1933 reverentia
1599 1896 1635 1932 et
1655 1904 1786 1931 amore
1805 1893 1944 1940 (eum,
1972 1892 2012 1929 id
2032 1897 2107 1940 est,
2138 1892 2262 1943 Supe-

1232 1954 1383 1993 riorem
1402 1956 1414 2003 )
1430 1957 1716 2005 prosequentes.
1738 1954 1787 1991 Et
1806 1953 1849 1991 in
1875 1957 1989 1992 sexta
2005 1958 2135 2004 parte,
2161 1966 2195 1992 c.
2222 1955 2259 2002 ⁴,

1231 2016 1364 2066 magis
1391 2016 1467 2054 hoc
1502 2015 1713 2066 explicuit,
1743 2014 1911 2053 dicens:
1952 2015 2005 2055 Ut
2036 2016 2079 2054 in
2111 2015 2264 2066 spiritu

1232 2078 1398 2125 amoris,
1421 2080 1457 2118 et
1477 2089 1552 2116 non
1574 2088 1661 2116 eum
1677 2076 1972 2127 perturbatione
1999 2075 2156 2116 timoris
2170 2088 2263 2129 pro-

1233 2140 1409 2186 cedatur,
1424 2139 1643 2178 curandum
1662 2141 1733 2177 est.
1757 2136 2016 2188 Quamquam
2035 2137 2147 2176 enim
2165 2148 2276 2200 vera3
2339 2171 2344 2176 .

1231 2199 1463 2239 obedientia
1491 2212 1576 2238 non
1606 2199 1761 2238 oriatur
1785 2210 1836 2238 ex
1863 2198 2043 2237 amicitia
2059 2198 2112 2236 ad
2131 2199 2262 2237 homi-

1231 2273 1343 2310 nem,
1364 2261 1524 2300 etiamsi
1540 2260 1633 2299 talis
1652 2260 1831 2299 amicitia
1850 2263 1988 2298 sancta
2010 2263 2051 2298 et
2069 2272 2264 2311 superna-

1232 2323 1375 2362 turalis
1401 2323 1467 2371 sit,
1490 2322 1669 2361 multum
1685 2333 1783 2360 vero
1810 2321 1862 2360 ab
1890 2321 1974 2369 illa,
1993 2325 2191 2372 tanquam
2211 2297 2277 2360 abi

1233 2386 1389 2435 optima
1400 2384 1678 2435 dispositione,
1688 2384 1871 2434 Juvatur.
1886 2383 1936 2421 Et
1950 2383 1994 2421 in
2007 2384 2261 2431 universum,

1233 2446 1425 2498 quaelibet
1456 2446 1560 2484 ratio
1587 2445 1653 2484 vel
1681 2444 1889 2495 dispositio
1908 2444 2145 2491 voluntatis,
2174 2456 2264 2496 quae

1233 2505 1347 2544 illam
1378 2503 1548 2543 inclinat
1583 2504 1633 2542 ad
1664 2515 1847 2542 amorem
1878 2503 1944 2542 vel
1969 2502 2264 2554 gratitudinem

1233 2578 1331 2617 erga
1362 2565 1640 2617 Superiorem,
1673 2565 1708 2603 si
1734 2565 1787 2603 sit
1813 2565 1997 2612 honesta,
2025 2565 2273 2616 praetermit-,

1233 2628 1358 2667 tenda
1377 2639 1460 2666 non
1479 2631 1554 2674 est,
1577 2627 1674 2677 quia
1694 2637 1765 2676 per
1786 2638 1828 2664 se
1843 2626 1975 2676 juvat,
1993 2629 2033 2663 et
2063 2625 2162 2663 alias
2179 2637 2264 2664 non
2339 2650 2342 2659 .

2264 2201 2276 2296 „aad

2267 2609 2277 2686 ,κνε-

1235 2689 1414 2729 excludit
1429 2699 1573 2727 verum
1593 2687 1833 2725 obedientiae
1849 2686 2065 2724 motivum.
2093 2687 2137 2725 Et
2170 2686 2277 2739 ideo2

1234 2751 1282 2790 D.
1300 2749 1461 2797 Paulus,
1477 2748 1528 2787 ad
1547 2747 1738 2787 Hebraeos
1757 2747 1822 2795 13,
1846 2758 1941 2785 cum
1960 2747 2126 2786 dixisset
2143 2760 2151 2787 ε
2171 2746 2265 2788 obe·
2339 2782 2343 2790 .

1236 2812 1316 2852 dite
1334 2810 1575 2861 Proepositis
1594 2809 1738 2848 vestris
1751 2838 1761 2855 ,
1779 2809 1981 2847 rationem
2003 2776 2276 2859 gratitudinisl

1235 2884 1334 2923 erga
1368 2883 1435 2911 eos
1458 2871 1634 2921 allegat:
1653 2870 1746 2920 Ipsi
1780 2870 1883 2910 enim
1906 2870 2152 2921 perviyilant
2174 2849 2276 2915 tan-51

1235 2946 1354 2987 quam
1370 2934 1563 2973 rationem
1579 2933 1624 2972 de
1641 2931 1850 2972 animabus
1867 2933 2011 2973 vestris
2028 2933 2228 2973 reddztari
2247 2918 2276 3017 t}

1235 3000 1277 3036 et
1307 2995 1444 3034 statim
1464 2993 1577 3032 addit
1610 2993 1734 3032 aliam
1753 2998 2003 3044 spectantem
2022 2994 2075 3033 ad
2091 2995 2276 3072 charita-t
2338 2995 2343 3030 ἶ

1234 3061 1319 3096 tem
1340 3068 1438 3107 erga
1451 3055 1563 3094 illos:
1594 3055 1649 3095 Ut
1667 3066 1753 3094 cum
1770 3056 1915 3108 gaudio
1939 3056 2111 3105 faciant,
2133 3060 2170 3095 et
2187 3067 2275 3098 non.
2331 3046 2346 3115 ἶ

1233 3122 1453 3171 yementes,·
1471 3117 1537 3157 vel
1552 3117 1675 3156 etiam
1693 3117 1968 3168 pertinentem
1986 3117 2038 3156 ad
2053 3103 2276 3169 proprium}
2330 3115 2346 3133 '⁴

1234 3179 1512 3228 commodum,
1532 3190 1630 3218 nam
1648 3177 1812 3217 subdit:
1831 3179 1921 3219 Hoc
1939 3179 2042 3219 enim
2057 3189 2134 3218 non
2152 3169 2276 3230 expe-ff
2330 3220 2334 3227 ,

1234 3242 1292 3284 dit
1313 3243 1435 3283 vobis.
1468 3241 1584 3290 Quod
1610 3244 1741 3292 potest
1763 3240 1937 3292 intelligi
1951 3270 1964 3289 ,
1993 3252 2079 3279 non
2098 3239 2276 3294 expedit}

1231 3304 1347 3343 vobis
1367 3315 1453 3343 esse
1479 3303 1669 3342 molestos
1696 3303 1753 3342 eis
1776 3302 1924 3353 quibus
1949 3302 2152 3342 deberetis
2175 3302 2276 3348 essess

1235 3365 1364 3417 grati3
1387 3364 1452 3404 vel
1470 3365 1615 3416 potius,
1638 3375 1723 3403 non
1741 3364 1919 3415 expedit,
1942 3363 1987 3402 id
2006 3367 2083 3412 est,
2105 3375 2190 3402 non
2205 3349 2275 3414 est}
2320 3381 2323 3387 ·

1238 3427 1337 3466 utile
1358 3426 1471 3466 vohis
1485 3457 1494 3473 ,
1510 3426 1621 3478 quia,
1645 3426 1810 3477 quando
1832 3425 2017 3464 subditus
2039 3429 2099 3464 est
2123 3418 2275 3468 inohe-,2
2304 3443 2310 3446 -

1238 3488 1369 3536 diens,
1389 3489 1455 3528 vel
1473 3488 1667 3527 Praelatus
1686 3499 1770 3526 non
1790 3487 1913 3526 audet
1930 3486 2150 3538 praecipere
2173 3495 2267 3537 quae
2318 3535 2319 3539 Ἰ

1237 3550 1294 3590 illi
1315 3550 1449 3590 forent
1465 3550 1595 3598 utilia,
1614 3549 1694 3599 vel,
1711 3549 1746 3588 si
1764 3548 1988 3601 praecipiat,
1999 3547 2107 3587 cedit
2123 3546 2168 3586 in
2181 3558 2268 3587 ma-

1232 3611 1301 3664 jus
1314 3612 1512 3652 damnum
1527 3615 1569 3651 et
1584 3611 1815 3664 periculum
1829 3607 2107 3648 inobediendi.
2122 3607 2269 3661 Itaque
2318 3639 2319 3642 η

2267 2745 2276 2773 0-
