<?xml version="1.0" encoding="UTF-8"?>
<!DOCTYPE html PUBLIC "-//W3C//DTD XHTML 1.0 Transitional//EN"
    "http://www.w3.org/TR/xhtml1/DTD/xhtml1-transitional.dtd">
<html xmlns="http://www.w3.org/1999/xhtml" xml:lang="en" lang="en">
 <head>
  <title>
</title>
<meta http-equiv="Content-Type" content="text/html;charset=utf-8" />
  <meta name='ocr-system' content='tesseract 3.04.00' />
  <meta name='ocr-capabilities' content='ocr_page ocr_carea ocr_par ocr_line ocrx_word'/>
</head>
<body>
  <div class='ocr_page' id='page_1' title='image "./operaomnia16suaauoft_0017.png"; bbox 0 0 2352 3880; ppageno 0'>
   <div class='ocr_carea' id='block_1_1' title="bbox 263 221 2011 279">
    <p class='ocr_par' dir='ltr' id='par_1_1' title="bbox 263 221 2011 279">
     <span class='ocr_line' id='line_1_1' title="bbox 263 221 2011 279; baseline -0.001 -7"><span class='ocrx_word' id='word_1_1' title='bbox 263 235 360 274; x_wconf 80' lang='lat' dir='ltr'><strong>GAP.</strong></span> <span class='ocrx_word' id='word_1_2' title='bbox 383 236 424 272; x_wconf 89' lang='grc' dir='ltr'>ΙΙ.</span> <span class='ocrx_word' id='word_1_3' title='bbox 447 234 566 272; x_wconf 64' lang='lat' dir='ltr'><strong>VERA</strong></span> <span class='ocrx_word' id='word_1_4' title='bbox 587 233 833 271; x_wconf 75' lang='lat' dir='ltr'>RESOLUTto</span> <span class='ocrx_word' id='word_1_5' title='bbox 855 231 1115 279; x_wconf 64' lang='lat' dir='ltr'>Stsspffiuoms·</span> <span class='ocrx_word' id='word_1_6' title='bbox 1135 231 1316 274; x_wconf 39' lang='lat' dir='ltr'>mritis,</span> <span class='ocrx_word' id='word_1_7' title='bbox 1339 234 1487 277; x_wconf 68' lang='lat' dir='ltr'>ATQUE</span> <span class='ocrx_word' id='word_1_8' title='bbox 1507 221 1894 278; x_wconf 64' lang='lat' dir='ltr'>NPUGNATIONUM,</span> <span class='ocrx_word' id='word_1_9' title='bbox 1913 232 2011 271; x_wconf 85' lang='lat' dir='ltr'>ETC.</span> 
     </span>
    </p>
   </div>
   <div class='ocr_carea' id='block_1_2' title="bbox 73 298 1107 354">
    <p class='ocr_par' dir='ltr' id='par_1_2' title="bbox 73 298 1107 354">
     <span class='ocr_line' id='line_1_2' title="bbox 73 298 1107 354; baseline -0.006 -10"><span class='ocrx_word' id='word_1_10' title='bbox 73 302 143 344; x_wconf 79' lang='lat' dir='ltr'>vel</span> <span class='ocrx_word' id='word_1_11' title='bbox 173 302 413 354; x_wconf 84' lang='lat' dir='ltr'>excogitari.</span> <span class='ocrx_word' id='word_1_12' title='bbox 433 303 538 342; x_wconf 84' lang='lat' dir='ltr'><strong>Item</strong></span> <span class='ocrx_word' id='word_1_13' title='bbox 572 302 729 340; x_wconf 89' lang='lat' dir='ltr'>bonum</span> <span class='ocrx_word' id='word_1_14' title='bbox 759 298 864 338; x_wconf 89' lang='lat' dir='ltr'>illud</span> <span class='ocrx_word' id='word_1_15' title='bbox 892 299 1107 338; x_wconf 85' lang='lat' dir='ltr'><strong>moraliter</strong></span> 
     </span>
    </p>
   </div>
   <div class='ocr_carea' id='block_1_3' title="bbox 72 359 1105 468">
    <p class='ocr_par' dir='ltr' id='par_1_3' title="bbox 72 359 1105 468">
     <span class='ocr_line' id='line_1_3' title="bbox 74 359 1105 415; baseline -0.007 -10"><span class='ocrx_word' id='word_1_16' title='bbox 74 368 136 405; x_wconf 84' lang='lat' dir='ltr'>est</span> <span class='ocrx_word' id='word_1_17' title='bbox 153 367 326 413; x_wconf 89' lang='lat' dir='ltr'>certum,</span> <span class='ocrx_word' id='word_1_18' title='bbox 348 367 390 404; x_wconf 87' lang='lat' dir='ltr'>et</span> <span class='ocrx_word' id='word_1_19' title='bbox 405 376 480 415; x_wconf 86' lang='lat' dir='ltr'>per</span> <span class='ocrx_word' id='word_1_20' title='bbox 498 375 541 402; x_wconf 87' lang='lat' dir='ltr'>se</span> <span class='ocrx_word' id='word_1_21' title='bbox 558 363 791 408; x_wconf 79' lang='lat' dir='ltr'>intentum3</span> <span class='ocrx_word' id='word_1_22' title='bbox 814 359 897 399; x_wconf 88' lang='lat' dir='ltr'>alia</span> <span class='ocrx_word' id='word_1_23' title='bbox 922 372 1021 400; x_wconf 92' lang='lat' dir='ltr'>vero</span> <span class='ocrx_word' id='word_1_24' title='bbox 1040 360 1105 399; x_wconf 92' lang='lat' dir='ltr'>in-</span> 
     </span>
     <span class='ocr_line' id='line_1_4' title="bbox 72 415 1101 468; baseline -0.002 -11"><span class='ocrx_word' id='word_1_25' title='bbox 72 416 308 463; x_wconf 86' lang='lat' dir='ltr'>commoda,</span> <span class='ocrx_word' id='word_1_26' title='bbox 328 416 361 456; x_wconf 86' lang='lat' dir='ltr'>si</span> <span class='ocrx_word' id='word_1_27' title='bbox 377 428 459 468; x_wconf 83' lang='lat' dir='ltr'>qua</span> <span class='ocrx_word' id='word_1_28' title='bbox 475 418 638 464; x_wconf 84' lang='lat' dir='ltr'>dantur,</span> <span class='ocrx_word' id='word_1_29' title='bbox 657 429 750 456; x_wconf 86' lang='lat' dir='ltr'>rara</span> <span class='ocrx_word' id='word_1_30' title='bbox 769 420 916 456; x_wconf 89' lang='lat' dir='ltr'>suntet</span> <span class='ocrx_word' id='word_1_31' title='bbox 929 415 1101 461; x_wconf 85' lang='lat' dir='ltr'>incerta,</span> 
     </span>
    </p>
   </div>
   <div class='ocr_carea' id='block_1_4' title="bbox 45 477 1109 3666">
    <p class='ocr_par' dir='ltr' id='par_1_4' title="bbox 45 477 1109 1204">
     <span class='ocr_line' id='line_1_5' title="bbox 45 477 1104 530; baseline -0.001 -14"><span class='ocrx_word' id='word_1_32' title='bbox 45 501 48 514; x_wconf 84' lang='lat'><em>.</em></span> <span class='ocrx_word' id='word_1_33' title='bbox 73 482 116 518; x_wconf 83' lang='lat' dir='ltr'>et</span> <span class='ocrx_word' id='word_1_34' title='bbox 132 490 207 529; x_wconf 91' lang='lat' dir='ltr'>per</span> <span class='ocrx_word' id='word_1_35' title='bbox 225 478 416 518; x_wconf 87' lang='lat' dir='ltr'>accidens</span> <span class='ocrx_word' id='word_1_36' title='bbox 436 479 688 525; x_wconf 89' lang='lat' dir='ltr'>evenientia;</span> <span class='ocrx_word' id='word_1_37' title='bbox 709 482 832 530; x_wconf 81' lang='lat' dir='ltr'>atquc</span> <span class='ocrx_word' id='word_1_38' title='bbox 851 478 956 518; x_wconf 90' lang='lat' dir='ltr'>adeo</span> <span class='ocrx_word' id='word_1_39' title='bbox 971 477 1104 516; x_wconf 91' lang='lat' dir='ltr'>solum</span> 
     </span>
     <span class='ocr_line' id='line_1_6' title="bbox 72 538 1104 594; baseline -0.004 -14"><span class='ocrx_word' id='word_1_40' title='bbox 72 540 290 594; x_wconf 87' lang='lat' dir='ltr'>permissa,</span> <span class='ocrx_word' id='word_1_41' title='bbox 313 538 481 591; x_wconf 87' lang='lat' dir='ltr'>quando</span> <span class='ocrx_word' id='word_1_42' title='bbox 507 540 653 580; x_wconf 87' lang='lat' dir='ltr'>evitari</span> <span class='ocrx_word' id='word_1_43' title='bbox 669 551 754 578; x_wconf 92' lang='lat' dir='ltr'>non</span> <span class='ocrx_word' id='word_1_44' title='bbox 774 544 960 591; x_wconf 82' lang='lat' dir='ltr'><strong>possunt.</strong></span> <span class='ocrx_word' id='word_1_45' title='bbox 979 539 1104 578; x_wconf 86' lang='lat' dir='ltr'>Deni-</span> 
     </span>
     <span class='ocr_line' id='line_1_7' title="bbox 73 599 1108 652; baseline -0.002 -12"><span class='ocrx_word' id='word_1_46' title='bbox 73 611 158 652; x_wconf 89' lang='lat' dir='ltr'>que</span> <span class='ocrx_word' id='word_1_47' title='bbox 183 600 341 640; x_wconf 89' lang='lat' dir='ltr'>bonum</span> <span class='ocrx_word' id='word_1_48' title='bbox 361 600 573 651; x_wconf 85' lang='lat' dir='ltr'>religionis</span> <span class='ocrx_word' id='word_1_49' title='bbox 600 601 681 640; x_wconf 88' lang='lat' dir='ltr'>tale</span> <span class='ocrx_word' id='word_1_50' title='bbox 708 603 784 647; x_wconf 89' lang='lat' dir='ltr'>est,</span> <span class='ocrx_word' id='word_1_51' title='bbox 816 605 862 640; x_wconf 88' lang='lat' dir='ltr'>ut</span> <span class='ocrx_word' id='word_1_52' title='bbox 897 599 1108 639; x_wconf 85' lang='lat' dir='ltr'>moraliter</span> 
     </span>
     <span class='ocr_line' id='line_1_8' title="bbox 73 653 1106 714; baseline -0.002 -13"><span class='ocrx_word' id='word_1_53' title='bbox 73 661 155 701; x_wconf 86' lang='lat' dir='ltr'>alio</span> <span class='ocrx_word' id='word_1_54' title='bbox 173 653 297 700; x_wconf 82' lang='lat' dir='ltr'>modo</span> <span class='ocrx_word' id='word_1_55' title='bbox 317 661 540 702; x_wconf 79' lang='lat' dir='ltr'>subsistere</span> <span class='ocrx_word' id='word_1_56' title='bbox 570 674 656 701; x_wconf 92' lang='lat' dir='ltr'>non</span> <span class='ocrx_word' id='word_1_57' title='bbox 676 662 808 714; x_wconf 85' lang='lat' dir='ltr'>possit</span> <span class='ocrx_word' id='word_1_58' title='bbox 831 662 873 701; x_wconf 92' lang='lat' dir='ltr'>in</span> <span class='ocrx_word' id='word_1_59' title='bbox 904 662 1106 702; x_wconf 86' lang='lat' dir='ltr'>Societate</span> 
     </span>
     <span class='ocr_line' id='line_1_9' title="bbox 72 722 1107 775; baseline -0.001 -14"><span class='ocrx_word' id='word_1_60' title='bbox 72 725 242 774; x_wconf 86' lang='lat' dir='ltr'>propter</span> <span class='ocrx_word' id='word_1_61' title='bbox 259 723 443 774; x_wconf 89' lang='lat' dir='ltr'>pericula</span> <span class='ocrx_word' id='word_1_62' title='bbox 472 727 513 762; x_wconf 90' lang='lat' dir='ltr'>et</span> <span class='ocrx_word' id='word_1_63' title='bbox 541 723 805 764; x_wconf 87' lang='lat' dir='ltr'>difficultates</span> <span class='ocrx_word' id='word_1_64' title='bbox 833 735 996 775; x_wconf 85' lang='lat' dir='ltr'>graves,</span> <span class='ocrx_word' id='word_1_65' title='bbox 1015 722 1107 772; x_wconf 87' lang='lat' dir='ltr'>qui-</span> 
     </span>
     <span class='ocr_line' id='line_1_10' title="bbox 74 782 1108 837; baseline 0 -15"><span class='ocrx_word' id='word_1_66' title='bbox 74 782 152 823; x_wconf 90' lang='lat' dir='ltr'>bus</span> <span class='ocrx_word' id='word_1_67' title='bbox 171 789 436 835; x_wconf 87' lang='lat' dir='ltr'>exponuntur</span> <span class='ocrx_word' id='word_1_68' title='bbox 450 785 629 836; x_wconf 90' lang='lat' dir='ltr'>operarii</span> <span class='ocrx_word' id='word_1_69' title='bbox 649 786 755 837; x_wconf 88' lang='lat' dir='ltr'>ejus,</span> <span class='ocrx_word' id='word_1_70' title='bbox 773 788 818 825; x_wconf 87' lang='lat' dir='ltr'>ut</span> <span class='ocrx_word' id='word_1_71' title='bbox 838 798 947 837; x_wconf 84' lang='lat' dir='ltr'>saepe</span> <span class='ocrx_word' id='word_1_72' title='bbox 959 785 1108 823; x_wconf 88' lang='lat' dir='ltr'>dicitur</span> 
     </span>
     <span class='ocr_line' id='line_1_11' title="bbox 74 844 1107 898; baseline 0 -14"><span class='ocrx_word' id='word_1_73' title='bbox 74 844 119 884; x_wconf 89' lang='lat' dir='ltr'>in</span> <span class='ocrx_word' id='word_1_74' title='bbox 134 844 257 884; x_wconf 85' lang='lat' dir='ltr'>bullis</span> <span class='ocrx_word' id='word_1_75' title='bbox 270 845 506 894; x_wconf 84' lang='lat' dir='ltr'>Pontificiis‚</span> <span class='ocrx_word' id='word_1_76' title='bbox 523 851 566 886; x_wconf 90' lang='lat' dir='ltr'>et</span> <span class='ocrx_word' id='word_1_77' title='bbox 578 848 804 898; x_wconf 84' lang='lat' dir='ltr'>praesertim</span> <span class='ocrx_word' id='word_1_78' title='bbox 823 848 866 886; x_wconf 90' lang='lat' dir='ltr'>in</span> <span class='ocrx_word' id='word_1_79' title='bbox 883 847 990 886; x_wconf 88' lang='lat' dir='ltr'>dicta</span> <span class='ocrx_word' id='word_1_80' title='bbox 1004 847 1107 885; x_wconf 91' lang='lat' dir='ltr'>Con-</span> 
     </span>
     <span class='ocr_line' id='line_1_12' title="bbox 74 906 1106 958; baseline -0.001 -12"><span class='ocrx_word' id='word_1_81' title='bbox 74 906 286 947; x_wconf 81' lang='lat' dir='ltr'>stitutione</span> <span class='ocrx_word' id='word_1_82' title='bbox 307 906 550 949; x_wconf 71' lang='lat' dir='ltr'>Ascendentc</span> <span class='ocrx_word' id='word_1_83' title='bbox 566 910 735 949; x_wconf 73' lang='lat' dir='ltr'>Domino</span> <span class='ocrx_word' id='word_1_84' title='bbox 746 925 763 955; x_wconf 92' lang='lat'>,·</span> <span class='ocrx_word' id='word_1_85' title='bbox 780 913 822 949; x_wconf 89' lang='lat' dir='ltr'>at</span> <span class='ocrx_word' id='word_1_86' title='bbox 841 920 938 948; x_wconf 90' lang='lat' dir='ltr'>vero</span> <span class='ocrx_word' id='word_1_87' title='bbox 965 907 997 947; x_wconf 93' lang='lat' dir='ltr'>si</span> <span class='ocrx_word' id='word_1_88' title='bbox 1023 919 1106 958; x_wconf 90' lang='lat' dir='ltr'>qua</span> 
     </span>
     <span class='ocr_line' id='line_1_13' title="bbox 72 968 1108 1021; baseline -0.001 -14"><span class='ocrx_word' id='word_1_89' title='bbox 72 968 339 1009; x_wconf 71' lang='lat' dir='ltr'>incommoda</span> <span class='ocrx_word' id='word_1_90' title='bbox 359 970 476 1020; x_wconf 89' lang='lat' dir='ltr'>sequi</span> <span class='ocrx_word' id='word_1_91' title='bbox 507 975 698 1021; x_wconf 87' lang='lat' dir='ltr'>possunt,</span> <span class='ocrx_word' id='word_1_92' title='bbox 727 975 800 1010; x_wconf 90' lang='lat' dir='ltr'>aut</span> <span class='ocrx_word' id='word_1_93' title='bbox 831 968 1046 1021; x_wconf 71' lang='lat' dir='ltr'>praeveniri</span> <span class='ocrx_word' id='word_1_94' title='bbox 1067 971 1108 1007; x_wconf 93' lang='lat' dir='ltr'>et</span> 
     </span>
     <span class='ocr_line' id='line_1_14' title="bbox 73 1029 1108 1083; baseline 0 -15"><span class='ocrx_word' id='word_1_95' title='bbox 73 1029 265 1081; x_wconf 88' lang='lat' dir='ltr'>impediri</span> <span class='ocrx_word' id='word_1_96' title='bbox 292 1031 377 1070; x_wconf 89' lang='lat' dir='ltr'>fere</span> <span class='ocrx_word' id='word_1_97' title='bbox 405 1044 570 1083; x_wconf 87' lang='lat' dir='ltr'>semper</span> <span class='ocrx_word' id='word_1_98' title='bbox 584 1032 738 1079; x_wconf 90' lang='lat' dir='ltr'>valent,</span> <span class='ocrx_word' id='word_1_99' title='bbox 759 1034 831 1070; x_wconf 89' lang='lat' dir='ltr'>aut</span> <span class='ocrx_word' id='word_1_100' title='bbox 846 1034 957 1070; x_wconf 87' lang='lat' dir='ltr'>certe</span> <span class='ocrx_word' id='word_1_101' title='bbox 976 1030 1108 1081; x_wconf 84' lang='lat' dir='ltr'>majo-</span> 
     </span>
     <span class='ocr_line' id='line_1_15' title="bbox 73 1091 1109 1143; baseline 0 -13"><span class='ocrx_word' id='word_1_102' title='bbox 73 1091 190 1131; x_wconf 88' lang='lat' dir='ltr'>ribus</span> <span class='ocrx_word' id='word_1_103' title='bbox 206 1092 434 1131; x_wconf 90' lang='lat' dir='ltr'>commodis</span> <span class='ocrx_word' id='word_1_104' title='bbox 448 1094 570 1131; x_wconf 89' lang='lat' dir='ltr'>etiam</span> <span class='ocrx_word' id='word_1_105' title='bbox 584 1092 897 1143; x_wconf 80' lang='lat' dir='ltr'>particularium</span> <span class='ocrx_word' id='word_1_106' title='bbox 911 1103 1109 1142; x_wconf 87' lang='lat' dir='ltr'>persona-</span> 
     </span>
     <span class='ocr_line' id='line_1_16' title="bbox 72 1141 952 1204; baseline -0.001 -11"><span class='ocrx_word' id='word_1_107' title='bbox 72 1141 170 1193; x_wconf 67' lang='lat' dir='ltr'>&#39;irum</span> <span class='ocrx_word' id='word_1_108' title='bbox 189 1157 524 1204; x_wconf 87' lang='lat' dir='ltr'>compensantur,</span> <span class='ocrx_word' id='word_1_109' title='bbox 546 1157 592 1191; x_wconf 89' lang='lat' dir='ltr'>ut</span> <span class='ocrx_word' id='word_1_110' title='bbox 613 1154 702 1203; x_wconf 87' lang='lat' dir='ltr'>jam</span> <span class='ocrx_word' id='word_1_111' title='bbox 723 1153 952 1203; x_wconf 81' lang='lat' dir='ltr'>explicabo.</span> 
     </span>
    </p>

    <p class='ocr_par' dir='ltr' id='par_1_5' title="bbox 59 1212 1109 3544">
     <span class='ocr_line' id='line_1_17' title="bbox 128 1212 1108 1255; baseline -0.002 0"><span class='ocrx_word' id='word_1_112' title='bbox 128 1216 167 1255; x_wconf 88' lang='lat'>8.</span> <span class='ocrx_word' id='word_1_113' title='bbox 206 1214 315 1255; x_wconf 80' lang='lat' dir='ltr'>Unde</span> <span class='ocrx_word' id='word_1_114' title='bbox 333 1214 514 1254; x_wconf 75' lang='lat' dir='ltr'>solvatur</span> <span class='ocrx_word' id='word_1_115' title='bbox 546 1214 718 1254; x_wconf 77' lang='lat' dir='ltr'>secunda</span> <span class='ocrx_word' id='word_1_116' title='bbox 753 1215 862 1254; x_wconf 81' lang='lat' dir='ltr'>ratio</span> <span class='ocrx_word' id='word_1_117' title='bbox 896 1212 1108 1254; x_wconf 79' lang='lat' dir='ltr'>dubitandi</span> 
     </span>
     <span class='ocr_line' id='line_1_18' title="bbox 76 1273 1108 1328; baseline -0.002 -12"><span class='ocrx_word' id='word_1_118' title='bbox 76 1275 220 1328; x_wconf 76' lang='lat' dir='ltr'>capitis</span> <span class='ocrx_word' id='word_1_119' title='bbox 235 1274 507 1325; x_wconf 69' lang='lat' dir='ltr'>praecedentis.</span> <span class='ocrx_word' id='word_1_120' title='bbox 527 1295 580 1305; x_wconf 89' lang='lat'>—</span> <span class='ocrx_word' id='word_1_121' title='bbox 598 1273 667 1314; x_wconf 84' lang='lat' dir='ltr'>Ad</span> <span class='ocrx_word' id='word_1_122' title='bbox 684 1274 865 1327; x_wconf 77' lang='lat' dir='ltr'>primum</span> <span class='ocrx_word' id='word_1_123' title='bbox 893 1275 1108 1315; x_wconf 75' lang='lat' dir='ltr'>incommo—</span> 
     </span>
     <span class='ocr_line' id='line_1_19' title="bbox 74 1335 1108 1388; baseline -0.001 -11"><span class='ocrx_word' id='word_1_124' title='bbox 74 1337 168 1377; x_wconf 78' lang='lat' dir='ltr'>dum</span> <span class='ocrx_word' id='word_1_125' title='bbox 186 1335 356 1376; x_wconf 79' lang='lat' dir='ltr'>allatum</span> <span class='ocrx_word' id='word_1_126' title='bbox 378 1336 424 1375; x_wconf 76' lang='lat' dir='ltr'>in</span> <span class='ocrx_word' id='word_1_127' title='bbox 442 1336 564 1377; x_wconf 78' lang='lat' dir='ltr'>tertia</span> <span class='ocrx_word' id='word_1_128' title='bbox 582 1336 738 1376; x_wconf 77' lang='lat' dir='ltr'>ratione</span> <span class='ocrx_word' id='word_1_129' title='bbox 765 1336 972 1376; x_wconf 73' lang='lat' dir='ltr'>dubitandi</span> <span class='ocrx_word' id='word_1_130' title='bbox 999 1336 1108 1388; x_wconf 73' lang='lat' dir='ltr'>eJ‘us-</span> 
     </span>
     <span class='ocr_line' id='line_1_20' title="bbox 74 1396 1107 1448; baseline -0.001 -11"><span class='ocrx_word' id='word_1_131' title='bbox 74 1397 158 1437; x_wconf 80' lang='lat' dir='ltr'>dem</span> <span class='ocrx_word' id='word_1_132' title='bbox 177 1396 333 1448; x_wconf 77' lang='lat' dir='ltr'>capitis.</span> <span class='ocrx_word' id='word_1_133' title='bbox 346 1397 487 1436; x_wconf 90' lang='lat' dir='ltr'>—Per</span> <span class='ocrx_word' id='word_1_134' title='bbox 510 1398 596 1436; x_wconf 83' lang='lat' dir='ltr'>haec</span> <span class='ocrx_word' id='word_1_135' title='bbox 613 1397 740 1447; x_wconf 88' lang='lat' dir='ltr'>igitur</span> <span class='ocrx_word' id='word_1_136' title='bbox 756 1397 949 1436; x_wconf 83' lang='lat' dir='ltr'>secundae</span> <span class='ocrx_word' id='word_1_137' title='bbox 968 1397 1107 1448; x_wconf 89' lang='lat' dir='ltr'>objec-</span> 
     </span>
     <span class='ocr_line' id='line_1_21' title="bbox 73 1456 1107 1509; baseline 0.002 -14"><span class='ocrx_word' id='word_1_138' title='bbox 73 1456 175 1495; x_wconf 91' lang='lat' dir='ltr'>tioni</span> <span class='ocrx_word' id='word_1_139' title='bbox 190 1457 443 1497; x_wconf 84' lang='lat' dir='ltr'>satisfactum</span> <span class='ocrx_word' id='word_1_140' title='bbox 462 1462 548 1506; x_wconf 91' lang='lat' dir='ltr'>est;</span> <span class='ocrx_word' id='word_1_141' title='bbox 572 1460 612 1497; x_wconf 86' lang='lat' dir='ltr'>et</span> <span class='ocrx_word' id='word_1_142' title='bbox 630 1459 751 1497; x_wconf 89' lang='lat' dir='ltr'>tertia</span> <span class='ocrx_word' id='word_1_143' title='bbox 772 1459 898 1498; x_wconf 91' lang='lat' dir='ltr'>etiam</span> <span class='ocrx_word' id='word_1_144' title='bbox 915 1458 1003 1497; x_wconf 88' lang='lat' dir='ltr'>fere</span> <span class='ocrx_word' id='word_1_145' title='bbox 1018 1459 1107 1509; x_wconf 80' lang='lat' dir='ltr'>J&#39;am</span> 
     </span>
     <span class='ocr_line' id='line_1_22' title="bbox 73 1519 1108 1571; baseline 0.001 -14"><span class='ocrx_word' id='word_1_146' title='bbox 73 1522 136 1557; x_wconf 89' lang='lat' dir='ltr'>est</span> <span class='ocrx_word' id='word_1_147' title='bbox 155 1519 367 1570; x_wconf 90' lang='lat' dir='ltr'>expedita;</span> <span class='ocrx_word' id='word_1_148' title='bbox 387 1531 484 1558; x_wconf 92' lang='lat' dir='ltr'>nam</span> <span class='ocrx_word' id='word_1_149' title='bbox 500 1532 592 1571; x_wconf 85' lang='lat' dir='ltr'>quae</span> <span class='ocrx_word' id='word_1_150' title='bbox 609 1520 652 1558; x_wconf 93' lang='lat' dir='ltr'>in</span> <span class='ocrx_word' id='word_1_151' title='bbox 670 1519 1027 1559; x_wconf 90' lang='lat' dir='ltr'>confirmationem</span> <span class='ocrx_word' id='word_1_152' title='bbox 1044 1531 1108 1559; x_wconf 90' lang='lat' dir='ltr'>se-</span> 
     </span>
     <span class='ocr_line' id='line_1_23' title="bbox 72 1579 1108 1633; baseline 0.001 -15"><span class='ocrx_word' id='word_1_153' title='bbox 72 1579 220 1619; x_wconf 84' lang='lat' dir='ltr'>cundae</span> <span class='ocrx_word' id='word_1_154' title='bbox 238 1581 477 1620; x_wconf 80' lang='lat' dir='ltr'>assertionis</span> <span class='ocrx_word' id='word_1_155' title='bbox 494 1582 603 1621; x_wconf 92' lang='lat' dir='ltr'>dicta</span> <span class='ocrx_word' id='word_1_156' title='bbox 622 1586 732 1630; x_wconf 90' lang='lat' dir='ltr'>sunt,</span> <span class='ocrx_word' id='word_1_157' title='bbox 749 1581 930 1633; x_wconf 90' lang='lat' dir='ltr'>probant</span> <span class='ocrx_word' id='word_1_158' title='bbox 941 1593 1026 1619; x_wconf 92' lang='lat' dir='ltr'>non</span> <span class='ocrx_word' id='word_1_159' title='bbox 1043 1593 1108 1620; x_wconf 91' lang='lat' dir='ltr'>so-</span> 
     </span>
     <span class='ocr_line' id='line_1_24' title="bbox 71 1640 1108 1690; baseline 0.002 -11"><span class='ocrx_word' id='word_1_160' title='bbox 71 1640 160 1680; x_wconf 90' lang='lat' dir='ltr'>lum</span> <span class='ocrx_word' id='word_1_161' title='bbox 181 1641 261 1681; x_wconf 92' lang='lat' dir='ltr'>hoc</span> <span class='ocrx_word' id='word_1_162' title='bbox 280 1654 372 1682; x_wconf 90' lang='lat' dir='ltr'>esse</span> <span class='ocrx_word' id='word_1_163' title='bbox 391 1643 565 1690; x_wconf 90' lang='lat' dir='ltr'>licitum,</span> <span class='ocrx_word' id='word_1_164' title='bbox 588 1643 663 1682; x_wconf 91' lang='lat' dir='ltr'>sed</span> <span class='ocrx_word' id='word_1_165' title='bbox 684 1643 811 1682; x_wconf 90' lang='lat' dir='ltr'>etiam</span> <span class='ocrx_word' id='word_1_166' title='bbox 833 1642 997 1690; x_wconf 90' lang='lat' dir='ltr'>melius,</span> <span class='ocrx_word' id='word_1_167' title='bbox 1018 1654 1108 1681; x_wconf 90' lang='lat' dir='ltr'>ma-</span> 
     </span>
     <span class='ocr_line' id='line_1_25' title="bbox 74 1702 1109 1756; baseline 0.001 -15"><span class='ocrx_word' id='word_1_168' title='bbox 74 1702 220 1755; x_wconf 89' lang='lat' dir='ltr'>gisque</span> <span class='ocrx_word' id='word_1_169' title='bbox 232 1703 457 1755; x_wconf 86' lang='lat' dir='ltr'>expediens</span> <span class='ocrx_word' id='word_1_170' title='bbox 470 1705 513 1743; x_wconf 91' lang='lat' dir='ltr'>in</span> <span class='ocrx_word' id='word_1_171' title='bbox 526 1707 605 1743; x_wconf 89' lang='lat' dir='ltr'>hac</span> <span class='ocrx_word' id='word_1_172' title='bbox 621 1704 838 1756; x_wconf 84' lang='lat' dir='ltr'>religione.</span> <span class='ocrx_word' id='word_1_173' title='bbox 857 1705 976 1751; x_wconf 91' lang='lat' dir='ltr'>Nam,</span> <span class='ocrx_word' id='word_1_174' title='bbox 996 1704 1109 1754; x_wconf 91' lang='lat' dir='ltr'>quod</span> 
     </span>
     <span class='ocr_line' id='line_1_26' title="bbox 75 1765 1108 1805; baseline 0.001 -2"><span class='ocrx_word' id='word_1_175' title='bbox 75 1768 139 1804; x_wconf 90' lang='lat' dir='ltr'>est</span> <span class='ocrx_word' id='word_1_176' title='bbox 163 1766 375 1804; x_wconf 85' lang='lat' dir='ltr'>moraliter</span> <span class='ocrx_word' id='word_1_177' title='bbox 403 1767 685 1805; x_wconf 89' lang='lat' dir='ltr'>necessarium</span> <span class='ocrx_word' id='word_1_178' title='bbox 711 1766 764 1804; x_wconf 88' lang='lat' dir='ltr'>ad</span> <span class='ocrx_word' id='word_1_179' title='bbox 784 1777 1006 1805; x_wconf 89' lang='lat' dir='ltr'>commune</span> <span class='ocrx_word' id='word_1_180' title='bbox 1033 1765 1108 1804; x_wconf 89' lang='lat' dir='ltr'>bo-</span> 
     </span>
     <span class='ocr_line' id='line_1_27' title="bbox 75 1826 1106 1878; baseline 0 -14"><span class='ocrx_word' id='word_1_181' title='bbox 75 1837 175 1864; x_wconf 92' lang='lat' dir='ltr'>num</span> <span class='ocrx_word' id='word_1_182' title='bbox 195 1827 407 1876; x_wconf 88' lang='lat' dir='ltr'>spirituale</span> <span class='ocrx_word' id='word_1_183' title='bbox 428 1827 602 1878; x_wconf 87' lang='lat' dir='ltr'>alicujus</span> <span class='ocrx_word' id='word_1_184' title='bbox 614 1827 826 1878; x_wconf 83' lang='lat' dir='ltr'>religionis</span> <span class='ocrx_word' id='word_1_185' title='bbox 841 1830 881 1865; x_wconf 87' lang='lat' dir='ltr'>et</span> <span class='ocrx_word' id='word_1_186' title='bbox 898 1826 1106 1874; x_wconf 72' lang='lat' dir='ltr'>Ecclesiae,</span> 
     </span>
     <span class='ocr_line' id='line_1_28' title="bbox 74 1886 1106 1945; baseline 0 -20"><span class='ocrx_word' id='word_1_187' title='bbox 74 1886 317 1937; x_wconf 89' lang='lat' dir='ltr'>simpliciter</span> <span class='ocrx_word' id='word_1_188' title='bbox 334 1891 396 1927; x_wconf 89' lang='lat' dir='ltr'>est</span> <span class='ocrx_word' id='word_1_189' title='bbox 409 1889 572 1934; x_wconf 90' lang='lat' dir='ltr'>melius,</span> <span class='ocrx_word' id='word_1_190' title='bbox 593 1891 633 1927; x_wconf 91' lang='lat' dir='ltr'>et</span> <span class='ocrx_word' id='word_1_191' title='bbox 647 1888 779 1938; x_wconf 89' lang='lat' dir='ltr'>magis</span> <span class='ocrx_word' id='word_1_192' title='bbox 794 1887 1022 1945; x_wconf 76' lang='lat' dir='ltr'>expediens</span> <span class='ocrx_word' id='word_1_193' title='bbox 1036 1887 1106 1926; x_wconf 91' lang='lat' dir='ltr'>tali</span> 
     </span>
     <span class='ocr_line' id='line_1_29' title="bbox 73 1947 1107 2000; baseline 0.001 -14"><span class='ocrx_word' id='word_1_194' title='bbox 73 1947 275 1998; x_wconf 85' lang='lat' dir='ltr'>religioni,</span> <span class='ocrx_word' id='word_1_195' title='bbox 297 1951 339 1988; x_wconf 86' lang='lat' dir='ltr'>et</span> <span class='ocrx_word' id='word_1_196' title='bbox 357 1949 434 2000; x_wconf 90' lang='lat' dir='ltr'>ipsi</span> <span class='ocrx_word' id='word_1_197' title='bbox 455 1950 580 1990; x_wconf 87' lang='lat' dir='ltr'>etiam</span> <span class='ocrx_word' id='word_1_198' title='bbox 604 1949 809 1996; x_wconf 74' lang='lat' dir='ltr'>Ecclesiae,</span> <span class='ocrx_word' id='word_1_199' title='bbox 830 1961 874 2000; x_wconf 75' lang='lat' dir='ltr'>qi</span> <span class='ocrx_word' id='word_1_200' title='bbox 890 1953 1036 1989; x_wconf 87' lang='lat' dir='ltr'>atenus</span> <span class='ocrx_word' id='word_1_201' title='bbox 1056 1960 1107 1988; x_wconf 88' lang='lat' dir='ltr'>ex</span> 
     </span>
     <span class='ocr_line' id='line_1_30' title="bbox 73 2009 1108 2062; baseline 0.001 -14"><span class='ocrx_word' id='word_1_202' title='bbox 73 2009 144 2049; x_wconf 87' lang='lat' dir='ltr'>tali</span> <span class='ocrx_word' id='word_1_203' title='bbox 161 2014 278 2060; x_wconf 86' lang='lat' dir='ltr'>parte</span> <span class='ocrx_word' id='word_1_204' title='bbox 295 2014 471 2058; x_wconf 90' lang='lat' dir='ltr'>constat,</span> <span class='ocrx_word' id='word_1_205' title='bbox 493 2016 535 2051; x_wconf 90' lang='lat' dir='ltr'>et</span> <span class='ocrx_word' id='word_1_206' title='bbox 555 2014 763 2062; x_wconf 89' lang='lat' dir='ltr'>quatenus</span> <span class='ocrx_word' id='word_1_207' title='bbox 784 2011 875 2061; x_wconf 89' lang='lat' dir='ltr'>ejus</span> <span class='ocrx_word' id='word_1_208' title='bbox 895 2010 1108 2050; x_wconf 82' lang='lat' dir='ltr'>laboribus</span> 
     </span>
     <span class='ocr_line' id='line_1_31' title="bbox 74 2072 1108 2123; baseline 0.002 -12"><span class='ocrx_word' id='word_1_209' title='bbox 74 2075 115 2112; x_wconf 89' lang='lat' dir='ltr'>et</span> <span class='ocrx_word' id='word_1_210' title='bbox 134 2072 328 2123; x_wconf 88' lang='lat' dir='ltr'>operibus</span> <span class='ocrx_word' id='word_1_211' title='bbox 361 2072 415 2111; x_wconf 91' lang='lat' dir='ltr'>ad</span> <span class='ocrx_word' id='word_1_212' title='bbox 435 2084 557 2112; x_wconf 89' lang='lat' dir='ltr'>suum</span> <span class='ocrx_word' id='word_1_213' title='bbox 577 2073 843 2112; x_wconf 90' lang='lat' dir='ltr'>commodum</span> <span class='ocrx_word' id='word_1_214' title='bbox 865 2073 1013 2120; x_wconf 86' lang='lat' dir='ltr'>utitur3</span> <span class='ocrx_word' id='word_1_215' title='bbox 1034 2072 1108 2113; x_wconf 91' lang='lat' dir='ltr'>sed</span> 
     </span>
     <span class='ocr_line' id='line_1_32' title="bbox 72 2133 1108 2186; baseline 0 -12"><span class='ocrx_word' id='word_1_216' title='bbox 72 2133 167 2174; x_wconf 82' lang='lat' dir='ltr'>talis</span> <span class='ocrx_word' id='word_1_217' title='bbox 187 2141 249 2174; x_wconf 90' lang='lat' dir='ltr'>est</span> <span class='ocrx_word' id='word_1_218' title='bbox 264 2134 480 2182; x_wconf 88' lang='lat' dir='ltr'>institutio,</span> <span class='ocrx_word' id='word_1_219' title='bbox 511 2134 565 2175; x_wconf 89' lang='lat' dir='ltr'>de</span> <span class='ocrx_word' id='word_1_220' title='bbox 592 2146 676 2186; x_wconf 91' lang='lat' dir='ltr'>qua</span> <span class='ocrx_word' id='word_1_221' title='bbox 696 2135 872 2186; x_wconf 84' lang='lat' dir='ltr'>agimus,</span> <span class='ocrx_word' id='word_1_222' title='bbox 895 2139 941 2174; x_wconf 88' lang='lat' dir='ltr'>ut</span> <span class='ocrx_word' id='word_1_223' title='bbox 970 2135 1108 2174; x_wconf 89' lang='lat' dir='ltr'>decla·</span> 
     </span>
     <span class='ocr_line' id='line_1_33' title="bbox 73 2195 1106 2246; baseline 0.001 -12"><span class='ocrx_word' id='word_1_224' title='bbox 73 2199 212 2235; x_wconf 88' lang='lat' dir='ltr'>ratum</span> <span class='ocrx_word' id='word_1_225' title='bbox 228 2198 308 2242; x_wconf 87' lang='lat' dir='ltr'>est;</span> <span class='ocrx_word' id='word_1_226' title='bbox 328 2208 442 2246; x_wconf 88' lang='lat' dir='ltr'>ergo.</span> <span class='ocrx_word' id='word_1_227' title='bbox 466 2196 624 2234; x_wconf 88' lang='lat' dir='ltr'>Deinde</span> <span class='ocrx_word' id='word_1_228' title='bbox 641 2196 683 2234; x_wconf 94' lang='lat' dir='ltr'>id</span> <span class='ocrx_word' id='word_1_229' title='bbox 703 2195 933 2235; x_wconf 88' lang='lat' dir='ltr'>ostenditur</span> <span class='ocrx_word' id='word_1_230' title='bbox 948 2196 1106 2235; x_wconf 88' lang='lat' dir='ltr'>discur-</span> 
     </span>
     <span class='ocr_line' id='line_1_34' title="bbox 74 2256 1107 2309; baseline 0.003 -14"><span class='ocrx_word' id='word_1_231' title='bbox 74 2256 204 2296; x_wconf 90' lang='lat' dir='ltr'>rendo</span> <span class='ocrx_word' id='word_1_232' title='bbox 225 2268 301 2308; x_wconf 89' lang='lat' dir='ltr'>per</span> <span class='ocrx_word' id='word_1_233' title='bbox 325 2256 487 2308; x_wconf 81' lang='lat' dir='ltr'>singula</span> <span class='ocrx_word' id='word_1_234' title='bbox 517 2257 781 2297; x_wconf 87' lang='lat' dir='ltr'>incommoda</span> <span class='ocrx_word' id='word_1_235' title='bbox 796 2288 808 2306; x_wconf 93' lang='lat'>,</span> <span class='ocrx_word' id='word_1_236' title='bbox 831 2269 924 2308; x_wconf 83' lang='lat' dir='ltr'>quae</span> <span class='ocrx_word' id='word_1_237' title='bbox 957 2269 1107 2309; x_wconf 89' lang='lat' dir='ltr'>propo-</span> 
     </span>
     <span class='ocr_line' id='line_1_35' title="bbox 78 2319 1106 2370; baseline 0.004 -15"><span class='ocrx_word' id='word_1_238' title='bbox 78 2322 243 2359; x_wconf 85' lang='lat' dir='ltr'>nuntur.</span> <span class='ocrx_word' id='word_1_239' title='bbox 277 2319 395 2365; x_wconf 86' lang='lat' dir='ltr'>Quod</span> <span class='ocrx_word' id='word_1_240' title='bbox 426 2331 524 2370; x_wconf 87' lang='lat' dir='ltr'>ergo</span> <span class='ocrx_word' id='word_1_241' title='bbox 548 2319 750 2369; x_wconf 89' lang='lat' dir='ltr'>imprimis</span> <span class='ocrx_word' id='word_1_242' title='bbox 783 2319 955 2359; x_wconf 86' lang='lat' dir='ltr'>dicitur.</span> <span class='ocrx_word' id='word_1_243' title='bbox 978 2319 1106 2359; x_wconf 88' lang='lat' dir='ltr'>talem</span> 
     </span>
     <span class='ocr_line' id='line_1_36' title="bbox 78 2379 1106 2431; baseline 0.004 -14"><span class='ocrx_word' id='word_1_244' title='bbox 78 2379 245 2418; x_wconf 91' lang='lat' dir='ltr'>modum</span> <span class='ocrx_word' id='word_1_245' title='bbox 263 2380 426 2418; x_wconf 91' lang='lat' dir='ltr'>vivendi</span> <span class='ocrx_word' id='word_1_246' title='bbox 461 2392 546 2419; x_wconf 92' lang='lat' dir='ltr'>non</span> <span class='ocrx_word' id='word_1_247' title='bbox 565 2392 689 2431; x_wconf 90' lang='lat' dir='ltr'>posse</span> <span class='ocrx_word' id='word_1_248' title='bbox 722 2392 812 2420; x_wconf 92' lang='lat' dir='ltr'>esse</span> <span class='ocrx_word' id='word_1_249' title='bbox 840 2381 1033 2421; x_wconf 89' lang='lat' dir='ltr'>stabilem</span> <span class='ocrx_word' id='word_1_250' title='bbox 1062 2385 1106 2421; x_wconf 86' lang='lat' dir='ltr'>et</span> 
     </span>
     <span class='ocr_line' id='line_1_37' title="bbox 75 2441 1106 2491; baseline 0.004 -13"><span class='ocrx_word' id='word_1_251' title='bbox 75 2444 337 2491; x_wconf 89' lang='lat' dir='ltr'>perpetuum,</span> <span class='ocrx_word' id='word_1_252' title='bbox 355 2441 509 2479; x_wconf 92' lang='lat' dir='ltr'>nullius</span> <span class='ocrx_word' id='word_1_253' title='bbox 536 2442 737 2480; x_wconf 89' lang='lat' dir='ltr'>momenti</span> <span class='ocrx_word' id='word_1_254' title='bbox 763 2446 839 2481; x_wconf 90' lang='lat' dir='ltr'>est.</span> <span class='ocrx_word' id='word_1_255' title='bbox 875 2443 1051 2491; x_wconf 87' lang='lat' dir='ltr'>Etenim,</span> <span class='ocrx_word' id='word_1_256' title='bbox 1071 2443 1106 2482; x_wconf 86' lang='lat' dir='ltr'>si</span> 
     </span>
     <span class='ocr_line' id='line_1_38' title="bbox 76 2501 1105 2543; baseline 0.003 -3"><span class='ocrx_word' id='word_1_257' title='bbox 76 2513 224 2540; x_wconf 86' lang='lat' dir='ltr'>sensus</span> <span class='ocrx_word' id='word_1_258' title='bbox 252 2501 304 2540; x_wconf 91' lang='lat' dir='ltr'>sit</span> <span class='ocrx_word' id='word_1_259' title='bbox 340 2514 425 2541; x_wconf 91' lang='lat' dir='ltr'>non</span> <span class='ocrx_word' id='word_1_260' title='bbox 457 2502 610 2541; x_wconf 86' lang='lat' dir='ltr'>habere</span> <span class='ocrx_word' id='word_1_261' title='bbox 637 2503 839 2541; x_wconf 76' lang='lat' dir='ltr'>moralem</span> <span class='ocrx_word' id='word_1_262' title='bbox 864 2503 1105 2543; x_wconf 86' lang='lat' dir='ltr'>firmitatem</span> 
     </span>
     <span class='ocr_line' id='line_1_39' title="bbox 77 2562 1102 2611; baseline 0.003 -11"><span class='ocrx_word' id='word_1_263' title='bbox 77 2562 347 2601; x_wconf 88' lang='lat' dir='ltr'>sufficientem</span> <span class='ocrx_word' id='word_1_264' title='bbox 360 2563 413 2601; x_wconf 89' lang='lat' dir='ltr'>ad</span> <span class='ocrx_word' id='word_1_265' title='bbox 428 2566 579 2601; x_wconf 88' lang='lat' dir='ltr'>statum</span> <span class='ocrx_word' id='word_1_266' title='bbox 591 2564 835 2611; x_wconf 83' lang='lat' dir='ltr'>humanum,</span> <span class='ocrx_word' id='word_1_267' title='bbox 850 2563 1002 2602; x_wconf 86' lang='lat' dir='ltr'>falsum</span> <span class='ocrx_word' id='word_1_268' title='bbox 1020 2568 1102 2609; x_wconf 89' lang='lat' dir='ltr'>est;</span> 
     </span>
     <span class='ocr_line' id='line_1_40' title="bbox 77 2623 1106 2677; baseline 0.005 -16"><span class='ocrx_word' id='word_1_269' title='bbox 77 2635 188 2671; x_wconf 86' lang='lat' dir='ltr'>nam,</span> <span class='ocrx_word' id='word_1_270' title='bbox 202 2627 246 2662; x_wconf 90' lang='lat' dir='ltr'>ut</span> <span class='ocrx_word' id='word_1_271' title='bbox 260 2623 303 2661; x_wconf 93' lang='lat' dir='ltr'>in</span> <span class='ocrx_word' id='word_1_272' title='bbox 319 2627 430 2662; x_wconf 88' lang='lat' dir='ltr'>tomo</span> <span class='ocrx_word' id='word_1_273' title='bbox 452 2623 666 2674; x_wconf 89' lang='lat' dir='ltr'>superiore</span> <span class='ocrx_word' id='word_1_274' title='bbox 683 2624 780 2671; x_wconf 83' lang='lat' dir='ltr'>dixi,</span> <span class='ocrx_word' id='word_1_275' title='bbox 794 2624 848 2663; x_wconf 89' lang='lat' dir='ltr'>ad</span> <span class='ocrx_word' id='word_1_276' title='bbox 863 2625 1106 2677; x_wconf 89' lang='lat' dir='ltr'>religiosum</span> 
     </span>
     <span class='ocr_line' id='line_1_41' title="bbox 77 2685 1107 2738; baseline 0.003 -14"><span class='ocrx_word' id='word_1_277' title='bbox 77 2689 226 2724; x_wconf 89' lang='lat' dir='ltr'>statum</span> <span class='ocrx_word' id='word_1_278' title='bbox 257 2697 342 2723; x_wconf 91' lang='lat' dir='ltr'>non</span> <span class='ocrx_word' id='word_1_279' title='bbox 374 2688 435 2724; x_wconf 89' lang='lat' dir='ltr'>est</span> <span class='ocrx_word' id='word_1_280' title='bbox 468 2685 750 2724; x_wconf 87' lang='lat' dir='ltr'>necessarium</span> <span class='ocrx_word' id='word_1_281' title='bbox 781 2689 827 2725; x_wconf 91' lang='lat' dir='ltr'>ut</span> <span class='ocrx_word' id='word_1_282' title='bbox 855 2697 991 2726; x_wconf 82' lang='lat' dir='ltr'>causae</span> <span class='ocrx_word' id='word_1_283' title='bbox 1014 2687 1107 2738; x_wconf 71' lang='lat' dir='ltr'>ejus</span> 
     </span>
     <span class='ocr_line' id='line_1_42' title="bbox 76 2746 1105 2796; baseline 0.003 -10"><span class='ocrx_word' id='word_1_284' title='bbox 76 2747 242 2786; x_wconf 89' lang='lat' dir='ltr'>omnino</span> <span class='ocrx_word' id='word_1_285' title='bbox 263 2747 344 2785; x_wconf 90' lang='lat' dir='ltr'>sint</span> <span class='ocrx_word' id='word_1_286' title='bbox 362 2746 650 2796; x_wconf 89' lang='lat' dir='ltr'>invariabiles,</span> <span class='ocrx_word' id='word_1_287' title='bbox 672 2746 746 2786; x_wconf 90' lang='lat' dir='ltr'>sed</span> <span class='ocrx_word' id='word_1_288' title='bbox 770 2748 868 2786; x_wconf 85' lang='lat' dir='ltr'>satis</span> <span class='ocrx_word' id='word_1_289' title='bbox 892 2751 1018 2788; x_wconf 89' lang='lat' dir='ltr'>estut</span> <span class='ocrx_word' id='word_1_290' title='bbox 1041 2752 1105 2789; x_wconf 81' lang='lat' dir='ltr'>ta-</span> 
     </span>
     <span class='ocr_line' id='line_1_43' title="bbox 75 2808 1101 2861; baseline 0.002 -13"><span class='ocrx_word' id='word_1_291' title='bbox 75 2809 155 2848; x_wconf 89' lang='lat' dir='ltr'>lcm</span> <span class='ocrx_word' id='word_1_292' title='bbox 174 2808 326 2848; x_wconf 90' lang='lat' dir='ltr'>habeat</span> <span class='ocrx_word' id='word_1_293' title='bbox 347 2808 627 2856; x_wconf 88' lang='lat' dir='ltr'>stabilitatem,</span> <span class='ocrx_word' id='word_1_294' title='bbox 648 2813 694 2848; x_wconf 93' lang='lat' dir='ltr'>ut</span> <span class='ocrx_word' id='word_1_295' title='bbox 717 2809 806 2848; x_wconf 89' lang='lat' dir='ltr'>sine</span> <span class='ocrx_word' id='word_1_296' title='bbox 826 2810 941 2861; x_wconf 89' lang='lat' dir='ltr'>gravi</span> <span class='ocrx_word' id='word_1_297' title='bbox 959 2821 1101 2860; x_wconf 89' lang='lat' dir='ltr'>causa,</span> 
     </span>
     <span class='ocr_line' id='line_1_44' title="bbox 74 2870 1104 2922; baseline 0.002 -12"><span class='ocrx_word' id='word_1_298' title='bbox 74 2875 116 2910; x_wconf 89' lang='lat' dir='ltr'>et</span> <span class='ocrx_word' id='word_1_299' title='bbox 147 2882 222 2922; x_wconf 88' lang='lat' dir='ltr'>per</span> <span class='ocrx_word' id='word_1_300' title='bbox 254 2874 503 2922; x_wconf 89' lang='lat' dir='ltr'>potestatem</span> <span class='ocrx_word' id='word_1_301' title='bbox 535 2870 760 2922; x_wconf 85' lang='lat' dir='ltr'>publicam,</span> <span class='ocrx_word' id='word_1_302' title='bbox 786 2883 861 2910; x_wconf 91' lang='lat' dir='ltr'>seu</span> <span class='ocrx_word' id='word_1_303' title='bbox 891 2871 934 2910; x_wconf 93' lang='lat' dir='ltr'>in</span> <span class='ocrx_word' id='word_1_304' title='bbox 953 2872 1104 2912; x_wconf 83' lang='lat' dir='ltr'>virtute</span> 
     </span>
     <span class='ocr_line' id='line_1_45' title="bbox 74 2931 1103 2985; baseline 0.001 -13"><span class='ocrx_word' id='word_1_305' title='bbox 74 2933 164 2984; x_wconf 85' lang='lat' dir='ltr'>ejus</span> <span class='ocrx_word' id='word_1_306' title='bbox 183 2931 334 2971; x_wconf 90' lang='lat' dir='ltr'>mutari</span> <span class='ocrx_word' id='word_1_307' title='bbox 351 2944 436 2971; x_wconf 91' lang='lat' dir='ltr'>non</span> <span class='ocrx_word' id='word_1_308' title='bbox 465 2933 614 2983; x_wconf 84' lang='lat' dir='ltr'>possit3</span> <span class='ocrx_word' id='word_1_309' title='bbox 638 2932 693 2971; x_wconf 90' lang='lat' dir='ltr'>ita</span> <span class='ocrx_word' id='word_1_310' title='bbox 712 2945 810 2972; x_wconf 83' lang='lat' dir='ltr'>vero</span> <span class='ocrx_word' id='word_1_311' title='bbox 840 2937 902 2972; x_wconf 87' lang='lat' dir='ltr'>est</span> <span class='ocrx_word' id='word_1_312' title='bbox 927 2934 969 2972; x_wconf 92' lang='lat' dir='ltr'>in</span> <span class='ocrx_word' id='word_1_313' title='bbox 996 2945 1103 2985; x_wconf 81' lang='lat' dir='ltr'>prae-</span> 
     </span>
     <span class='ocr_line' id='line_1_46' title="bbox 74 2993 1100 3048; baseline 0.002 -15"><span class='ocrx_word' id='word_1_314' title='bbox 74 2993 195 3043; x_wconf 84' lang='lat' dir='ltr'>senti,</span> <span class='ocrx_word' id='word_1_315' title='bbox 216 2997 356 3045; x_wconf 75' lang='lat' dir='ltr'>utper</span> <span class='ocrx_word' id='word_1_316' title='bbox 369 3005 413 3033; x_wconf 89' lang='lat' dir='ltr'>se</span> <span class='ocrx_word' id='word_1_317' title='bbox 433 2997 607 3042; x_wconf 85' lang='lat' dir='ltr'>constat,</span> <span class='ocrx_word' id='word_1_318' title='bbox 627 2994 725 3033; x_wconf 88' lang='lat' dir='ltr'>etin</span> <span class='ocrx_word' id='word_1_319' title='bbox 751 2996 939 3046; x_wconf 88' lang='lat' dir='ltr'>sequenti</span> <span class='ocrx_word' id='word_1_320' title='bbox 965 2996 1100 3048; x_wconf 88' lang='lat' dir='ltr'>capite</span> 
     </span>
     <span class='ocr_line' id='line_1_47' title="bbox 74 3055 1102 3106; baseline 0.003 -12"><span class='ocrx_word' id='word_1_321' title='bbox 74 3056 208 3106; x_wconf 90' lang='lat' dir='ltr'>magis</span> <span class='ocrx_word' id='word_1_322' title='bbox 225 3055 507 3106; x_wconf 86' lang='lat' dir='ltr'>explicabitur.</span> <span class='ocrx_word' id='word_1_323' title='bbox 532 3055 572 3095; x_wconf 90' lang='lat' dir='ltr'>Si</span> <span class='ocrx_word' id='word_1_324' title='bbox 604 3067 702 3094; x_wconf 89' lang='lat' dir='ltr'>vero</span> <span class='ocrx_word' id='word_1_325' title='bbox 729 3068 875 3095; x_wconf 91' lang='lat' dir='ltr'>sensus</span> <span class='ocrx_word' id='word_1_326' title='bbox 900 3056 1008 3096; x_wconf 82' lang='lat' dir='ltr'>illius</span> <span class='ocrx_word' id='word_1_327' title='bbox 1042 3057 1102 3097; x_wconf 92' lang='lat' dir='ltr'>in-</span> 
     </span>
     <span class='ocr_line' id='line_1_48' title="bbox 75 3116 1103 3168; baseline 0.003 -12"><span class='ocrx_word' id='word_1_328' title='bbox 75 3116 280 3156; x_wconf 79' lang='lat' dir='ltr'>commodi</span> <span class='ocrx_word' id='word_1_329' title='bbox 297 3121 373 3165; x_wconf 87' lang='lat' dir='ltr'>est,</span> <span class='ocrx_word' id='word_1_330' title='bbox 395 3117 506 3168; x_wconf 89' lang='lat' dir='ltr'>quod</span> <span class='ocrx_word' id='word_1_331' title='bbox 519 3116 584 3156; x_wconf 92' lang='lat' dir='ltr'>hic</span> <span class='ocrx_word' id='word_1_332' title='bbox 600 3120 729 3156; x_wconf 85' lang='lat' dir='ltr'>status</span> <span class='ocrx_word' id='word_1_333' title='bbox 743 3130 826 3156; x_wconf 93' lang='lat' dir='ltr'>non</span> <span class='ocrx_word' id='word_1_334' title='bbox 847 3117 897 3158; x_wconf 93' lang='lat' dir='ltr'>sit</span> <span class='ocrx_word' id='word_1_335' title='bbox 913 3118 1103 3159; x_wconf 86' lang='lat' dir='ltr'>absolute</span> 
     </span>
     <span class='ocr_line' id='line_1_49' title="bbox 59 3178 1103 3232; baseline 0.004 -16"><span class='ocrx_word' id='word_1_336' title='bbox 59 3193 65 3203; x_wconf 65' lang='lat'>2</span> <span class='ocrx_word' id='word_1_337' title='bbox 75 3182 300 3228; x_wconf 89' lang='lat' dir='ltr'>perpetuus</span> <span class='ocrx_word' id='word_1_338' title='bbox 320 3180 361 3218; x_wconf 87' lang='lat' dir='ltr'>et</span> <span class='ocrx_word' id='word_1_339' title='bbox 381 3178 666 3230; x_wconf 88' lang='lat' dir='ltr'>independens</span> <span class='ocrx_word' id='word_1_340' title='bbox 687 3180 761 3229; x_wconf 90' lang='lat' dir='ltr'>(ut</span> <span class='ocrx_word' id='word_1_341' title='bbox 791 3179 846 3219; x_wconf 89' lang='lat' dir='ltr'>ita</span> <span class='ocrx_word' id='word_1_342' title='bbox 867 3180 1030 3232; x_wconf 85' lang='lat' dir='ltr'>dicam)</span> <span class='ocrx_word' id='word_1_343' title='bbox 1050 3180 1103 3220; x_wconf 84' lang='lat' dir='ltr'>ab</span> 
     </span>
     <span class='ocr_line' id='line_1_50' title="bbox 66 3236 1099 3294; baseline 0.005 -18"><span class='ocrx_word' id='word_1_344' title='bbox 66 3236 260 3277; x_wconf 44' lang='lat' dir='ltr'>&#39;humana</span> <span class='ocrx_word' id='word_1_345' title='bbox 288 3240 524 3289; x_wconf 85' lang='lat' dir='ltr'>voluntate,</span> <span class='ocrx_word' id='word_1_346' title='bbox 550 3241 609 3280; x_wconf 90' lang='lat' dir='ltr'>sic</span> <span class='ocrx_word' id='word_1_347' title='bbox 642 3241 795 3292; x_wconf 86' lang='lat' dir='ltr'>petitur</span> <span class='ocrx_word' id='word_1_348' title='bbox 823 3241 1099 3294; x_wconf 84' lang='lat' dir='ltr'>principium;</span> 
     </span>
     <span class='ocr_line' id='line_1_51' title="bbox 71 3298 1100 3356; baseline 0.005 -17"><span class='ocrx_word' id='word_1_349' title='bbox 71 3298 175 3339; x_wconf 78' lang='lat' dir='ltr'>&#39;nam</span> <span class='ocrx_word' id='word_1_350' title='bbox 199 3311 276 3351; x_wconf 90' lang='lat' dir='ltr'>pro</span> <span class='ocrx_word' id='word_1_351' title='bbox 296 3300 600 3342; x_wconf 85' lang='lat' dir='ltr'>inconvenienti</span> <span class='ocrx_word' id='word_1_352' title='bbox 618 3302 793 3342; x_wconf 88' lang='lat' dir='ltr'>infertur</span> <span class='ocrx_word' id='word_1_353' title='bbox 820 3303 922 3343; x_wconf 88' lang='lat' dir='ltr'>illud</span> <span class='ocrx_word' id='word_1_354' title='bbox 948 3305 1100 3356; x_wconf 90' lang='lat' dir='ltr'>ipsum,</span> 
     </span>
     <span class='ocr_line' id='line_1_52' title="bbox 76 3360 1103 3416; baseline 0.005 -15"><span class='ocrx_word' id='word_1_355' title='bbox 76 3361 130 3401; x_wconf 88' lang='lat' dir='ltr'>de</span> <span class='ocrx_word' id='word_1_356' title='bbox 154 3372 237 3412; x_wconf 89' lang='lat' dir='ltr'>quo</span> <span class='ocrx_word' id='word_1_357' title='bbox 257 3360 501 3412; x_wconf 86' lang='lat' dir='ltr'>disputatur.</span> <span class='ocrx_word' id='word_1_358' title='bbox 519 3364 726 3416; x_wconf 87' lang='lat' dir='ltr'>Negamus</span> <span class='ocrx_word' id='word_1_359' title='bbox 746 3364 873 3416; x_wconf 86' lang='lat' dir='ltr'>igitur</span> <span class='ocrx_word' id='word_1_360' title='bbox 890 3366 995 3405; x_wconf 91' lang='lat' dir='ltr'>illud</span> <span class='ocrx_word' id='word_1_361' title='bbox 1012 3377 1103 3407; x_wconf 90' lang='lat' dir='ltr'>esse</span> 
     </span>
     <span class='ocr_line' id='line_1_53' title="bbox 75 3421 1105 3481; baseline 0.007 -19"><span class='ocrx_word' id='word_1_362' title='bbox 75 3421 373 3463; x_wconf 85' lang='lat' dir='ltr'>inconveniens</span> <span class='ocrx_word' id='word_1_363' title='bbox 387 3435 398 3470; x_wconf 92' lang='lat'>;</span> <span class='ocrx_word' id='word_1_364' title='bbox 417 3423 507 3474; x_wconf 85' lang='lat' dir='ltr'>jam</span> <span class='ocrx_word' id='word_1_365' title='bbox 521 3423 633 3481; x_wconf 60' lang='lat' dir='ltr'>aliun</span> <span class='ocrx_word' id='word_1_366' title='bbox 646 3430 861 3467; x_wconf 82' lang='lat' dir='ltr'>ostensum</span> <span class='ocrx_word' id='word_1_367' title='bbox 874 3431 938 3468; x_wconf 89' lang='lat' dir='ltr'>est</span> <span class='ocrx_word' id='word_1_368' title='bbox 954 3428 1105 3481; x_wconf 89' lang='lat' dir='ltr'>quibus</span> 
     </span>
     <span class='ocr_line' id='line_1_54' title="bbox 59 3484 539 3544; baseline 0 -18"><span class='ocrx_word' id='word_1_369' title='bbox 59 3484 311 3544; x_wconf 56' lang='lat' dir='ltr'>nationibus</span> <span class='ocrx_word' id='word_1_370' title='bbox 331 3484 539 3536; x_wconf 89' lang='lat' dir='ltr'>expediat.</span> 
     </span>
    </p>

    <p class='ocr_par' dir='ltr' id='par_1_6' title="bbox 54 3545 1108 3666">
     <span class='ocr_line' id='line_1_55' title="bbox 54 3545 1107 3593; baseline 0.007 -8"><span class='ocrx_word' id='word_1_371' title='bbox 54 3548 64 3572; x_wconf 82' lang='lat'><em>⁴</em></span> <span class='ocrx_word' id='word_1_372' title='bbox 130 3546 171 3586; x_wconf 84' lang='lat'>9.</span> <span class='ocrx_word' id='word_1_373' title='bbox 199 3545 271 3587; x_wconf 82' lang='lat' dir='ltr'>Ad</span> <span class='ocrx_word' id='word_1_374' title='bbox 290 3547 503 3586; x_wconf 75' lang='lat' dir='ltr'>secundum</span> <span class='ocrx_word' id='word_1_375' title='bbox 524 3545 891 3593; x_wconf 79' lang='lat' dir='ltr'>incommodum.&#39;-</span> <span class='ocrx_word' id='word_1_376' title='bbox 914 3551 977 3593; x_wconf 73' lang='lat' dir='ltr'>Ad</span> <span class='ocrx_word' id='word_1_377' title='bbox 995 3551 1107 3592; x_wconf 83' lang='lat' dir='ltr'>aliud</span> 
     </span>
     <span class='ocr_line' id='line_1_56' title="bbox 79 3606 1108 3666; baseline 0.01 -18"><span class='ocrx_word' id='word_1_378' title='bbox 79 3606 344 3648; x_wconf 77' lang='lat' dir='ltr'>concedimus</span> <span class='ocrx_word' id='word_1_379' title='bbox 366 3609 514 3648; x_wconf 79' lang='lat' dir='ltr'>exhac</span> <span class='ocrx_word' id='word_1_380' title='bbox 533 3607 788 3651; x_wconf 84' lang='lat' dir='ltr'>institutione</span> <span class='ocrx_word' id='word_1_381' title='bbox 806 3613 943 3666; x_wconf 47' lang='lat' dir='ltr'>sigui,</span> <span class='ocrx_word' id='word_1_382' title='bbox 975 3618 1023 3656; x_wconf 70' lang='lat' dir='ltr'>ut.</span> <span class='ocrx_word' id='word_1_383' title='bbox 1036 3614 1108 3658; x_wconf 79' lang='lat' dir='ltr'>ali-</span> 
     </span>
    </p>
   </div>
   <div class='ocr_carea' id='block_1_5' title="bbox 290 3685 377 3718">
    <p class='ocr_par' dir='ltr' id='par_1_7' title="bbox 290 3685 377 3718">
     <span class='ocr_line' id='line_1_57' title="bbox 290 3685 377 3718; baseline 0.011 -1"><span class='ocrx_word' id='word_1_384' title='bbox 290 3685 377 3718; x_wconf 71' lang='grc' dir='ltr'>ΠΙ.</span> 
     </span>
    </p>
   </div>
   <div class='ocr_carea' id='block_1_6' title="bbox 2127 233 2198 270">
    <p class='ocr_par' dir='ltr' id='par_1_8' title="bbox 2127 233 2198 270">
     <span class='ocr_line' id='line_1_58' title="bbox 2127 233 2198 270; baseline 0 0"><span class='ocrx_word' id='word_1_385' title='bbox 2127 233 2198 270; x_wconf 84' lang='grc'>657</span> 
     </span>
    </p>
   </div>
   <div class='ocr_carea' id='block_1_7' title="bbox 1153 298 2257 3668">
    <p class='ocr_par' dir='ltr' id='par_1_9' title="bbox 1158 298 2205 2803">
     <span class='ocr_line' id='line_1_59' title="bbox 1161 298 2200 351; baseline 0 -13"><span class='ocrx_word' id='word_1_386' title='bbox 1161 311 1254 351; x_wconf 87' lang='lat' dir='ltr'>quae</span> <span class='ocrx_word' id='word_1_387' title='bbox 1271 311 1458 350; x_wconf 80' lang='lat' dir='ltr'>personae</span> <span class='ocrx_word' id='word_1_388' title='bbox 1477 300 1700 350; x_wconf 88' lang='lat' dir='ltr'>aliquando</span> <span class='ocrx_word' id='word_1_389' title='bbox 1710 302 1795 340; x_wconf 89' lang='lat' dir='ltr'>Deo</span> <span class='ocrx_word' id='word_1_390' title='bbox 1809 299 1968 349; x_wconf 73' lang='lat' dir='ltr'>dicatae,</span> <span class='ocrx_word' id='word_1_391' title='bbox 1989 301 2031 339; x_wconf 84' lang='lat' dir='ltr'>et</span> <span class='ocrx_word' id='word_1_392' title='bbox 2043 298 2096 338; x_wconf 85' lang='lat' dir='ltr'>ad</span> <span class='ocrx_word' id='word_1_393' title='bbox 2109 299 2200 350; x_wconf 84' lang='lat' dir='ltr'>ejus</span> 
     </span>
     <span class='ocr_line' id='line_1_60' title="bbox 1162 359 2199 411; baseline 0 -12"><span class='ocrx_word' id='word_1_394' title='bbox 1162 360 1407 411; x_wconf 87' lang='lat' dir='ltr'>obsequium</span> <span class='ocrx_word' id='word_1_395' title='bbox 1444 359 1646 408; x_wconf 78' lang='lat' dir='ltr'>admissae,</span> <span class='ocrx_word' id='word_1_396' title='bbox 1677 362 1730 401; x_wconf 88' lang='lat' dir='ltr'>ad</span> <span class='ocrx_word' id='word_1_397' title='bbox 1767 360 1951 402; x_wconf 88' lang='lat' dir='ltr'>seculum</span> <span class='ocrx_word' id='word_1_398' title='bbox 1983 363 2199 400; x_wconf 89' lang='lat' dir='ltr'>revertan-</span> 
     </span>
     <span class='ocr_line' id='line_1_61' title="bbox 1162 415 2195 471; baseline 0.003 -17"><span class='ocrx_word' id='word_1_399' title='bbox 1162 420 1240 464; x_wconf 85' lang='lat' dir='ltr'>tur,</span> <span class='ocrx_word' id='word_1_400' title='bbox 1263 420 1304 455; x_wconf 89' lang='lat' dir='ltr'>et</span> <span class='ocrx_word' id='word_1_401' title='bbox 1322 415 1500 468; x_wconf 88' lang='lat' dir='ltr'>negotiis</span> <span class='ocrx_word' id='word_1_402' title='bbox 1520 418 1775 457; x_wconf 82' lang='lat' dir='ltr'>secularibus</span> <span class='ocrx_word' id='word_1_403' title='bbox 1794 418 2078 471; x_wconf 84' lang='lat' dir='ltr'>implicentur,</span> <span class='ocrx_word' id='word_1_404' title='bbox 2105 427 2195 458; x_wconf 83' lang='lat' dir='ltr'>non.</span> 
     </span>
     <span class='ocr_line' id='line_1_62' title="bbox 1159 477 2195 530; baseline 0.004 -15"><span class='ocrx_word' id='word_1_405' title='bbox 1159 480 1302 516; x_wconf 84' lang='lat' dir='ltr'>tamen</span> <span class='ocrx_word' id='word_1_406' title='bbox 1327 477 1371 516; x_wconf 93' lang='lat' dir='ltr'>in</span> <span class='ocrx_word' id='word_1_407' title='bbox 1392 478 1538 517; x_wconf 89' lang='lat' dir='ltr'>eodem</span> <span class='ocrx_word' id='word_1_408' title='bbox 1559 481 1667 517; x_wconf 89' lang='lat' dir='ltr'>statu.</span> <span class='ocrx_word' id='word_1_409' title='bbox 1688 485 1919 530; x_wconf 88' lang='lat' dir='ltr'>manentes,</span> <span class='ocrx_word' id='word_1_410' title='bbox 1940 480 2016 520; x_wconf 86' lang='lat' dir='ltr'>sed</span> <span class='ocrx_word' id='word_1_411' title='bbox 2033 484 2195 520; x_wconf 84' lang='lat' dir='ltr'>mutato</span> 
     </span>
     <span class='ocr_line' id='line_1_63' title="bbox 1162 538 2197 592; baseline 0.002 -14"><span class='ocrx_word' id='word_1_412' title='bbox 1162 543 1285 583; x_wconf 83' lang='lat' dir='ltr'>statu,</span> <span class='ocrx_word' id='word_1_413' title='bbox 1307 543 1349 578; x_wconf 91' lang='lat' dir='ltr'>et</span> <span class='ocrx_word' id='word_1_414' title='bbox 1381 540 1499 590; x_wconf 84' lang='lat' dir='ltr'>quasi</span> <span class='ocrx_word' id='word_1_415' title='bbox 1520 539 1658 578; x_wconf 90' lang='lat' dir='ltr'>ablata</span> <span class='ocrx_word' id='word_1_416' title='bbox 1677 538 1811 578; x_wconf 89' lang='lat' dir='ltr'>forma</span> <span class='ocrx_word' id='word_1_417' title='bbox 1829 553 1903 591; x_wconf 90' lang='lat' dir='ltr'>per</span> <span class='ocrx_word' id='word_1_418' title='bbox 1921 553 2048 592; x_wconf 87' lang='lat' dir='ltr'>quam</span> <span class='ocrx_word' id='word_1_419' title='bbox 2075 544 2197 582; x_wconf 86' lang='lat' dir='ltr'>erant</span> 
     </span>
     <span class='ocr_line' id='line_1_64' title="bbox 1160 601 2199 651; baseline 0.004 -12"><span class='ocrx_word' id='word_1_420' title='bbox 1160 613 1228 640; x_wconf 91' lang='lat' dir='ltr'>res</span> <span class='ocrx_word' id='word_1_421' title='bbox 1246 601 1332 639; x_wconf 91' lang='lat' dir='ltr'>Deo</span> <span class='ocrx_word' id='word_1_422' title='bbox 1346 605 1595 640; x_wconf 61' lang='lat' dir='ltr'>consecratae</span> <span class='ocrx_word' id='word_1_423' title='bbox 1610 611 1623 651; x_wconf 86' lang='lat'><em>3</em></span> <span class='ocrx_word' id='word_1_424' title='bbox 1640 601 1697 639; x_wconf 88' lang='lat' dir='ltr'>sic</span> <span class='ocrx_word' id='word_1_425' title='bbox 1716 606 1856 640; x_wconf 88' lang='lat' dir='ltr'>autem</span> <span class='ocrx_word' id='word_1_426' title='bbox 1870 615 1955 641; x_wconf 90' lang='lat' dir='ltr'>non</span> <span class='ocrx_word' id='word_1_427' title='bbox 1973 608 2034 643; x_wconf 90' lang='lat' dir='ltr'>est</span> <span class='ocrx_word' id='word_1_428' title='bbox 2049 603 2199 643; x_wconf 86' lang='lat' dir='ltr'>incon·-</span> 
     </span>
     <span class='ocr_line' id='line_1_65' title="bbox 1159 661 2193 714; baseline 0.003 -13"><span class='ocrx_word' id='word_1_429' title='bbox 1159 662 1333 701; x_wconf 85' lang='lat' dir='ltr'>veniens</span> <span class='ocrx_word' id='word_1_430' title='bbox 1358 674 1447 701; x_wconf 87' lang='lat' dir='ltr'>rem</span> <span class='ocrx_word' id='word_1_431' title='bbox 1472 662 1600 702; x_wconf 87' lang='lat' dir='ltr'>semel</span> <span class='ocrx_word' id='word_1_432' title='bbox 1620 662 1703 700; x_wconf 85' lang='lat' dir='ltr'>Deo</span> <span class='ocrx_word' id='word_1_433' title='bbox 1727 661 1906 701; x_wconf 87' lang='lat' dir='ltr'>dicatam</span> <span class='ocrx_word' id='word_1_434' title='bbox 1925 663 1978 701; x_wconf 91' lang='lat' dir='ltr'>ad</span> <span class='ocrx_word' id='word_1_435' title='bbox 1998 664 2193 714; x_wconf 73' lang='lat' dir='ltr'>profanos</span> 
     </span>
     <span class='ocr_line' id='line_1_66' title="bbox 1159 722 2197 776; baseline 0.003 -15"><span class='ocrx_word' id='word_1_436' title='bbox 1159 734 1262 761; x_wconf 91' lang='lat' dir='ltr'>usus</span> <span class='ocrx_word' id='word_1_437' title='bbox 1288 722 1425 761; x_wconf 88' lang='lat' dir='ltr'>media</span> <span class='ocrx_word' id='word_1_438' title='bbox 1446 723 1515 762; x_wconf 88' lang='lat' dir='ltr'>tali</span> <span class='ocrx_word' id='word_1_439' title='bbox 1534 723 1762 762; x_wconf 87' lang='lat' dir='ltr'>mutatione</span> <span class='ocrx_word' id='word_1_440' title='bbox 1781 723 1986 770; x_wconf 88' lang='lat' dir='ltr'>converti,</span> <span class='ocrx_word' id='word_1_441' title='bbox 2017 729 2062 763; x_wconf 88' lang='lat' dir='ltr'>ut</span> <span class='ocrx_word' id='word_1_442' title='bbox 2091 736 2197 776; x_wconf 87' lang='lat' dir='ltr'>prae-</span> 
     </span>
     <span class='ocr_line' id='line_1_67' title="bbox 1161 783 2197 831; baseline 0.001 -8"><span class='ocrx_word' id='word_1_443' title='bbox 1161 783 1326 823; x_wconf 88' lang='lat' dir='ltr'>cedenti</span> <span class='ocrx_word' id='word_1_444' title='bbox 1344 788 1456 823; x_wconf 88' lang='lat' dir='ltr'>tomo</span> <span class='ocrx_word' id='word_1_445' title='bbox 1477 784 1795 831; x_wconf 88' lang='lat' dir='ltr'>declaravimus,</span> <span class='ocrx_word' id='word_1_446' title='bbox 1818 783 2034 823; x_wconf 81' lang='lat' dir='ltr'>tractando</span> <span class='ocrx_word' id='word_1_447' title='bbox 2053 784 2104 824; x_wconf 91' lang='lat' dir='ltr'>de</span> <span class='ocrx_word' id='word_1_448' title='bbox 2121 786 2197 824; x_wconf 89' lang='lat' dir='ltr'>im-</span> 
     </span>
     <span class='ocr_line' id='line_1_68' title="bbox 1160 844 2198 896; baseline 0.002 -13"><span class='ocrx_word' id='word_1_449' title='bbox 1160 845 1434 884; x_wconf 83' lang='lat' dir='ltr'>mutabilitate</span> <span class='ocrx_word' id='word_1_450' title='bbox 1464 845 1758 896; x_wconf 66' lang='lat' dir='ltr'>professionis&#39;,</span> <span class='ocrx_word' id='word_1_451' title='bbox 1794 849 1835 884; x_wconf 86' lang='lat' dir='ltr'>et</span> <span class='ocrx_word' id='word_1_452' title='bbox 1862 844 2072 895; x_wconf 84' lang='lat' dir='ltr'>quomodo</span> <span class='ocrx_word' id='word_1_453' title='bbox 2099 846 2198 885; x_wconf 88' lang='lat' dir='ltr'>reli—</span> 
     </span>
     <span class='ocr_line' id='line_1_69' title="bbox 1162 906 2198 958; baseline 0.002 -14"><span class='ocrx_word' id='word_1_454' title='bbox 1162 907 1303 957; x_wconf 88' lang='lat' dir='ltr'>giosus</span> <span class='ocrx_word' id='word_1_455' title='bbox 1316 919 1392 957; x_wconf 87' lang='lat' dir='ltr'>per</span> <span class='ocrx_word' id='word_1_456' title='bbox 1404 906 1704 958; x_wconf 82' lang='lat' dir='ltr'>professionem</span> <span class='ocrx_word' id='word_1_457' title='bbox 1722 906 1968 954; x_wconf 90' lang='lat' dir='ltr'>solemnem,</span> <span class='ocrx_word' id='word_1_458' title='bbox 1984 906 2112 957; x_wconf 88' lang='lat' dir='ltr'>possit</span> <span class='ocrx_word' id='word_1_459' title='bbox 2126 907 2198 946; x_wconf 91' lang='lat' dir='ltr'>ali-</span> 
     </span>
     <span class='ocr_line' id='line_1_70' title="bbox 1163 968 2202 1020; baseline 0.002 -14"><span class='ocrx_word' id='word_1_460' title='bbox 1163 968 1330 1019; x_wconf 89' lang='lat' dir='ltr'>quando</span> <span class='ocrx_word' id='word_1_461' title='bbox 1356 968 1447 1007; x_wconf 85' lang='lat' dir='ltr'>fieri</span> <span class='ocrx_word' id='word_1_462' title='bbox 1474 981 1557 1008; x_wconf 89' lang='lat' dir='ltr'>non</span> <span class='ocrx_word' id='word_1_463' title='bbox 1580 969 1814 1019; x_wconf 89' lang='lat' dir='ltr'>religiosus,</span> <span class='ocrx_word' id='word_1_464' title='bbox 1838 971 1880 1006; x_wconf 88' lang='lat' dir='ltr'>et</span> <span class='ocrx_word' id='word_1_465' title='bbox 1906 968 2102 1020; x_wconf 89' lang='lat' dir='ltr'>deinceps</span> <span class='ocrx_word' id='word_1_466' title='bbox 2132 980 2202 1008; x_wconf 80' lang='lat' dir='ltr'>se-</span> 
     </span>
     <span class='ocr_line' id='line_1_71' title="bbox 1162 1028 2199 1080; baseline -0.002 -11"><span class='ocrx_word' id='word_1_467' title='bbox 1162 1029 1358 1069; x_wconf 86' lang='lat' dir='ltr'>culariter</span> <span class='ocrx_word' id='word_1_468' title='bbox 1377 1030 1530 1069; x_wconf 89' lang='lat' dir='ltr'>vivere.</span> <span class='ocrx_word' id='word_1_469' title='bbox 1553 1030 1697 1080; x_wconf 90' lang='lat' dir='ltr'>Neque</span> <span class='ocrx_word' id='word_1_470' title='bbox 1716 1041 1814 1068; x_wconf 91' lang='lat' dir='ltr'>vero</span> <span class='ocrx_word' id='word_1_471' title='bbox 1833 1029 1922 1067; x_wconf 86' lang='lat' dir='ltr'>haec</span> <span class='ocrx_word' id='word_1_472' title='bbox 1941 1029 2115 1068; x_wconf 90' lang='lat' dir='ltr'>mutatio</span> <span class='ocrx_word' id='word_1_473' title='bbox 2132 1028 2199 1067; x_wconf 87' lang='lat' dir='ltr'>fa-</span> 
     </span>
     <span class='ocr_line' id='line_1_72' title="bbox 1163 1090 2200 1142; baseline -0.002 -12"><span class='ocrx_word' id='word_1_474' title='bbox 1163 1091 1241 1131; x_wconf 88' lang='lat' dir='ltr'>cile</span> <span class='ocrx_word' id='word_1_475' title='bbox 1260 1090 1320 1138; x_wconf 86' lang='lat' dir='ltr'>fit,</span> <span class='ocrx_word' id='word_1_476' title='bbox 1342 1102 1439 1129; x_wconf 89' lang='lat' dir='ltr'>cum</span> <span class='ocrx_word' id='word_1_477' title='bbox 1458 1103 1629 1142; x_wconf 87' lang='lat' dir='ltr'>gravem</span> <span class='ocrx_word' id='word_1_478' title='bbox 1649 1101 1820 1130; x_wconf 90' lang='lat' dir='ltr'>causam</span> <span class='ocrx_word' id='word_1_479' title='bbox 1839 1090 2035 1141; x_wconf 89' lang='lat' dir='ltr'>requirat,</span> <span class='ocrx_word' id='word_1_480' title='bbox 2057 1094 2098 1129; x_wconf 90' lang='lat' dir='ltr'>et</span> <span class='ocrx_word' id='word_1_481' title='bbox 2113 1102 2200 1129; x_wconf 89' lang='lat' dir='ltr'>non</span> 
     </span>
     <span class='ocr_line' id='line_1_73' title="bbox 1161 1153 2203 1204; baseline -0.002 -12"><span class='ocrx_word' id='word_1_482' title='bbox 1161 1153 1235 1192; x_wconf 86' lang='lat' dir='ltr'>fiat</span> <span class='ocrx_word' id='word_1_483' title='bbox 1258 1153 1347 1192; x_wconf 90' lang='lat' dir='ltr'>sine</span> <span class='ocrx_word' id='word_1_484' title='bbox 1375 1154 1611 1204; x_wconf 87' lang='lat' dir='ltr'>Apostolica</span> <span class='ocrx_word' id='word_1_485' title='bbox 1641 1153 1901 1200; x_wconf 85' lang='lat' dir='ltr'>auctoritate,</span> <span class='ocrx_word' id='word_1_486' title='bbox 1923 1156 1965 1191; x_wconf 90' lang='lat' dir='ltr'>et</span> <span class='ocrx_word' id='word_1_487' title='bbox 1990 1163 2084 1190; x_wconf 88' lang='lat' dir='ltr'>cum</span> <span class='ocrx_word' id='word_1_488' title='bbox 2110 1163 2203 1191; x_wconf 86' lang='lat' dir='ltr'>ma-</span> 
     </span>
     <span class='ocr_line' id='line_1_74' title="bbox 1161 1213 2204 1272; baseline -0.002 -18"><span class='ocrx_word' id='word_1_489' title='bbox 1161 1219 1255 1254; x_wconf 90' lang='lat' dir='ltr'>tura</span> <span class='ocrx_word' id='word_1_490' title='bbox 1276 1215 1600 1272; x_wconf 80' lang='lat' dir='ltr'>deliberatione3</span> <span class='ocrx_word' id='word_1_491' title='bbox 1618 1219 1729 1254; x_wconf 86' lang='lat' dir='ltr'>certe</span> <span class='ocrx_word' id='word_1_492' title='bbox 1740 1215 1786 1253; x_wconf 88' lang='lat' dir='ltr'>R.</span> <span class='ocrx_word' id='word_1_493' title='bbox 1798 1215 1841 1254; x_wconf 87' lang='lat' dir='ltr'>P.</span> <span class='ocrx_word' id='word_1_494' title='bbox 1859 1213 2204 1263; x_wconf 77' lang='lat' dir='ltr'>ClaudiusAqua-</span> 
     </span>
     <span class='ocr_line' id='line_1_75' title="bbox 1163 1275 2203 1328; baseline -0.001 -13"><span class='ocrx_word' id='word_1_495' title='bbox 1163 1276 1269 1324; x_wconf 85' lang='lat' dir='ltr'>viva,</span> <span class='ocrx_word' id='word_1_496' title='bbox 1286 1277 1355 1326; x_wconf 91' lang='lat' dir='ltr'>qui</span> <span class='ocrx_word' id='word_1_497' title='bbox 1378 1277 1485 1315; x_wconf 89' lang='lat' dir='ltr'>ultra</span> <span class='ocrx_word' id='word_1_498' title='bbox 1505 1277 1673 1328; x_wconf 87' lang='lat' dir='ltr'>triginta</span> <span class='ocrx_word' id='word_1_499' title='bbox 1691 1288 1822 1315; x_wconf 86' lang='lat' dir='ltr'>annos</span> <span class='ocrx_word' id='word_1_500' title='bbox 1843 1275 2110 1326; x_wconf 65' lang='lat' dir='ltr'>Praepositum</span> <span class='ocrx_word' id='word_1_501' title='bbox 2123 1275 2203 1315; x_wconf 90' lang='lat' dir='ltr'>Ge-</span> 
     </span>
     <span class='ocr_line' id='line_1_76' title="bbox 1161 1336 2205 1390; baseline 0 -14"><span class='ocrx_word' id='word_1_502' title='bbox 1161 1338 1349 1376; x_wconf 85' lang='lat' dir='ltr'>neralem</span> <span class='ocrx_word' id='word_1_503' title='bbox 1371 1338 1467 1390; x_wconf 85' lang='lat' dir='ltr'>egit,</span> <span class='ocrx_word' id='word_1_504' title='bbox 1488 1338 1817 1390; x_wconf 87' lang='lat' dir='ltr'>uniuscujusque</span> <span class='ocrx_word' id='word_1_505' title='bbox 1834 1336 2120 1376; x_wconf 84' lang='lat' dir='ltr'>dimissionem</span> <span class='ocrx_word' id='word_1_506' title='bbox 2135 1348 2205 1376; x_wconf 88' lang='lat' dir='ltr'>se-</span> 
     </span>
     <span class='ocr_line' id='line_1_77' title="bbox 1162 1398 2198 1439; baseline 0 -2"><span class='ocrx_word' id='word_1_507' title='bbox 1162 1399 1245 1438; x_wconf 92' lang='lat' dir='ltr'>mel</span> <span class='ocrx_word' id='word_1_508' title='bbox 1269 1403 1310 1438; x_wconf 90' lang='lat' dir='ltr'>et</span> <span class='ocrx_word' id='word_1_509' title='bbox 1336 1399 1487 1438; x_wconf 89' lang='lat' dir='ltr'>iterum</span> <span class='ocrx_word' id='word_1_510' title='bbox 1514 1400 1559 1439; x_wconf 90' lang='lat' dir='ltr'>in</span> <span class='ocrx_word' id='word_1_511' title='bbox 1586 1398 1930 1439; x_wconf 87' lang='lat' dir='ltr'>consultationem</span> <span class='ocrx_word' id='word_1_512' title='bbox 1950 1398 2198 1438; x_wconf 87' lang='lat' dir='ltr'>adducebat.</span> 
     </span>
     <span class='ocr_line' id='line_1_78' title="bbox 1162 1460 2198 1511; baseline 0.002 -13"><span class='ocrx_word' id='word_1_513' title='bbox 1162 1460 1213 1499; x_wconf 90' lang='lat' dir='ltr'>Et</span> <span class='ocrx_word' id='word_1_514' title='bbox 1232 1462 1420 1511; x_wconf 87' lang='lat' dir='ltr'>quamvis</span> <span class='ocrx_word' id='word_1_515' title='bbox 1449 1463 1528 1499; x_wconf 90' lang='lat' dir='ltr'>hoc</span> <span class='ocrx_word' id='word_1_516' title='bbox 1549 1474 1633 1500; x_wconf 94' lang='lat' dir='ltr'>non</span> <span class='ocrx_word' id='word_1_517' title='bbox 1661 1473 1756 1500; x_wconf 86' lang='lat' dir='ltr'>raro</span> <span class='ocrx_word' id='word_1_518' title='bbox 1780 1461 1969 1500; x_wconf 88' lang='lat' dir='ltr'>accidere</span> <span class='ocrx_word' id='word_1_519' title='bbox 1996 1460 2198 1510; x_wconf 88' lang='lat' dir='ltr'>videatur,</span> 
     </span>
     <span class='ocr_line' id='line_1_79' title="bbox 1164 1522 2203 1573; baseline -0.001 -12"><span class='ocrx_word' id='word_1_520' title='bbox 1164 1522 1428 1562; x_wconf 88' lang='lat' dir='ltr'>considerata</span> <span class='ocrx_word' id='word_1_521' title='bbox 1459 1527 1601 1562; x_wconf 87' lang='lat' dir='ltr'>tamen</span> <span class='ocrx_word' id='word_1_522' title='bbox 1636 1523 1855 1561; x_wconf 89' lang='lat' dir='ltr'>hominum</span> <span class='ocrx_word' id='word_1_523' title='bbox 1891 1522 2128 1573; x_wconf 85' lang='lat' dir='ltr'>fragilitate,</span> <span class='ocrx_word' id='word_1_524' title='bbox 2162 1525 2203 1561; x_wconf 86' lang='lat' dir='ltr'>et</span> 
     </span>
     <span class='ocr_line' id='line_1_80' title="bbox 1162 1584 2200 1634; baseline 0 -11"><span class='ocrx_word' id='word_1_525' title='bbox 1162 1588 1355 1634; x_wconf 88' lang='lat' dir='ltr'>respectu</span> <span class='ocrx_word' id='word_1_526' title='bbox 1393 1588 1517 1624; x_wconf 73' lang='lat' dir='ltr'>tantae</span> <span class='ocrx_word' id='word_1_527' title='bbox 1553 1584 1845 1631; x_wconf 85' lang='lat' dir='ltr'>multitudinis,</span> <span class='ocrx_word' id='word_1_528' title='bbox 1886 1597 1980 1623; x_wconf 84' lang='lat' dir='ltr'>raro</span> <span class='ocrx_word' id='word_1_529' title='bbox 2014 1584 2200 1623; x_wconf 84' lang='lat' dir='ltr'>accidere</span> 
     </span>
     <span class='ocr_line' id='line_1_81' title="bbox 1162 1645 2203 1696; baseline -0.001 -11"><span class='ocrx_word' id='word_1_530' title='bbox 1162 1646 1243 1685; x_wconf 89' lang='lat' dir='ltr'>dici</span> <span class='ocrx_word' id='word_1_531' title='bbox 1266 1650 1418 1696; x_wconf 89' lang='lat' dir='ltr'>potest.</span> <span class='ocrx_word' id='word_1_532' title='bbox 1450 1646 1534 1685; x_wconf 92' lang='lat' dir='ltr'>Nec</span> <span class='ocrx_word' id='word_1_533' title='bbox 1565 1646 1745 1696; x_wconf 91' lang='lat' dir='ltr'>denique</span> <span class='ocrx_word' id='word_1_534' title='bbox 1771 1650 1834 1684; x_wconf 88' lang='lat' dir='ltr'>est</span> <span class='ocrx_word' id='word_1_535' title='bbox 1868 1645 1981 1696; x_wconf 88' lang='lat' dir='ltr'>quod</span> <span class='ocrx_word' id='word_1_536' title='bbox 2006 1645 2203 1684; x_wconf 87' lang='lat' dir='ltr'>timeatur</span> 
     </span>
     <span class='ocr_line' id='line_1_82' title="bbox 1163 1707 2202 1758; baseline 0 -12"><span class='ocrx_word' id='word_1_537' title='bbox 1163 1707 1428 1752; x_wconf 63' lang='lat' dir='ltr'>scandalum</span> <span class='ocrx_word' id='word_1_538' title='bbox 1455 1711 1545 1746; x_wconf 89' lang='lat' dir='ltr'>tum</span> <span class='ocrx_word' id='word_1_539' title='bbox 1565 1707 1678 1758; x_wconf 88' lang='lat' dir='ltr'>quia,</span> <span class='ocrx_word' id='word_1_540' title='bbox 1704 1707 1915 1744; x_wconf 89' lang='lat' dir='ltr'>intellecta</span> <span class='ocrx_word' id='word_1_541' title='bbox 1932 1719 2060 1745; x_wconf 87' lang='lat' dir='ltr'>causa</span> <span class='ocrx_word' id='word_1_542' title='bbox 2079 1711 2121 1746; x_wconf 89' lang='lat' dir='ltr'>et</span> <span class='ocrx_word' id='word_1_543' title='bbox 2139 1719 2202 1746; x_wconf 88' lang='lat' dir='ltr'>ra-</span> 
     </span>
     <span class='ocr_line' id='line_1_83' title="bbox 1163 1767 2203 1818; baseline 0 -11"><span class='ocrx_word' id='word_1_544' title='bbox 1163 1769 1292 1815; x_wconf 89' lang='lat' dir='ltr'>tione,</span> <span class='ocrx_word' id='word_1_545' title='bbox 1328 1768 1489 1806; x_wconf 91' lang='lat' dir='ltr'>nullum</span> <span class='ocrx_word' id='word_1_546' title='bbox 1522 1772 1599 1813; x_wconf 83' lang='lat' dir='ltr'>est,</span> <span class='ocrx_word' id='word_1_547' title='bbox 1624 1768 1853 1818; x_wconf 81' lang='lat' dir='ltr'>praesertim</span> <span class='ocrx_word' id='word_1_548' title='bbox 1877 1767 1989 1818; x_wconf 85' lang='lat' dir='ltr'>apud.</span> <span class='ocrx_word' id='word_1_549' title='bbox 2024 1779 2098 1806; x_wconf 91' lang='lat' dir='ltr'>eos</span> <span class='ocrx_word' id='word_1_550' title='bbox 2130 1768 2203 1818; x_wconf 91' lang='lat' dir='ltr'>qui</span> 
     </span>
     <span class='ocr_line' id='line_1_84' title="bbox 1162 1829 2204 1879; baseline -0.001 -11"><span class='ocrx_word' id='word_1_551' title='bbox 1162 1841 1250 1868; x_wconf 89' lang='lat' dir='ltr'>non</span> <span class='ocrx_word' id='word_1_552' title='bbox 1271 1831 1368 1867; x_wconf 89' lang='lat' dir='ltr'>sunt</span> <span class='ocrx_word' id='word_1_553' title='bbox 1386 1829 1495 1868; x_wconf 89' lang='lat' dir='ltr'>male</span> <span class='ocrx_word' id='word_1_554' title='bbox 1513 1829 1665 1875; x_wconf 86' lang='lat' dir='ltr'>affecti,</span> <span class='ocrx_word' id='word_1_555' title='bbox 1684 1834 1729 1867; x_wconf 91' lang='lat' dir='ltr'>ut</span> <span class='ocrx_word' id='word_1_556' title='bbox 1750 1829 2006 1879; x_wconf 83' lang='lat' dir='ltr'>experientia</span> <span class='ocrx_word' id='word_1_557' title='bbox 2026 1840 2103 1867; x_wconf 92' lang='lat' dir='ltr'>nos</span> <span class='ocrx_word' id='word_1_558' title='bbox 2129 1829 2204 1868; x_wconf 90' lang='lat' dir='ltr'>do-</span> 
     </span>
     <span class='ocr_line' id='line_1_85' title="bbox 1163 1889 2202 1941; baseline 0.001 -13"><span class='ocrx_word' id='word_1_559' title='bbox 1163 1890 1248 1929; x_wconf 88' lang='lat' dir='ltr'>cuit</span> <span class='ocrx_word' id='word_1_560' title='bbox 1260 1901 1272 1938; x_wconf 82' lang='lat'>3</span> <span class='ocrx_word' id='word_1_561' title='bbox 1289 1890 1341 1928; x_wconf 90' lang='lat' dir='ltr'>de</span> <span class='ocrx_word' id='word_1_562' title='bbox 1362 1889 1642 1941; x_wconf 88' lang='lat' dir='ltr'>quorumdam</span> <span class='ocrx_word' id='word_1_563' title='bbox 1657 1890 1766 1928; x_wconf 88' lang='lat' dir='ltr'>enim</span> <span class='ocrx_word' id='word_1_564' title='bbox 1789 1890 1990 1940; x_wconf 87' lang='lat' dir='ltr'>ejectione</span> <span class='ocrx_word' id='word_1_565' title='bbox 2008 1890 2202 1930; x_wconf 87' lang='lat' dir='ltr'>Societati</span> 
     </span>
     <span class='ocr_line' id='line_1_86' title="bbox 1165 1951 2202 2004; baseline 0 -13"><span class='ocrx_word' id='word_1_566' title='bbox 1165 1951 1444 2004; x_wconf 85' lang='lat' dir='ltr'>gratulantur,</span> <span class='ocrx_word' id='word_1_567' title='bbox 1470 1952 1859 2003; x_wconf 87' lang='lat' dir='ltr'>providentiamque</span> <span class='ocrx_word' id='word_1_568' title='bbox 1892 1952 1943 1991; x_wconf 92' lang='lat' dir='ltr'>de</span> <span class='ocrx_word' id='word_1_569' title='bbox 1976 1953 2038 1990; x_wconf 91' lang='lat' dir='ltr'>sui</span> <span class='ocrx_word' id='word_1_570' title='bbox 2071 1952 2202 2003; x_wconf 90' lang='lat' dir='ltr'>ipsius</span> 
     </span>
     <span class='ocr_line' id='line_1_87' title="bbox 1162 2013 2203 2065; baseline 0.002 -13"><span class='ocrx_word' id='word_1_571' title='bbox 1162 2014 1242 2052; x_wconf 88' lang='lat' dir='ltr'>hac</span> <span class='ocrx_word' id='word_1_572' title='bbox 1261 2025 1313 2052; x_wconf 90' lang='lat' dir='ltr'>ex</span> <span class='ocrx_word' id='word_1_573' title='bbox 1325 2018 1440 2065; x_wconf 87' lang='lat' dir='ltr'>parte</span> <span class='ocrx_word' id='word_1_574' title='bbox 1452 2013 1768 2052; x_wconf 87' lang='lat' dir='ltr'>conservatione</span> <span class='ocrx_word' id='word_1_575' title='bbox 1783 2015 2095 2061; x_wconf 82' lang='lat' dir='ltr'>cmnmendant;</span> <span class='ocrx_word' id='word_1_576' title='bbox 2112 2017 2203 2054; x_wconf 90' lang='lat' dir='ltr'>tum</span> 
     </span>
     <span class='ocr_line' id='line_1_88' title="bbox 1164 2075 2202 2126; baseline 0.001 -11"><span class='ocrx_word' id='word_1_577' title='bbox 1164 2076 1290 2115; x_wconf 90' lang='lat' dir='ltr'>etiam</span> <span class='ocrx_word' id='word_1_578' title='bbox 1307 2076 1404 2126; x_wconf 88' lang='lat' dir='ltr'>quia</span> <span class='ocrx_word' id='word_1_579' title='bbox 1419 2079 1460 2114; x_wconf 90' lang='lat' dir='ltr'>et</span> <span class='ocrx_word' id='word_1_580' title='bbox 1478 2075 1614 2126; x_wconf 89' lang='lat' dir='ltr'>majus</span> <span class='ocrx_word' id='word_1_581' title='bbox 1629 2080 1669 2114; x_wconf 88' lang='lat' dir='ltr'>et</span> <span class='ocrx_word' id='word_1_582' title='bbox 1684 2076 1824 2114; x_wconf 89' lang='lat' dir='ltr'>verius</span> <span class='ocrx_word' id='word_1_583' title='bbox 1845 2076 2087 2114; x_wconf 88' lang='lat' dir='ltr'>scandalum</span> <span class='ocrx_word' id='word_1_584' title='bbox 2101 2077 2202 2116; x_wconf 86' lang='lat' dir='ltr'>fuis-</span> 
     </span>
     <span class='ocr_line' id='line_1_89' title="bbox 1164 2136 2202 2190; baseline 0.001 -14"><span class='ocrx_word' id='word_1_585' title='bbox 1164 2141 1243 2184; x_wconf 86' lang='lat' dir='ltr'>set,</span> <span class='ocrx_word' id='word_1_586' title='bbox 1266 2137 1301 2175; x_wconf 87' lang='lat' dir='ltr'>si</span> <span class='ocrx_word' id='word_1_587' title='bbox 1321 2137 1507 2176; x_wconf 88' lang='lat' dir='ltr'>Societas</span> <span class='ocrx_word' id='word_1_588' title='bbox 1528 2141 1600 2175; x_wconf 84' lang='lat' dir='ltr'>aut</span> <span class='ocrx_word' id='word_1_589' title='bbox 1619 2136 1718 2175; x_wconf 89' lang='lat' dir='ltr'>viris</span> <span class='ocrx_word' id='word_1_590' title='bbox 1745 2148 1788 2174; x_wconf 89' lang='lat' dir='ltr'>se</span> <span class='ocrx_word' id='word_1_591' title='bbox 1816 2137 1998 2190; x_wconf 80' lang='lat' dir='ltr'>indignis</span> <span class='ocrx_word' id='word_1_592' title='bbox 2018 2138 2202 2177; x_wconf 89' lang='lat' dir='ltr'>abunda-</span> 
     </span>
     <span class='ocr_line' id='line_1_90' title="bbox 1160 2198 2202 2251; baseline 0.001 -13"><span class='ocrx_word' id='word_1_593' title='bbox 1160 2202 1251 2247; x_wconf 88' lang='lat' dir='ltr'>ret,</span> <span class='ocrx_word' id='word_1_594' title='bbox 1271 2201 1343 2237; x_wconf 85' lang='lat' dir='ltr'>aut</span> <span class='ocrx_word' id='word_1_595' title='bbox 1371 2198 1583 2249; x_wconf 85' lang='lat' dir='ltr'>operarios</span> <span class='ocrx_word' id='word_1_596' title='bbox 1613 2198 1825 2249; x_wconf 89' lang='lat' dir='ltr'>Evangelii</span> <span class='ocrx_word' id='word_1_597' title='bbox 1857 2198 2033 2238; x_wconf 86' lang='lat' dir='ltr'>haberet</span> <span class='ocrx_word' id='word_1_598' title='bbox 2051 2212 2202 2251; x_wconf 89' lang='lat' dir='ltr'>parum</span> 
     </span>
     <span class='ocr_line' id='line_1_91' title="bbox 1162 2259 2203 2311; baseline 0.001 -11"><span class='ocrx_word' id='word_1_599' title='bbox 1162 2260 1424 2311; x_wconf 86' lang='lat' dir='ltr'>exemplares</span> <span class='ocrx_word' id='word_1_600' title='bbox 1436 2272 1484 2299; x_wconf 89' lang='lat' dir='ltr'>ac</span> <span class='ocrx_word' id='word_1_601' title='bbox 1494 2259 1710 2310; x_wconf 85' lang='lat' dir='ltr'>religiosos</span> <span class='ocrx_word' id='word_1_602' title='bbox 1725 2274 1735 2305; x_wconf 86' lang='lat'>;</span> <span class='ocrx_word' id='word_1_603' title='bbox 1752 2264 1792 2298; x_wconf 91' lang='lat' dir='ltr'>et</span> <span class='ocrx_word' id='word_1_604' title='bbox 1808 2263 1907 2299; x_wconf 88' lang='lat' dir='ltr'>tunc</span> <span class='ocrx_word' id='word_1_605' title='bbox 1929 2261 2052 2300; x_wconf 89' lang='lat' dir='ltr'>etiam</span> <span class='ocrx_word' id='word_1_606' title='bbox 2069 2262 2203 2301; x_wconf 90' lang='lat' dir='ltr'>multo</span> 
     </span>
     <span class='ocr_line' id='line_1_92' title="bbox 1161 2321 2204 2371; baseline 0.003 -11"><span class='ocrx_word' id='word_1_607' title='bbox 1161 2322 1330 2371; x_wconf 76' lang='lat' dir='ltr'>gravius</span> <span class='ocrx_word' id='word_1_608' title='bbox 1356 2321 1494 2360; x_wconf 91' lang='lat' dir='ltr'>eidem</span> <span class='ocrx_word' id='word_1_609' title='bbox 1516 2321 1710 2360; x_wconf 87' lang='lat' dir='ltr'>Societati</span> <span class='ocrx_word' id='word_1_610' title='bbox 1726 2322 1884 2360; x_wconf 90' lang='lat' dir='ltr'>malum</span> <span class='ocrx_word' id='word_1_611' title='bbox 1901 2322 2062 2370; x_wconf 85' lang='lat' dir='ltr'>fuisset,</span> <span class='ocrx_word' id='word_1_612' title='bbox 2078 2324 2113 2362; x_wconf 90' lang='lat' dir='ltr'>si</span> <span class='ocrx_word' id='word_1_613' title='bbox 2132 2336 2204 2363; x_wconf 91' lang='lat' dir='ltr'>re-</span> 
     </span>
     <span class='ocr_line' id='line_1_93' title="bbox 1158 2383 2201 2438; baseline 0.001 -14"><span class='ocrx_word' id='word_1_614' title='bbox 1158 2384 1297 2435; x_wconf 89' lang='lat' dir='ltr'>ligiosi</span> <span class='ocrx_word' id='word_1_615' title='bbox 1318 2387 1537 2423; x_wconf 90' lang='lat' dir='ltr'>manentes</span> <span class='ocrx_word' id='word_1_616' title='bbox 1558 2383 1741 2434; x_wconf 87' lang='lat' dir='ltr'>religiosi</span> <span class='ocrx_word' id='word_1_617' title='bbox 1768 2396 1852 2422; x_wconf 92' lang='lat' dir='ltr'>non</span> <span class='ocrx_word' id='word_1_618' title='bbox 1881 2385 1980 2424; x_wconf 92' lang='lat' dir='ltr'>satis</span> <span class='ocrx_word' id='word_1_619' title='bbox 2003 2386 2201 2438; x_wconf 87' lang='lat' dir='ltr'>religiose</span> 
     </span>
     <span class='ocr_line' id='line_1_94' title="bbox 1159 2445 2200 2496; baseline 0.002 -11"><span class='ocrx_word' id='word_1_620' title='bbox 1159 2446 1362 2492; x_wconf 90' lang='lat' dir='ltr'>viverent,</span> <span class='ocrx_word' id='word_1_621' title='bbox 1387 2456 1516 2495; x_wconf 84' lang='lat' dir='ltr'>quam</span> <span class='ocrx_word' id='word_1_622' title='bbox 1536 2445 1570 2484; x_wconf 91' lang='lat' dir='ltr'>si</span> <span class='ocrx_word' id='word_1_623' title='bbox 1591 2445 1718 2494; x_wconf 88' lang='lat' dir='ltr'>aliqui</span> <span class='ocrx_word' id='word_1_624' title='bbox 1749 2445 1932 2496; x_wconf 86' lang='lat' dir='ltr'>religiosi</span> <span class='ocrx_word' id='word_1_625' title='bbox 1965 2459 2056 2487; x_wconf 89' lang='lat' dir='ltr'>esse</span> <span class='ocrx_word' id='word_1_626' title='bbox 2090 2448 2200 2487; x_wconf 91' lang='lat' dir='ltr'>desi-</span> 
     </span>
     <span class='ocr_line' id='line_1_95' title="bbox 1159 2506 2196 2561; baseline 0.003 -15"><span class='ocrx_word' id='word_1_627' title='bbox 1159 2512 1274 2555; x_wconf 83' lang='lat' dir='ltr'>nant,</span> <span class='ocrx_word' id='word_1_628' title='bbox 1299 2512 1339 2546; x_wconf 85' lang='lat' dir='ltr'>et</span> <span class='ocrx_word' id='word_1_629' title='bbox 1369 2507 1615 2545; x_wconf 88' lang='lat' dir='ltr'>seculariter</span> <span class='ocrx_word' id='word_1_630' title='bbox 1634 2506 1794 2553; x_wconf 89' lang='lat' dir='ltr'>vivant;</span> <span class='ocrx_word' id='word_1_631' title='bbox 1821 2519 1919 2546; x_wconf 88' lang='lat' dir='ltr'>nam</span> <span class='ocrx_word' id='word_1_632' title='bbox 1946 2508 2048 2548; x_wconf 92' lang='lat' dir='ltr'>illud</span> <span class='ocrx_word' id='word_1_633' title='bbox 2065 2510 2196 2561; x_wconf 90' lang='lat' dir='ltr'>prius,</span> 
     </span>
     <span class='ocr_line' id='line_1_96' title="bbox 1158 2568 2199 2622; baseline 0.006 -16"><span class='ocrx_word' id='word_1_634' title='bbox 1158 2572 1312 2620; x_wconf 83' lang='lat' dir='ltr'>praeter</span> <span class='ocrx_word' id='word_1_635' title='bbox 1333 2568 1599 2606; x_wconf 88' lang='lat' dir='ltr'>incommoda</span> <span class='ocrx_word' id='word_1_636' title='bbox 1615 2572 1850 2616; x_wconf 83' lang='lat' dir='ltr'>numerata,</span> <span class='ocrx_word' id='word_1_637' title='bbox 1871 2570 1939 2609; x_wconf 87' lang='lat' dir='ltr'>vix</span> <span class='ocrx_word' id='word_1_638' title='bbox 1953 2583 2045 2611; x_wconf 89' lang='lat' dir='ltr'>esse</span> <span class='ocrx_word' id='word_1_639' title='bbox 2063 2576 2199 2622; x_wconf 86' lang='lat' dir='ltr'>potest</span> 
     </span>
     <span class='ocr_line' id='line_1_97' title="bbox 1158 2629 2194 2682; baseline 0.005 -13"><span class='ocrx_word' id='word_1_640' title='bbox 1158 2629 1251 2669; x_wconf 86' lang='lat' dir='ltr'>sine</span> <span class='ocrx_word' id='word_1_641' title='bbox 1271 2630 1434 2681; x_wconf 87' lang='lat' dir='ltr'>magnis</span> <span class='ocrx_word' id='word_1_642' title='bbox 1458 2630 1698 2681; x_wconf 86' lang='lat' dir='ltr'>sacrilegiiS‚</span> <span class='ocrx_word' id='word_1_643' title='bbox 1713 2634 1754 2669; x_wconf 89' lang='lat' dir='ltr'>et</span> <span class='ocrx_word' id='word_1_644' title='bbox 1775 2631 1846 2670; x_wconf 91' lang='lat' dir='ltr'>Dei</span> <span class='ocrx_word' id='word_1_645' title='bbox 1873 2632 2194 2682; x_wconf 88' lang='lat' dir='ltr'>offensionibus;</span> 
     </span>
     <span class='ocr_line' id='line_1_98' title="bbox 1158 2691 2196 2746; baseline 0.006 -16"><span class='ocrx_word' id='word_1_646' title='bbox 1158 2691 1239 2731; x_wconf 88' lang='lat' dir='ltr'>hoc</span> <span class='ocrx_word' id='word_1_647' title='bbox 1267 2695 1407 2730; x_wconf 90' lang='lat' dir='ltr'>autem</span> <span class='ocrx_word' id='word_1_648' title='bbox 1427 2692 1657 2742; x_wconf 89' lang='lat' dir='ltr'>posterius,</span> <span class='ocrx_word' id='word_1_649' title='bbox 1677 2691 1774 2732; x_wconf 87' lang='lat' dir='ltr'>licet</span> <span class='ocrx_word' id='word_1_650' title='bbox 1792 2692 1930 2732; x_wconf 90' lang='lat' dir='ltr'>minus</span> <span class='ocrx_word' id='word_1_651' title='bbox 1951 2694 2110 2736; x_wconf 90' lang='lat' dir='ltr'>bonum</span> <span class='ocrx_word' id='word_1_652' title='bbox 2129 2697 2196 2746; x_wconf 89' lang='lat' dir='ltr'>sit,</span> 
     </span>
     <span class='ocr_line' id='line_1_99' title="bbox 1158 2753 1606 2803; baseline 0.002 -12"><span class='ocrx_word' id='word_1_653' title='bbox 1158 2753 1283 2792; x_wconf 88' lang='lat' dir='ltr'>evitat</span> <span class='ocrx_word' id='word_1_654' title='bbox 1301 2753 1461 2803; x_wconf 87' lang='lat' dir='ltr'>majora</span> <span class='ocrx_word' id='word_1_655' title='bbox 1479 2753 1606 2792; x_wconf 88' lang='lat' dir='ltr'>mala.</span> 
     </span>
    </p>

    <p class='ocr_par' dir='ltr' id='par_1_10' title="bbox 1153 2814 2257 3668">
     <span class='ocr_line' id='line_1_100' title="bbox 1211 2814 2197 2861; baseline 0.007 -8"><span class='ocrx_word' id='word_1_656' title='bbox 1211 2816 1278 2854; x_wconf 80' lang='lat'>10.</span> <span class='ocrx_word' id='word_1_657' title='bbox 1300 2814 1370 2854; x_wconf 85' lang='lat' dir='ltr'>Ad</span> <span class='ocrx_word' id='word_1_658' title='bbox 1390 2816 1554 2855; x_wconf 73' lang='lat' dir='ltr'>tertium</span> <span class='ocrx_word' id='word_1_659' title='bbox 1575 2815 1880 2857; x_wconf 75' lang='lat' dir='ltr'>incommodum.</span> <span class='ocrx_word' id='word_1_660' title='bbox 1893 2817 2080 2859; x_wconf 86' lang='lat' dir='ltr'>—Aliud</span> <span class='ocrx_word' id='word_1_661' title='bbox 2098 2832 2197 2861; x_wconf 89' lang='lat' dir='ltr'>vero</span> 
     </span>
     <span class='ocr_line' id='line_1_101' title="bbox 1155 2875 2200 2933; baseline 0.007 -17"><span class='ocrx_word' id='word_1_662' title='bbox 1155 2875 1456 2916; x_wconf 87' lang='lat' dir='ltr'>inconveniens</span> <span class='ocrx_word' id='word_1_663' title='bbox 1475 2876 1527 2915; x_wconf 89' lang='lat' dir='ltr'>de</span> <span class='ocrx_word' id='word_1_664' title='bbox 1547 2875 1783 2917; x_wconf 86' lang='lat' dir='ltr'>fictionibus</span> <span class='ocrx_word' id='word_1_665' title='bbox 1804 2891 1896 2930; x_wconf 80' lang='lat' dir='ltr'>quae</span> <span class='ocrx_word' id='word_1_666' title='bbox 1912 2891 2003 2920; x_wconf 91' lang='lat' dir='ltr'>esse</span> <span class='ocrx_word' id='word_1_667' title='bbox 2022 2887 2200 2933; x_wconf 89' lang='lat' dir='ltr'>possunt</span> 
     </span>
     <span class='ocr_line' id='line_1_102' title="bbox 1157 2938 2198 2990; baseline 0.009 -14"><span class='ocrx_word' id='word_1_668' title='bbox 1157 2949 1209 2977; x_wconf 88' lang='lat' dir='ltr'>ex</span> <span class='ocrx_word' id='word_1_669' title='bbox 1228 2942 1344 2989; x_wconf 89' lang='lat' dir='ltr'>parte</span> <span class='ocrx_word' id='word_1_670' title='bbox 1364 2950 1510 2977; x_wconf 91' lang='lat' dir='ltr'>eorum</span> <span class='ocrx_word' id='word_1_671' title='bbox 1529 2938 1601 2989; x_wconf 86' lang='lat' dir='ltr'>qui</span> <span class='ocrx_word' id='word_1_672' title='bbox 1613 2951 1761 2990; x_wconf 88' lang='lat' dir='ltr'>parum</span> <span class='ocrx_word' id='word_1_673' title='bbox 1783 2945 2020 2982; x_wconf 86' lang='lat' dir='ltr'>constantes</span> <span class='ocrx_word' id='word_1_674' title='bbox 2036 2949 2131 2984; x_wconf 86' lang='lat' dir='ltr'>sunt</span> <span class='ocrx_word' id='word_1_675' title='bbox 2150 2945 2198 2985; x_wconf 91' lang='lat' dir='ltr'>in</span> 
     </span>
     <span class='ocr_line' id='line_1_103' title="bbox 1153 3000 2214 3054; baseline 0.007 -14"><span class='ocrx_word' id='word_1_676' title='bbox 1153 3011 1231 3040; x_wconf 86' lang='lat' dir='ltr'>sua</span> <span class='ocrx_word' id='word_1_677' title='bbox 1246 3000 1476 3049; x_wconf 89' lang='lat' dir='ltr'>vocatione,</span> <span class='ocrx_word' id='word_1_678' title='bbox 1496 3000 1563 3039; x_wconf 89' lang='lat' dir='ltr'>vel</span> <span class='ocrx_word' id='word_1_679' title='bbox 1579 3001 1649 3052; x_wconf 90' lang='lat' dir='ltr'>qui</span> <span class='ocrx_word' id='word_1_680' title='bbox 1670 3014 1694 3040; x_wconf 90' lang='lat' dir='ltr'>a</span> <span class='ocrx_word' id='word_1_681' title='bbox 1714 3002 1915 3054; x_wconf 93' lang='lat' dir='ltr'>principio</span> <span class='ocrx_word' id='word_1_682' title='bbox 1932 3016 2018 3043; x_wconf 92' lang='lat' dir='ltr'>non</span> <span class='ocrx_word' id='word_1_683' title='bbox 2037 3010 2214 3046; x_wconf 63' lang='lat' dir='ltr'>rectam&gt;</span> 
     </span>
     <span class='ocr_line' id='line_1_104' title="bbox 1154 3061 2194 3116; baseline 0.007 -15"><span class='ocrx_word' id='word_1_684' title='bbox 1154 3061 1430 3102; x_wconf 90' lang='lat' dir='ltr'>intentionem</span> <span class='ocrx_word' id='word_1_685' title='bbox 1460 3062 1638 3110; x_wconf 87' lang='lat' dir='ltr'>habent;</span> <span class='ocrx_word' id='word_1_686' title='bbox 1672 3063 1752 3103; x_wconf 91' lang='lat' dir='ltr'>hoc</span> <span class='ocrx_word' id='word_1_687' title='bbox 1772 3064 1974 3116; x_wconf 85' lang='lat' dir='ltr'>(inquam)</span> <span class='ocrx_word' id='word_1_688' title='bbox 1994 3066 2092 3107; x_wconf 91' lang='lat' dir='ltr'>licet</span> <span class='ocrx_word' id='word_1_689' title='bbox 2118 3068 2194 3107; x_wconf 90' lang='lat' dir='ltr'>ad-</span> 
     </span>
     <span class='ocr_line' id='line_1_105' title="bbox 1155 3123 2197 3178; baseline 0.008 -17"><span class='ocrx_word' id='word_1_690' title='bbox 1155 3123 1358 3169; x_wconf 87' lang='lat' dir='ltr'>mittatur,</span> <span class='ocrx_word' id='word_1_691' title='bbox 1387 3123 1542 3163; x_wconf 92' lang='lat' dir='ltr'>nullius</span> <span class='ocrx_word' id='word_1_692' title='bbox 1569 3125 1768 3164; x_wconf 91' lang='lat' dir='ltr'>momenti</span> <span class='ocrx_word' id='word_1_693' title='bbox 1795 3130 1857 3165; x_wconf 86' lang='lat' dir='ltr'>est</span> <span class='ocrx_word' id='word_1_694' title='bbox 1885 3127 1938 3165; x_wconf 91' lang='lat' dir='ltr'>ad</span> <span class='ocrx_word' id='word_1_695' title='bbox 1957 3127 2197 3178; x_wconf 92' lang='lat' dir='ltr'>improban-</span> 
     </span>
     <span class='ocr_line' id='line_1_106' title="bbox 1156 3184 2197 3240; baseline 0.004 -15"><span class='ocrx_word' id='word_1_696' title='bbox 1156 3184 1257 3225; x_wconf 86' lang='lat' dir='ltr'>dam</span> <span class='ocrx_word' id='word_1_697' title='bbox 1275 3184 1591 3236; x_wconf 88' lang='lat' dir='ltr'>institutionem,</span> <span class='ocrx_word' id='word_1_698' title='bbox 1621 3186 1721 3237; x_wconf 87' lang='lat' dir='ltr'>quia</span> <span class='ocrx_word' id='word_1_699' title='bbox 1741 3186 1783 3225; x_wconf 91' lang='lat' dir='ltr'>hi</span> <span class='ocrx_word' id='word_1_700' title='bbox 1804 3192 1901 3227; x_wconf 91' lang='lat' dir='ltr'>sunt</span> <span class='ocrx_word' id='word_1_701' title='bbox 1931 3189 2100 3240; x_wconf 83' lang='lat' dir='ltr'>quidam</span> <span class='ocrx_word' id='word_1_702' title='bbox 2122 3190 2197 3228; x_wconf 91' lang='lat' dir='ltr'>ho-</span> 
     </span>
     <span class='ocr_line' id='line_1_107' title="bbox 1154 3245 2257 3299; baseline 0.005 -15"><span class='ocrx_word' id='word_1_703' title='bbox 1154 3245 1316 3285; x_wconf 91' lang='lat' dir='ltr'>minum</span> <span class='ocrx_word' id='word_1_704' title='bbox 1334 3246 1502 3293; x_wconf 87' lang='lat' dir='ltr'>abusus,</span> <span class='ocrx_word' id='word_1_705' title='bbox 1532 3247 1602 3299; x_wconf 89' lang='lat' dir='ltr'>qui</span> <span class='ocrx_word' id='word_1_706' title='bbox 1621 3247 1666 3286; x_wconf 94' lang='lat' dir='ltr'>in</span> <span class='ocrx_word' id='word_1_707' title='bbox 1687 3248 1814 3288; x_wconf 89' lang='lat' dir='ltr'>rebus</span> <span class='ocrx_word' id='word_1_708' title='bbox 1838 3249 1964 3289; x_wconf 86' lang='lat' dir='ltr'>etiam</span> <span class='ocrx_word' id='word_1_709' title='bbox 1989 3251 2196 3290; x_wconf 88' lang='lat' dir='ltr'>sanctissi-</span> <span class='ocrx_word' id='word_1_710' title='bbox 2249 3249 2257 3259; x_wconf 88' lang='grc'><strong>“</strong></span> 
     </span>
     <span class='ocr_line' id='line_1_108' title="bbox 1156 3307 2192 3361; baseline 0.003 -16"><span class='ocrx_word' id='word_1_711' title='bbox 1156 3307 1236 3346; x_wconf 91' lang='lat' dir='ltr'>mis</span> <span class='ocrx_word' id='word_1_712' title='bbox 1256 3307 1549 3348; x_wconf 90' lang='lat' dir='ltr'>admiscentur.</span> <span class='ocrx_word' id='word_1_713' title='bbox 1572 3309 1684 3348; x_wconf 86' lang='lat' dir='ltr'>Alias</span> <span class='ocrx_word' id='word_1_714' title='bbox 1715 3310 2005 3361; x_wconf 89' lang='lat' dir='ltr'>improbentur</span> <span class='ocrx_word' id='word_1_715' title='bbox 2035 3311 2192 3361; x_wconf 86' lang='lat' dir='ltr'>religio-</span> 
     </span>
     <span class='ocr_line' id='line_1_109' title="bbox 1157 3369 2197 3423; baseline 0.003 -15"><span class='ocrx_word' id='word_1_716' title='bbox 1157 3380 1234 3408; x_wconf 90' lang='lat' dir='ltr'>nes</span> <span class='ocrx_word' id='word_1_717' title='bbox 1250 3369 1463 3418; x_wconf 88' lang='lat' dir='ltr'>militares‚</span> <span class='ocrx_word' id='word_1_718' title='bbox 1481 3371 1577 3421; x_wconf 90' lang='lat' dir='ltr'>quia</span> <span class='ocrx_word' id='word_1_719' title='bbox 1591 3371 1709 3410; x_wconf 92' lang='lat' dir='ltr'>multi</span> <span class='ocrx_word' id='word_1_720' title='bbox 1731 3375 1829 3411; x_wconf 91' lang='lat' dir='ltr'>sunt</span> <span class='ocrx_word' id='word_1_721' title='bbox 1842 3373 1913 3423; x_wconf 90' lang='lat' dir='ltr'>qui</span> <span class='ocrx_word' id='word_1_722' title='bbox 1927 3385 2010 3411; x_wconf 90' lang='lat' dir='ltr'>non</span> <span class='ocrx_word' id='word_1_723' title='bbox 2028 3375 2197 3422; x_wconf 88' lang='lat' dir='ltr'>propter</span> 
     </span>
     <span class='ocr_line' id='line_1_110' title="bbox 1159 3430 2194 3484; baseline 0.003 -15"><span class='ocrx_word' id='word_1_724' title='bbox 1159 3430 1233 3470; x_wconf 91' lang='lat' dir='ltr'>Dei</span> <span class='ocrx_word' id='word_1_725' title='bbox 1253 3431 1512 3482; x_wconf 88' lang='lat' dir='ltr'>obsequium,</span> <span class='ocrx_word' id='word_1_726' title='bbox 1543 3432 1611 3471; x_wconf 88' lang='lat' dir='ltr'>vel</span> <span class='ocrx_word' id='word_1_727' title='bbox 1639 3433 1854 3484; x_wconf 88' lang='lat' dir='ltr'>propriam</span> <span class='ocrx_word' id='word_1_728' title='bbox 1885 3432 2194 3484; x_wconf 89' lang='lat' dir='ltr'>perfectionem,</span> 
     </span>
     <span class='ocr_line' id='line_1_111' title="bbox 1161 3491 2195 3544; baseline 0.002 -12"><span class='ocrx_word' id='word_1_729' title='bbox 1161 3491 1237 3532; x_wconf 89' lang='lat' dir='ltr'>sed</span> <span class='ocrx_word' id='word_1_730' title='bbox 1263 3497 1434 3544; x_wconf 84' lang='lat' dir='ltr'>propter</span> <span class='ocrx_word' id='word_1_731' title='bbox 1462 3493 1693 3532; x_wconf 88' lang='lat' dir='ltr'>humanum</span> <span class='ocrx_word' id='word_1_732' title='bbox 1726 3494 1927 3533; x_wconf 91' lang='lat' dir='ltr'>honorem</span> <span class='ocrx_word' id='word_1_733' title='bbox 1950 3496 1991 3532; x_wconf 87' lang='lat' dir='ltr'>et</span> <span class='ocrx_word' id='word_1_734' title='bbox 2017 3493 2195 3544; x_wconf 86' lang='lat' dir='ltr'>divitias,</span> 
     </span>
     <span class='ocr_line' id='line_1_112' title="bbox 1162 3552 2196 3606; baseline 0.003 -14"><span class='ocrx_word' id='word_1_735' title='bbox 1162 3566 1233 3594; x_wconf 85' lang='lat' dir='ltr'>eas</span> <span class='ocrx_word' id='word_1_736' title='bbox 1253 3553 1460 3593; x_wconf 85' lang='lat' dir='ltr'>affectant.</span> <span class='ocrx_word' id='word_1_737' title='bbox 1476 3554 1765 3606; x_wconf 89' lang='lat' dir='ltr'>Improbentur</span> <span class='ocrx_word' id='word_1_738' title='bbox 1785 3552 1907 3591; x_wconf 77' lang='lat' dir='ltr'>etiam</span> <span class='ocrx_word' id='word_1_739' title='bbox 1929 3552 2095 3594; x_wconf 88' lang='lat' dir='ltr'>ordi-nes</span> <span class='ocrx_word' id='word_1_740' title='bbox 2110 3567 2196 3594; x_wconf 89' lang='lat' dir='ltr'>mo-</span> 
     </span>
     <span class='ocr_line' id='line_1_113' title="bbox 1161 3612 2193 3668; baseline 0.002 -14"><span class='ocrx_word' id='word_1_741' title='bbox 1161 3615 1374 3666; x_wconf 83' lang='lat' dir='ltr'>nachales,</span> <span class='ocrx_word' id='word_1_742' title='bbox 1397 3616 1493 3668; x_wconf 87' lang='lat' dir='ltr'>quia</span> <span class='ocrx_word' id='word_1_743' title='bbox 1519 3616 1638 3655; x_wconf 88' lang='lat' dir='ltr'>multi</span> <span class='ocrx_word' id='word_1_744' title='bbox 1656 3626 1742 3653; x_wconf 90' lang='lat' dir='ltr'>non</span> <span class='ocrx_word' id='word_1_745' title='bbox 1762 3612 1898 3653; x_wconf 89' lang='lat' dir='ltr'>studio</span> <span class='ocrx_word' id='word_1_746' title='bbox 1912 3615 2193 3667; x_wconf 73' lang='lat' dir='ltr'>perfectionis,</span> 
     </span>
    </p>
   </div>
   <div class='ocr_carea' id='block_1_8' title="bbox 1928 3686 1984 3724">
    <p class='ocr_par' dir='ltr' id='par_1_11' title="bbox 1928 3686 1984 3724">
     <span class='ocr_line' id='line_1_114' title="bbox 1928 3686 1984 3724; baseline 0 0"><span class='ocrx_word' id='word_1_747' title='bbox 1928 3686 1984 3724; x_wconf 72' lang='lat'>42</span> 
     </span>
    </p>
   </div>
  </div>
 </body>
</html>
