2352 3880
142 203 244 242 1ί3Ξ4

140 271 280 320 fuisse,
303 274 344 309 Εἴ
373 280 444 318 illo
464 283 647 329 tempore
667 275 844 316 Abbates
865 274 1071 315 ordinarie
1090 287 1175 316 non

139 331 264 374 fuisse
283 340 560 392 prosbyteros,
574 336 896 387 facileintelliget
911 336 1177 376 Benedictum

138 416 220 443 non
255 402 436 441 'imitare
455 399 558 438 illud
578 398 792 438 consilium
825 397 876 437 ad
908 401 1178 437 sacramenta-

145 466 226 508 lem
246 463 557 503 consessionem.
579 461 630 499 Et
651 472 738 512 cap.
761 459 1073 511 quadragesimo
1092 470 1179 498 sex-

147 531 212 574 to,
246 525 423 564 defectus
453 522 636 575 publicos
666 521 711 560 in
748 521 1063 571 congregatione
1098 520 1179 559 fra-

140 581 258 627 trum
271 587 329 625 ait
342 598 426 625 esse
442 583 753 635 proponendos:
773 582 824 624 St
842 586 971 623 autem
993 582 1175 633 (inquit)

146 649 302 701 peccati
339 659 462 687 causa
491 646 621 695 suerit
649 645 792 691 latens,
830 646 984 684 titutum
1011 643 1175 691 Abbati,

148 712 221 749 aut
255 707 533 758 spiritualibus
574 705 790 746 senioribus
834 705 1084 755 patefaciat,
1112 703 1179 755 qut

148 772 275 810 soient
296 781 437 810 curare
455 769 621 808 vulnera
640 797 650 815 ‚
681 779 758 806 non
779 767 964 816 detegere.
985 765 1034 803 Et
1054 776 1089 802 c.
1109 766 1177 812 49,

149 830 288 870 omnia
317 830 405 869 vult
434 829 605 882 proponi
637 827 799 872 Abbati,
821 829 868 863 ut
887 837 938 864 ex
970 824 1180 864 voluntate

148 892 237 944 ejus
259 891 377 930 fiant.

202 954 241 992 5.
276 954 473 991 Praeterea
492 949 720 994 Cassianus,
740 948 768 986 1.
787 949 814 987 4
833 947 882 986 de
905 946 1100 986 [nstitutis
1118 959 1182 987 re-

149 1013 452 1059 nunciantium,
474 1022 507 1048 c.
526 1011 550 1048 9
572 1009 670 1049 :Ad
687 1009 791 1060 quod
808 1007 977 1060 (inquit,
993 1008 1032 1046 id
1048 1013 1107 1046 est
1129 1007 1181 1047 ad

148 1087 289 1114 veram
322 1070 830 1120 l1mnil1tatem)ntfaeile
858 1070 1020 1109 valeant
1046 1082 1181 1122 perve-

148 1137 251 1181 nire,
275 1135 551 1183 consequenter
569 1132 845 1171 instituuntur
866 1131 1003 1170 nullas
1020 1131 1180 1181 penitus

149 1195 406 1246 coqitationes
436 1193 662 1245 prurientes
683 1194 726 1231 in
750 1193 863 1232 corde
879 1191 1098 1242 perniciose
1126 1203 1182 1232 ce-

146 1255 247 1302 lare,
273 1257 342 1295 sed
361 1255 568 1304 confestim
595 1257 642 1294 ut
663 1257 808 1294 exortae
835 1254 1004 1302 fuerint,
1027 1264 1092 1292 eas
1111 1263 1181 1292 suo

146 1319 373 1371 patefacere
392 1316 555 1355 seniori.
583 1315 633 1353 Et
651 1314 759 1352 infra
774 1345 783 1360 ‚
804 1318 953 1365 praeter
971 1313 1181 1352 bumilita-

146 1382 229 1417 tem
252 1379 474 1417 maximam
496 1378 620 1428 hujus
641 1376 839 1424 exercitii,
859 1376 1079 1414 utilitatem
1098 1387 1182 1415 esse

146 1439 259 1487 dicit,
278 1441 372 1490 quia
393 1439 467 1477 hoc
489 1439 608 1476 modo
629 1438 893 1476 instruuntur
914 1436 1091 1487 religiosi
1110 1466 1119 1484 ,
1141 1440 1181 1475 et

146 1505 361 1540 armantur
389 1504 531 1538 contra
561 1499 729 1538 insidias
754 1498 929 1546 diaboli3
949 1499 1057 1536 unde
1087 1509 1181 1536 con-

145 1561 271 1602 cludit
289 1577 298 1600 :
323 1563 511 1604 Generale
529 1573 695 1613 namque
729 1565 766 1602 et
798 1562 954 1601 evidens
987 1560 1182 1599 indicium

145 1623 344 1663 diaboliere
363 1624 617 1675 eoyitationis
636 1635 717 1663 esse
732 1623 1017 1673 pronunciant,
1039 1622 1077 1660 si
1095 1633 1181 1660 eam

143 1686 295 1726 seniori
316 1686 594 1733 confundimur
614 1685 782 1734 aperire.
807 1684 856 1722 Et
874 1695 906 1721 c.
930 1685 1004 1731 39,
1026 1694 1183 1733 ponens

145 1743 285 1784 decem
302 1746 417 1783 sinna
438 1758 543 1784 verae
566 1745 836 1783 humilitatis:
861 1743 1088 1785 Secundum
1106 1747 1177 1791 est,

144 1807 183 1846 si
203 1818 281 1846 non
301 1807 426 1845 solum
446 1811 606 1847 actuum
629 1819 807 1855 suorum,
826 1818 961 1846 verum
981 1806 1101 1845 etiam
1122 1817 1181 1844 eo-

145 1866 386 1917 9itationum
407 1867 510 1906 nihil
540 1879 656 1907 suum
686 1867 875 1907 celaverit
900 1865 1104 1906 seniorem.
1128 1864 1181 1903 At

144 1935 246 1965 Vero
264 1927 422 1977 Moyses
434 1927 568 1965 Abbas
588 1928 696 1978 apud
717 1928 906 1966 eumdem
924 1927 1177 1973 Cassianum,

144 1985 282 2025 collat.
303 1989 342 2034 2,
362 1999 450 2038 cap,
473 1989 537 2033 40,
550 1988 682 2038 primo
698 1988 786 2026 loco
805 1988 881 2026 hoc
900 1987 1094 2025 indicium
1108 1998 1180 2037 po-

145 2048 249 2095 suit,
273 2047 411 2086 dicens
428 2061 437 2086 :
469 2048 568 2090 Vera
595 2049 776 2089 discretio
796 2060 873 2087 non
892 2049 976 2087 nisi
996 2059 1090 2087 vera
1110 2048 1181 2086 liu-

139 2103 318 2148 'milstate
347 2110 594 2160 conquiritur
613 2138 623 2157 ‚
658 2109 773 2160 eujus
809 2108 1054 2149 humilitatis
1099 2109 1180 2149 lzoec

142 2170 221 2211 erit
250 2171 385 2222 prima
416 2171 623 2222 probatio,
654 2171 690 2210 si
717 2170 906 2210 universa
932 2171 1016 2219 {non
1047 2169 1178 2208 solum

141 2242 228 2283 quse
259 2232 411 2282 aqenda
445 2235 553 2278 sunt,
582 2231 651 2270 sed
672 2231 790 2271 etiam
813 2243 900 2281 quoe
930 2231 1175 2283 cogitantur,

141 2292 339 2332 seniorum
359 2296 610 2331 reserventur
629 2293 817 2332 examini.
843 2293 891 2330 Et
916 2292 960 2329 in
990 2291 1177 2329 discursu

141 2352 252 2392 illius
282 2353 422 2404 capitis
451 2354 614 2404 egregie
635 2353 825 2399 declarat,
851 2357 1051 2402 quantum
1083 2363 1175 2390 mo-

141 2414 272 2453 menti
302 2415 345 2452 in
373 2414 450 2452 hoc
469 2415 634 2464 negotio
663 2415 712 2452 sit
741 2413 792 2452 ad
819 2414 1007 2453 vitandas
1027 2413 1177 2451 daemo-

141 2488 242 2515 num
273 2475 451 2522 fraudes,
474 2479 513 2514 et
539 2475 793 2525 spiritualem
817 2475 944 2513 vitam
976 2479 1082 2513 recte
1114 2474 1176 2512 in-

140 2537 406 2576 stituendam.
426 2537 475 2575 Et
496 2549 583 2587 cap.
606 2538 670 2584 11,
693 2535 878 2587 exemplo
898 2540 938 2574 et
962 2535 1175 2574 sententiis

140 2599 403 2649 antiquorum
421 2599 459 2636 id
478 2597 741 2646 confirmans,
761 2597 992 2636 concludit:
1013 2598 1073 2637 Εἰ
1091 2598 1175 2637 adeo

140 2673 291 2711 semper
308 2664 505 2700 seniorum
526 2672 681 2700 summa
699 2662 879 2700 cautione
897 2663 993 2700 sunt
1021 2663 1177 2701 sectan-

142 2722 194 2762 da
213 2724 384 2773 ‘oestiyia
397 2738 412 2768 ,·
431 2726 546 2773 atque
567 2722 619 2760 ad
637 2732 698 2760 eos
717 2726 872 2768 cuncta,
905 2733 991 2773 quoe
1022 2724 1066 2760 in
1085 2732 1177 2761 nos-

141 2784 221 2824 tris
241 2786 421 2824 eordibus
441 2785 641 2831 oriuntur,
659 2783 814 2824 sublato
840 2783 1095 2833 confessionis
1114 2794 1177 2824 ve—

141 2842 303 2890 lamine,
327 2846 553 2891 deserenda.

196 2905 234 2943 6.
270 2904 484 2954 Objeetioni
512 2918 598 2957 quoe
619 2906 691 2954 fiet
714 2902 954 2952 occurritur,
972 2909 1010 2945 et
1033 2906 1178 2954 confir·

142 2968 279 3006 matur
298 2968 425 3006 aa'lzue
444 2979 490 3006 em
510 2968 706 3008 Patribus
723 2968 968 3006 institutum.
985 2967 1096 3005 —In
1112 2967 1177 3006 his

147 3031 284 3067 autem
307 3028 485 3065 Cassiani
506 3033 546 3066 et
563 3028 738 3066 aliorum
768 3028 933 3066 Patrum
964 3030 1176 3067 sententiis

145 3087 359 3128 observare
377 3087 488 3133 licet,
508 3087 620 3138 loqui
649 3088 733 3127 fere
756 3100 916 3139 semper
935 3089 983 3127 de
1001 3090 1177 3140 J‘uniori-

145 3147 224 3189 bus
237 3149 452 3199 religiosis.
471 3149 585 3187 Unde
599 3150 846 3200 respondere
862 3154 991 3200 potest
1008 3150 1171 3202 aliquis,

148 3208 235 3250 haec
255 3210 521 3261 intelligenda
537 3222 622 3248 esse
641 3210 691 3249 de
710 3212 890 3260 novitiis,
911 3211 974 3250 vel
995 3212 1046 3250 ad
1065 3223 1175 3250 sum-

147 3282 263 3311 mum
283 3271 332 3309 de
360 3270 621 3318 noviombus,
638 3269 710 3322 qui
729 3283 802 3322 per
827 3283 868 3310 se
893 3284 976 3311 non
1008 3278 1176 3323 possunt

145 3342 223 3372 nec
241 3333 376 3371 sciunt
395 3332 661 3383 cogitationes
677 3336 717 3371 et
732 3332 912 3372 actiones
928 3344 1021 3371 suas
1037 3334 1175 3373 mode-

144 3394 252 3441 rari;
276 3394 459 3445 regulam
479 3398 614 3433 autem
626 3395 670 3434 B.
690 3395 835 3444 Ignatii
849 3395 1054 3434 duriorem
1071 3407 1172 3445 esse,

146 3465 238 3506 quae
258 3455 336 3495 hoc
355 3467 458 3495 onus
477 3456 599 3495 etiam
619 3455 828 3508 professis,
851 3459 892 3495 et
911 3457 1176 3507 quantumvis

147 3518 347 3567 provectis
372 3521 456 3556 toto
481 3517 576 3556 vitae
594 3522 776 3569 tempore
795 3517 983 3568 imponit.
1003 3518 1177 3557 Verum-

148 3581 287 3617 tamen
298 3607 312 3627 ,
331 3578 427 3618 licet
447 3578 535 3619 haec
552 3578 825 3620 manifestatio
841 3579 978 3633 quoad
995 3580 1178 3634 singulos

431 215 508 248 [AB.
530 213 570 247 Χ.
593 213 647 246 ΒΕ
666 209 864 245 anamim-3
884 209 1132 249 socmrflis,
1155 207 1210 243 m·
1229 205 1548 249 CONSEQUENTER
1569 193 1623 240 DE
1642 199 1853 242 etiams
1871 208 1979 244 EIUS.

1230 278 1366 315 motus
1394 278 1436 312 et
1458 272 1706 311 tentationes
1729 271 1860 323 magis
1876 274 2098 316 necessaria
2117 275 2170 315 sit
2182 275 2276 331 jin-s..
2308 272 2313 292 ί

1230 335 1426 382 nioribus,
1449 337 1587 372 tamen
1604 332 1734 372 fidelis
1749 333 2000 376 conscientiae
2014 332 2257 379 manif-sia:

1230 397 1310 436 tior
1325 395 1626 446 proportionata
1647 405 1830 445 personae
1850 393 2013 443 subditi,
2039 401 2079 437 et
2102 399 2273 439 volun-⁷
2292 406 2302 412 ”
2340 415 2352 431 .-

1231 458 1305 497 tati
1328 455 1499 502 praelati,
1516 455 1720 503 omnibus,
1741 455 1900 494 ratione
1919 459 2045 496 status
2057 459 2133 506 sui,
2151 471 2254 500 sem-

1232 531 1304 570 per
1321 530 1344 556 a
1365 517 1551 556 Patribus
1581 516 1808 556 necessaria
1838 517 2022 567 judicata
2053 525 2127 567 est,
2155 512 2253 573 quia

1232 580 1321 619 haeo
1346 591 1429 618 non
1457 577 1587 617 solum
1622 578 1834 617 ordinatur
1868 578 1918 617 ad
1947 578 2254 623 instructionem
2296 596 2311 609 ›
2337 565 2352 645 Ξ

1232 644 1397 693 propter
1427 640 1646 679 vincendas
1673 639 1920 678 tentationes
1935 669 1946 687 ,
1967 640 2037 678 sed
2055 641 2104 678 ad
2127 646 2256 683 totum
2294 632 2300 638 ⁴

1232 700 1442 753 spirituale
1469 702 1652 752 regimen
1675 701 1836 747 animae,
1857 713 1949 740 cum
1970 701 2148 752 perfecta
2165 701 2258 742 obe-

1233 763 1386 802 dientia
1406 766 1446 802 et
1466 762 1713 808 humilitate,
1732 768 1772 801 et
1786 763 1836 801 ad
1855 762 2118 801 obtinendam
2137 775 2159 800 a
2178 763 2257 803 Deo

1234 826 1430 875 majorem
1452 824 1640 870 gratiam,
1668 824 1872 862 mediante
1893 824 2122 874 Superiore.
2146 825 2258 865 Unde

1233 886 1371 924 Esaias
1386 885 1532 933 Abbas,
1549 891 1648 924 tom.
1667 887 1689 923 9
1703 884 1914 932 Biblioth„
1930 885 2112 923 oratione
2129 885 2154 923 8
2171 885 2258 936 (qui

1235 947 1356 985 etiam
1378 947 1565 985 videatur
1583 946 1627 984 in
1647 949 1746 984 orat.
1763 947 1802 992 6)
1821 946 1865 983 in
1885 945 2093 996 praeceptis
2105 946 2152 983 ad
2178 945 2259 984 fra-

1234 1011 1317 1045 tres
1346 1007 1415 1058 qui
1448 1019 1541 1046 cum
1574 1007 1660 1058 ipso
1689 1007 1905 1045 vivebant:
1927 1006 2053 1056 Aperi
2074 1007 2259 1059 (inquit)

1237 1067 1493 1120 coyitationes
1523 1072 1615 1108 tuas
1647 1068 1944 1120 patribustuis‚
1965 1071 2002 1107 et
2021 1069 2156 1118 qratia
2185 1067 2262 1109 Dei
2291 1083 2305 1107 τ

1228 1135 1409 1184 proteget
1447 1135 1496 1171 te.
1529 1131 1578 1168 Et
1611 1131 1651 1169 S.
1692 1130 1940 1178 Dorotheus,
1979 1130 2162 1168 doctrina
2209 1131 2260 1180 5,

1235 1204 1260 1232 a
1283 1192 1497 1244 principiO,
1518 1195 1738 1242 exaggerat
1759 1203 1881 1242 quam
1915 1191 2185 1230 necessarium
2210 1191 2262 1232 sit

1235 1253 1393 1292 homini
1418 1253 1567 1292 habere
1587 1266 1611 1292 a
1633 1266 1713 1304 quo
1732 1258 1924 1303 regatur,
1957 1264 2031 1291 nec
2062 1252 2260 1292 sufficien-

1236 1319 1318 1354 tem
1337 1315 1412 1353 sibi
1428 1315 1667 1354 existimari.
1692 1316 1740 1353 Et
1761 1315 1855 1354 inde
1875 1318 2013 1366 postea
2040 1314 2261 1363 concludit,

1236 1377 1510 1416 necessarium
1531 1389 1616 1416 esse
1638 1377 1827 1426 religioso
1853 1377 1992 1415 omnia
2013 1375 2167 1414 occulta
2189 1387 2263 1416 sua

1236 1439 1511 1486 manifestare,
1539 1442 1586 1477 ut
1613 1450 1637 1477 a
1669 1437 1903 1488 sapientiori
1930 1438 2077 1475 instrui
2108 1441 2147 1475 et
2175 1435 2263 1488 regi

1235 1500 1373 1551 possit.
1401 1500 1451 1538 Et
1478 1499 1648 1537 inferius
1677 1499 1800 1537 refert
1831 1499 2063 1549 exemplum
2093 1498 2264 1548 vulgare

1237 1559 1287 1598 de
1305 1560 1481 1610 quodam
1502 1559 1656 1598 Abbate
1670 1589 1679 1606 ‚
1707 1561 1777 1611 qui
1801 1559 2026 1599 daemonem
2044 1559 2145 1598 vidit
2164 1559 2262 1598 offe-

1235 1624 1392 1659 rentem
1413 1621 1605 1660 iratribus
1623 1621 1756 1660 varias
1776 1621 2052 1672 potiunculas,
2070 1625 2110 1659 et
2129 1621 2261 1661 solum

1236 1692 1365 1720 unum
1385 1683 1543 1721 invenit
1562 1682 1631 1733 qui
1654 1694 1767 1721 suam
1786 1682 1959 1732 biberit3
1979 1685 2020 1720 et
2042 1685 2179 1733 postea
2197 1682 2262 1721 in·-

1233 1743 1390 1782 tellexit
1411 1756 1571 1783 causam
1594 1756 1692 1790 esse,
1714 1744 1810 1795 quia
1831 1744 1938 1783 solus
1958 1743 2028 1781 ille
2057 1744 2262 1782 conscien-

1233 1804 1334 1843 tiam
1368 1817 1484 1844 suam
1512 1805 1714 1856 spirituali
1743 1806 1847 1857 patri
1874 1804 2129 1843 occultabat:
2151 1803 2263 1846 Nam

1232 1866 1413 1918 quisquis
1438 1867 1602 1917 (inquit)
1622 1866 1738 1905 illius
1755 1867 1968 1917 pra2sentit
1986 1865 2172 1910 insidias,
2196 1874 2263 1904 ac-

1234 1930 1364 1967 currit
1398 1928 1509 1967 illieo
1530 1932 1564 1966 et
1581 1927 1839 1978 coyitationes
1871 1937 1968 1967 suas
2001 1936 2263 1977 cicascumqua

1232 1987 1401 2028 latentes
1426 1989 1584 2038 aperuit
1613 1991 1741 2037 patri,
1765 1991 1801 2028 et
1818 1987 1877 2026 sic
1895 1983 2094 2027 auxilium
2111 1985 2263 2026 invenit

1233 2050 1467 2099 intempore
1494 2050 1745 2090 tentationis.
1768 2051 1804 2089 et
1825 2047 1897 2089 hac
1935 2049 1979 2088 de
2019 2059 2142 2088 causa
2183 2059 2262 2089 non

1231 2110 1365 2163 potuit
1382 2112 1573 2151 adversus
1590 2123 1654 2152 eos
1675 2110 1838 2163 iniquus
1856 2109 2089 2150 insidiator.
2113 2108 2262 2157 Infeli-

1232 2184 1309 2213 cem
1325 2173 1444 2212 illum
1465 2184 1591 2212 unum
1625 2174 1792 2216 invenit.
1814 2172 1883 2223 qui
1902 2172 2076 2222 seipsum
2110 2173 2262 2223 reqeret

1232 2237 1268 2273 et
1287 2235 1519 2276 instrueret.
1547 2233 1665 2274 Unde
1683 2234 1726 2272 in
1743 2233 1902 2272 ‚Ioanne
1923 2232 2114 2278 Climaco‚
2132 2230 2262 2282 gradu

1231 2295 1272 2343 4,
1302 2295 1351 2335 de
1386 2295 1625 2335 obedientia
1643 2322 1654 2340 ,
1697 2294 1965 2343 intelligimus
1998 2292 2110 2332 hunc
2140 2292 2261 2334 fuisse

1231 2367 1389 2395 morem
1418 2357 1681 2407 antiquorum
1702 2355 1897 2402 Patrum.;
1923 2354 2048 2394 refert
2077 2354 2187 2392 enim
2218 2364 2261 2395 se

1229 2418 1378 2456 vidisse
1409 2429 1454 2456 111
1488 2421 1737 2456 monasterlo
1763 2414 1982 2468 quemdam
2015 2415 2262 2455 monachum

1230 2478 1449 2519 habentem
1477 2477 1681 2522 libellum,
1701 2479 1745 2517 in
1766 2490 1847 2533 quo
1866 2482 1995 2516 totam
2014 2488 2130 2515 suam
2161 2487 2262 2515 con-

1230 2541 1441 2580 scientiam
1468 2538 1686 2587 scribebat,
1720 2543 1767 2579 ut
1800 2551 1887 2578 eam
1917 2542 2056 2590 postea
2091 2537 2261 2578 Praelato

1229 2602 1526 2650 manifestaret,
1546 2602 1684 2653 aitque
1711 2600 1828 2639 illum
1854 2600 1979 2639 fuisse
2000 2611 2153 2637 morem
2169 2596 2259 2637 reli-

1230 2675 1404 2715 quorum
1431 2662 1752 2713 monachorum;
1780 2673 1901 2713 quem
1938 2670 2094 2699 morem
2134 2658 2258 2698 etiam

1230 2724 1469 2777 posteriores
1483 2723 1693 2770 religiosos
1710 2723 1891 2761 imitatos
1917 2731 2001 2759 esse
2032 2723 2072 2758 et
2103 2717 2257 2758 imitari

1230 2784 1392 2833 debere,
1408 2785 1607 2823 sumimus
1631 2796 1680 2823 ez.
1714 2783 1756 2824 S.
1788 2783 2090 2829 Bonaventura,
2111 2779 2182 2818 lib.
2203 2779 2257 2820 de

1231 2845 1309 2885 Sex
1334 2845 1408 2884 alis
1438 2844 1622 2895 Seraph„
1655 2855 1691 2882 c.
1726 2845 1764 2891 7,
1803 2843 1899 2882 satis
1928 2845 2020 2894 post
2059 2841 2256 2890 medium,

1230 2910 1331 2946 tom.
1359 2907 1399 2952 2,
1420 2906 1491 2944 ubi
1521 2906 1630 2944 inter
1656 2903 1736 2944 alia
1754 2905 1890 2956 inquit
1911 2916 1921 2944 t
1943 2902 2011 2943 Ad
2035 2902 2260 2943 Proezatam

1223 2966 1402 3020 pertinet
1421 2968 1682 3007 conscientias
1703 2966 1957 3017 sinyulorum
1974 2974 2192 3016 aquescere.
2210 2962 2266 3014 Etv
2317 2976 2329 3017 j

1229 3030 1406 3067 rationes
1433 3029 1618 3067 indicans
1656 3027 1824 3067 subdit:
1847 3027 1910 3067 Et
1943 3026 1989 3067 de
2024 3024 2259 3077 quibuslibet

1226 3090 1557 3143 perplexitatibus
1588 3091 1780 3141 expedire,
1800 3087 1981 3139 pericula
2011 3089 2258 3137 peccatorum
2308 3090 2321 3093 '⁷

1226 3153 1444 3204 praecidere
1465 3154 1502 3192 et
1516 3163 1756 3204 proeeavere,
1768 3161 1923 3190 monere
1938 3150 2092 3198 fratres
2106 3151 2153 3187 ut
2166 3155 2259 3197 pro-

1228 3213 1387 3262 ficiant,
1402 3214 1596 3266 eorriyere
1609 3212 1901 3264 corrigendum,
1917 3209 2114 3249 elucidare
2123 3205 2260 3255 dubim·

1228 3274 1446 3323 informare
1466 3272 1658 3325 stawles,
1679 3272 1852 3326 qualiter
1889 3269 2020 3322 officia
2054 3268 2131 3309 sibi
2154 3276 2256 3308 com-

1230 3336 1357 3376 missa
1379 3346 1550 3387 congrue
1569 3334 1865 3380 administrent,
1888 3342 1961 3384 quo
1979 3333 2015 3371 et
2039 3327 2255 3379 fratribus,

1226 3400 1349 3448 prout
1373 3395 1567 3444 convenit,
1582 3395 1807 3445 sufficiant,
1828 3397 1866 3434 et
1885 3390 2162 3433 conscientiam
2177 3393 2256 3427 m

1229 3458 1441 3509 offendant.
1476 3457 1527 3496 Et
1560 3456 1683 3508 paulo
1714 3459 1834 3496 antea
1862 3453 2019 3493 dixerat
2047 3450 2135 3491 haee
2166 3454 2254 3487 esse

1228 3519 1277 3558 de
1298 3519 1524 3559 substantia
1548 3517 1671 3557 officii
1698 3515 1926 3570 pastoralis.
1963 3513 2024 3552 Ex
2047 3519 2126 3562 quo
2145 3506 2253 3546 dicto

1231 3581 1474 3623 confirmare
1497 3591 1714 3633 possumus
1729 3577 1840 3632 quod
1861 3577 1908 3618 in
1939 3573 2023 3615 fine
2045 3567 2209 3612 numeri
2225 3565 2261 3619 3

2199 3809 2271 3880 ,Ξ-
2298 3804 2316 3880 i
