2352 3880
0 0 138 124 f-

156 318 272 367 Quod
314 316 351 357 si
387 314 554 355 fortasse
587 308 768 349 novitius
797 307 1007 359 privatum
1040 309 1183 346 votum

155 380 369 426 emisisset,
392 376 514 427 juxta
537 371 649 412 illius
670 369 945 410 intentionem
961 367 1184 420 judicanda

153 442 233 483 erit
264 438 488 486 obligati03
521 432 766 485 regulariter
791 434 934 470 tamen
963 429 1054 469 fieri
1081 428 1185 469 solet

150 502 232 543 tale
250 504 393 539 votum
409 498 461 537 ad
478 495 754 536 imitationem
771 491 880 532 iulus
894 522 908 541 ,
940 490 1052 543 quod
1072 501 1181 530 com-

150 563 260 614 pleto
276 560 445 600 biennio
468 559 514 598 in
532 557 729 597 Societate
752 553 955 595 emittitur
975 565 1022 592 ac
1037 552 1182 603 recipi-

148 628 232 667 tur,
265 628 307 661 et
338 621 431 660 ideo
462 617 596 671 quoad
634 616 847 657 materiam
881 615 992 654 idem
1024 613 1102 653 erit
1131 613 1183 652 de

148 688 324 734 utroque
339 680 554 732 judicium.
576 679 694 718 Ratio
710 689 806 729 ergo
826 674 1042 715 dubitandi
1058 674 1104 714 in
1117 673 1183 713 his

148 746 220 796 qui
240 744 320 783 hoe
337 746 480 780 votum
499 740 668 790 habent,
699 750 785 779 esse
804 741 953 790 potest,
985 736 1083 788 quia
1107 747 1182 774 vo-

146 810 246 846 vent
272 805 515 856 simpliciter
542 806 826 854 paupertatem
846 801 964 851 juxta
983 798 1183 838 Constitu·

145 868 304 915 tiones;
328 866 396 905 sed
418 866 463 905 in
486 865 584 917 ipsis
609 860 975 903 Constitutionibus
994 859 1183 910 designa-

146 933 215 967 tur
240 928 318 967 hoc
348 939 478 978 genus
504 925 754 978 paupertatis
776 922 910 975 quoad
930 920 1183 960 distributio·

145 1000 242 1029 nem
262 990 493 1037 bonorum3
515 999 614 1037 ergo
643 998 690 1026 eo
716 986 804 1037 ipso
831 983 1008 1034 insurgit
1027 982 1182 1033 obliga-

145 1050 203 1090 tio
217 1050 301 1089 voti
315 1079 330 1098 ,
350 1050 407 1088 ita
424 1053 485 1096 ut,
503 1048 600 1087 licet
617 1046 934 1087 Constitutiones
948 1056 1021 1096 per
1037 1055 1080 1083 se
1098 1055 1183 1082 non

146 1110 329 1160 obligent
346 1110 398 1148 ad
417 1109 581 1160 culpam
597 1139 610 1156 ,
639 1108 799 1147 ratione
815 1111 955 1146 tamen
974 1106 1156 1144 materiae
1165 1134 1180 1153 ,

145 1183 268 1224 quam
287 1172 519 1221 designant,
541 1170 698 1209 oriatur
713 1168 907 1220 obligatio
927 1179 977 1207 ex
995 1171 1103 1206 voto.
1133 1166 1184 1205 Et

146 1233 388 1272 declaratur.
427 1233 530 1272 Nam
554 1232 631 1271 hoc
659 1235 802 1270 votum
834 1229 990 1280 obligat
1019 1228 1070 1267 ad
1098 1239 1184 1266 non

144 1294 345 1333 utendum
365 1294 503 1344 aliqua
522 1305 569 1332 re
585 1297 630 1332 ut
648 1293 839 1344 propria;
859 1291 928 1330 sed
950 1289 1183 1328 distributio

142 1355 289 1395 talium
306 1355 510 1394 bonorum
533 1359 593 1393 est
611 1354 779 1405 quidam
798 1357 840 1392 et
862 1352 1066 1391 maximus
1086 1361 1183 1389 usus

142 1427 315 1463 eorum;
344 1428 441 1467 ergo
468 1416 590 1455 debet
614 1427 664 1455 ex
686 1415 726 1453 vi
747 1415 830 1453 voti
850 1414 960 1453 solus
977 1412 1045 1451 ille
1066 1423 1181 1450 usur-

142 1478 261 1528 pari,
281 1478 353 1529 qui
375 1490 448 1528 per
465 1478 592 1516 dictas
612 1477 931 1516 Constitutiones
944 1505 954 1519 ‚
981 1473 1048 1513 vel
1064 1474 1183 1523 juxta

143 1539 318 1578 formam
342 1551 482 1578 earum
516 1539 751 1577 conceditur
765 1567 778 1586 ,
805 1538 903 1588 quia
923 1535 1056 1574 omnis
1075 1533 1181 1571 alius

144 1600 222 1639 erit
243 1601 412 1639 omnino
431 1600 645 1651 proprius,
672 1599 756 1638 sive
775 1598 835 1638 rei
853 1602 900 1636 ut
915 1596 1105 1648 propriae.
1135 1595 1182 1633 In

143 1661 394 1700 contrarium
415 1666 553 1700 autem
570 1665 645 1708 est,
675 1660 775 1711 quia
794 1660 835 1698 in
858 1657 1062 1709 praedictis
1080 1656 1182 1695 Con-

141 1722 421 1760 stitutionibus
450 1734 535 1760 non
563 1726 776 1772 ponuntur
806 1720 932 1759 verba
960 1731 1050 1770 quae
1068 1717 1182 1757 indi-

141 1787 235 1822 cent
252 1782 562 1832 obligationem,
584 1795 655 1822 seu
674 1783 973 1821 necessitatem.
992 1782 1112 1825 Nam,
1133 1779 1182 1818 li-

141 1848 204 1882 cet
227 1843 274 1883 in
306 1844 428 1882 tertio
459 1845 590 1894 capite
619 1844 842 1890 Examinis‚
866 1842 889 1894 ξ
912 1844 953 1889 2,
982 1841 1144 1880 dicatur
1166 1854 1177 1880 z

141 1905 397 1957 Pauperibus
416 1906 644 1956 dispensare
661 1906 809 1951 debent,
831 1905 968 1942 statim
986 1903 1149 1942 additur
1166 1916 1178 1941 :

150 1965 205 2007 Ut
233 1965 438 2006 consilium
474 1966 765 2016 Evanqeticum
788 1968 1020 2016 sequautur.
1056 1964 1106 2001 Et
1124 1964 1183 2001 ita

141 2027 314 2066 verbum
334 2028 469 2067 debeat
483 2057 495 2075 ,
519 2039 602 2065 nou
624 2026 829 2077 praecepti,
851 2026 920 2064 sed
939 2024 1096 2063 consilii
1116 2024 1184 2064 de-

140 2085 297 2134 bitum,
326 2099 396 2126 seu
427 2089 708 2127 necessitatem
735 2087 788 2126 ad
818 2086 966 2126 melius
998 2097 1104 2133 esse,
1135 2090 1184 2125 ut

140 2148 294 2188 ibidem
310 2149 530 2197 indicatur,
547 2148 763 2200 significat.
781 2149 830 2187 Et
844 2149 886 2187 in
903 2147 1045 2187 eodem
1062 2159 1182 2187 sensu

142 2210 291 2250 dicitur
309 2211 353 2249 in
370 2210 394 2261 ἓ
411 2211 458 2249 3:
481 2210 666 2251 Contenti
683 2222 763 2251 esse
778 2210 926 2258 debent,
947 2213 1025 2248 etc.
1039 2210 1087 2248 Et
1101 2208 1125 2260 ξ,
1139 2211 1179 2259 5,

141 2272 186 2312 in
202 2271 327 2310 simili
344 2301 355 2317 ‚
376 2271 484 2309 ratio
503 2271 691 2310 redditur
706 2302 716 2318 ,
739 2270 900 2323 quodid
915 2270 1050 2319 maffia·
1070 2281 1180 2319 eape-

143 2333 255 2379 diat,
273 2336 316 2371 et
335 2333 387 2371 ad
405 2331 541 2383 majus
566 2331 643 2372 Dei
665 2332 890 2383 obsequium
910 2331 965 2370 sit
978 2332 1176 2378 futurum.

140 2392 191 2431 Et
206 2392 328 2432 tertia
347 2396 478 2444 parte,
499 2405 586 2444 cap.
610 2392 744 2444 primo
759 2421 768 2438 ‚
792 2391 816 2442 ἓ
836 2391 1025 2442 septimo,
1044 2390 1180 2429 solum

142 2454 293 2493 dicitur
323 2468 333 2492 ε
366 2453 445 2501 Qui
479 2467 518 2494 se
547 2454 654 2494 eoeuz't
689 2454 800 2493 bonis
835 2454 923 2492 suis
941 2482 955 2501 ,
991 2456 1180 2504 sequatur

141 2513 292 2556 Oto-isti
319 2515 504 2564 consilia,
532 2526 607 2566 pro
634 2526 709 2555 sua
732 2518 863 2554 tamen
888 2513 1100 2560 devotione,
1128 2514 1183 2554 ad

140 2575 209 2616 7100
223 2576 480 2628 potiusquam
503 2577 557 2615 ad
583 2576 689 2616 illud
707 2587 804 2629 opus
831 2575 1062 2626 dispensare
1081 2574 1181 2614 boua

139 2647 230 2684 swa,
250 2637 311 2677 vel
330 2640 485 2687 partem
504 2636 666 2676 illorum
683 2636 849 2687 poterit.
880 2635 930 2673 Et
948 2635 1179 2686 expressius

139 2696 164 2748 ξ
183 2698 209 2737 9
233 2698 384 2737 dicitur
414 2710 425 2737 t
456 2699 586 2738 Haud
605 2699 716 2739 dubie
745 2710 842 2749 opus
863 2698 989 2748 faciet
1013 2696 1182 2749 majoris

139 2760 408 2811 perfectiouis,
430 2763 529 2805 etc„
554 2763 593 2797 et
612 2759 669 2797 sic
688 2760 733 2797 in
753 2759 858 2797 aliis.

194 2820 236 2858 2.
264 2818 414 2859 Prima
431 2819 603 2858 assertio
621 2819 820 2869 probatur
850 2820 1108 2860 auctoritate.
1126 2839 1181 2850 -

140 2877 246 2919 Item
265 2880 437 2919 ratione.
452 2879 748 2918 —Dicendum
768 2891 865 2929 ergo
885 2891 1030 2919 censeo
1048 2880 1181 2931 primo

141 2939 188 2979 in
204 2951 372 2990 genere,
393 2939 539 2979 cadere
566 2940 642 2979 sub
665 2939 962 2990 obligationem
990 2941 1183 2992 praecepti

143 3003 185 3042 et
205 3000 308 3049 voti,
328 3012 414 3039 non
433 3012 631 3052 usurpare
650 3000 695 3039 in
719 3000 783 3039 his
810 3001 935 3040 rebus
953 3002 1182 3053 proprieta-

143 3061 253 3102 rium
268 3073 407 3110 usum,
424 3061 467 3100 id
480 3066 555 3111 est,
565 3062 738 3101 omnino
758 3063 923 3114 propria
942 3065 1183 3103 auctoritate

143 3126 187 3163 et
205 3122 437 3172 voluntate,
465 3127 506 3162 et
535 3134 620 3162 non
644 3123 872 3169 secundum
891 3123 1092 3175 regulam,
1115 3123 1186 3163 vel

147 3182 400 3223 voluntatem
444 3183 688 3235 Superioris.
724 3184 927 3223 Probatur
960 3185 1095 3236 primo
1132 3196 1182 3224 ex

144 3243 340 3296 Gregorio
358 3245 462 3293 xm,
479 3245 525 3283 in
544 3245 715 3284 Constit.
734 3245 977 3286 Ascendente
995 3246 1181 3295 Domino,

146 3304 221 3345 uhi
245 3309 463 3357 postquam
490 3306 596 3345 dixit
620 3305 829 3346 scholares
846 3306 1025 3346 retinere
1054 3306 1183 3345 domi-

147 3365 265 3406 nium
281 3366 487 3407 honorum
515 3379 686 3407 suorum
701 3396 713 3416 ,
743 3367 904 3407 subdit:
926 3367 1099 3408 Interim
1122 3371 1184 3408 ta-

147 3437 236 3468 men
250 3433 446 3480 quantum
459 3429 515 3469 aad
530 3429 695 3470 illonm
708 3440 826 3470 usum
840 3429 1074 3480 religiosam
1080 3441 1183 3481 pau-

146 3491 345 3539 putatam
364 3493 545 3539 mm,
564 3501 687 3544 nequ
703 3490 791 3531 ulla
807 3501 855 3530 re
874 3493 1063 3541 tauquam
1087 3501 1184 3543 pro-

149 3548 245 3598 pria
259 3551 348 3591 sine
367 3550 606 3603 Superioris
629 3550 830 3602 facultate
842 3550 907 3591 uti
929 3554 1111 3602 possunt.
1134 3550 1182 3590 In

152 3607 300 3659 quihus
313 3611 450 3651 verbis
465 3611 587 3663 plane
602 3611 806 3663 siguificat
817 3611 895 3651 hoc
913 3611 1118 3662 pertinere
1129 3612 1183 3651 ad

505 246 582 280 ΗΒ.
604 243 662 279 IV.
681 241 739 277 DE
756 240 880 276 VO'I'lS
899 239 1151 275 smPLlcmus
1168 237 1407 274 casrrrims
1425 236 1481 272 m·
1501 233 1796 277 racemum.
1817 228 1909 270 mc.

1235 304 1468 352 materiam,
1482 306 1607 355 atque
1625 302 1683 342 ita
1701 300 1846 341 cadere
1871 297 1949 340 sub
1972 295 2269 352 obligationem
2316 291 2320 307 ⁵

1235 366 1336 406 voti.
1353 366 1458 405 Nam
1474 364 1668 415 religiosa
1685 364 1907 414 paupertas
1925 359 1999 401 illa
2015 362 2181 415 proprie
2205 361 2270 403 di-

1236 430 1361 475 citur,
1386 436 1480 478 quae
1504 430 1565 466 est
1584 424 1760 466 materia
1776 422 1879 472 voti,
1896 425 1938 462 et
1955 421 2048 463 ideo
2074 424 2273 464 dicuntur

1234 502 1313 532 uou
1341 498 1456 540 posse
1472 521 1488 540 ,
1519 488 1617 542 quia
1646 487 1816 538 agerent
1849 487 1992 523 contra
2030 483 2270 535 religiosam

1235 555 1533 604 paupertatem.
1554 547 1672 589 Unde
1690 547 1742 588 de
1760 545 1905 586 iisdem
1930 543 2184 585 scholaribus
2205 545 2271 586 di-

1235 614 1297 653 xit
1330 613 1482 654 ibidem
1524 609 1647 665 paulo
1686 607 1872 661 superius
1906 605 2018 646 idem
2053 604 2266 655 Pontifex,

1237 675 1398 714 emissis
1417 674 1522 714 votis
1537 672 1684 713 debere
1699 670 1745 710 in
1763 667 1973 709 communi
1989 669 2149 715 vivere,
2173 666 2272 720 quia
2338 657 2352 709 ἶ

1236 735 1369 775 solum
1400 747 1451 775 ex
1481 731 1769 774 communibus
1797 730 1915 769 bonis
1934 759 1946 778 ,
1977 729 2046 769 vel
2071 733 2274 781 tanquam

1237 796 1522 836 communibus
1541 795 1605 834 uti
1629 793 1806 839 debent3
1829 802 1942 842 ergo,
1963 790 2151 842 quamvis
2177 789 2274 832 reti-,-
2327 785 2346 806 ³

1235 864 1362 898 neant
1374 858 1667 911 proprietatem
1683 854 1916 906 aliquarum
1937 864 2090 900 rerum,
2109 861 2274 892 necesse

1237 923 1358 960 estlut
1375 933 1460 960 non
1477 918 1659 959 habeant
1674 916 1887 968 proprium
1902 926 2042 962 usum,
2056 925 2108 953 ex
2127 913 2171 952 vi
2187 912 2274 954 voti

1236 982 1499 1035 paupertatis,
1517 980 1618 1020 alias
1637 980 1802 1030 possent
1818 988 1869 1016 ex
1885 975 1967 1015 illis
1984 975 2103 1015 bonis
2120 974 2165 1014 in
2181 985 2275 1026 par-

1236 1043 1400 1083 ticulari
1431 1043 1593 1090 vivere,
1615 1041 1719 1079 sicut
1750 1040 1922 1089 possunt
1948 1036 2119 1086 novitii;
2139 1046 2274 1087 neque

1239 1110 1343 1147 esset
1365 1118 1437 1144 cur
1455 1103 1645 1144 Pontifex
1663 1103 1756 1153 post
1773 1098 1920 1138 emissa
1936 1100 2031 1135 vota
2056 1096 2275 1148 specialem

1236 1167 1530 1219 obligationem
1550 1166 1595 1204 in
1612 1164 1690 1203 hac
1708 1164 1825 1214 parte
1840 1160 1899 1198 eis
1917 1157 2130 1198 tribueret.
2154 1157 2275 1197 Ratio

1236 1231 1362 1271 etiam
1397 1229 1476 1268 hoc
1508 1225 1692 1279 postulat
1716 1221 1942 1263 necessario
1961 1250 1973 1268 ,
2005 1219 2103 1270 quia
2131 1222 2276 1258 votum

1236 1290 1488 1343 paupertatis
1505 1287 1705 1339 religiosae
1722 1283 1866 1323 saltem
1886 1285 1924 1321 et
1942 1281 2122 1320 maxime
2139 1279 2276 1333 requi-

1235 1353 1292 1392 rit
1311 1354 1593 1403 paupertatem
1611 1349 1656 1387 in
1677 1358 1769 1394 usu,
1791 1348 1839 1383 ut
1857 1355 1908 1382 ex
1925 1343 2044 1381 dictis
2063 1342 2108 1381 in
2130 1353 2219 1393 cap.
2248 1340 2277 1382 4

1236 1418 1373 1465 patet3
1394 1425 1479 1452 non
1506 1422 1604 1462 ergo
1630 1408 1830 1448 haberent
1848 1405 1893 1444 hi
1912 1404 2115 1444 scholares
2131 1407 2276 1443 votum

1236 1474 1487 1526 paupertatis
1515 1471 1719 1512 sufficiens
1747 1469 1798 1508 ad
1833 1471 1985 1506 statum
2017 1464 2273 1515 religiosum,

1236 1537 1315 1575 nisi
1334 1537 1539 1574 bonorum
1559 1533 1745 1572 omnium
1764 1528 2084 1583 proprietarium
2111 1537 2231 1565 usum
2250 1537 2277 1566 a

1236 1609 1278 1636 se
1298 1596 1535 1635 abdicarent
1549 1606 1598 1634 ex
1612 1596 1722 1641 voto,
1739 1596 1781 1631 et
1797 1591 1889 1629 ideo
1909 1590 1953 1628 iu
1971 1586 2277 1628 Constitutioni-

1236 1658 1312 1697 bus
1327 1656 1554 1705 Societatis,
1571 1654 1672 1693 sicut
1689 1652 1921 1692 declaratur
1934 1661 2002 1688 eos
2017 1649 2193 1688 retinere
2206 1648 2277 1686 do-

1237 1720 1432 1767 minium,
1462 1718 1520 1756 ita
1549 1717 1676 1756 etiam
1697 1714 1929 1754 declaratur
1956 1710 2072 1749 nulla
2093 1722 2153 1759 re,
2182 1714 2277 1757 tan-

1236 1791 1361 1831 quam
1385 1778 1567 1830 propria,
1587 1777 1650 1816 uti
1668 1787 1799 1828 posse,
1819 1779 1935 1826 parte
1955 1772 2101 1818 tertia,
2122 1782 2210 1822 cap.
2233 1771 2274 1819 1,

1236 1841 1261 1894 ἓ
1280 1843 1318 1882 7.
1337 1842 1406 1880 Est
1431 1852 1527 1891 ergo
1546 1840 1635 1878 haec
1663 1837 1837 1876 materia
1860 1835 1954 1873 talis
1972 1833 2080 1880 voti,
2101 1831 2277 1886 ideoque

1238 1914 1288 1943 ex
1307 1913 1459 1953 genere
1477 1913 1551 1940 suo
1569 1899 1644 1939 sub
1668 1898 1784 1949 gravi
1803 1895 2066 1945 obligatione.

1292 1966 1330 2004 3.
1353 1964 1538 2004 Secunda
1552 1962 1723 2002 assertio
1737 1960 1933 2013 probatu-r
1953 1968 1999 1996 ea
2016 1956 2159 2007 quinta
2176 1955 2276 1996 Cou-

1238 2021 1741 2080 memnone—Secundo
1758 2019 1977 2059 dicendum
1994 2021 2052 2056 est
2069 2030 2079 2057 z
2101 2017 2171 2069 qui
2185 2021 2277 2069 post

1237 2088 1386 2126 emissa
1406 2086 1487 2126 tria
1507 2089 1602 2125 vota
1629 2081 1914 2124 substantialia
1937 2091 2000 2118 res
2023 2090 2117 2117 suas
2140 2078 2276 2117 distri-

1238 2148 1344 2196 buit,
1363 2148 1428 2186 vel
1445 2147 1527 2186 illis
1547 2159 1590 2186 se
1607 2145 1772 2185 abdicat
1789 2144 1878 2183 sine
1902 2139 2130 2192 Superioris
2145 2139 2276 2179 facul-

1236 2214 1343 2257 tate,
1364 2209 1462 2248 facit
1487 2211 1630 2247 contra
1659 2210 1802 2245 votum
1833 2202 2102 2255 paupertatis.
2128 2200 2193 2240 Sic
2220 2199 2274 2241 ad

1235 2271 1408 2308 verbum
1424 2270 1503 2306 fuit
1524 2269 1733 2308 decretum
1749 2267 1795 2305 in
1819 2265 1963 2316 quinta
1981 2262 2274 2313 Congregatio-

1235 2341 1288 2369 ne
1309 2328 1516 2379 generali,
1539 2339 1687 2366 canon.
1710 2328 1898 2378 septimo.
1919 2323 2125 2364 Intellexit
2151 2323 2275 2363 nimi-

1233 2404 1327 2431 rum
1349 2389 1623 2441 Congregatio
1651 2399 1746 2427 eum
1771 2398 1862 2426 esse
1888 2386 2058 2424 modum
2090 2397 2162 2424 seu
2193 2384 2276 2424 for-

1234 2465 1346 2493 mam
1365 2450 1640 2491 distribuendi
1656 2449 1850 2501 praedicta
1873 2446 1996 2495 bona,
2018 2458 2143 2497 quem
2171 2446 2275 2487 Con-

1235 2514 1484 2562 stitutioues,
1502 2523 1593 2564 cap.
1607 2509 1873 2563 praecedenti,
1888 2513 2006 2548 num.
2023 2507 2201 2548 secundo
2217 2507 2276 2548 al·
2331 2550 2352 2562 ,-

1234 2575 1353 2626 latae,
1387 2575 1721 2628 praescripserant
1737 2603 1748 2621 ‚
1777 2579 1902 2622 atque
1932 2581 1982 2609 ea
2014 2570 2175 2608 ratione
2197 2599 2208 2617 ,
2230 2569 2274 2609 id
2347 2570 2352 2623 s

1236 2642 1310 2686 est,
1330 2637 1538 2689 supposita
1556 2634 1852 2687 approbatione
1868 2635 1910 2670 et
1925 2629 2120 2668 facultate
2147 2630 2272 2680 Supe-
2348 2637 2352 2669 ἱ

1235 2698 1371 2746 rioris,
1398 2697 1452 2736 ad
1470 2697 1687 2736 materiam
1705 2694 1789 2732 voti
1813 2690 2068 2744 paupertatis
2093 2691 2273 2742 pertine·
2317 2713 2324 2717 -

1235 2772 1280 2800 re
1296 2770 1309 2809 3
1329 2762 1401 2798 aut
1416 2761 1525 2797 certe
1543 2755 1679 2807 (quod
1700 2755 1820 2807 plane
1840 2765 1916 2804 pro
1935 2764 2010 2791 sua
2028 2753 2272 2794 auctoritate

1234 2823 1408 2872 poterat,
1427 2827 1475 2857 ut
1494 2817 1620 2857 etiam
1649 2817 1694 2855 in
1726 2814 1852 2854 simili
1882 2813 2118 2853 notabimus
2145 2814 2268 2865 infra,

1235 2881 1307 2920 lib.
1331 2882 1370 2927 6,
1393 2892 1480 2931 cap.
1512 2878 1685 2926 decimo,
1705 2888 1881 2916 numero
1906 2875 2084 2915 secundo
2101 2877 2114 2926 )
2134 2875 2271 2916 denuo
2313 2869 2335 2928 f

1237 2942 1502 2995 gravissimas
1532 2939 1585 2979 ob
1601 2951 1756 2986 causaS,
1777 2938 1888 2977 intra
1905 2937 2031 2977 talem
2052 2939 2271 2978 materiam
2315 2953 2319 2956 ·

1236 3003 1278 3042 id
1293 3002 1519 3042 collocavit.
1532 3002 1671 3053 Itaque
1689 3000 1824 3039 forma
1841 2999 1912 3039 illa
1922 2999 2185 3051 disponendi,
2198 2999 2270 3038 ad·
2330 2992 2335 2999 ’

1237 3063 1322 3103 dita
1342 3063 1571 3115 Superioris
1588 3062 1798 3101 voluntate
1815 3064 2016 3112 tanquam
2043 3061 2269 3100 necessaria
2303 3082 2311 3104 ,-

1237 3124 1488 3174 conditione,
1506 3124 1680 3164 materia
1703 3123 1840 3163 evadit
1861 3122 1985 3174 hujus
2001 3121 2100 3170 voti,
2126 3122 2186 3161 sic
2199 3121 2270 3162 de-
2302 3115 2306 3119 ’

1238 3190 1448 3236 cernente,
1465 3190 1514 3226 ut
1529 3185 1631 3235 dixi,
1652 3189 1724 3226 aut
1740 3185 1842 3225 forte
1858 3197 1932 3224 suo
1951 3183 2111 3224 decreto
2133 3183 2269 3224 decim
2297 3231 2301 3233 ‚

1236 3250 1377 3288 rante¹
1393 3247 1719 3300 Congregatione
1735 3247 1821 3299 jam
1837 3246 1934 3286 inde
1954 3257 1979 3285 a
1997 3245 2195 3298 principio
2207 3245 2271 3286 ita·

1235 3321 1278 3349 se
1302 3308 1495 3349 habuisse
1517 3308 1596 3349 hac
1623 3309 1671 3348 in
1701 3313 1817 3362 parte
1843 3307 2095 3361 paupertatis
2122 3310 2269 3347 votum
2292 3329 2298 3335 ι

1236 3371 1282 3410 in
1304 3371 1525 3420 Societate3
1545 3370 1770 3422 violarique
1787 3371 1982 3423 graviter,
2003 3372 2075 3408 aut
2098 3367 2271 3408 veniali-

1236 3435 1315 3480 ter,
1336 3444 1414 3484 pro
1430 3432 1614 3472 materiae
1636 3433 1879 3484 quantitate,
1900 3430 1936 3470 si
1954 3428 2183 3482 Superioris
2197 3421 2293 3470 vo·'

1235 3491 1374 3533 luntas
1389 3492 1648 3545 dispositioni
1667 3505 1752 3534 non
1770 3493 1945 3534 assistat.

1292 3612 1307 3636 ¹
1317 3610 1375 3651 De
1387 3614 1589 3663 potestate
1603 3609 1853 3659 deehmndi,
1866 3609 1962 3649 vide
1977 3607 2053 3648 inf.
2062 3608 2091 3649 l.
2103 3606 2277 3658 lost-45:
