2352 3880
74 0 223 81 {rikis-1
260 13 265 18 .

0 0 63 182 ἓ-
102 94 118 135 ’ἶ

12 201 14 211 l

80 336 225 386 sessim
245 339 288 378 et
299 337 529 378 secundum
543 333 791 390 praesentem
807 335 961 376 statum
977 331 1117 375 Eccle-

82 398 154 443 siae
174 401 237 440 est
253 410 361 440 novo
367 399 463 452 ,iure
475 399 724 448 introducta,
739 397 836 438 ideo
852 409 936 438 non
953 395 1116 437 videtur

82 461 139 504 ad
160 461 276 502 illam
296 461 582 502 extendendus
600 460 668 500 hic
688 460 872 508 effectus,
895 459 967 511 qui
986 459 1116 499 maxi-

81 529 152 564 me
172 523 214 563 in
237 523 535 564 consuetudine
554 522 767 571 fundatur,
790 534 885 562 cum
915 521 984 562 illa
1015 532 1114 562 con-

79 574 259 625 'suetudo
278 585 412 625 solum
436 586 478 624 in
498 584 674 638 propriis
693 582 1022 636 professionibus
1051 582 1114 622 lo-

79 645 178 686 'cum
198 647 362 687 habeat.
374 646 552 686 Maxime
569 659 665 685 cum
683 646 793 686 inter
806 649 959 686 statuta
977 643 1112 685 Socie-

82 708 190 757 tatis,
213 707 257 747 in
277 707 472 760 praedicto
500 719 650 749 canon.
672 709 739 756 22,
761 706 834 747 fiat
864 708 907 747 in
938 707 1017 746 hoc
1036 702 1111 746 dif-

78 768 253 831 ferentia
273 769 379 810 inter
397 769 485 810 haec
498 773 593 810 vota
614 769 814 822 simplicia
832 773 873 809 01
894 767 1112 822 professio-

79 840 193 880 nem,
221 842 314 883 quae
347 843 432 871 non
468 835 606 884 potest
638 831 682 871 in
713 831 794 871 alia
826 843 873 871 re
903 828 1110 878 constitui,

79 886 192 944 'quod
209 893 261 933 ad
284 906 467 945 praesens
487 894 647 943 attinet,
669 894 747 933 nisi
769 892 882 945 quod
911 892 1109 945 professio

81 954 281 1007 extinguit
301 956 390 1007 ipso
410 955 518 996 facto
537 956 676 1008 priora
689 960 784 996 vota
804 955 930 995 seculi
946 970 957 1004 ;
982 959 1111 995 status

79 1006 219 1057 'autem
247 1017 495 1058 scholarium
533 1019 666 1057 solum
701 1029 750 1057 03
782 1017 1010 1069 suspendit,
1033 1014 1112 1055 nisi

78 1070 162 1118 'alia
180 1080 245 1118 via
264 1092 340 1131 per
360 1079 711 1131 dispensationem
739 1079 805 1117 vel
825 1078 1111 1117 commutatio-

78 1121 178 1180 'nem
203 1142 255 1181 ab
275 1141 457 1190 homine,
484 1145 529 1180 ut
558 1141 613 1180 ita
642 1141 792 1188 dicam,
814 1140 1037 1179 auferatur.
1069 1138 1111 1180 Si

78 1185 205 1254 *igitur
213 1207 470 1254 oppugnator
480 1202 546 1241 ille
560 1202 693 1241 solum
710 1203 819 1241 hanc
832 1203 1111 1241 differentiam

79 1265 327 1334 ¹constituere
343 1264 552 1311 voluisset,
572 1276 656 1303 non
680 1277 774 1303 cum
792 1264 863 1303 illo
885 1265 1109 1304 contende-

105 1339 232 1366 emus.
255 1325 356 1372 Quia
376 1338 473 1365 vero
510 1325 698 1365 absolute
733 1325 848 1375 dixit,
874 1338 957 1364 non
987 1339 1108 1377 posse

108 1392 174 1427 ota
189 1387 231 1427 in
247 1386 386 1427 seculo
411 1387 576 1437 emissa,
598 1387 641 1425 in
661 1387 738 1426 tria
758 1387 845 1426 haec
866 1386 1111 1426 substantia-

78 1399 132 1489 iia
164 1450 378 1489 Societatis
408 1450 667 1496 commutari,
702 1449 795 1488 ideo
820 1450 906 1488 haec
938 1450 1111 1489 assertio

76 1496 162 1582 :non
191 1511 327 1550 minus
363 1523 488 1562 quam
521 1510 601 1549 alia
633 1511 892 1562 reprobatur.
933 1510 1110 1550 Maxime

77 1585 168 1612 cum
190 1585 242 1612 eo
274 1585 438 1624 semper
462 1572 612 1612 tendat
639 1576 684 1611 ut
716 1572 828 1612 hunc
848 1577 1001 1613 statum
1025 1573 1111 1611 010-

106 1639 160 1684 01,
183 1639 224 1675 01
246 1636 349 1675 31100
368 1634 584 1683 diminuat,
605 1638 650 1673 ut
669 1635 819 1674 sentiat
837 1635 1112 1674 sufficientem

80 1709 163 1738 non
184 1709 289 1747 esse,
311 1699 357 1737 ut
383 1697 427 1736 in
445 1696 562 1736 illum
583 1699 680 1740 vota
711 1697 839 1737 seculi
864 1695 1112 1737 commutari

79 1758 262 1803 valeant.

373 272 463 308 GAP.
487 272 528 307 V.
551 272 607 307 AN
626 268 840 307 PnAEmc‘rA
859 266 1222 306 scnoLAsnconnm
1241 268 1571 308 APPROBATORUM
1590 272 1795 316 aninmo,
1815 272 1904 308 E'rc.

470 1880 639 1927 CAPUT
674 1879 726 1925 V.

79 2019 135 2053 m
176 2019 383 2053 raAEmcrA
419 2019 760 2052 scuomsriconuu
801 2018 1111 2050 APPROBATORUM

158 2083 338 2114 anuissm
373 2084 415 2115 m
442 2082 686 2114 socmrirsn
718 2082 890 2113 0101111111
918 2081 983 2112 Sir
1020 2081 1112 2112 rno-

158 2144 288 2175 105310
305 2136 324 2174 ‘2

135 2261 175 2301 1.
207 2262 336 2303 Unum
346 2261 605 2313 professionis
623 2261 970 2316 significatumae—
980 2258 1016 2302 J
1013 2263 1113 2301 ueta

83 2321 154 2363 hoc
178 2322 453 2373 siqnificatum
470 2325 647 2375 procedit
672 2324 778 2364 ratio
799 2322 1007 2364 dubitandi
1030 2322 1113 2363 ini-

84 2383 139 2423 tio
171 2394 256 2435 cap.
280 2384 304 2422 3
321 2386 465 2432 posita.
482 2404 535 2415 —
554 2386 751 2436 Superest
771 2385 1023 2436 explicemus
1057 2396 1111 2423 an

82 2443 174 2484 haec
206 2444 399 2484 admissio
435 2450 476 2486 et
533 2446 811 2497 incorporatio
857 2446 1112 2486 scholarium

83 2506 409 2557 approbatorum
439 2505 485 2546 in
509 2508 728 2556 Societate,
749 2520 834 2547 non
856 2508 990 2547 solum
1014 2520 1113 2547 con-

82 2569 224 2608 stituat
247 2568 338 2607 illos
360 2569 405 2607 in
429 2581 527 2609 vero
549 2574 655 2609 statu
672 2570 882 2622 religioso,
909 2574 955 2610 ut
974 2571 1114 2610 hacte-

81 2641 159 2669 nus
178 2630 397 2681 probatum
419 2635 494 2679 est,
516 2631 590 2670 sed
615 2632 739 2671 etiam
779 2631 845 2682 (ut
866 2632 1017 2671 rationi
1038 2631 1114 2671 du-

81 2688 240 2732 bitandi
265 2691 380 2731 initio
408 2693 554 2744 capitis
588 2693 698 2732 tertii
730 2693 875 2744 positae
914 2693 1026 2732 omni
1062 2705 1114 2733 ex

82 2752 199 2806 parte
231 2753 540 2806 satisfaciamus)
579 2754 756 2794 dicenda
794 2754 848 2794 sit
885 2767 984 2794 vera
1019 2766 1114 2806 pro-

84 2814 224 2864 fessio,
244 2814 348 2855 etita
367 2816 496 2866 possit
517 2816 757 2868 simpliciter
777 2817 991 2868 appellari.
1013 2816 1112 2864 Quae

83 2873 181 2915 licet
197 2876 383 2916 videatur
399 2878 572 2929 quaestio
590 2878 642 2918 de
652 2891 732 2918 usu
747 2879 876 2927 vocis,
898 2887 1039 2919 tamen
1060 2878 1115 2919 ad

84 2936 398 2990 intelligentiam
412 2940 572 2990 jurium
587 2944 722 2992 potest
745 2953 837 2980 esse
852 2942 1088 2982 necessaria
1097 2952 1112 2991 3

84 3010 184 3039 nam
199 3000 311 3051 quod
326 3001 380 3040 ad
396 3013 486 3041 rem
506 3004 679 3053 spectat,
695 3002 818 3042 facile
840 3007 1002 3054 poterat
1031 3003 1115 3043 dis-

86 3059 283 3101 tinctione
315 3063 514 3115 expediri.
555 3064 691 3104 Primo
723 3065 834 3104 enim
876 3065 912 3105 si
946 3066 1120 3106 nomine

87 3121 347 3176 professionis
390 3125 588 3177 reliqiosoe
643 3126 896 3179 intelligatur
947 3127 1116 3168 traditio

86 3182 260 3259 ‘omnino
275 3184 476 3234 absoluta,
490 3190 531 3227 et
540 3187 645 3227 votis
659 3189 916 3228 solemnibus
934 3188 1114 3238 firmata,

92 3246 218 3294 atque
233 3242 338 3283 adeo
363 3245 655 3289 indissolubilis
674 3262 750 3302 per
773 3254 1022 3302 potestatem
1054 3251 1119 3290 in-

90 3304 313 3345 trinsecam
329 3305 551 3358 religionis,
587 3310 646 3351 sic
671 3311 894 3352 dicendum
922 3316 986 3352 est
1010 3313 1119 3352 hanc

93 3366 390 3408 admissionem
419 3380 505 3408 non
533 3380 624 3411 esse
662 3373 980 3424 professionem,
1018 3374 1119 3425 quia

83 3431 238 3469 wevera
262 3428 324 3468 illi
341 3441 427 3469 non
446 3429 640 3470 convenit
657 3434 853 3484 praedicta
879 3435 1116 3487 descriptio,

43 3534 47 3537 ,
155 3491 358 3531 hactenus
374 3491 595 3543 probatum
616 3496 691 3534 est.
708 3494 843 3546 Atque
861 3496 902 3536 in
931 3497 1011 3537 hoc
1027 3509 1119 3537 sen-

94 3563 170 3599 su,
195 3551 237 3591 in
267 3552 415 3592 eodem
446 3552 662 3593 Societatis
687 3553 896 3606 instituto,
919 3570 970 3600 ae
994 3559 1119 3599 bullis

91 3595 139 3686 'ft
156 3613 518 3655 constitutionibus
551 3615 656 3666 eius,
679 3614 943 3670 distinguitur
961 3621 1119 3672 gradus

88 3673 345 3716 scholarium
362 3687 388 3716 a
405 3675 539 3728 gradu
552 3676 847 3729 professorum,
864 3682 907 3720 et
923 3680 1118 3722 admissio

55 3824 102 3880 ιζ,

2117 271 2198 311 675

1169 333 1337 376 illorum
1355 337 1409 376 ab
1429 334 1581 381 horum
1598 338 1851 381 admissione
1868 351 1880 391 ;
1913 341 1955 381 et
1978 349 2064 384 una
2081 350 2200 383 voca-

1169 401 1238 438 tur
1253 398 1470 451 professio,
1492 411 1579 439 non
1598 404 1742 440 tamen
1761 401 1858 452 alia,
1888 405 1936 442 ut
1968 402 2130 446 constat
2149 411 2201 446 ex

1169 460 1314 512 quinta
1334 465 1452 513 parte
1470 461 1830 507 Constitutionum,
1853 476 1944 515 cap.
1964 466 2002 513 1,
2027 476 2102 516 per
2136 467 2201 503 to·-

1168 525 1272 570 tum,
1294 527 1335 563 et
1349 535 1459 576 saepe
1475 524 1518 563 in
1542 523 1812 575 sequentibus
1830 537 1840 570 ς
1863 525 1976 565 unde
1996 525 2039 564 in
2067 525 2202 565 forma

1167 583 1258 636 ipsa
1274 585 1465 634 vovendi,
1495 586 1564 638 qui
1586 584 1818 638 profitetur,
1842 597 2037 636 expresse
2068 586 2165 627 dicit
2186 597 2198 627 ε

1165 646 1256 700 qu
1269 649 1555 700 professionem
1564 649 1683 698 ‹faoio
1698 664 1716 695 ;
1738 645 1805 686 alii
1824 659 1922 686 vero
1945 649 2129 688 minime.
2152 649 2203 688 Et

1162 707 1282 760 juxta
1301 709 1410 750 hanc
1428 709 1774 762 significationem
1802 708 1916 748 vocis
1945 709 1999 748 ad
2031 709 2202 764 difficul7

1166 774 1297 812 tatem
1333 775 1487 813 tactam
1518 771 1857 824 respondendum
1892 775 1977 818 est,
2010 772 2202 820 negando

1167 836 1321 874 statum
1340 835 1553 887 religionis
1573 835 1708 875 solum
1730 833 1922 874 constitui
1942 845 2018 885 per
2046 834 2206 884 profess

1166 896 1328 937 sionem
1343 897 1386 936 in
1405 897 1484 937 hoc
1501 898 1638 949 rigore
1666 901 1902 948 sumptam3
1935 899 2072 947 potest
2093 896 2204 934 enim

1166 970 1242 1012 per
1264 958 1376 999 aliud
1415 972 1548 1011 genus
1585 959 1851 998 admissionis
1875 970 1899 996 a
1934 957 2053 997 nobis
2078 958 2206 1008 expli-

1166 1025 1306 1061 catum
1325 1034 1423 1061 vere
1445 1034 1494 1061 ac
1522 1021 1688 1073 proprie
1726 1019 1933 1060 constitui.
1967 1018 2069 1065 Quia
2104 1029 2204 1057 vero

1162 1082 1259 1136 jura
1281 1085 1497 1131 canonica,
1518 1088 1558 1123 et
1583 1084 1834 1135 interpretes
1868 1093 2027 1128 eorum,
2060 1092 2108 1119 30
2128 1092 2207 1120 cae-

1165 1146 1243 1188 teri
1263 1148 1463 1186 Doctores
1492 1147 1620 1186 locuti
1658 1150 1754 1184 sunt
1790 1145 1842 1184 de
1881 1148 1989 1184 statu
2011 1143 2206 1194 religioso

1167 1212 1263 1248 ante
1283 1209 1501 1248 Societatis
1523 1208 1884 1259 approbationem,
1907 1218 1989 1256 quo
2015 1209 2206 1256 tempore

1166 1281 1242 1320 per
1261 1271 1393 1308 solam
1409 1270 1713 1321 professionem
1728 1270 1770 1308 in
1784 1281 1834 1308 eo
1845 1269 1984 1319 rigore
1999 1271 2207 1317 sumptam

1166 1333 1349 1384 religiosi
1387 1333 1761 1380 constituebantur,
1800 1332 1895 1371 ideo
1922 1332 2111 1370 absolute
2148 1330 2208 1369 di-

1166 1399 1266 1434 cunt
1282 1407 1358 1446 per
1379 1395 1682 1445 professionem
1715 1394 1909 1434 constitui
1942 1405 2089 1432 verum
2117 1392 2210 1431 reli-

1168 1458 1345 1509 giosum.
1369 1457 1518 1496 Dicunt
1536 1459 1660 1496 etiam
1692 1457 1995 1508 professionem
2026 1468 2116 1494 esse
2134 1467 2210 1494 ne-

1167 1519 1391 1558 cessariam
1413 1520 1644 1558 secundum
1682 1519 1797 1556 illum
1824 1522 1978 1557 statum
1998 1516 2206 1566 Ecclesiae,

1166 1580 1210 1618 in
1231 1591 1312 1630 quo
1341 1580 1445 1619 alius
1463 1581 1616 1619 modus
1637 1592 1722 1618 non
1752 1584 1841 1619 erat
1877 1580 1919 1617 in
1947 1591 2042 1626 usu,
2072 1589 2209 1628 neque

1168 1641 1443 1692 approbatus;
1469 1647 1509 1681 et
1530 1642 1679 1681 eodem
1708 1653 1834 1680 sensu
1862 1653 1955 1679 cum
1976 1641 2093 1679 aiunt
2113 1631 2211 1680 31110

1166 1704 1470 1755 professionem
1509 1716 1595 1742 non
1629 1716 1720 1742 esse
1759 1715 1906 1742 verum
1945 1703 2206 1753 religiosum,

1168 1766 1304 1804 solum
1336 1765 1558 1804 intendunt
1587 1765 1725 1804 dicere
1759 1764 2063 1815 susceptionem
2090 1764 2210 1802 habi-

1165 1831 1249 1874 tus,
1284 1839 1356 1865 seu
1393 1828 1574 1877 primum
1598 1827 1836 1876 ingressum
1866 1826 1932 1864 vel
1963 1825 2210 1864 novitiatum

1166 1900 1251 1926 non
1273 1888 1464 1927 sufficere
1493 1888 1546 1927 311
1573 1887 1913 1926 constituendum
1934 1899 2080 1926 verum
2113 1888 2211 1927 reli-

1167 1949 1348 2001 giosum,
1373 1950 1507 1989 donec
1538 1950 1609 1988 fiat
1642 1949 1859 2000 professio,
1888 1961 1963 2000 per
1999 1961 2126 1999 quam
2151 1950 2210 1988 in-

1167 2014 1410 2062 corporetur
1427 2012 1519 2062 quis
1537 2011 1726 2059 religioni
1746 2024 1755 2058 ;
1775 2015 1873 2050 tunc
1888 2012 1998 2050 enim
2020 2024 2105 2050 non
2121 2016 2210 2051 erat

1167 2073 1273 2112 alius
1287 2073 1580 2124 mcorporandi
1602 2074 1767 2112 modus.
1784 2073 1991 2121 Secundo,
2015 2074 2113 2124 quia
2133 2086 2208 2113 no-

1165 2135 1348 2182 vissime,
1373 2135 1416 2173 in
1439 2147 1532 2174 can.
1557 2137 1608 2174 26
1630 2135 1972 2186 Congregationis
2003 2137 2206 2187 septimae,

1162 2197 1426 2251 professionis
1435 2209 1515 2236 vox
1529 2197 1650 2235 latius
1669 2198 1882 2247 aliquanto
1901 2198 2092 2243 sumitur,
2107 2198 2207 2238 dum

1169 2258 1246 2298 sub
1281 2271 1329 2298 00
1358 2259 1527 2298 nomine
1551 2259 1864 2310 distinguuntur
1887 2264 1981 2299 vota
2009 2260 2207 2300 formato-

1166 2333 1259 2360 rum
1285 2321 1576 2371 coadjutorum
1602 2334 1626 2359 a
1657 2322 1854 2371 praedicta
1881 2322 2207 2373 approbatorum

1167 2382 1510 2422 scholasticorum
1541 2383 1809 2432 admissione,
1832 2384 1890 2423 sic
1926 2384 2050 2434 plane
2082 2385 2209 2423 etiam

1168 2445 1363 2484 admissio
1386 2444 1476 2483 hoec
1496 2457 1581 2483 non
1606 2445 1766 2484 dicetur
1783 2447 1991 2495 professio.
2014 2446 2132 2486 Unde
2155 2438 2212 2493 si-{

1166 2507 1319 2546 militer
1335 2506 1389 2545 ad
1409 2510 1655 2557 praesentem
1677 2507 1964 2547 difficultatem
1984 2507 2208 2560 negabitur

1168 2568 1481 2617 consequentia,
1495 2568 1736 2618 religiosum
1758 2568 1914 2608 scilicet
1940 2573 2090 2608 statum
2112 2581 2210 2622 conf

1167 2630 1258 2669 titui
1277 2641 1352 2680 per
1379 2628 1679 2680 professionem
1719 2629 1854 2668 solum
1887 2642 1939 2670 eo
1982 2631 2110 2670 etiam
2141 2630 2211 2671 la-1‘

1167 2691 1261 2731 tiori
1280 2690 1405 2730 modo
1430 2696 1593 2742 sumpta
1614 2691 1888 2742 professione.

1221 2755 1261 2792 2.
1292 2752 1478 2793 Alterum
1509 2753 1789 2804 siqnificatum
1814 2754 1942 2804 juxta
1959 2756 2064 2807 quod
2085 2755 2207 2798 etiam

1168 2816 1324 2865 satisfit
1358 2816 1561 2867 proedictoe
1596 2815 1752 2856 rationi
1789 2816 2013 2857 dubitandi.
2050 2838 2100 2848 —
2135 2819 2209 2857 Po-

1169 2881 1250 2918 test
1272 2889 1371 2916 vero
1395 2876 1517 2916 tertio
1547 2877 1676 2927 accipi
1696 2889 1775 2916 vox
1794 2877 1864 2916 illa
1890 2880 2090 2930 professio
2113 2880 2209 2920 reli-

1169 2941 1298 2994 qiosa,
1326 2939 1565 2991 generalius
1595 2951 1670 2990 pro
1704 2951 1967 2991 quocumque
2004 2941 2126 2981 firma
2159 2954 2209 2982 ac

1170 3001 1307 3042 stabili
1327 3001 1481 3040 unione
1504 3013 1599 3040 cum
1628 3001 1830 3051 religione
1863 3002 2108 3053 approbata,
2130 3015 2207 3053 per

1170 3063 1450 3109 traditionem,
1475 3067 1516 3103 et
1533 3067 1629 3103 vota
1658 3062 1943 3103 substantialia
1974 3065 2203 3116 religionis,

1171 3137 1247 3178 per
1265 3125 1493 3177 legitimam
1510 3128 1759 3176 potestatem
1786 3125 2110 3166 ecclesiasticam
2130 3139 2207 3177 pu-

1172 3187 1278 3227 blice
1295 3186 1537 3226 admissam.
1558 3187 1607 3226 Et
1623 3186 1702 3226 hoc
1728 3186 1852 3226 modo
1873 3186 2099 3227 dicendum
2127 3192 2206 3235 est,

1171 3250 1281 3289 hanc
1300 3249 1549 3289 scholarium
1568 3249 1863 3288 admissionem
1891 3249 1935 3288 in
1960 3250 2206 3290 Societatem

1175 3323 1266 3351 esse
1278 3322 1420 3350 veram
1439 3310 1756 3362 professionem,
1771 3315 1816 3350 ut
1828 3323 1879 3350 ex
1891 3311 2010 3351 dictis
2029 3313 2204 3350 constat.
2224 3314 2226 3318 '

1175 3374 1240 3414 Sic
1259 3373 1385 3413 etiam
1413 3373 1663 3425 generaliter
1696 3385 1771 3424 pro
1804 3383 2068 3423 quocumque
2102 3374 2206 3409 tem·

1172 3447 1290 3487 pore,
1315 3438 1356 3475 et
1374 3438 1460 3474 tam
1477 3435 1530 3474 de
1546 3435 1655 3474 facto
1676 3446 1803 3486 quam
1833 3434 1884 3474 de
1921 3431 2119 3485 possibili,
2137 3442 2206 3472 vo-

1173 3509 1267 3537 rum
1290 3501 1365 3544 est,
1387 3509 1464 3548 per
1483 3509 1649 3537 omnem
1670 3496 1972 3549 professionem
1991 3493 2206 3544 hujusmo-

1173 3558 1231 3607 di,
1264 3562 1304 3599 et
1334 3571 1410 3611 per
1425 3559 1557 3598 solam
1588 3559 1716 3604 illam,
1741 3567 1886 3596 verum
1909 3566 1958 3593 ac
1992 3555 2208 3607 proprium

1175 3624 1327 3661 statum
1358 3621 1600 3673 religiosum
1621 3619 1824 3660 constitui.
1851 3616 1968 3664 Quod
2002 3617 2127 3657 etium
2156 3627 2207 3657 ex

1173 3681 1373 3723 hactenus
1394 3683 1511 3723 dictis
1537 3684 1682 3720 notum
1701 3683 1775 3718 est.
1797 3677 1882 3718 Nec
1901 3690 2001 3718 vero
2029 3679 2121 3719 haec
2153 3678 2210 3731 siff
