2352 3880
158 227 239 266 796

157 295 314 346 objecto
343 293 452 334 illius
479 294 564 332 voti
599 293 819 342 indefiniti,
841 293 932 346 plus
965 295 1188 335 includitur

157 368 280 408 quam
309 368 392 394 una
409 354 680 394 determinata
697 355 858 406 religio,
878 356 1029 395 scilicet
1051 357 1187 408 plures

156 417 415 468 disjunctive,
438 416 482 454 in
501 429 675 467 quarum
702 429 947 468 unaquaque
969 423 1101 470 potest
1117 431 1186 458 vo-

155 482 244 518 tum
275 477 519 516 sufficienter
541 479 702 531 impleri
721 493 730 517 :
755 480 822 518 sed
842 480 899 518 ita
926 484 986 518 est
1005 481 1048 518 in
1082 492 1184 531 prae—

154 539 273 585 senti,
289 550 386 577 nam
406 539 619 590 promissio
636 540 847 579 indefinite
864 540 911 579 fit
927 541 1183 591 ingrediendi

155 600 419 648 Societatem3
437 613 536 651 ergo.
549 601 619 639 ubi
636 602 842 651 ingressus
859 603 927 641 ille
947 602 1184 641 indefinitus

155 666 226 705 est,
243 667 283 701 et
297 662 420 702 habet
438 664 570 702 varios
584 665 724 702 modos
740 665 946 715 possibiles
960 664 1181 703 secundum

153 723 358 774 regulam,
375 725 445 775 qui
473 725 514 763 in
539 738 623 763 uno
654 738 749 763 non‘
765 726 1008 774 admittitur,
1023 730 1186 766 tenetur

155 784 283 824 alium
302 790 522 836 acceptare,
541 787 574 825 si
594 786 803 826 offeratur.

208 847 247 886 6.
283 846 505 887 Saecularis
526 860 663 888 vovens
682 847 838 900 inyredi
858 845 1110 894 Societatem,
1129 849 1183 888 te-

150 912 270 960 ¹¹netur
286 913 421 961 postea
437 914 638 959 acceptare
655 911 825 959 qradum
845 909 1112 959 assifflzatum.
1131 930 1181 939 —

155 969 231 1008 Sed
260 971 393 1010 dicere
424 975 551 1022 potest
570 971 675 1021 quis,
695 970 790 1009 licet
814 970 936 1008 verba
969 970 1184 1009 videantur

150 1011 444 1076 indifferentia.
469 1044 510 1069 se
531 1036 667 1070 tamen
687 1043 771 1069 non
798 1031 1017 1070 intendisse
1037 1043 1184 1071 vovere

151 1092 234 1130 nisi
254 1093 570 1131 determinatum
590 1094 816 1143 ingressum
833 1093 881 1131 ad
900 1093 1072 1143 gradum
1093 1105 1183 1144 pro-

153 1153 366 1198 fessorum,
389 1157 428 1192 et
454 1154 545 1192 ideo
574 1166 656 1192 non
690 1154 863 1203 obligari
892 1155 943 1192 ad
972 1159 1183 1204 acceptan-

150 1204 253 1253 'dum
270 1215 396 1253 alium
414 1227 423 1260 ;
443 1219 489 1252 ut
507 1215 549 1252 in
569 1215 755 1266 exemplo
774 1215 962 1262 adducto,
982 1215 1076 1254 licet
1092 1216 1183 1265 quis

154 1276 332 1315 exterius
351 1276 560 1326 promittat
581 1277 739 1326 ingredi
760 1276 999 1326 religionem
1021 1276 1183 1314 absolu-

148 1327 210 1391 te,
232 1337 265 1375 si
290 1338 461 1376 interius
489 1338 619 1376 solum
640 1338 826 1376 intendat
847 1350 887 1375 sc
910 1337 1090 1384 obligare
1109 1337 1182 1375 tali

153 1397 358 1447 religioni,
385 1411 466 1437 non
493 1399 668 1449 amplius
698 1398 917 1445 obligatur.
954 1398 1182 1448 Responde-

154 1461 234 1504 tur,
260 1459 470 1498 moraliter
488 1459 707 1510 loquendo,
727 1459 874 1497 falsum
892 1470 974 1497 esse
992 1459 1098 1508 qnod
1119 1470 1182 1496 as-

153 1521 342 1568 sumitur,
362 1525 401 1558 et
420 1521 523 1558 nihil
539 1521 739 1571 prodesse.
759 1520 859 1558 Nam
881 1520 951 1570 qui
967 1529 1085 1558 vovet
1106 1519 1183 1558 ali-

154 1581 254 1631 quid
276 1581 499 1620 secundum
524 1582 723 1630 regulam,
754 1585 916 1619 tenetur
947 1593 987 1619 se
1019 1581 1182 1620 confor-

154 1652 266 1679 mare
289 1642 455 1692 regulae,
477 1646 517 1681 et
548 1643 598 1681 ad
629 1643 742 1680 illam
773 1654 888 1680 suam
913 1642 1183 1680 intentionem

152 1702 322 1751 referre3
342 1716 439 1754 ergo
458 1704 616 1742 diversa
636 1703 824 1748 intentio,
840 1714 929 1752 quoe
953 1707 1089 1752 postea
1109 1702 1184 1741 fiu-

154 1764 279 1813 gitur,
301 1778 375 1803 nec
398 1765 657 1815 praesumitur
672 1795 684 1813 ,
713 1777 785 1802 nec
813 1764 1013 1802 credenda
1035 1769 1094 1802 est
1113 1779 1122 1811 ;
1142 1769 1182 1803 et

153 1826 339 1874 quamvis
355 1827 607 1874 admittatur,
622 1838 703 1864 non
718 1830 892 1863 excusat.
914 1826 1013 1863 Nam
1033 1825 1094 1863 vel
1113 1827 1183 1864 lia-

153 1884 244 1923 buit
265 1887 411 1937 aliquis
432 1888 554 1926 talem
577 1889 864 1929 intentionem,
887 1886 993 1924 bona
1012 1886 1090 1924 fide
1108 1899 1180 1938 pu-

152 1949 244 1984 tans
263 1947 373 1985 illam
392 1960 476 1987 esse
496 1949 764 1986 intentionem
787 1947 952 1996 regnlae,
975 1952 1015 1985 et
1035 1948 1090 1985 sic
1118 1960 1180 1986 er-

152 2020 221 2046 ror
239 2012 299 2046 est
319 2010 514 2059 privatus,
532 2010 603 2059 qui
621 2021 704 2047 non
719 2008 897 2047 excludit
911 2008 1179 2047 intentionem

154 2080 196 2107 se
219 2069 427 2119 obligandi
464 2070 688 2108 secundum
721 2069 902 2116 regulam
922 2079 932 2116 ;
954 2069 1015 2107 vel
1050 2069 1180 2108 inten-

154 2130 306 2168 tionem
323 2131 434 2169 illam
449 2131 594 2169 habuit
614 2131 720 2169 mala
740 2131 833 2176 fide,
858 2127 1002 2168 nolens
1018 2142 1058 2168 se
1079 2131 1181 2168 obli-

154 2202 250 2241 gare
272 2192 389 2241 juxta
410 2193 494 2231 vim
517 2204 681 2230 suorum
704 2191 919 2230 verborum
939 2220 951 2238 ,
972 2203 1044 2230 nec
1060 2192 1180 2241 juxta

153 2250 422 2291 intentionem
440 2253 659 2302 religionis,
681 2253 748 2291 sed
771 2265 842 2290 suo
864 2252 1058 2300 arbitrio;
1080 2253 1179 2291 etin

154 2311 230 2350 hoc
249 2313 344 2351 facit
362 2314 551 2364 religioni
574 2314 786 2364 injurium,
808 2317 1051 2364 teneturque
1073 2318 1179 2364 post-

155 2385 202 2412 ea
221 2374 491 2414 intentionem
513 2381 690 2422 mutare,
722 2380 761 2412 et
795 2386 934 2424 parere
970 2374 1173 2424 religioni.

154 2435 219 2474 Sic
237 2436 359 2473 etiam
380 2437 453 2484 (ut
479 2437 555 2474 hoc
573 2437 705 2474 obiter
724 2436 985 2482 adnotemus)
1011 2437 1177 2475 saecula-

154 2496 224 2542 ris,
243 2497 312 2547 qui
338 2501 458 2536 vovet
484 2498 644 2547 ingredi
668 2498 926 2543 Societatem,
949 2501 1109 2535 tenetur
1126 2498 1177 2536 ad

154 2555 262 2595 hunc
282 2558 509 2608 ingressum
536 2557 718 2597 absolute
734 2562 774 2596 et
793 2557 1044 2608 simpliciter,
1059 2559 1178 2608 juxta

153 2618 318 2657 modum
342 2624 382 2658 et
398 2620 631 2658 institutum
651 2620 743 2658 talis
762 2620 992 2665 r‹›li‹.=·i011is;
1018 2632 1090 2658 nec
1117 2632 1179 2659 sa-

154 2680 354 2718 tisfaceret
373 2693 445 2720 suo
465 2686 574 2729 voto,
604 2682 638 2719 si
670 2681 797 2719 nollet
820 2680 977 2730 ingredi
998 2681 1076 2718 nisi
1104 2681 1178 2719 suh

151 2741 423 2793 determinata
449 2742 698 2788 conditione,
720 2741 829 2792 quod
861 2742 911 2779 ad
945 2741 1068 2780 talem
1091 2754 1179 2791 gra-

155 2801 269 2849 dum,
287 2803 351 2842 vel
370 2803 420 2841 ad
439 2803 726 2853 professionem
746 2803 815 2841 tali
832 2807 1014 2852 tempore
1032 2804 1178 2842 admit-

154 2866 308 2901 teretur
325 2878 336 2911 ;
357 2865 451 2914 quia
482 2870 622 2902 votum
654 2865 754 2902 illud
785 2865 1016 2913 generalius
1044 2872 1083 2903 et
1114 2866 1176 2904 in-

154 2921 404 2962 differentius
432 2929 504 2971 est,
527 2929 567 2963 et
586 2925 673 2964 fieri
694 2930 880 2964 censetur
909 2925 952 2962 in
972 2936 1019 2963 eo
1039 2937 1174 2973 sensu,

155 2983 197 3022 in
215 2996 296 3034 qno
315 2985 522 3024 moraliter
540 2987 701 3037 impleri
720 2991 862 3036 potest,
876 2986 994 3036 juxta
1014 2986 1175 3024 institu-

154 3047 241 3083 tum
259 3044 351 3083 talis
373 3046 593 3096 religionis.
614 3047 885 3085 Nihilominus
902 3051 1038 3084 tamen
1058 3047 1090 3083 si
1107 3057 1175 3085 ex·

154 3116 290 3156 pressa
304 3106 476 3145 intentio
491 3109 672 3146 voventis
686 3109 826 3146 fuisset
842 3120 922 3146 non
940 3119 979 3145 se
997 3106 1175 3157 obligare

151 3166 206 3221 ἀεὶ
233 3168 476 3216 ingressum,
498 3169 576 3207 nisi
595 3169 668 3207 sub
697 3181 745 3207 ea
772 3169 1016 3215 conditione,
1036 3179 1176 3206 revera

153 3237 238 3266 non
264 3229 520 3268 contraheret
544 3232 738 3279 maj0rem
773 3229 1090 3278 obligationem3
1120 3227 1177 3266 si—

153 3289 318 3339 quidem
334 3290 503 3329 omnino
524 3289 665 3338 libere,
687 3294 728 3328 et
746 3290 834 3328 sine
853 3290 936 3327 ullo
951 3293 1066 3340 pacto
1083 3300 1176 3326 cum

152 3341 349 3400 religione
379 3350 578 3402 promisit,
611 3355 651 3389 et
684 3363 767 3389 non
806 3350 1027 3388 secundum
1059 3361 1176 3399 regu-

153 3408 253 3459 lam,
272 3411 340 3450 sed
364 3415 483 3462 prout
500 3411 658 3460 voluit3
681 3411 722 3449 in
744 3410 933 3461 praesenti
952 3414 1088 3447 autem
1109 3410 1175 3448 de—

150 3457 399 3512 'terminatur
410 3474 460 3513 ad
477 3477 631 3513 certum
649 3473 817 3512 modum
833 3472 1007 3511 vovendi
1027 3475 1067 3511 et
1086 3483 1174 3523 pro-

151 3520 343 3573 ¹mittendi
361 3535 586 3573 secundum
604 3536 804 3584 regulam.
969 3534 972 3537 ⁴

207 3594 251 3633 ⁷.
276 3595 419 3637 [Matio
438 3599 578 3638 eontra
589 3596 868 3649 praecedentem
884 3594 1170 3636 resolutionem.

513 229 590 263 Lm.
614 229 668 261 IV.
693 227 746 260 DE
767 227 886 262 vorls
907 228 1156 264 simrucmus
1177 229 1415 266 cAsTlTA‘rls
1435 232 1488 267 ΕΤ
1508 231 1802 271 murmanus,
1825 232 1916 267 me.

1239 318 1293 328 —
1306 297 1420 338 Dices
1439 309 1451 338 :
1474 310 1572 348 ergo
1586 297 1779 337 scholaris
1793 299 1838 338 in
1854 298 2055 339 'societate
2068 311 2185 351 appr
2205 307 2212 334 2³.
2230 305 2237 310 “

1238 361 1318 406 tus,
1340 358 1372 396 si
1390 363 1526 409 postea
1540 359 1669 398 solum
1687 359 1925 399 admittatur
1943 361 1993 398 ad
2014 355 2187 411 gradum

1239 419 1472 470 adjutorum
1493 420 1799 472 temporalium,
1820 421 2027 460 tenebitur
2061 421 2176 462 illum
2195 429 2279 469 &2²²-

1239 485 1414 531 ceptare,
1428 485 1474 519 ut
1492 481 1536 520 in
1555 494 1602 521 eo
1618 482 1831 530 formetur,
1851 487 1891 520 et
1919 481 1976 520 ibi
2003 495 2161 534 semper
2179 495 2286 531 maa,-

1237 547 1344 580 neat.
1366 542 1623 594 Consequens
1644 543 1793 582 durum
1809 543 1985 591 videtur,
2004 545 2098 595 quia
2113 545 2262 595 nullus,
2278 543 2279 546 ’

1237 603 1363 654 quiin
1385 604 1611 642 scholarem
1637 604 1908 655 approbatum
1943 605 2186 655 admittitur,
2203 605 2264 646 vi-

1235 664 1354 703 detur
1383 664 1532 704 habere
1558 666 1742 704 animum
1776 678 1817 705 se
1848 666 1898 704 ad
1938 666 2012 704 hoc
2037 665 2263 718 obligandi,
2287 715 2292 717 λ

1239 737 1370 775 neque
1391 725 1433 763 in
1463 726 1826 766 Constitutionibus
1844 728 2054 766 invenitur
2067 728 2264 778 explicata
2287 727 2294 761 Γ

1239 786 1327 825 talis
1347 786 1553 835 obligatio,
1577 800 1651 826 nec
1664 788 1910 828 sufficienter
1934 790 2125 827 indicata.
2150 789 2264 830 Unde

1237 849 1280 887 in
1301 848 1492 899 praedicto
1517 848 1676 886 decreto
1696 849 1872 887 secundo
1907 851 2059 900 quintae
2090 851 2264 900 Congre-
2289 859 2291 861 ’

1237 909 1427 960 gationis,
1450 908 1578 946 solum
1597 909 1744 947 dicitur
1760 910 1890 948 teneri
1907 911 2107 949 scholares
2130 911 2181 949 ad
2201 921 2263 950 ac·
2298 939 2303 964 3

1238 971 1480 1021 captandum
1502 970 1674 1019 gradum
1705 970 1992 1021 professorum,
2014 972 2077 1010 vel
2103 971 2262 1023 coadju-

1237 1036 1372 1070 torum
1394 1032 1688 1080 iormatorum3
1710 1031 1780 1068 ubi
1794 1032 1915 1081 juxta
1930 1032 2151 1083 subjectam
2181 1044 2262 1071 ma-

1237 1094 1398 1138 teriam,
1421 1092 1549 1130 solum
1570 1091 1823 1142 coadjutores
1839 1092 2068 1142 spirituales
2092 1092 2263 1143 intelligi

1236 1155 1442 1193 videntur.
1464 1154 1513 1192 Et
1546 1154 1653 1191 idem
1681 1154 1828 1191 clarius
1852 1153 2055 1199 colligitur
2079 1166 2128 1192 ex
2161 1155 2264 1194 Exa-
2308 1191 2311 1195 Δ
2343 1150 2346 1194 ’ζ

1236 1216 1361 1260 mine,
1390 1227 1426 1253 c.
1462 1216 1501 1260 7,
1528 1214 1597 1252 ubi
1627 1214 1869 1263 explicatur,
1892 1214 2087 1252 absolutis
2105 1216 2266 1264 studiis,
2311 1206 2349 1227 ““

1236 1277 1540 1328 professionem,
1554 1279 1625 1312 aut
1638 1280 1732 1312 vota
1746 1275 2045 1325 coadjutorum,
2066 1280 2184 1325 prout
2193 1276 2262 1315 So·
2323 1294 2325 1297 ·
2349 1285 2352 1291 ·

1236 1338 1359 1376 cietas
1386 1337 1572 1383 voluerit,
1601 1336 1868 1374 emittendam
1902 1341 2178 1382 esse;constat
2193 1349 2261 1376 au·
2322 1326 2352 1388 ξ’

1236 1403 1317 1438 tem
1335 1398 1530 1437 absolutis
1549 1397 1692 1436 studiis
1717 1409 1800 1435 non
1823 1409 1908 1437 esse
1929 1398 2152 1438 emittenda
2170 1402 2262 1438 vota

1236 1461 1518 1510 coadjutorum
1533 1458 1837 1509 temporalium.
2319 1450 2352 1466 '¹

1289 1523 1328 1562 8.
1362 1522 1577 1571 Responsio
1610 1522 1661 1560 ad
1691 1521 1912 1561 illationem
1931 1520 2115 1572 loquendo
2150 1532 2197 1560 ex
2220 1522 2262 1561 vi

1236 1585 1399 1634 πρωίας).
1416 1604 1468 1612 -
1490 1584 1531 1621 ln
1550 1583 1625 1620 hoc
1657 1582 1769 1633 loqui
1796 1595 2008 1633 possumus
2035 1585 2094 1621 vel
2125 1583 2174 1621 de
2192 1583 2261 1622 ab·
2322 1584 2323 1590 ’
2345 1579 2352 1593 ‘

1238 1645 1367 1683 solnta
1404 1643 1650 1692 obligatione
1685 1655 1734 1681 ex
1755 1643 1795 1681 vi
1819 1644 1917 1690 voti,
1942 1643 2004 1681 vel
2033 1643 2082 1681 de
2118 1644 2261 1694 majori

1239 1705 1488 1756 perfectione
1502 1717 1551 1742 ex
1572 1705 1610 1741 vi
1628 1704 1750 1742 etiam
1772 1704 1937 1754 regulae.
1959 1705 2178 1754 Loquendo
2195 1716 2261 1756 po—
2320 1752 2323 1759 1

1237 1766 1398 1805 steriori
1426 1765 1562 1812 modo,
1586 1773 1741 1803 certum
1758 1765 1944 1803 existimo
1961 1765 2089 1803 teneri
2113 1776 2262 1804 unum·
2315 1764 2317 1766 ’
2346 1779 2347 1786 ¹

1236 1839 1436 1879 quemque
1450 1827 1498 1865 ad
1508 1826 1799 1876 acceptandum
1814 1826 1922 1864 hunc
1933 1825 2262 1875 gradum.l‘rimo
2322 1869 2323 1873 ,
2348 1840 2352 1842 ·

1235 1889 1416 1940 quidem,
1440 1889 1535 1938 quia
1553 1888 1594 1924 in
1614 1889 1824 1934 Examine,
1844 1900 1879 1926 c.
1908 1889 1944 1931 1,
1963 1887 1985 1938 ἓ
2015 1889 2078 1933 11,
2096 1888 2258 1937 dicitur,

1235 1961 1378 1993 omnes,
1419 1949 1486 1998 qui
1518 1949 1766 1999 recipiuntur
1808 1947 1851 1985 in
1887 1947 2098 1996 Societate,
2134 1949 2262 1990 debere

1234 2013 1423 2061 quantum
1439 2012 1496 2048 est
1512 2020 1558 2047 ete
1573 2013 1687 2058 parte
1707 2020 1779 2047 sua
1797 2009 1952 2059 inqu-edi
1970 2009 2259 2059 indifferentes,

1233 2074 1278 2109 ut
1305 2071 1348 2108 in
1371 2081 1605 2121 quocumque
1625 2070 1754 2121 yradu
1774 2070 1861 2120 ejus
1878 2070 2045 2108 arbitrio
2068 2069 2260 2120 Superio-

1233 2132 1296 2170 ris
1328 2131 1638 2170 constituantur.
1679 2131 1772 2168 Haec
1814 2134 1951 2168 autem
1988 2130 2260 2170 indifferentia

1233 2204 1314 2231 non
1330 2191 1437 2238 ficte,
1463 2203 1533 2229 seu
1557 2191 1689 2229 verbis
1709 2195 1885 2239 tantum,
1915 2191 1986 2229 sed
2018 2203 2111 2230 vere
2151 2197 2260 2231 etex

1234 2254 1372 2292 animo
1392 2253 1634 2303 postulatur,
1650 2257 1695 2289 ut
1714 2252 1834 2290 latius
1846 2252 1890 2290 in
1909 2264 1997 2302 cap.
2020 2257 2163 2290 octavo
2190 2265 2259 2292 ex·
2316 2274 2324 2278 -

1232 2315 1419 2367 plicatur.
1453 2315 1501 2353 Et
1523 2316 1564 2351 in
1601 2326 1688 2364 cap.
1719 2314 1878 2364 quinto,
1918 2313 2003 2364 §8‚
2028 2314 2258 2364 specialiter

1233 2376 1472 2426 explicatur.
1492 2374 1809 2412 indifferentiam
1824 2375 1930 2412 hanc
1944 2375 2066 2413 etiam
2087 2375 2138 2412 ad
2159 2388 2258 2426 prae·
2333 2374 2352 2422 ζ

1231 2437 1378 2474 dictam
1402 2437 1686 2483 mutationem,
1704 2440 1750 2473 ut
1768 2436 1826 2474 sic
1853 2437 2001 2480 dicam,
2029 2437 2256 2476 extenden-
2333 2430 2345 2455 '⁶

1231 2498 1324 2536 dam
1353 2509 1463 2542 esse3
1487 2509 1533 2535 ac
1551 2496 1721 2547 proinde
1753 2496 1908 2534 includi
1927 2497 2088 2535 videtur
2107 2498 2149 2535 in
2169 2498 2256 2549 ipsa
2328 2487 2332 2498 ἒ

1233 2559 1508 2608 assumptione
1529 2557 1679 2607 gradus
1704 2557 1910 2605 scholaris,
1931 2557 1995 2595 vel
2010 2558 2256 2607 coadjutoris

1232 2619 1458 2670 approbati,
1487 2622 1672 2668 respectu
1718 2620 2009 2667 cujuscumque
2054 2618 2255 2657 ulterioris

1233 2681 1397 2731 gradus,
1416 2680 1534 2729 cujus
1550 2680 1673 2717 tuerit
1697 2679 1918 2717 secundum
1938 2678 2254 2719 Constitutiones

1233 2751 1386 2791 capax3
1410 2752 1506 2790 ergo
1530 2751 1579 2777 ex
1611 2741 1652 2777 vi
1671 2739 1820 2788 regulae
1840 2743 1879 2777 et
1901 2739 2076 2776 instituti
2096 2744 2254 2779 tenetur

1232 2803 1322 2853 quis
1342 2812 1501 2850 semper
1520 2811 1603 2838 esse
1637 2799 1680 2836 in
1706 2811 1753 2837 ea
1784 2799 2077 2850 praeparatione
2107 2801 2250 2841 animi.

1230 2865 1287 2902 Eo
1307 2863 1369 2901 vel
1391 2861 1567 2900 maxime
1587 2859 1695 2910 quod
1718 2859 1788 2898 illa
1813 2872 1895 2898 non
1929 2865 1987 2898 est
2022 2862 2193 2901 mutatio
2208 2862 2254 2902 in

1229 2924 1315 2975 ipso
1346 2927 1452 2961 statu
1489 2933 1559 2960 seu
1585 2920 1714 2971 gradu
1737 2920 1961 2971 religionis,
1983 2927 2183 2972 quantum
2201 2923 2254 2963 ad

1228 2983 1455 3029 vinculum,
1468 2983 1537 3021 sed
1552 2982 1682 3020 solum
1698 2987 1895 3032 qnantum
1911 2983 1959 3020 ad
1979 2983 2254 3023 ministerium

1227 3057 1298 3085 seu
1316 3043 1646 3093 occupationem3
1663 3054 1758 3081 nam
1775 3043 1908 3093 quoad
1921 3043 2127 3081 vinculum
2144 3044 2254 3083 idem

1228 3106 1397 3146 omnino
1415 3115 1476 3143 est
1493 3104 1685 3142 scholaris
1704 3103 1931 3154 approbati,
1955 3107 1995 3142 et
2008 3104 2253 3153 coadjutoris

1228 3166 1462 3217 temporalis
1494 3167 1616 3204 etiam
1643 3164 1870 3216 approbati,
1898 3169 1938 3203 et
1965 3165 2151 3204 nondum
2169 3165 2252 3205 for-

1230 3228 1352 3272 mati:‚
1374 3232 1413 3266 et
1439 3226 1622 3266 similiter
1641 3226 1749 3264 idem
1769 3226 1936 3264 omnino
1962 3230 2020 3263 est
2042 3226 2250 3266 vinculum

1230 3290 1524 3339 coadjutorum,
1546 3292 1628 3326 tam
1664 3287 1936 3339 spiritualium
1955 3299 2075 3337 quam
2095 3291 2250 3338 tempo-

1228 3350 1399 3399 ralium3
1420 3349 1548 3389 solum
1582 3360 1679 3399 ergo
1711 3349 1755 3387 in
1774 3348 2001 3387 actionibus
2019 3352 2079 3387 est
2112 3347 2250 3387 discri-

1228 3423 1335 3451 men.
1360 3413 1411 3450 At
1431 3423 1526 3450 vero
1536 3415 1736 3461 quantum
1755 3410 1806 3449 ad
1824 3411 2016 3458 actiones,
2037 3413 2078 3449 ct
2092 3408 2245 3459 regula,
2301 3454 2306 3457 ,

1227 3476 1267 3511 et
1298 3472 1488 3523 perfectio
1513 3472 1754 3511 obedientiae
1781 3471 1957 3523 postulat
1987 3474 2034 3509 ut
2062 3472 2248 3520 ,acceptet

1226 3533 1373 3584 aliquis
1416 3533 1586 3572 inferius
1627 3533 1913 3580 ministerium,
1951 3531 2072 3570 etiam
2106 3530 2248 3570 relicto

1227 3594 1306 3635 alio
1342 3595 1492 3645 altiori,
1522 3594 1588 3634 vel
1615 3587 1907 3634 honorabiliori
1919 3602 1934 3644 3
1954 3603 2051 3644 ergo
2082 3602 2176 3631 cum
2200 3591 2247 3631 in
