2352 3880
94 140 107 157 ,,
138 139 159 156 „
232 143 234 145 ,

25 188 107 293 {⁴5
132 214 138 218 ·

28 292 166 349 mQ
179 270 372 335 &mdc
390 292 560 332 mortio
581 291 789 343 bipartita.
791 292 973 334 —Prior
989 306 1086 348 pars

169 354 295 396 ditur.
296 352 454 393 -Dieo
473 352 678 393 secundo:
691 352 738 392 in
747 355 861 392 statu
874 354 1084 408 religioso,

26 354 40 456 1
114 417 177 456 ‘oe
206 413 301 455 finis
331 418 395 454 est
420 425 505 454 non
532 414 669 454 solum
685 414 984 466 contemplari,
1013 415 1088 457 sed

27 477 185 520 ianam
214 476 493 528 contemplata
523 475 615 515 aliis
643 474 823 524 tradere,
853 478 1087 519 necessaria

29 555 37 579 ι.
56 542 123 583 ut
137 550 222 578 non
241 537 422 590 vulgaris
441 536 627 584 scientia,
654 535 727 576 sed
745 536 929 587 perfecta
947 549 1088 580 rerum

31 624 36 627 <
54 601 246 643 omnium
257 630 270 649 ,
305 611 398 651 quae
415 598 469 637 ad
486 598 615 638 fidem
635 602 676 637 et
693 610 832 638 mores
851 601 1085 651 pertinent,

55 674 108 704 ac
126 662 298 714 proinde
316 660 597 700 necessarium
615 660 739 699 etiam
761 665 823 700 est
842 666 888 701 ut
905 663 1088 714 religiosi

31 741 34 743 ’
55 722 294 775 hujusmodi
327 721 507 762 scientiae
539 721 722 772 perfecte
756 724 1018 773 acquirendae
1043 725 1086 764 in

48 786 128 827 sali
169 786 275 824 statu
310 782 506 834 religioso
547 783 803 823 incumbant.
841 786 956 824 Prior
990 798 1086 837 pars

54 846 161 887 adeo
189 849 249 885 est
279 845 477 893 evidens,
503 849 550 884 ut
569 858 653 884 non
677 851 798 897 egeat
825 848 1082 898 probatione.

55 907 158 956 Quia
182 918 305 946 nemo
333 910 468 958 potest
488 907 590 946 alios
610 908 791 956 doceres
803 908 835 947 si
856 909 943 961 ipse
966 911 1086 962 igno-

53 981 152 1010 rans
178 970 250 1016 sit;
279 968 490 1020 quomodo
511 970 622 1008 enim
640 970 792 1021 poterit
811 975 972 1011 mentes
991 973 1086 1011 illu-

53 1031 228 1075 minare,
250 1030 320 1081 qui
339 1030 382 1068 in
405 1030 588 1069 tenebris
613 1034 814 1079 versatur,
838 1037 908 1071 ant
928 1033 1086 1073 haereti«

54 1091 117 1133 eis
127 1092 335 1139 resistere,
356 1096 428 1132 aut
442 1093 646 1132 rationem
663 1094 767 1144 ejus,
790 1104 883 1143 quae
901 1095 943 1132 in
966 1095 1085 1134 nobis

53 1155 133 1200 est,
166 1153 265 1192 fidei
292 1154 482 1201 reddere,
514 1158 586 1193 aut
615 1154 794 1193 morales
823 1155 1085 1196 difficultates

54 1219 319 1255 occurrentes
347 1215 596 1262 dissolvere,
631 1219 672 1254 et
703 1215 895 1254 omnibus
928 1217 1086 1256 satisfa-

55 1287 166 1325 cere,
188 1277 265 1316 nisi
282 1277 324 1316 in
340 1279 515 1326 utraque
527 1277 775 1327 Theologica
793 1277 994 1327 doctrina,
1013 1291 1086 1331 po-

56 1337 175 1376 sitiva
203 1342 244 1377 et
264 1338 503 1377 scholastica
524 1367 534 1385 ‚
571 1338 821 1388 speculativa
853 1343 894 1378 et
921 1340 1084 1388 morali,

54 1400 154 1439 satis
169 1400 391 1438 instructus
407 1399 480 1438 sit‘l
495 1399 719 1439 Confirmat
734 1401 813 1439 hoc
827 1402 875 1438 D.
889 1401 1083 1449 Thomas,

56 1471 108 1499 ex
124 1460 193 1499 illo
206 1462 224 1499 1
244 1461 296 1499 ad
308 1461 487 1499 Timoth.
504 1461 530 1498 4
547 1472 556 1499 :
580 1462 686 1500 Dum
700 1461 824 1509 venie,
844 1463 998 1502 attende
1014 1463 1087 1503 lec-

55 1522 172 1569 tioni,
186 1522 453 1562 exhortationi
469 1525 503 1562 et
525 1522 733 1568 doctrinoe;
745 1535 843 1560 nam
860 1523 982 1562 dictio
999 1523 1083 1572 illa,

53 1582 228 1628 lectioni,
252 1584 414 1634 passive
446 1583 506 1634 (ut
530 1583 587 1622 sic
608 1583 758 1633 dicam)
787 1588 827 1622 et
850 1596 934 1622 non
958 1586 1088 1624 active

55 1643 323 1695 intelligenda
344 1649 420 1693 est,
444 1645 487 1683 id
507 1652 583 1693 est,
610 1657 694 1684 non
715 1645 768 1683 ad
787 1645 968 1684 fructum
989 1646 1088 1686 alio*

56 1716 165 1753 rum,
196 1706 274 1745 1100
302 1706 412 1745 0111111
439 1706 492 1744 ad
525 1706 756 1745 doctrinam
786 1707 980 1757 pertinet,
1016 1706 1091 1748 sed

57 1767 264 1818 pascendo
284 1768 485 1818 teipsum,
510 1770 555 1806 ut
570 1772 681 1806 recte
699 1767 754 1806 1bi
775 1768 964 1819 adjunxit
979 1769 1094 1821 Caje-

58 1830 162 1875 tan„
187 1832 226 1866 et
246 1828 474 1878 Theophyl.
497 1828 551 1866 ibi
572 1832 683 1867 recte
704 1829 857 1879 colligit
875 1843 884 1867 ε
911 1829 964 1870 Si
981 1830 1089 1871 Pau-

56 1888 122 1929 lus
135 1889 384 1928 Timotheum
403 1889 516 1939 jubet
534 1889 755 1928 incumbere
769 1890 932 1930 lectioni
949 1889 1092 1942 Scrip-

58 1954 257 1998 wrarum,
270 1951 368 2000 quid
381 1962 452 1989 nos
467 1950 631 2002 posthac
649 1952 780 1998 facere
797 1951 899 1990 decet
918 1951 937 1989 ?
955 1952 1004 1990 Et
1022 1951 1091 1991 ad-

52 2010 144 2052 dit:
168 2010 270 2058 Quin
302 2011 420 2051 etiam
452 2010 535 2062 ipse
565 2010 725 2051 Paulus
756 2011 810 2051 ad
831 2012 950 2062 finem
969 2024 1091 2064 usque

55 2073 151 2114 vitoe
165 2084 261 2118 suoe,
277 2071 448 2123 leqendis
467 2072 597 2112 sacris
610 2071 805 2118 incubuit,
823 2072 918 2124 quia
934 2076 972 2113 et
987 2073 1090 2114 alios

59 2134 113 2174 ad
142 2133 245 2172 illud
274 2133 447 2172 studium
483 2133 778 2174 cohortabatur.
815 2133 872 2171 Ac
908 2133 1090 2186 denique

59 2196 108 2235 D.
125 2196 303 2233 Thomas
323 2206 372 2233 ex
393 2195 470 2234 hoc
488 2199 631 2245 patere
650 2194 872 2243 concludit,
890 2196 1003 2245 quod
1023 2209 1092 2236 ex·

59 2257 217 2296 hortari
234 2260 274 2295 et
292 2256 440 2294 docere
466 2256 698 2295 volentibus
718 2268 1000 2295 necessarlum
1031 2262 1092 2297 est

60 2317 249 2357 lectionis
272 2317 452 2356 studium
471 2347 481 2365 ,
517 2321 557 2356 et
577 2318 696 2357 affert
716 2317 817 2356 illud
836 2317 1023 2369 Gregorii
1049 2319 1092 2357 in

63 2378 290 2427 Pastor-ali,
315 2390 355 2429 p.
376 2380 418 2424 2,
439 2391 475 2417 c.
497 2379 569 2418 ult.
596 2391 604 2418 :
628 2379 795 2422 Necesse
814 2383 872 2419 est
892 2383 937 2420 ut
954 2381 1024 2432 qui
1043 2382 1095 2421 ad

65 2441 247 2490 officium
264 2440 566 2492 praedicationis
587 2442 808 2489 excubant,
832 2453 857 2481 a
877 2453 1004 2482 sacroe
1023 2443 1095 2482 lec-

63 2502 186 2543 tionis
207 2502 338 2541 studio
357 2513 436 2540 non
454 2502 650 2543 recedant.
686 2503 762 2541 Per
784 2503 1003 2541 lectionem
1023 2516 1096 2541 au-

63 2565 148 2602 tem
167 2563 212 2600 in
235 2562 299 2601 his
331 2566 371 2601 et
403 2563 603 2602 similibus
636 2563 736 2602 locis
768 2564 942 2614 intelligi
974 2565 1097 2604 debet

65 2636 187 2664 omne
207 2624 390 2663 studium
416 2624 609 2663 doctrinae
635 2637 760 2665 sacrae
781 2626 833 2665 ad
854 2626 1096 2666 ecclesiasti-

63 2697 160 2726 cum
181 2698 255 2724 seu
278 2685 516 2736 religiosum
537 2697 688 2724 munus
711 2698 858 2725 necess
861 2687 1010 2736 arium,
1031 2688 1095 2726 vel

66 2747 422 2811 accommodatum
448 2747 502 2786 ad
538 2747 816 2786 exhortandos
846 2748 911 2786 vel
942 2749 1095 2788 docen-

147 2808 368 2859 proximos
393 2808 434 2846 in
463 2807 588 2847 rebus
609 2808 801 2847 omnibus
824 2809 878 2847 ad
897 2809 1022 2848 fidem
1055 2814 1094 2849 et

159 2881 204 2909 es
225 2881 368 2910 eorum
389 2869 700 2920 pertinentibus.
738 2869 804 2910 Sic
822 2870 933 2909 enim
952 2875 992 2909 et
1011 2883 1095 2910 non

55 2927 171 2995 Q
201 2931 364 2983 explere
394 2932 543 2983 poterit
566 2932 751 2971 minister
770 2933 1063 2984 evangelicus
1053 2944 1095 2972 111

57 3002 182 3039 nm
196 2993 370 3032 materia
389 2997 640 3045 praeceptum
662 2995 861 3045 Apostoli,
889 2994 942 3033 ad
960 2995 1096 3035 Titum

68 3053 123 3095 2:
137 3047 211 3095 ‘Tu
232 3054 384 3107 loquere
402 3067 489 3108 quoe
510 3057 640 3097 decent
658 3068 802 3097 sanam
819 3056 1054 3097 doctrinam.

123 3116 165 3155 7.
192 3115 278 3156 Pro
307 3117 522 3168 posteriori
553 3118 788 3158 ostendenda
819 3123 1096 3172 supponuntur

72 3175 163 3217 duo.
198 3197 250 3204 —-
282 3177 331 3215 Et
354 3177 450 3217 hinc
470 3178 590 3218 facile
612 3180 811 3231 probatur
830 3180 962 3218 altera
983 3192 1093 3230 pars,

74 3237 347 3287 supponendo
364 3237 448 3278 dno
468 3244 598 3289 certa,
622 3245 662 3280 et
682 3241 892 3281 moraliter
910 3254 1100 3283 necessa-

68 3297 159 3338 ria:
182 3309 312 3336 unum
333 3301 418 3346 est,
445 3311 530 3339 non
548 3313 669 3352 posse
689 3303 732 3342 in
750 3303 989 3354 hujusmodi
1006 3303 1102 3343 reli-

74 3358 199 3411 gione
215 3358 343 3410 recipi
359 3370 519 3408 omnes,
536 3361 644 3402 viros
661 3369 894 3414 provectos,
921 3367 962 3403 et
979 3364 1024 3403 in
1041 3363 1103 3404 di·

73 3419 182 3461 vinis
199 3419 347 3460 litteris
365 3421 615 3461 sufficienter
638 3423 858 3465 instructos
882 3425 936 3465 ad
955 3424 1103 3464 exhor-

72 3481 248 3522 nudum
267 3485 309 3522 et
328 3481 561 3522 docendum
580 3483 709 3532 alios;
729 3486 843 3536 quod
867 3486 958 3537 ipsa
980 3497 1104 3537 expe-

45 3558 49 3561 <
70 3540 225 3584 atentia
239 3543 338 3583 satis
356 3547 530 3592 constat,
546 3544 645 3585 etin
661 3546 956 3596 superioribus,
976 3547 1050 3586 1111.
1062 3548 1102 3595 3,

70 3604 177 3651 βά,
197 3615 242 3645 ιι.
262 3605 307 3652 2,
323 3606 480 3645 tactum
508 3609 593 3653 est,
617 3609 660 3646 et
678 3605 723 3646 in
740 3605 1103 3647 constitutionibus

425 226 518 261 GAP.
539 226 569 261 1.
589 225 647 260 An
667 225 714 260 m
728 224 958 263 smmum
975 228 1073 263 sest]
1093 227 1251 264 surus
1271 229 1437 272 ALtQms
1454 231 1707 275 nnnmmsus,
1730 233 1823 269 21⁷st

1140 293 1384 344 Societatis,
1407 299 1451 336 et
1468 297 1596 337 Bullis
1615 299 1868 340 Pontificiis
1855 312 1902 340 m
1919 301 2094 353 speciali
2117 307 2178 344 est

1140 355 1399 403 adnotatum,
1419 360 1466 396 ut
1482 357 1637 398 ibidem
1652 360 1846 402 diximus.
1865 363 1990 403 Aliud
2009 368 2088 412 est,
2105 364 2178 404 hu·

1137 416 1324 468 jusmodi
1345 418 1575 458 doctrinam
1604 431 1682 460 5011
1700 422 1917 463 scientiam
1936 436 2023 464 non
2041 437 2134 466 esse
2152 437 2178 466 a

1142 479 1231 519 Deo
1249 479 1497 518 miraculose
1518 481 1744 531 petendam
1776 488 1816 523 et
1848 487 2176 537 expectandam3

1143 549 1228 578 11011
1247 540 1358 580 0111111
1377 545 1472 580 sunt
1487 541 1580 580 haec
1598 542 1732 593 signa,
1761 548 1832 583 aut
1852 548 2177 589 extraordinaria

1143 613 1271 653 opera
1300 614 1414 642 nunc
1439 603 1631 642 Ecclesiae
1657 606 1908 654 necessaria,
1938 608 2012 647 sed
2038 609 2179 650 labore

1143 665 1187 702 ct
1210 663 1411 703 industria
1442 676 1537 703 cum
1569 664 1708 704 divina
1730 666 1863 716 gratia
1899 671 2178 719 comparanda

1142 727 1219 772 est,
1235 725 1355 775 juxta
1371 725 1475 764 illud
1493 726 1763 777 Hieronymi,
1791 727 1909 778 epist.
1928 730 1955 767 4
1971 729 2024 767 ad
2045 732 2178 771 Rusti-

1141 798 1266 826 cum:
1298 788 1402 828 Hoec
1427 788 1524 834 dico,
1546 792 1592 828 ut
1611 789 1772 829 etiamsi
1789 789 2004 830 clericatus
2021 794 2057 831 te
2077 794 2179 833 titil-

1141 847 1202 888 lat
1215 849 1468 897 desiderium,
1489 850 1620 890 discas
1636 850 1884 902 quodpossis
1901 851 2046 896 docere,
2063 856 2100 892 et
2113 866 2177 895 ra-

1141 909 1365 949 tionabilem
1399 911 1575 950 nostiam
1603 913 1750 963 offeres
1781 910 1959 961 Christo,
1993 924 2041 952 ne
2067 914 2178 955 miles

1142 973 1351 1021 antequam
1374 975 1465 1022 tyro
1485 1001 1496 1018 ,
1527 983 1595 1012 nec
1610 971 1734 1023 {prius
1763 973 1958 1023 maqister
1984 973 2043 1014 sis
2060 986 2180 1027 quam

1141 1031 1376 1083 discipulus.
1399 1034 1447 1072 Et
1469 1032 1576 1071 infra
1595 1046 1604 1071 :
1627 1034 1758 1074 Multo
1778 1037 1946 1085 tempore
1962 1035 2067 1076 disce
2080 1038 2183 1088 quod

1142 1092 1291 1133 doceas.
1314 1094 1380 1133 Sic
1400 1095 1526 1133 etiam
1547 1095 1647 1134 dixit
1667 1095 1932 1134 Innocentius
1950 1097 1982 1143 1,
2012 1097 2055 1135 in
2073 1099 2181 1150 epis-

1141 1153 1224 1192 tola
1243 1156 1309 1202 12,
1331 1159 1371 1194 et
1386 1156 1563 1195 hahetur
1579 1156 1618 1195 d.
1639 1158 1706 1205 61,
1727 1169 1817 1208 cap.
1837 1157 1882 1196 4:
1905 1158 2104 1200 Miserum
2122 1164 2182 1201 est

1141 1225 1227 1255 eum
1258 1217 1498 1270 maqistrum
1530 1218 1639 1267 fieri,
1674 1219 1745 1270 qui
1773 1231 1977 1270 nunquam
2009 1221 2182 1274 discipu-

1142 1276 1206 1316 lus
1226 1278 1324 1325 fuit.
1349 1279 1465 1324 Quod
1484 1280 1609 1318 etiam
1629 1279 1756 1319 habet
1773 1281 1956 1327 Boetius,
1975 1281 2019 1319 in
2031 1282 2104 1322 lib.
2129 1285 2181 1324 de

1143 1336 1366 1388 Disciplina
1392 1341 1656 1387 scholarium,
1680 1353 1717 1379 c.
1739 1343 1780 1387 2,
1806 1345 1847 1380 et
1862 1341 1916 1380 ad
1937 1343 2014 1381 hoc
2033 1356 2181 1396 propo-

1145 1397 1267 1437 situm
1300 1401 1493 1452 expendit
1521 1402 1854 1453 Theophylactus
1887 1405 2061 1444 verbum
2082 1407 2183 1447 illud

1144 1459 1258 1498 Pauli
1290 1462 1344 1500 ad
1377 1463 1640 1502 Timotheum
1682 1476 1691 1502 ε
1730 1464 1837 1504 Dum
1871 1467 1998 1513 venio,
2029 1472 2184 1510 attende

1143 1520 1317 1570 lectioni,
1346 1523 1489 1563 dicens
1516 1538 1526 1562 z
1561 1524 1686 1565 Addit
1719 1526 1755 1564 ei
1789 1525 1965 1566 animum
1995 1540 2069 1580 per
2097 1530 2180 1577 noc,

1143 1584 1247 1634 quod
1261 1584 1360 1625 dicit
1375 1602 1390 1623 .·
1410 1587 1516 1625 Dum
1531 1598 1683 1633 vener-0,
1701 1598 1807 1636 spem
1822 1589 1972 1637 faciens
1989 1590 2024 1628 ei
2047 1595 2184 1631 ‘eentu-

1143 1655 1235 1684 rum
1254 1650 1548 1697 praeceptorem.
1593 1647 1818 1689 Verisimile
1842 1651 1948 1689 enim
1969 1656 2055 1691 erat
2081 1665 2181 1702 eum,

1144 1707 1217 1757 qui
1234 1712 1475 1758 praeceptore
1511 1709 1673 1749 orbatus
1705 1714 1818 1757 esset,
1850 1711 2026 1752 Paulum
2055 1714 2185 1766 requi-

1147 1779 1246 1807 rere.
1269 1768 1396 1819 Cujus
1410 1772 1541 1809 autem
1557 1769 1615 1809 rei
1628 1770 1766 1822 qratia
1779 1771 1912 1810 dixit:
1932 1774 2039 1813 Dum
2058 1777 2186 1821 venio,-

1143 1838 1223 1878 par
1233 1832 1333 1875 erat,
1349 1842 1435 1869 cum
1448 1831 1532 1882 ipse
1539 1832 1704 1881 juvenis
1718 1835 1830 1879 esset,
1841 1833 1970 1873 matta
1981 1836 1994 1873 i
1996 1847 2184 1886 qnorare,

1147 1900 1328 1941 eqereque
1346 1902 1430 1930 eum
1445 1892 1664 1941 proesentia
1685 1892 1824 1939 Pauli,
1843 1897 1889 1932 ut
1904 1895 1987 1934 leoee
2005 1897 2182 1938 disceret.

1146 1949 1221 1990 Ait
1240 1952 1375 2002 itaque
1390 1969 1404 1989 .·
1423 1953 1584 1991 Interea
1608 1953 1700 1991 dum
1725 1964 1876 2000 venero,
1895 1954 1978 2005 leqe
1999 1955 2187 2009 Scriptu-

1145 2022 1229 2058 ras,
1251 2013 1287 2050 et
1305 2012 1394 2052 inde
1410 2012 1580 2060 habebis,
1597 2016 1644 2053 ut
1652 2013 1744 2064 fieri
1755 2017 1899 2063 potest,
1919 2017 2188 2067 leqistationes

1146 2076 1182 2112 et
1196 2077 1395 2124 proecepta
1444 2077 1654 2126 postquam
1675 2078 1804 2114 autem
1831 2088 1967 2117 venero
1982 2108 1995 2127 ‚
2020 2091 2088 2130 eqo
2113 2083 2187 2122 tibi

1145 2145 1357 2185 suqqeram
1374 2134 1542 2186 reliqua.
1566 2135 1697 2180 Quam
1713 2135 2058 2185 ponderationem
2078 2141 2187 2181 vide-

1147 2199 1213 2234 tur
1249 2196 1583 2247 Theopliylactus
1617 2198 1841 2247 sumpsisse
1869 2210 1923 2237 ex
1945 2200 2187 2252 Chrysosto-

1150 2268 1231 2305 mo,
1255 2257 1324 2308 qui
1343 2257 1455 2295 hom.
1482 2259 1531 2296 13
1553 2258 1719 2297 brevius
1741 2271 1834 2299 eam
1857 2260 2096 2310 insinuavit,
2120 2265 2184 2303 di-

1149 2330 1261 2366 cens,
1280 2319 1388 2357 circa
1403 2319 1514 2358 idem
1531 2320 1727 2358 verbum:
1748 2322 1856 2361 Dum
1869 2335 2007 2363 venero
2022 2342 2039 2371 ;
2050 2326 2186 2375 proei-

1149 2381 1377 2421 dentissime
1392 2385 1567 2433 profecto
1587 2383 1631 2421 id
1643 2384 1797 2433 posuit,
1820 2384 2050 2437 solaturque
2066 2386 2187 2428 disei-

1146 2442 1287 2492 pulum
1298 2460 1313 2489 ;
1326 2444 1418 2493 fieri
1445 2444 1545 2483 enim
1566 2445 1786 2484 necessario
1808 2446 1960 2494 debuit,
1995 2451 2041 2488 ut
2061 2450 2186 2489 deser-

1151 2507 1234 2542 tum
1254 2515 1293 2543 se
1311 2515 1358 2542 ac
1374 2508 1539 2552 parente
1559 2506 1792 2545 destitutum
1805 2509 1997 2557 putaret,
2021 2510 2103 2549 nisi
2119 2510 2186 2551 ille

1151 2576 1266 2604 suum
1298 2564 1551 2616 polliceretur
1588 2566 1810 2606 adventum.
1850 2568 2007 2616 Quibus
2041 2571 2186 2622 adjun—

1152 2638 1249 2677 gere
1277 2637 1500 2676 possumus
1517 2655 1530 2674 ,
1570 2637 1663 2677 quae
1701 2627 1825 2677 paulo
1867 2630 2039 2670 inferius
2073 2633 2186 2672 idem

1150 2687 1465 2738 Chrysostomus
1486 2687 1598 2726 addit
1626 2699 1636 2728 z
1663 2689 1758 2730 Ista
1780 2693 1956 2740 profecto
1977 2692 2183 2733 Timotheo

1149 2749 1240 2789 dum
1258 2749 1451 2802 loquitur,
1474 2762 1604 2790 omnes
1623 2751 1840 2791 salubriter
1863 2754 2065 2799 aenum,-
2083 2755 2187 2806 quod

1149 2811 1186 2850 si
1217 2810 1306 2858 hic,
1346 2812 1416 2862 qui
1448 2815 1623 2852 mortuos
1655 2811 1875 2861 oscitabat,
1911 2814 1992 2855 lzoec
2033 2818 2186 2856 monita

1150 2872 1287 2916 edidit,
1311 2872 1411 2923 quid
1426 2883 1495 2911 nos
1511 2872 1603 2923 jam
1623 2873 1764 2912 miseri
1781 2874 1930 2914 dicturi
1948 2887 2086 2916 sumus
2105 2877 2125 2915 ἓ
2145 2875 2186 2916 Si

1150 2945 1250 2984 ergo
1279 2934 1518 2972 Timotheus
1549 2933 1761 2985 indigebat
1796 2935 1963 2975 doctore
1998 2940 2038 2977 et
2070 2937 2187 2977 disci-

1150 2994 1279 3046 plina,
1304 2994 1405 3044 quid
1429 2995 1582 3033 mirum
1614 2999 1690 3043 est,
1721 2996 1834 3047 quod
1854 2997 2054 3049 religiosi,
2083 3011 2188 3050 prae-

1151 3056 1292 3095 sertim
1311 3057 1386 3104 illi,
1406 3057 1477 3107 qui
1496 3057 1625 3096 futuri
1646 3061 1741 3096 sunt
1760 3058 1934 3097 ministri
1955 3060 2187 3112 Evangelii,

1151 3118 1333 3166 doctore,
1355 3118 1488 3157 studio
1509 3131 1557 3157 ac
1577 3119 1794 3170 disciplina
1817 3119 2063 3171 indigeant?

1204 3181 1243 3219 8.
1278 3179 1537 3220 Concluditur
1555 3181 1647 3232 jam
1671 3181 1867 3233 posterior
1882 3194 1982 3235 pars
2003 3182 2189 3223 assertio-

1153 3240 1235 3281 nis.
1252 3263 1305 3269 —
1323 3242 1383 3279 Ex
1400 3241 1465 3280 his
1486 3254 1585 3294 ergo
1605 3242 1767 3281 duobus
1789 3243 2000 3294 principiis
2022 3244 2187 3283 eviden-

1153 3305 1217 3342 ter
1233 3302 1513 3351 concluditur,
1542 3304 1745 3355 optimum
1765 3316 1856 3344 esse
1871 3305 2106 3355 religiosam
2123 3306 2187 3353 Ju-

1154 3368 1369 3404 ventutem
1384 3364 1530 3404 studiis
1548 3365 1781 3405 litterarum
1802 3378 2013 3405 sacrarum
2032 3366 2187 3403 incum-

1155 3425 1276 3473 bere;
1307 3426 1404 3478 quia
1423 3427 1478 3466 ad
1496 3439 1665 3467 omnem
1683 3427 1812 3467 finem
1830 3427 1960 3478 ipsius
1977 3423 2188 3474 religionis
2242 3467 2254 3481 ⁸

1155 3487 1439 3527 necessarium
1456 3492 1519 3527 est
1535 3501 1547 3535 ;
1563 3492 1604 3528 et
1617 3488 1784 3527 aliunde
1797 3487 1911 3526 nulla
1928 3497 1978 3524 ex
1990 3488 2106 3536 parte
2124 3494 2190 3522 re—

1156 3552 1316 3600 pugnat
1333 3549 1573 3600 perfectioni
1590 3549 1682 3589 talis
1703 3553 1848 3594 status,
1869 3550 1915 3585 ut
1923 3546 2015 3595 jam
2033 3547 2189 3585 tactum

1161 3612 1238 3656 est,
1258 3613 1305 3649 et
1316 3610 1609 3658 respondendo
1627 3609 1682 3648 ad
1703 3607 1955 3648 obiectiones
1973 3605 2191 3648 confirma·
