2352 3880
0 273 2 299 t
22 264 89 307 ‹r's

0 303 405 431 :wemma
424 323 515 373 est3
541 326 584 362 et
602 321 711 371 ideo,
739 321 834 360 lieet
848 333 993 361 verum
1010 322 1082 370 sit,

32 381 39 409 Γ
69 374 83 380 ”
132 387 184 423 ‘te
210 383 278 422 ilio
299 383 449 433 judicio
463 413 476 432 ,
498 395 582 422 non
601 383 748 422 dehere
765 381 972 422 subditum
989 382 1087 422 ohe-

31 444 140 498 :titre
162 473 173 492 ‚
205 445 475 484 nihilominus
494 444 636 494 regula
655 443 725 483 illa
748 447 858 482 recte
880 443 1084 484 intellecta

24 505 297 559 generantes·
312 512 357 545 et
371 507 459 545 sine
476 506 714 556 exceptione
729 516 829 543 vera
847 512 920 544 est.

102 567 168 607 22.
198 568 446 621 Eoeplieatur
474 567 648 619 amplius
677 567 781 618 quod
802 579 904 607 nune
934 568 1080 618 dictum

9 630 175 686 §gestae
194 631 312 670 dubio
326 630 510 679 positivo.
532 649 586 658 —
605 628 719 667 Addo
742 640 855 677 vero,
885 629 1008 668 etiarn
1035 628 1079 668 in

49 701 97 730 eo
116 702 210 729 casu
230 689 568 729 considerandum
590 701 688 736 esse,
710 702 764 728 an
781 691 952 729 materia
967 689 1080 730 illius

47 750 288 791 obedientiae
301 751 508 801 judicetur
524 750 596 789 ino
612 751 736 789 modo
757 752 972 791 intrinsece
988 764 1076 791 ma-

12 819 15 823 ’
46 811 101 860 la,
127 812 189 850 vel
207 812 338 851 solum
359 824 408 851 ex
423 813 515 862 jure
534 812 670 863 aliquo
690 814 877 863 positivo.
911 814 1012 853 Nam
1029 813 1075 854 in

45 872 172 926 prlori
191 885 285 912 casu
301 873 545 924 generaliter
559 885 704 912 verum
721 879 781 913 est
798 875 1075 914 obediendum

43 945 127 974 non
150 946 235 973 esse
250 963 262 982 ,
292 935 336 973 in
358 935 568 985 posteriori
596 939 733 974 autem
754 936 924 974 ulterius
947 937 1074 975 consi-

45 995 271 1035 derandum
300 999 358 1035 est
390 1008 442 1034 an
470 997 661 1047 Superior
686 998 924 1048 praecipiens
951 998 1075 1048 possit

42 1055 87 1096 in
104 1056 177 1094 tali
203 1057 295 1107 jure
321 1056 552 1108 dispensare
561 1069 574 1106 3
603 1070 698 1096 nam
720 1059 754 1096 si
772 1057 879 1096 hanc
900 1062 1076 1108 potesta-

44 1121 125 1157 tem
146 1118 308 1167 habeat,
324 1125 365 1158 et
381 1133 463 1158 non
481 1133 529 1158 ex
543 1121 775 1170 ignorantia
797 1121 990 1171 praecepti
1007 1133 1072 1160 ec-

42 1178 269 1227 clesiastici,
289 1181 402 1219 verbi
417 1181 562 1231 gratia,
579 1182 829 1219 contrarium
848 1183 1069 1233 praecipiat,

41 1242 349 1292 praesumendus
368 1246 427 1280 est
446 1243 678 1292 dispensare
695 1255 704 1291 3
736 1254 812 1280 nec
830 1242 947 1282 facile
962 1244 1071 1294 judi-

43 1303 220 1341 candum
251 1308 309 1341 est
339 1304 427 1342 sine
457 1315 578 1342 causa
595 1308 634 1342 et
653 1304 832 1342 invalide
850 1305 894 1342 id
908 1305 1042 1345 facere
1058 1335 1071 1353 ‚

42 1362 122 1402 nisi
138 1364 347 1403 evidenter
362 1365 403 1403 id
423 1369 578 1403 constet
592 1375 605 1414 ;
630 1366 736 1416 quod
752 1365 1005 1416 frequenter,
1024 1380 1072 1407 ac

39 1424 250 1464 moraliter
267 1426 485 1477 loquendo,
513 1427 582 1465 vix
607 1430 735 1477 potest
758 1428 959 1468 accidere.
994 1429 1072 1468 Ad-

40 1489 154 1524 verto
173 1486 324 1535 etiam,
355 1487 576 1538 aliquando
601 1488 721 1527 talem
747 1501 862 1538 posse
890 1501 976 1528 esse
1009 1502 1072 1528 ac·

39 1549 144 1592 tum,
167 1551 228 1595 ut,
251 1549 405 1587 seclusa
430 1548 662 1587 obedientia
681 1548 924 1600 injungente
944 1551 1071 1589 alium

40 1610 190 1654 actum,
210 1609 262 1647 sit
280 1611 532 1649 necessarius
550 1611 600 1649 ad
619 1610 874 1650 honestatem
894 1624 1071 1661 morum,

39 1679 125 1707 non
144 1669 274 1708 solum
294 1683 344 1709 ex
360 1671 532 1721 positivo
546 1673 640 1722 jure
655 1702 667 1720 ,
693 1673 763 1711 sed
786 1673 910 1711 etiam
930 1685 980 1712 ex
1004 1686 1075 1713 na·

42 1731 164 1771 tul-ali
180 1763 191 1779 ,
225 1737 263 1772 et
293 1734 561 1773 nihilominus
592 1736 699 1786 quod
734 1736 821 1786 ejus
855 1737 1074 1775 necessit-as

42 1799 167 1832 cesset
210 1794 509 1835 interveniente
544 1796 775 1835 obedientia
806 1803 847 1836 et
868 1800 1072 1848 praecepto

40 1852 241 1903 hominis3
270 1860 317 1895 nt
347 1869 396 1895 ex
422 1858 636 1905 charitate,
668 1859 729 1896 vel
751 1870 801 1896 ex
822 1863 916 1896 voto
940 1863 1073 1909 posset

39 1914 251 1964 religiosus
282 1929 363 1955 non
391 1916 610 1968 impeditus
641 1918 813 1968 obligari
841 1919 1071 1959 ministrare

38 1974 202 2014 infirmo
237 1978 464 2027 indigenti,
495 1982 534 2017 et
565 1978 832 2017 nihilominus
855 1980 1071 2031 Super-iore

38 2034 149 2074 aliud
168 2039 439 2088 praecipiente,
467 2039 574 2077 licite
592 2040 695 2078 illud
720 2044 924 2087 omittere,
954 2047 994 2080 et
1014 2042 1071 2079 ita

38 2096 200 2136 videtur
214 2111 298 2137 non
314 2099 472 2139 obstare
489 2100 692 2151 judicium
711 2101 761 2139 de
783 2102 941 2140 malitia
962 2103 1070 2141 illins

39 2159 268 2198 omissionis
282 2190 294 2209 ,
330 2162 549 2210 quominus
585 2162 818 2200 obedientia
856 2168 1066 2213 servetur-3

39 2219 104 2258 sed
135 2220 210 2259 1100
234 2221 324 2260 ideo
351 2226 426 2270 est,
456 2222 552 2273 quia
574 2228 788 2261 mutantur
807 2223 1070 2264 circumstan-

39 2279 131 2327 tiae,
167 2293 216 2319 ex
244 2282 393 2333 quibus
427 2283 497 2321 illa
527 2283 720 2334 obligatio
754 2296 824 2322 seu
852 2286 1069 2325 necessitas

41 2340 268 2391 oriebatur3
299 2355 394 2381 nam
414 2345 483 2394 qui
503 2357 586 2383 non
610 2349 669 2383 est
686 2346 876 2383 dominus
901 2358 1069 2385 suarum

40 2401 262 2451 actionum,
282 2408 415 2454 potest
430 2405 481 2443 ad
498 2405 676 2456 aliquam
695 2406 883 2456 obligari,
903 2408 1069 2457 quando

41 2474 123 2502 non
155 2466 332 2515 exigitur
360 2477 384 2503 a
413 2466 642 2517 Superiore,
677 2480 747 2506 seu
774 2469 954 2515 domino,
989 2481 1073 2509 non

40 2535 136 2563 vero
156 2526 188 2563 si
208 2526 260 2563 ab
278 2526 349 2564 illo
369 2533 688 2579 praeoccupetur.
713 2530 760 2567 Et
781 2530 870 2567 ideo
889 2541 983 2567 cum
1004 2530 1069 2568 di—

40 2586 170 2624 cimus
197 2587 397 2637 judicium
426 2589 635 2628 moraliter
663 2595 817 2628 certum
847 2591 898 2628 de
920 2591 1069 2629 intrin-

38 2658 126 2685 seca
148 2648 302 2686 malitia
322 2654 434 2687 actus
454 2650 517 2688 vel
534 2651 764 2689 omissionis
783 2652 1007 2690 secundum
1027 2664 1069 2692 se

38 2708 250 2760 impedire,
286 2722 337 2748 ne
368 2711 458 2761 quis
493 2711 655 2751 obedire
685 2716 886 2759 teneatur,
920 2713 1068 2752 intelli-

39 2770 217 2819 gendum
237 2775 296 2809 est
313 2771 363 2810 de
374 2771 528 2822 judicio
548 2773 715 2811 omnino
734 2773 936 2820 absoluto,
959 2775 1067 2826 quod

37 2842 120 2870 non
150 2832 299 2882 pendet
335 2845 385 2872 ex
418 2833 481 2872 his
512 2835 840 2879 circumstantiis,
878 2836 1067 2888 quodque

39 2893 246 2932 moraliter
272 2907 352 2933 non
377 2899 556 2934 mutetur
577 2908 625 2934 ex
654 2901 767 2947 parte
788 2897 936 2947 objecti
956 2928 966 2943 ‚
995 2910 1068 2938 seu

41 2955 236 3001 materiae,
248 2964 414 3006 propter
424 2958 714 3007 superveniens
731 2963 982 3011 praeceptum
992 2960 1068 3000 Su-

39 3015 205 3066 perioris
228 3018 424 3067 0111300115
447 3019 512 3069 jus
530 3031 663 3058 suum.

89 3077 155 3116 23.
174 3078 399 3125 ‘Qualitates
417 3081 589 3121 Proelatz'
609 3082 823 3134 aliquando
842 3083 999 3123 tollunt.
1014 3105 1066 3114 —-

41 3134 236 3177 Praeterea
254 3141 594 3181 considerandum
608 3147 681 3188 est,
701 3143 923 3194 aliquando
944 3145 1067 3185 talem

40 3207 155 3248 posse
172 3210 256 3237 esse
271 3204 746 3254 personamSuperioris,
762 3208 809 3242 ut
829 3205 916 3255 ejus
930 3210 1068 3245 aucto-

41 3258 138 3296 ritas
159 3260 282 3308 possit
299 3261 549 3311 probabilem
570 3264 733 3304 efficere
759 3270 916 3316 partem
935 3266 1064 3315 illam,

41 3330 132 3370 quae
151 3323 271 3358 antea
288 3321 383 3359 talis
404 3334 488 3361 non
507 3314 743 3375 apparebat,
768 3339 844 3366 nec
857 3326 1068 3377 judicaba-

41 3383 124 3429 tur,
158 3385 203 3418 ut
231 3381 265 3419 si
290 3393 374 3420 non
404 3382 535 3422 solnm
564 3385 776 3436 religiosus
801 3392 842 3426 et
865 3388 972 3438 pius,
999 3389 1068 3427 sed

41 3440 166 3479 etiam
184 3440 324 3480 doctus
342 3442 437 3482 satis
457 3447 497 3482 et
519 3446 695 3503 prudens
711 3447 940 3498 habeatur5
970 3452 1067 3488 tunc

43 3501 153 3540 enim
175 3503 391 3553 ponderari
410 3505 560 3556 poterit
570 3510 793 3547 ‘auctoritas
801 3509 900 3560 ejus
913 3539 927 3559 ,
949 3514 991 3549 et
1003 3521 1068 3548 ra·

11 3560 16 3563 '
36 3561 155 3602 „tione
174 3563 284 3602 illius
302 3564 480 3613 obedire,
514 3577 599 3605 non
618 3566 803 3608 obstante
821 3571 947 3621 priori
961 3571 1070 3621 J'udi·

45 3621 121 3663 cio,
141 3621 186 3664 Si
203 3625 296 3676 quis
311 3629 448 3666 autem
463 3630 572 3667 recte
586 3627 827 3678 consideret,
846 3630 894 3670 in
905 3642 960 3670 ee
976 3643 1070 3671 casn

28 3742 46 3786 ‘f
67 3761 76 3780 7

42 3799 69 3839 2‘-

534 256 626 291 cim.
638 247 720 292 'xz
740 251 801 291 ιι
811 254 1161 292 rmrmnomws
1180 257 1238 291 tx
1252 258 1394 293 'ram
1413 260 1703 297 immi-,rus

1861 54 1866 56 ·
1923 56 1943 70 κ

2139 77 2156 90 θ’

1248 55 1253 59 ,
1271 59 1276 66 ,
1313 51 1315 53 ·
1348 58 1353 64 ,
1479 55 1502 62 -.,
1631 69 1635 75 Ι
1787 58 1797 62 ἡ
1991 71 1994 74 ,
2059 61 2085 74 :a
2287 71 2292 80 .

1159 83 1183 103 ἰ
1387 100 1389 107 ,
2105 86 2129 102 “s
2220 94 2223 101 .

1387 123 1391 126 ,
1519 125 1523 129 ,
1799 117 1806 124 “
2075 108 2078 111 ¹
2123 121 2130 128 ο
2164 109 2171 118 Δ
2345 111 2352 119 ¹

1136 334 1221 362 non
1247 322 1437 362 11110ιί11101-
1462 329 1607 364 eontra
1628 325 1830 377 §udicmm
1855 326 2067 368 moraliter
2087 339 2172 368 eer-

1136 387 1244 431 tum,
1270 395 1408 435 neque
1422 386 1709 426 consideramu-
1727 388 1921 429 Pmeaatus
1940 389 2171 431 mammet

1135 448 1364 484 tantumnt
1379 446 1576 485 Praelatus
1591 451 1667 494 est,
1689 450 1798 499 quod
1819 449 1871 489 ad
1892 449 2170 497 obedientiam

1133 510 1306 557 spectat,
1331 507 1399 546 sed
1431 507 1711 547 consideratur
1738 513 1784 547 ut
1808 509 1934 551 homo
1957 511 2106 551 doctus
2125 515 2169 552 et

1133 568 1315 621 pendens
1328 571 1417 616 est3
1438 572 1480 608 et
1494 571 1540 606 ut
1558 568 1631 616 sic,
1653 568 1766 618 prius
1782 571 1936 620 praehet
1954 573 2168 612 auctorita—

1133 633 1218 668 tem
1238 630 1295 668 rei
1315 634 1547 679 praeceptae,
1563 629 1752 680 tollitque
1769 638 2064 683 consequenter
2082 645 2168 672 mo·

1133 690 1260 729 talem
1279 690 1731 739 certitudinem-prioris
1745 690 1908 741 judicii,
1933 696 1974 731 et
1992 698 2090 732 tunc
2106 695 2166 733 10-

1129 764 1223 791 cum
1258 751 1381 790 habet
1410 752 1654 791 obedientiae
1684 751 1912 792 efficacitas.
1953 753 2162 805 Quocirca,

1129 826 1223 852 cum
1243 814 1380 852 Patres
1400 813 1547 852 docent
1562 813 1788 865 perfectum
1805 813 2065 853 obedientem
2081 828 2166 855 non

1129 875 1278 914 debere
1308 875 1568 914 considerare
1599 886 1816 926 personam
1857 875 2086 925 Superioris
2120 881 2167 915 ut

1128 937 1290 975 doctam
1318 936 1382 975 vel
1409 941 1608 982 sanctam,
1641 936 1712 975 sed
1741 940 1788 975 ut
1811 936 2047 975 ministrum
2076 933 2172 986 Dei,'

1128 997 1444 1045 intelligendam
1470 998 1513 1036 id
1541 1010 1627 1036 esse
1655 1010 1726 1048 per
1743 1009 1800 1044 se,
1827 1002 1868 1036 et
1886 997 2019 1048 quoad
2038 998 2165 1036 ratio-

1129 1071 1225 1098 nem
1251 1059 1496 1108 obediendi3
1527 1071 1578 1098 ex
1600 1058 1801 1098 accidenti
1820 1070 1917 1096 vero
1944 1058 2166 1108 aliquando

1130 1124 1260 1172 potest
1287 1120 1329 1159 id
1351 1132 1438 1160 esse
1459 1120 1736 1159 necessarium
1762 1131 1813 1158 ex
1841 1122 1957 1170 parte
1985 1119 2166 1158 materiae

1127 1181 1371 1221 obedientiae
1391 1182 1443 1220 ad
1459 1181 1766 1232 justificandam
1786 1180 1900 1219 illam
1914 1210 1925 1227 ‚
1948 1183 1987 1218 et
2003 1179 2174 1229 regula-Y

1126 1243 1226 1283 riter
1245 1244 1368 1282 etiam
1387 1248 1448 1282 est
1464 1244 1563 1282 utile
1578 1243 1631 1282 ad
1646 1242 1808 1281 facilius
1824 1241 2165 1280 conformandum

1127 1307 1338 1359 proprium
1359 1306 1557 1356 judicium
1577 1317 1671 1344 cum
1687 1304 1841 1354 judicio
1861 1304 2106 1354 Superioris.

1180 1370 1245 1407 24.
1279 1367 1422 1407 Etiam
1451 1371 1624 1406 cessante
1657 1366 1897 1415 obliqattone
1928 1365 1971 1403 ob
2004 1365 2166 1405 dubium

1126 1430 1368 1482 pisitivum,
1383 1430 1598 1479 perfectius
1625 1428 1845 1466 obediretur
1873 1426 1911 1465 si
1940 1437 2018 1464 non
2045 1433 2167 1466 cesset

1128 1491 1339 1532 contrarie.
1373 1512 1426 1519 --
1459 1489 1610 1528 Ultimo
1627 1487 1925 1533 animadverto,
1949 1486 2061 1524 aliud
2080 1499 2164 1526 esse

1128 1556 1302 1591 tractare
1332 1564 1388 1591 an
1415 1552 1602 1590 subditus
1634 1550 1757 1601 possit
1787 1549 1896 1587 licite
1928 1548 2094 1586 obedire
2123 1549 2166 1588 in

1128 1614 1344 1660 omnibus,
1374 1612 1443 1651 ubi
1475 1616 1686 1662 peccatum
1711 1623 1795 1649 0011
1823 1610 2005 1648 cernitur
2035 1610 2168 1648 mani-

1129 1676 1228 1714 feste
1249 1674 1368 1713 modo
1384 1674 1585 1724 explicato
1604 1687 1614 1720 ;
1634 1671 1746 1710 aliud
1766 1683 1863 1709 vero
1879 1683 1932 1708 an
1948 1675 2164 1719 teneatur;

1129 1738 1327 1776 hactenus
1361 1736 1471 1775 enim
1505 1734 1638 1772 solum
1672 1733 1851 1771 diximus
1883 1732 1987 1770 illud
2021 1733 2136 1782 prius
2154 1762 2164 1780 ‚

1128 1798 1224 1849 quia
1243 1810 1326 1836 non
1345 1797 1506 1847 agimus
1524 1795 1591 1833 hic
1607 1794 1657 1832 de
1669 1793 1907 1832 obedientia
1928 1793 2168 1843 simpliciter

1127 1859 1366 1904 necessaria,
1394 1856 1464 1895 sed
1491 1856 1539 1894 de
1577 1855 1735 1893 meliori
1762 1858 1802 1891 et
1830 1853 2008 1903 perfecta
2024 1864 2036 1901 ;
2070 1853 2166 1892 reli-

1126 1932 1249 1972 quum
1264 1931 1376 1966 verr),
1386 1917 1492 1967 quod
1505 1916 1554 1954 ad
1568 1915 1851 1954 necessitatem
1862 1918 2030 1964 spectat,
2043 1925 2168 1963 gene-

1126 1981 1210 2020 rale
1219 1984 1284 2019 est
1297 1979 1346 2018 de
1362 1977 1622 2016 observantia
1638 1975 1827 2014 omnium
1844 1980 2163 2025 praeceptorum,

1127 2046 1295 2081 ettomo
1315 2039 1563 2091 praecedenti
1579 2067 1590 2086 ,
1622 2037 1836 2075 tractando
1858 2036 1908 2075 de
1932 2036 2166 2075 obedientia

1126 2103 1315 2151 religiosa
1342 2102 1387 2139 in
1425 2111 1589 2151 genere,
1623 2098 1871 2137 sufficienter
1910 2101 2066 2135 tactum
2087 2103 2162 2137 est.

1125 2151 1266 2203 Solum
1289 2175 1386 2211 ergo
1409 2160 1531 2212 (quod
1554 2159 1606 2198 ad
1629 2171 1803 2210 praesens
1827 2162 2026 2196 statutum
2049 2170 2165 2209 spec-

1122 2227 1196 2273 tat)
1218 2223 1463 2275 generaliter
1478 2232 1631 2268 assero,
1651 2220 1989 2271 quotiescumque
2007 2220 2049 2257 in
2070 2231 2166 2270 prae-

1123 2287 1241 2325 dictis
1270 2285 1430 2324 casibus
1452 2283 1610 2321 licitum
1632 2289 1692 2320 est
1717 2281 1882 2319 obedire
1899 2310 1910 2326 ,
1944 2280 2088 2318 melius
2116 2292 2163 2318 ac

1124 2347 1340 2399 perfectius
1361 2357 1446 2384 esse
1466 2343 1644 2389 obedire,
1667 2341 1830 2381 etiamsi
1852 2342 2040 2392 praecepti
2060 2340 2164 2378 obli-

1129 2408 1239 2459 gatio
1267 2408 1406 2458 aliquo
1425 2405 1544 2444 titulo
1573 2404 1755 2443 excusari
1776 2404 1912 2454 possit.
1947 2403 2057 2449 Quod
2082 2415 2165 2440 ma-

1126 2471 1237 2509 xime
1250 2481 1393 2507 verum
1408 2467 1545 2511 habet,
1560 2465 1724 2516 quando
1741 2464 1937 2514 obligatio
1956 2476 2037 2501 nou
2053 2463 2163 2503 deest

1126 2543 1176 2570 ex
1191 2530 1348 2569 defectu
1363 2531 1584 2579 potestatis,
1603 2526 1672 2565 sed
1685 2538 1735 2564 ex
1749 2525 1907 2563 defectu
1924 2525 2160 2573 voluntatis,

1125 2593 1274 2631 scilicet
1292 2622 1303 2640 ‚
1329 2592 1425 2642 quia
1444 2590 1638 2639 Superior
1657 2600 1740 2626 non
1762 2587 1938 2625 intendit
1958 2586 2155 2635 obligare,

1124 2653 1216 2692 licet
1238 2653 1374 2703 possit.
1409 2652 1524 2690 Tunc
1543 2651 1653 2687 enim
1674 2648 1803 2686 locum
1826 2647 1951 2685 habet
1973 2648 2082 2697 quod
2102 2649 2166 2704 ait*

1123 2716 1424 2759 Beneventum,
1440 2716 1541 2750 tom.
1565 2712 1584 2749 1
1606 2709 1816 2760 Opuscul„
1837 2712 1982 2746 tractat
1998 2707 2046 2744 de
2064 2706 2161 2746 Gra-

1123 2776 1240 2814 dibus
1261 2776 1491 2813 virtutum:
1519 2772 1639 2811 Alius
1669 2770 1820 2823 yradns
1849 2769 2160 2820 obedio-ethead

1122 2838 1283 2888 implere
1301 2836 1459 2875 verbum
1486 2832 1664 2873 Proelaci
1679 2833 1841 2882 propter
1861 2830 2004 2873 Deam,
2036 2829 2159 2868 altior

1124 2899 1286 2949 implere
1300 2902 1456 2944 nutum,
1475 2893 1700 2934 altissimus
1718 2891 1882 2941 implere
1897 2890 2155 2929 voluntatem.

1121 2961 1234 3008 Quod
1255 2959 1383 2999 ,etiam
1414 2956 1617 3008 significat
1643 2955 1688 2993 D.
1711 2953 1858 2991 Thom.
1882 2953 1922 2991 2.
1953 2953 1991 2992 2.
2016 2954 2154 3001 quaest.

1122 3022 1342 3061 centesima
1358 3025 1520 3071 quarta,
1540 3015 1712 3056 articulo
1733 3013 1926 3059 secundo,
1948 3012 1999 3050 ad
2017 3013 2057 3050 τὶ.
2081 3012 2158 3051 Ra·-

1121 3083 1178 3122 tio
1197 3088 1336 3122 autem
1353 3084 1428 3128 est,
1453 3079 1551 3131 quia
1571 3078 1642 3116 ubi
1662 3075 1833 3115 materia
1853 3073 2044 3125 praecepti
2063 3072 2155 3110 talis

1122 3149 1181 3184 est
1200 3148 1259 3192 ut,
1284 3142 1473 3182 omnibus
1495 3142 1582 3191 ejiis
1605 3137 1936 3182 circumstantiis,
1959 3140 2000 3173 et
2018 3145 2157 3185 specu-

1121 3206 1257 3246 lativis
1290 3204 1426 3244 dubiis
1460 3200 1723 3242 consideratis
1741 3228 1751 3247 ,
1790 3201 1925 3249 posset
1962 3194 2155 3246 Superior

1120 3279 1211 3307 eam
1232 3267 1475 3318 praecipere,
1497 3265 1528 3303 si
1547 3263 1689 3310 vellet,
1712 3269 1975 3312 quacumque
1994 3256 2152 3321 ratione

1120 3341 1211 3368 eam
1235 3329 1440 3378 injungat,
1463 3325 1530 3365 vel
1556 3335 1674 3363 suam
1697 3322 1950 3360 voluntatem
1976 3319 2080 3356 circa
2104 3314 2154 3377 1¹3»

1119 3390 1204 3429 lam
1233 3388 1447 3436 ostendat,
1479 3387 1556 3425 erit
1584 3397 1670 3424 non
1696 3382 1830 3422 solum
1860 3380 2022 3418 licitum
2039 3404 2048 3420 ‚
2079 3379 2146 3410 se:

1122 3451 1246 3490 etiam
1265 3449 1483 3501 pent'ectius
1501 3447 1561 3485 illi
1579 3444 1745 3484 obedire
1757 3472 1771 3489 ,
1800 3445 1862 3481 est
1879 3439 1990 3478 enim
2009 3433 2148 3500 eadem

1122 3512 1344 3563 proportio.
1374 3511 1424 3550 Et
1442 3507 1737 3552 confirmatur,
1760 3512 1859 3542 nam
1878 3498 1949 3537 illa
1967 3498 2152 3562 matema,-

1123 3572 1361 3623 simpliciter
1383 3568 1591 3621 tequemio
1609 3596 1620 3614 ‚
1651 3568 1714 3604 est
1734 3563 1845 3602 licita
1867 3559 1911 3597 in
1936 3556 2080 3625 ordine
2103 3566 2127 3592 a
2147 3575 2149 3589 2

1125 3633 1400 3673 obedientiam
1423 3645 1435 3679 3
1463 3641 1561 3680 ergo
1591 3626 1769 3677 pertinet
1798 3620 1850 3659 ad
1874 3618 2151 3659 obedientiam

1666 0 1764 51 “f-*⁸
1792 0 1821 18 ⁷·
1846 0 1965 52 *²²:³7
1989 0 2203 55 *sie—‘³232
2269 49 2273 53 .

2013 71 2031 88 J
