2352 3880
14 277 27 323 J
66 276 74 279 ’
160 269 291 325 ossa,
315 274 439 316 etiam
465 277 576 314 esset
594 273 820 313 consultius
851 273 960 314 intra
983 269 1079 326 reji-

11 382 18 387 ,
43 373 47 375 Α
242 348 328 377 000
353 335 569 393 acceptare
589 335 889 388 praelationem,
910 333 977 374 vel
1000 330 1074 372 ali-

51 400 165 441 :od
185 398 362 446 officium
390 397 575 446 honoris,
591 397 676 437 =nisi
695 408 745 435 ex
768 396 955 446 rigoroso
973 405 1075 448 pree·

51 455 56 515 λ’
77 482 95 502 ρ,
114 463 173 501 to
193 459 440 511 Superioris,
466 464 508 498 et
537 460 574 499 si
590 458 712 498 timor
731 457 901 508 periculi
920 460 1077 509 specte-

20 537 32 578 ς
53 526 134 581 ψ,
160 534 243 561 non
275 525 384 561 esset
405 520 658 573 acceptanda
684 518 825 558 missio
853 519 907 559 ad
938 519 1076 568 Indos„

19 580 132 637 {fisi
150 583 335 631 rigorose
358 581 679 633 praeciperetur3
699 580 812 630 quod
841 584 903 620 est
937 585 1079 620 contra

19 674 27 677 s
54 638 395 701 junsuetudiuem
421 642 650 688 Societatis,
667 641 710 680 in
729 653 811 692 qua
834 642 922 682 haec
939 653 1079 682 cense-

19 739 28 742 -
53 700 166 763 [igtur
190 716 341 756 magna
378 703 635 754 imperfectio
650 731 660 750 ,
683 704 724 742 et
744 707 885 742 votum
906 715 991 742 non
1009 701 1082 742 ali-

53 770 119 825 w
132 765 374 818 acceptandi
395 765 630 815 hujusmodi
651 764 784 803 officia
798 794 811 813 ,
843 768 1081 806 censeretur

51 827 196 879 ⁵inutile
218 839 266 867 ac
288 827 441 866 nullius
459 827 658 866 momenti
677 839 686 873 ;
714 838 830 878 ergo,

50 920 68 941 ,γ
108 891 170 932 19.
202 889 447 940 Respondeo
470 895 764 941 argumentum
802 889 1047 929 convincere
1068 918 1082 938 ,

0 998 1 1002 ,
55 950 281 994 doctrinam
305 950 419 990 illam
451 963 534 990 non
563 963 654 991 esse
675 951 730 989 ita
752 952 1002 1001 generaliter
1026 951 1084 989 in-

0 1005 2 1050 ἱ
54 1013 336 1064 ωΠίςεῃάεηι,
357 1017 402 1052 ut
427 1012 470 1051 in
505 1013 615 1053 omni
648 1013 885 1064 hujusmodi
913 1011 1085 1051 materia

55 1075 313 1122 obedientiae,
346 1074 388 1113 in
427 1086 511 1126 qua
542 1075 667 1113 homo
698 1074 853 1124 aliquid
886 1073 1009 1112 habet
1032 1073 1087 1113 de

17 1168 20 1169 ⁷
57 1147 144 1183 suo,
168 1136 326 1175 ratione
348 1137 519 1175 honoris
540 1140 611 1174 aut
632 1134 856 1181 commodi,
876 1135 940 1174 vel
958 1134 1085 1177 etiam

55 1197 98 1237 in
117 1209 199 1248 qua
228 1197 455 1248 periculum
477 1200 547 1236 aut
567 1197 782 1236 difficultas
803 1196 924 1241 inest,
946 1208 1086 1236 neces-

57 1258 208 1298 sarium
241 1271 406 1310 semper
435 1270 538 1306 esse,
563 1262 634 1297 aut
669 1258 832 1304 melius,
852 1256 1086 1309 Superioris

55 1324 307 1371 praeceptum
335 1324 565 1370 expectare,
591 1323 663 1357 aut
686 1318 911 1370 expediens
931 1332 1022 1358 esse
1044 1318 1086 1358 id

54 1392 230 1427 vovere;
263 1391 360 1420 nam
393 1392 540 1419 revera
574 1392 658 1419 non
686 1392 851 1431 semper
876 1381 917 1419 id
941 1391 1088 1421 verum

57 1446 131 1489 est,
153 1442 249 1491 quia
276 1442 328 1481 ob
356 1441 458 1480 alias
487 1442 815 1480 circumstantias
833 1445 967 1492 potest
994 1452 1090 1481 essa

55 1503 202 1542 melius
221 1533 233 1551 ,
267 1504 483 1554 magisque
506 1503 700 1555 expedire
725 1503 928 1553 majorem
949 1514 1088 1553 prom-

55 1563 302 1615 ptitudinem
335 1565 377 1602 in
413 1565 477 1603 his
505 1564 748 1603 obedientiis
776 1565 1022 1608 ostendere;
1046 1565 1090 1603 in

55 1625 180 1664 rebus
207 1626 318 1664 enim
343 1625 572 1664 moralibus
592 1638 676 1663 non
694 1629 865 1675 possunt
886 1638 934 1664 ex
955 1625 1090 1664 consi-

57 1686 272 1726 deratione
306 1687 430 1725 unius
466 1692 627 1725 tantum
673 1687 991 1726 circumstantiae
1024 1686 1089 1725 vel

58 1747 320 1799 proprietatis
341 1749 535 1798 generale
552 1748 755 1798 judicium
778 1748 888 1794 ferri,
909 1749 981 1787 sed
1003 1760 1091 1787 om-

46 1810 127 1862 unia
149 1809 382 1859 expendere
404 1822 574 1848 necesse
598 1814 671 1848 est.
699 1810 886 1848 Doctrina
907 1822 1004 1860 ergo
1023 1810 1092 1848 illa

50 1870 240 1932 *Gregorii
263 1870 315 1908 ad
335 1882 521 1920 praesens
537 1871 757 1921 applicata,
783 1872 837 1908 ita
859 1871 1092 1921 intelligen-

55 1931 110 1972 da
130 1936 204 1977 est,
226 1935 270 1968 ut
288 1931 535 1977 obedientia,
559 1943 650 1981 quae
672 1932 827 1982 aliquid
850 1931 974 1970 habet
995 1944 1091 1982 pro-

56 1992 136 2046 prii
157 1992 378 2040 commodi,
413 2004 462 2030 ex
495 2005 650 2043 genere
678 2005 752 2031 suo
776 2005 861 2031 non
891 1993 941 2031 sit
967 2005 1090 2043 expe-

46 2054 181 2110 tenda
214 2065 290 2092 nec
329 2053 606 2092 desideranda
624 2083 636 2101 ,
675 2054 757 2092 imo
782 2066 918 2104 neque
943 2054 1091 2093 admit-

56 2115 182 2156 tenda
212 2115 298 2154 sine
326 2119 561 2166 praecepto,
594 2115 671 2153 nisi
700 2116 742 2153 in
769 2116 1005 2166 particulari
1036 2114 1091 2153 ob

57 2177 253 2230 speciales
274 2177 455 2216 rationes
473 2177 587 2215 aliud
605 2177 808 2228 expediat.
836 2178 967 2225 Quam
993 2175 1092 2216 doc-

57 2239 207 2278 trinam
236 2250 330 2277 cum
354 2238 451 2277 Soto
483 2251 558 2276 nos
580 2238 704 2276 etiam
739 2239 1001 2277 extendimus
1037 2238 1092 2277 ad

59 2312 151 2340 eam
187 2300 405 2339 materiam
435 2299 695 2349 obedientiae,
724 2300 766 2338 in
796 2312 878 2350 qua
913 2300 1092 2339 multum

59 2365 121 2401 est
139 2362 308 2412 periculi
335 2361 489 2412 proprii
509 2362 746 2400 nocumenti
769 2361 1007 2412 spiritualis.

110 2424 178 2462 ΞΟ.
208 2423 290 2463 Sed
323 2423 365 2461 in
397 2424 476 2462 hoc
509 2427 572 2462 est
594 2427 796 2474 praeterea
824 2424 1091 2462 consideran-

57 2483 172 2532 dum,
200 2484 423 2534 aliqnando
445 2497 534 2523 esse
565 2485 607 2523 in
636 2486 810 2523 materia
844 2485 1092 2524 obedientiae

56 2545 136 2584 hoc
169 2558 301 2595 genus
336 2546 586 2585 difficultatis
619 2550 660 2585 et
690 2546 878 2597 periculi,
902 2547 992 2585 sine
1021 2547 1091 2584 ad-

56 2607 248 2645 mistione
286 2607 454 2646 hcnoris
480 2637 493 2656 ,
526 2607 591 2646 vel
635 2607 804 2646 alterius
851 2608 1090 2658 temporalis

59 2667 282 2713 commodi,
310 2672 354 2706 ut
375 2668 495 2706 estin
517 2668 714 2707 missione
745 2668 798 2707 ad
831 2669 955 2707 Indos
979 2669 1090 2719 (quo

59 2729 248 2780 exemplo
271 2728 399 2767 utitur
429 2730 526 2768 Soto
543 2730 570 2780 )‚
592 2734 632 2769 et
662 2730 755 2769 talis
776 2730 1012 2769 obedientia
1032 2731 1091 2770 fa-

60 2789 176 2830 cilius
199 2790 405 2840 acceptari
430 2794 566 2842 potest
596 2791 684 2831 sine
705 2796 910 2842 praecepto
935 2792 1091 2842 rigoro-

61 2861 132 2899 803
155 2851 251 2902 quia
274 2852 375 2890 nihil
395 2852 519 2891 habet
539 2852 590 2892 de
609 2864 698 2902 suo,
722 2858 761 2892 et
781 2853 873 2892 ideo
894 2854 1092 2892 verisimi-

59 2910 140 2951 lius
163 2917 238 2958 est,
271 2913 406 2951 solum
435 2914 478 2951 in
509 2926 559 2952 ea
590 2915 802 2964 expectari
835 2914 1090 2954 voluntatem

59 2971 304 3024 Superioris,
324 2985 415 3024 quae
441 2974 535 3013 licet
557 2974 796 3026 simpliciter
815 2979 976 3015 tantum
999 2989 1090 3028 pro-

61 3034 194 3086 posita
214 3035 278 3079 sit,
302 3040 363 3073 est
383 3036 537 3086 optima
557 3037 660 3075 ratio
681 3037 916 3084 obediendi,
941 3043 998 3085 et,
1018 3051 1092 3090 per

61 3106 107 3134 se
137 3095 362 3145 loquendo,
392 3096 542 3136 suffieit
565 3098 618 3136 ad
646 3098 951 3138 excludendum
971 3100 1092 3140 timo-

61 3167 152 3196 rem
171 3156 422 3196 difficultatis
445 3163 515 3198 aut
535 3160 723 3210 periculi,
744 3171 815 3209 spe
837 3160 960 3199 divini
978 3162 1093 3200 auxi-

61 3215 122 3262 lii,
142 3215 195 3254 ob
212 3216 331 3266 cujus
351 3229 534 3257 amorem
554 3219 647 3258 talis
666 3220 898 3259 obedientia
923 3222 1092 3272 suscipi-

62 3279 145 3317 tur.
167 3276 283 3323 Quod
299 3277 478 3317 maxime
495 3291 637 3318 verum
658 3281 783 3320 habet
801 3281 842 3319 in
862 3293 910 3319 ea
930 3282 1094 3333 religio-

0 3358 3 3359 ⁷
43 3340 134 3398 pne,
157 3348 248 3387 quae
270 3348 320 3375 ex
345 3338 511 3388 proprio
531 3339 714 3380 instituto
734 3345 774 3381 et
799 3341 1013 3381 vocatione
1029 3344 1093 3383 his

43 3397 304 3452 ‚ministeriis
337 3397 575 3450 incumbit3
612 3413 710 3440 nam
747 3402 1000 3453 sperandum
1032 3409 1094 3445 est

52 3442 242 3511 ’,ει-01130]
261 3459 484 3498 vocationis
512 3472 595 3498 non
623 3461 858 3503 defuturam
880 3464 931 3502 ad
957 3475 1006 3502 ea
1024 3477 1095 3515 pe-

11 3548 32 3561 <
50 3517 196 3574 v,sicula
211 3519 460 3570 superanda,
481 3521 648 3571 quando
669 3534 773 3572 pura
793 3524 1037 3572 intentione,
1056 3530 1096 3566 et

51 3576 362 3649 ss'gssgffffoluntate
386 3582 618 3635 Superioris
639 3583 777 3624 locum
803 3585 875 3625 Dei
899 3586 1092 3636 tenentis,

338 204 342 208 ’
390 175 486 257 ὼ.
507 210 592 246 vlu.
615 210 673 245 AN
682 189 834 246 ‘VOTUM
854 208 937 245 Non
956 199 1214 243 AGOEPTANDI
1233 206 1516 244 Episcopum!
1536 207 1706 251 ABSQUE,
1726 207 1820 244 ETG‘

1344 28 1358 40 .
1388 13 1475 46 ρ
1603 0 1674 28 R
1699 0 2352 69 ¹²·“4T4131'W‘f'Wh2t233

1709 52 1719 63 ι
2100 52 2108 59 ι
2176 47 2209 63 f
2250 48 2352 109 'J'ZAld

2285 142 2290 145 ,
2325 127 2352 143 ,Γ

1746 132 1766 153 Ο

1132 271 1250 311 etde
1282 271 1372 324 ipso
1402 272 1584 320 subdito,
1609 276 1653 313 et
1671 270 1906 312 conditione
1927 270 2019 324 ejus
2045 270 2157 312 suffi-

1132 330 1310 372 cientem
1357 333 1547 372 notitiam
1596 334 1789 375 habentis
1813 364 1826 382 ,
1861 334 2159 387 suscipiuntur.

1131 392 1238 440 Quin
1262 394 1398 447 potius
1418 393 1461 432 in
1486 394 1556 432 tali
1575 395 1780 446 religione
1799 408 1884 434 non
1905 397 2038 435 solum
2059 395 2162 448 opti-

1131 467 1247 495 mum
1267 454 1487 496 consilium
1503 459 1565 494 est
1583 457 1950 508 promptitudinem
1973 458 2162 498 ostende-

1131 528 1192 564 re,
1213 515 1470 567 acceptando
1493 516 1732 567 hujusmodi
1756 518 2038 559 obedientiam
2055 549 2067 567 ‚
2094 531 2166 585 ve-¹

1130 589 1224 618 rum
1252 578 1377 617 etiam
1397 577 1706 629 quodammodo
1723 581 2014 629 praeveniendo
2034 581 2167 648 illam‚1

1133 638 1391 678 ostendendo
1415 640 1600 678 animum
1621 651 1898 690 propensum,
1927 643 1993 681 vel
2016 643 2168 702 saltertr

1135 698 1456 747 indifferentem,
1476 700 1508 738 si
1526 699 1724 750 Superior
1743 700 1936 750 expedire
1954 702 2167 752 judicave-¹

1135 763 1200 802 rit.
1218 762 1336 808 Quod
1346 767 1486 801 tamen
1503 774 1587 801 non
1604 765 1667 800 est
1681 761 1740 800 ita
1759 761 1802 799 in
1825 762 1890 800 his
1910 762 2164 813 ministeriis,

1136 836 1229 875 quae
1257 824 1308 863 de
1336 836 1411 864 suo
1443 824 1600 875 aliquid
1618 824 1788 870 hahent,
1810 827 1856 862 ut
1878 828 1942 864 est
1964 826 2165 876 praelatio,

1136 897 1212 926 seu
1247 885 1362 925 locus
1394 886 1754 938 regiminis;nam
1781 885 1825 924 in
1856 885 1921 924 his
1951 897 2168 936 nunquam

1139 947 1374 987 consultum
1410 952 1474 987 est
1512 947 1733 987 ostendere
1756 946 1944 986 animum
1979 950 2168 997 paratum

1139 1013 1211 1048 aut
1229 1009 1538 1048 indifferentem
1557 1039 1567 1055 ‚
1589 1009 1746 1048 nedum
1782 1020 2051 1060 propensum,
2074 1008 2168 1058 quia

1139 1082 1305 1122 semper
1332 1071 1519 1109 imminet
1553 1071 1783 1122 perieulum
1803 1100 1813 1116 ,
1835 1081 1890 1109 ne
1914 1069 2037 1109 homo
2064 1069 2170 1120 seip-

1140 1145 1231 1172 sum
1243 1133 1379 1184 potius
1399 1144 1523 1185 quam
1536 1132 1719 1171 divinam
1733 1131 1984 1171 voluntatem
2002 1135 2171 1183 quaerat.

1140 1196 1189 1234 Et
1226 1195 1393 1246 signum
1428 1207 1453 1233 a
1487 1194 1707 1245 posteriori
1741 1206 1832 1233 esse
1863 1197 1997 1244 potest
2016 1223 2030 1242 ,
2064 1191 2175 1244 quod

1140 1256 1423 1308 promptitudo
1458 1257 1500 1295 in
1537 1256 1742 1307 prioribus
1778 1254 2028 1294 obedientiis
2073 1255 2175 1295 011οε

1141 1318 1329 1365 aedificat,
1354 1319 1396 1356 in
1415 1317 1713 1369 posterioribus
1733 1320 1872 1355 autem
1892 1315 2080 1365 minime,
2103 1314 2176 1357 sed

1140 1380 1278 1432 potius
1301 1392 1351 1419 ex
1376 1391 1419 1418 se
1440 1379 1682 1418 scandalum
1702 1377 1840 1417 infert.

1192 1443 1260 1481 21.
1286 1441 1456 1490 Satssfic
1472 1440 1766 1488 confirmationi
1783 1440 1835 1479 ad
1846 1439 1965 1488 finem
1979 1450 2088 1479 num.
2111 1438 2182 1507 ¹8⁰1

1141 1504 1265 1544 —Est
1283 1507 1423 1541 autem
1443 1503 1613 1541 ulterius
1631 1501 1931 1540 consideranda
1950 1500 2183 1541 differentia

1141 1564 1250 1603 inter
1270 1565 1553 1615 praelationem
1574 1564 1679 1602 intra
1699 1562 1765 1601 vel
1784 1567 1897 1601 extra
1918 1562 2183 1614 religionem‚:=

1143 1626 1256 1677 quod
1277 1631 1390 1666 extra
1413 1627 1541 1664 multo
1566 1626 1657 1676 plus
1672 1625 1798 1663 habet
1815 1625 1865 1664 de
1885 1637 1958 1663 suo
1977 1636 2100 1675 quam
2119 1623 2184 1662 in-

1143 1692 1205 1728 tra
1221 1718 1230 1734 ,
1252 1700 1275 1726 e
1298 1688 1504 1726 contrario
1528 1700 1623 1726 vero
1646 1687 1750 1724 intra
1771 1687 1909 1725 minus
1932 1686 2057 1724 habet
2076 1684 2184 1736 peri-

1142 1749 1256 1797 cuH,
1293 1761 1418 1799 quam
1450 1753 1563 1787 extra
1594 1748 1853 1799 religionem.
1892 1749 1940 1787 Et
1963 1752 2180 1798 prwterea,

1143 1811 1374 1862 generatim
1392 1810 1617 1860 loquendo,
1639 1809 1921 1847 necessarium
1941 1812 2002 1848 est
2018 1809 2186 1859 religio-

1143 1872 1201 1917 ni,
1224 1876 1268 1910 ut
1286 1872 1411 1922 aliqui
1434 1872 1538 1909 intra
1556 1871 1666 1909 illam
1683 1870 1966 1919 praelationem
1984 1870 2182 1918 habeant3

1146 1933 1259 1983 quod
1292 1936 1432 1971 autem
1459 1934 1574 1971 extra
1604 1932 1716 1969 illam
1742 1930 1796 1968 ad
1821 1931 2044 1980 dignitates
2072 1943 2185 1968 assu-

1143 1998 1327 2040 mantur,
1357 2006 1434 2032 nec
1455 1993 1739 2031 necessarium
1762 1995 1822 2030 est
1842 1992 1894 2030 ad
1916 1993 2005 2042 ejus
2032 1992 2184 2043 guber-

1144 2056 1380 2101 nationem,
1407 2058 1448 2093 ut
1466 2066 1540 2105 per
1561 2066 1604 2093 se
1626 2055 1811 2102 constat,
1838 2066 1915 2092 nec
1937 2054 2185 2104 regulariter

1143 2121 1208 2156 est
1231 2117 1288 2155 illi
1310 2116 1575 2155 commodum
1593 2146 1605 2164 ,
1636 2116 1733 2166 quia
1752 2127 1827 2165 per
1847 2115 1924 2153 hoc
1943 2115 2092 2164 privari
2111 2127 2185 2165 po·-

1144 2182 1225 2218 test
1254 2178 1494 2216 melioribus
1522 2177 1587 2215 vel
1617 2176 1869 2215 doctioribus
1891 2176 2110 2226 religiosis,
2133 2175 2187 2216 ad

1144 2253 1219 2280 sua
1241 2240 1481 2286 ministeria,
1511 2239 1577 2277 vel
1602 2238 1654 2277 ad
1681 2238 1890 2289 propriam
1918 2238 2185 2289 gubernatio-

1144 2313 1242 2340 nem
1262 2300 1513 2351 aptioribus,
1546 2299 1658 2350 quod
1677 2300 1844 2350 egregie
1866 2299 2068 2349 ponderat
2088 2298 2185 2337 Gre-

1146 2363 1302 2414 gorius,
1326 2366 1365 2400 et
1380 2362 1559 2400 habetur
1578 2361 1621 2399 in
1641 2373 1732 2411 cap.
1752 2360 1863 2401 Hinc
1882 2365 1953 2407 est,
1978 2361 2043 2406 16,
2067 2372 2108 2411 q.
2131 2361 2150 2399 1
2171 2371 2182 2399 ε

1145 2426 1346 2475 Praecepit
1383 2425 1502 2463 etiam
1536 2423 1707 2473 (scilicet
1743 2423 1994 2462 Francorum
2018 2424 2106 2471 rex)
2139 2426 2186 2463 ut

1145 2486 1317 2538 ejusdem
1334 2484 1564 2524 monasterii
1581 2484 1717 2524 Abbas
1731 2497 1932 2536 nunquam
1946 2486 1999 2523 ad
2015 2484 2057 2523 E
2055 2484 2185 2535 pisco-

1141 2552 1283 2599 patum
1301 2540 1527 2595 eliq'eretur,
1550 2559 1594 2585 ne
1610 2549 1716 2595 forte
1736 2548 1938 2586 occasione
1958 2547 2185 2596 Episcopa-

1142 2612 1211 2650 tus
1231 2608 1407 2647 Abbatia
1433 2608 1590 2658 aliquid
1609 2608 1834 2647 detrimenti
1855 2611 2061 2658 pateretur
2077 2624 2092 2653 ;
2124 2606 2184 2647 ni-

1144 2669 1295 2708 mirum
1327 2668 1529 2718 privando
1560 2680 1604 2706 se
1631 2667 1740 2707 bono
1768 2671 1948 2718 pastore,
1981 2672 2024 2706 ut
2044 2668 2183 2719 glossa

1143 2730 1300 2770 ibidem
1317 2730 1450 2781 magis
1465 2729 1649 2779 exponit.
1670 2730 1728 2768 Ex
1744 2729 1808 2767 his
1822 2740 1921 2779 ergo
1941 2729 2183 2769 differentiis

1145 2792 1330 2831 nascitur
1351 2795 1392 2830 ut
1412 2791 1658 2841 regulariter
1678 2804 1760 2830 non
1780 2791 1832 2829 sit
1851 2791 2091 2841 expediens,
2113 2801 2184 2830 ne-

1146 2865 1229 2905 que
1259 2857 1539 2904 opportunum
1576 2853 1782 2904 religioni,
1817 2853 1929 2904 quod
1968 2854 2059 2903 ejus
2091 2851 2185 2892 reli-

1146 2913 1250 2965 giosi
1268 2926 1350 2952 non
1372 2918 1601 2965 acceptent,
1617 2914 1726 2953 intra
1741 2914 1868 2960 illam,
1883 2913 2180 2964 praelationem,

1146 2977 1223 3015 nisi
1253 2976 1438 3026 rigoroso
1476 2981 1684 3028 praecepto
1718 2977 2018 3027 compellantur
2037 3005 2047 3023 ‚
2085 2975 2185 3026 quia

1147 3039 1225 3076 hoc
1244 3037 1420 3076 nimium
1446 3037 1611 3077 difficile
1630 3038 1824 3078 redderet
1843 3038 2098 3077 ordinarium
2119 3049 2184 3076 re-

1148 3099 1288 3151 gimen
1308 3099 1535 3150 religionis.
1568 3100 1675 3139 Satis
1697 3112 1796 3151 ergo
1819 3104 1880 3139 est
1903 3099 2010 3150 quod
2034 3111 2077 3137 se
2099 3109 2184 3137 non

1146 3160 1287 3199 faciles
1301 3190 1311 3207 ,
1343 3160 1416 3199 sed
1436 3162 1570 3212 potius
1590 3162 1775 3200 difficiles
1794 3161 1848 3200 ad
1869 3162 1936 3200 illa
1958 3160 2184 3199 ministeria

1148 3222 1385 3270 ostendant,
1413 3235 1507 3262 cum
1538 3235 1587 3262 ea
1617 3223 1918 3270 moderatione,
1941 3234 2066 3273 quam
2087 3233 2184 3272 pru-

1149 3283 1253 3323 dens
1274 3284 1376 3323 ratio
1405 3289 1445 3324 et
1468 3285 1638 3324 intentio
1659 3285 1828 3336 majoris
1850 3284 2035 3334 obsequii
2058 3280 2182 3321 divini

1148 3345 1374 3385 dictaverit.
1397 3346 1449 3385 At
1469 3359 1566 3385 vero
1585 3350 1699 3385 extra
1720 3346 1963 3397 religionem
1983 3340 2184 3393 regulari-

1147 3409 1224 3454 ter,
1244 3411 1283 3446 et
1300 3419 1351 3446 ex
1370 3419 1523 3458 genere
1545 3407 1768 3457 loquendo,
1789 3406 2013 3446 consultius
2032 3415 2080 3441 ac
2098 3413 2184 3441 me-

1148 3467 1228 3506 lius
1261 3471 1323 3507 est
1351 3480 1437 3507 non
1465 3474 1681 3519 acceptare
1708 3467 2003 3519 praelationem,
2034 3463 2185 3503 nisiex

1151 3528 1402 3580 obligatione
1437 3530 1650 3581 praecepti,
1686 3529 1781 3579 quia
1814 3527 1871 3565 ibi
1902 3523 2184 3564 interveniunt

1151 3591 1305 3640 omnia,
1333 3602 1427 3642 quae
1453 3591 1561 3630 hanc
1581 3588 1803 3629 obediendi
1823 3586 2028 3626 rationem
2043 3589 2183 3639 postu-
