2352 3880
158 303 242 354 910

153 367 347 431 'probavit
365 372 590 427 Gregorius
608 373 712 423 xm,
731 373 776 413 in
791 368 1090 417 Constitutione
1108 372 1186 416 Δε-

159 437 338 480 undante
364 435 550 476 Domino.
569 436 716 489 Itaque
734 436 830 476 c'u'm
847 435 928 476 hoc
944 439 1098 477 certum
1117 436 1186 486 sit,

158 497 361 538 rationem
381 496 631 549 inquirimus
665 509 740 538 cur
769 497 856 538 haec
877 503 971 537 vota
992 510 1076 537 non
1106 497 1188 537 sint

159 558 375 606 solemnia,
393 559 498 598 sicut
524 563 586 599 est
605 563 796 612 quartum
817 564 957 599 votum
980 559 1188 610 professo-

158 633 266 661 rum.
282 620 332 660 Et
351 619 455 659 ratio
476 619 690 662 dubitandi
709 633 801 661 esse
815 625 966 672 potest,
977 621 1075 672 quia
1092 623 1188 660 sunt

158 683 216 723 ita
253 694 416 722 annexa
453 681 528 722 tali
569 679 831 734 professioni,
860 682 964 722 sicut
994 686 1189 734 quartum

154 733 324 797 vo;tum
342 738 483 783 omnia
504 745 616 784 enim
635 744 905 796 requiruntm
922 755 974 782 ex
989 741 1190 793 peculiari

157 805 345 846 instituto
366 805 596 854 SocietatiS,
619 810 660 845 et
679 805 841 844 nullum
860 814 1004 842 eorum
1031 815 1083 843 ex
1103 802 1192 842 sola

158 880 219 908 rel
230 873 379 907 natura
400 872 490 907 erat
508 867 804 907 necessarium.
821 866 922 906 Item
937 865 1075 905 omnia
1096 870 1192 904 sunt

155 918 279 982 ssaeque
294 934 510 981 perpetua,
524 928 564 968 et
585 927 859 967 immutabilia
870 938 883 977 3
905 927 1044 967 omnia
1067 927 1191 966 etiam

156 983 378 1045 {conferunt
406 991 459 1030 ad
495 989 787 1041 perfectiorem
814 989 1188 1037 renunciationem,

156 1048 224 1098 {vel
244 1066 326 1093 suae
344 1050 581 1099 voluntatis,
600 1051 667 1090 vel
687 1052 892 1090 honorum
920 1051 1121 1098 omnium,
1143 1061 1192 1090 ac

155 1107 363 1158 bonorum
395 1112 701 1164 temporalium.
731 1113 916 1164 Denique
937 1113 1042 1152 fiunt
1066 1113 1193 1153 etiam

157 1179 244 1217 haee
268 1180 362 1216 vota
396 1175 561 1227 publice
593 1179 633 1213 et
655 1175 698 1214 in
722 1175 914 1216 manibus
952 1175 1129 1223 Praelati,
1151 1178 1194 1215 et

158 1251 254 1279 cum
276 1237 468 1278 exteriori
486 1236 764 1276 solemnitate.

209 1303 249 1340 2.
281 1299 363 1340 Sed
396 1298 449 1339 de
483 1300 561 1338 hoc
608 1297 790 1338 breviter
820 1297 1006 1349 expediri
1039 1301 1190 1349 potest.

157 1363 262 1403 Nam
280 1361 482 1412 imprimis
514 1360 603 1401 haec
638 1365 748 1410 vota,
770 1364 855 1400 tam
884 1371 936 1400 ex
963 1360 1194 1399 intentione

158 1423 394 1465 voventium
415 1434 541 1474 quam
566 1422 796 1470 Societatis,
819 1426 1021 1473 tanquam
1037 1421 1195 1474 simpli-

157 1488 221 1527 cia
250 1486 380 1532 fiunt;
408 1490 450 1524 et
484 1484 580 1525 ideo
608 1496 694 1524 non
720 1488 883 1523 mutant
908 1488 1101 1523 naturam
1126 1494 1195 1523 vo-

156 1552 295 1587 torum
314 1546 579 1598 simplicium,
603 1547 766 1585 etiamsi
783 1557 924 1586 coram
943 1546 1131 1594 Praelato,
1153 1548 1196 1584 et

155 1610 198 1683 Ιἱιι
213 1609 435 1661 praesentia
455 1609 682 1648 multorum
703 1608 819 1656 fiant,
838 1613 882 1647 ut
914 1608 957 1646 in
991 1607 1115 1647 simili
1141 1607 1195 1647 de

155 1658 467 1731 'coadjutoribus
504 1670 691 1710 foimatis
713 1670 877 1719 dicitur,
899 1670 1045 1722 quinta
1076 1674 1194 1721 parte

157 1734 520 1781 Constitutionum,
558 1745 597 1772 c.
637 1735 677 1782 4,
701 1733 897 1772 declarat.
938 1735 975 1772 1.
1001 1733 1195 1779 Quamvis

158 1797 270 1836 enim
290 1796 377 1835 sola
398 1795 571 1835 intentio
602 1795 790 1834 voventis
818 1807 904 1833 non
939 1794 1115 1834 sufficiat
1141 1793 1196 1833 ad

157 1859 241 1898 voti
260 1858 582 1905 solemnitatem,
609 1857 846 1896 necessaria
865 1860 1007 1896 tamen
1031 1861 1094 1895 est
1112 1856 1196 1895 for-

156 1921 293 1967 malis,
314 1919 381 1959 vel
399 1919 609 1965 virtualis;
634 1923 675 1958 et
692 1919 803 1966 ideo,
825 1918 860 1957 si
880 1930 931 1957 ex
964 1917 1196 1956 intentione

158 1982 346 2022 voventis
365 1987 509 2020 votum
528 1984 690 2019 tantum
722 1979 767 2019 fit
796 1986 842 2017 nt
873 1979 1064 2029 simplex,
1095 1979 1198 2030 opti-

158 2055 275 2084 mum
293 2045 586 2094 argumentum
601 2044 663 2079 est
677 2052 720 2079 re
735 2041 824 2091 ipsa
842 2040 976 2078 solum
991 2051 1082 2079 esse
1098 2040 1196 2081 sim-

160 2105 273 2157 plex,
293 2104 474 2142 maxime
495 2114 590 2141 cum
628 2102 699 2141 iila
730 2101 902 2140 intentio
926 2113 977 2141 ex
995 2101 1110 2140 nullo
1131 2113 1198 2140 er-

161 2179 254 2206 rore
279 2162 491 2216 procedat.
511 2162 671 2203 Deinde
692 2163 781 2203 haec
798 2166 894 2205 vota
911 2163 1081 2202 omnino
1102 2166 1200 2202 sunt

161 2229 214 2268 de
234 2228 391 2274 futuro,
415 2228 457 2265 et
485 2237 571 2264 non
601 2224 869 2276 participant,
891 2229 936 2264 ut
966 2225 1025 2264 sic
1044 2224 1196 2274 dicam,

160 2290 429 2330 traditionem
449 2286 502 2327 de
522 2287 733 2339 praesenti,
755 2298 835 2326 nec
854 2286 1043 2338 proxime
1061 2298 1108 2326 ac
1125 2298 1201 2338 per

163 2364 209 2392 se
232 2351 478 2390 ordinantur
507 2348 562 2388 ad
584 2347 914 2389 confirmandam
936 2348 1064 2397 illam,
1095 2349 1202 2388 sicut

164 2413 410 2454 ordinantur
431 2412 475 2451 in
494 2410 701 2452 Societate
716 2422 803 2450 non
832 2411 968 2450 solum
995 2410 1074 2450 tria
1093 2410 1201 2450 ordi-

163 2475 283 2515 naria
302 2479 414 2523 vota,
437 2470 511 2513 sed
547 2474 674 2514 etiam
704 2476 901 2524 quartum
932 2476 1075 2511 votum
1107 2483 1201 2523 pro-

165 2539 388 2588 fessorum,
409 2541 610 2588 utsupra,
634 2536 677 2575 in
697 2548 733 2575 c.
756 2537 798 2584 4,
818 2535 873 2576 ad
897 2535 1041 2584 finem,
1062 2536 1203 2576 decla-

166 2603 364 2644 ravimus.
385 2603 656 2653 Assumptum
667 2603 780 2652 patet
797 2611 848 2639 ex
867 2600 958 2651 ipsa
975 2599 1110 2639 forma
1130 2611 1203 2640 vo-

163 2665 308 2714 ¹vendi,
332 2668 374 2704 et
403 2675 455 2704 ex
484 2663 611 2703 rebus
646 2662 747 2714 ipsis
778 2673 869 2712 quae
890 2662 1202 2713 promittuntur,

167 2739 262 2792 quae
279 2726 414 2777 magis
431 2726 640 2777 pertinent
656 2723 709 2763 ad
725 2723 910 2763 tollenda
925 2723 1204 2773 incommoda,

167 2770 240 2829 vel
274 2788 602 2839 impedimenta
618 2784 888 2837 perfectionis
924 2785 967 2823 in
1003 2785 1204 2832 futurum,

172 2861 301 2903 quam
321 2849 376 2888 ad
406 2852 559 2888 statum
584 2846 647 2899 ips
654 2857 722 2885 um
752 2845 1016 2898 perfectionis
1043 2846 1086 2884 in
1103 2857 1208 2897 prae-

172 2907 280 2951 senti
301 2906 608 2949 stabiliendum.
635 2907 772 2947 Tertio
809 2908 934 2958 longe
969 2907 1089 2946 aliter
1116 2906 1208 2947 haec

172 2963 270 3012 ¹vota
307 2982 495 3010 connexa
542 2971 639 3009 sunt
684 2967 934 3020 'professioni
973 2969 1205 3018 Societatis‚

177 3044 303 3086 quam
322 3034 514 3084 quartum
535 3031 586 3070 de
600 3030 838 3071 obedientia
856 3031 1090 3082 praestanda
1105 3032 1209 3070 Pon-

177 3095 275 3136 tifici
293 3093 402 3134 circa
422 3093 664 3139 missiones3
679 3103 774 3132 nam
795 3092 874 3131 hoc
889 3097 952 3132 est
971 3105 1045 3162 per
1065 3105 1111 3133 se
1130 3093 1211 3144 pri-

174 3140 248 3234 hmo
264 3155 525 3208 requisitum,
546 3166 598 3194 ex
615 3153 657 3193 vi
680 3153 776 3193 finis
795 3154 997 3224 primarii,
1015 3155 1069 3194 ad
1083 3167 1210 3206 quem

175 3203 396 3259 lordinatur
415 3214 615 3258 Societas.
636 3214 754 3256 Unde
775 3216 882 3255 sicut
912 3216 954 3256 in
988 3218 1097 3256 statu
1118 3216 1211 3256 reli-

177 3263 330 3337 gionis,
350 3283 397 3320 ut
413 3278 486 3326 sic,
504 3277 584 3317 tria
597 3281 694 3317 vota
711 3281 934 3317 censentur
947 3289 1040 3317 esse
1057 3278 1109 3318 de
1125 3289 1211 3317 me-

183 3342 262 3383 diis
285 3339 563 3399 essentialiter
574 3338 822 3379 necessariis
836 3338 889 3378 ad
907 3338 1036 3378 finem
1056 3339 1213 3391 perfec-

182 3403 324 3461 tionis,
345 3403 404 3444 ita
436 3393 483 3443 in
519 3401 725 3442 Societate
752 3399 832 3440 hoc
858 3405 1053 3451 quartum
1072 3404 1213 3441 votum

186 3470 248 3522 est
264 3466 317 3506 de
338 3451 475 3518 medio
493 3449 767 3511 essentialiter
792 3463 1030 3503 necessario
1049 3463 1103 3503 ad
1117 3475 1214 3515 pro-

182 3528 315 3581 priam
334 3524 648 3579 pei-sectionem,
673 3527 716 3564 et
734 3523 862 3564 finem
881 3524 1006 3575 hujus
1022 3524 1211 3564 instituti.

184 3591 238 3630 At
253 3601 354 3631 vero
376 3589 466 3633 hoec
480 3591 577 3630 vota
603 3597 690 3629 non
697 3585 828 3628 fiunt
843 3589 1044 3637 tanquam
1069 3598 1214 3627 essen-

1053 3716 1158 3747 lmus
1182 3717 1285 3748 1.th
1308 3716 1438 3752 snut.

503 298 582 344 tis.
604 296 660 344 vi.
682 296 736 343 in:
756 298 1040 365 Pharasmane,
1062 309 1158 351 Qun
1176 302 1220 349 ἰιι
1239 307 1464 345 εοοιιιιιτιι
1485 305 1564 347 mr,
1586 304 1640 341 nr
1661 305 1716 344 nn
1735 305 1800 347 ns,
1823 296 1925 340 erc?

1238 380 1389 422 tialiter
1411 378 1665 428 necessaria,
1685 377 1760 418 sed
1788 381 1989 428 tanquam
2021 388 2167 419 secun·
2187 390 2225 430 :g
2247 388 2257 392 ’·

1240 441 1514 482 conducentia
1560 440 1614 480 ad
1659 438 2019 480 conservationem
2060 439 2156 479 insti
2184 455 2208 480 ι,
2226 438 2250 482 i‘

1241 503 1352 543 unde
1381 503 1554 542 materia
1590 501 1756 541 illorum
1799 512 1884 539 non
1921 499 2104 540 continet
2131 498 2257 551 mei&

1241 575 1316 619 per
1334 576 1378 603 se
1397 564 1599 612 ordinata,
1621 575 1670 603 ac
1699 561 1939 613 simpliciter
1967 561 2201 603 necessaria

1242 627 1367 665 finem
1403 625 1630 672 Societatis‚
1665 624 1739 664 sed
1770 623 1824 664 ad
1847 621 2101 663 removenda
2134 612 2252 675 aliq

1241 686 1552 738 impedimenta.
1581 687 1755 734 Quarto,
1791 685 1872 724 hoc
1907 680 2090 724 declarat
2125 694 2239 733 mors
2267 705 2272 710 ·
2310 719 2315 721 .

1246 748 1458 788 emittendi
1478 749 1566 788 haec
1583 752 1701 795 vota3
1721 759 1819 786 nam
1852 750 2046 797 quartum
2077 749 2220 790 votum
2241 764 2244 773 ‹

1244 812 1422 860 ipsamet
1456 809 1712 860 professione
1749 800 1963 856 emittitur,
1999 811 2199 858 tanquam
2316 831 2321 874 ἑ

1245 872 1359 911 illam
1379 871 1650 910 essentialiter
1668 870 1898 922 pertinen&
1919 870 2007 909 haec
2024 872 2165 908 autem
2183 879 2233 909 vo

1246 937 1338 986 post
1360 933 1530 984 aliquod
1554 938 1735 984 tempus,
1756 936 1798 972 et
1831 932 2043 972 interdum
2082 934 2176 982 post

1247 999 1348 1046 quot
1368 995 1458 1034 dies
1479 995 1738 1041 emittuntur,
1760 997 1800 1032 et
1825 994 1895 1044 qui
1914 1006 1964 1033 ea
1983 992 2200 1045 promittit,
2217 985 2267 1032 ιε’
2320 988 2325 1025 f

1245 1058 1342 1108 cipit
1376 1056 1655 1108 dicerequo
1690 1055 1771 1103 Ν.,
1811 1057 2022 1109 professus
2045 1054 2241 1095 Societas
2321 1048 2329 1098 ⁴.

1242 1121 1451 1173 promitto,
1476 1123 1572 1166 etc.,
1596 1117 1832 1170 significans
1852 1118 1940 1158 haec
1959 1129 2043 1156 non
2074 1116 2254 1167 pertinet,
2282 1161 2293 1171 Α
2318 1116 2329 1130 ’

1245 1183 1301 1222 ad
1336 1182 1651 1233 professionem,
1689 1180 1763 1220 sed
1801 1191 2037 1232 supponere
2070 1179 2203 1226 illam;
2238 1186 2278 1218 ι(
2322 1180 2333 1224 ξ

1247 1244 1335 1282 aliis
1368 1256 1465 1283 vero
1502 1242 1844 1282 substantialibus
1883 1241 1987 1282 votis
2026 1241 2151 1280 dicit:
2189 1234 2334 1291 En,

1240 1307 1522 1359 professionem
1547 1305 1664 1354 facio,
1682 1308 1752 1348 et?
1776 1304 1934 1345 romitco
1946 1320 1963 1351 ;
1986 1307 2027 1343 et
2047 1302 2141 1343 ideo
2156 1302 2199 1340 in
2216 1313 2291 1343 aen.
2313 1293 2334 1373 ξ

1250 1367 1443 1407 cidentali
1464 1368 1589 1406 ctiam
1614 1367 1878 1406 solemnitate
1899 1370 1960 1405 est
1977 1377 2131 1416 magna
2153 1363 2286 1404 diver-
2316 1375 2330 1420 ³;

1248 1430 1363 1475 sitas,
1381 1441 1478 1467 nam
1502 1430 1587 1468 haec
1601 1433 1695 1467 vota
1715 1429 1810 1467 licet
1831 1428 1934 1466 fiant
1949 1439 2090 1466 coram
2111 1425 2283 1470 Praelato,
2321 1421 2338 1455 ἶ

1251 1495 1290 1530 et
1311 1491 1400 1529 aliis
1423 1495 1592 1541 propter
1621 1490 1680 1530 rei
1703 1490 1962 1540 gravitatem,
1983 1493 2023 1528 et
2058 1492 2104 1527 ut
2129 1488 2181 1526 de
2212 1487 2284 1527 illo
2320 1485 2336 1539 ’ξ

1249 1552 1441 1592 Societati
1471 1551 1635 1602 pubiice
1672 1554 1856 1599 constet,
1891 1561 1976 1590 non
2012 1553 2155 1589 tamen
2190 1547 2284 1589 fieri
2321 1544 2342 1596 ζ

1249 1614 1385 1655 solent
1423 1613 1589 1664 publice
1621 1613 1665 1652 in
1705 1611 1907 1660 eeclesia,
1940 1623 2019 1651 nec
2058 1622 2155 1653 cum
2192 1609 2285 1650 aliis
2327 1609 2346 1641 1

1250 1674 1601 1721 solemnitatibus,
1637 1684 1730 1713 cum
1780 1673 1933 1725 quibus
1979 1672 2285 1724 professionem
2335 1724 2341 1725 ἶ

1249 1739 1338 1780 fieri
1374 1750 1513 1789 supra,
1549 1738 1593 1777 in
1625 1746 1660 1778 c.
1684 1738 1724 1785 5,
1749 1736 1942 1775 vidimus.
1978 1735 2165 1786 Denique
2195 1735 2285 1777 haec

1249 1803 1343 1839 vota
1361 1800 1521 1838 nullum
1553 1798 1759 1838 moralem
1779 1798 1936 1838 habent
1962 1797 2171 1843 effectum,
2189 1797 2286 1847 J‘ure
2338 1798 2342 1799 ⁷

1249 1862 1424 1913 positivo
1444 1861 1656 1900 communi
1683 1864 1755 1900 aut
1787 1859 1957 1911 speciali
1984 1859 2199 1899 Societatis
2216 1859 2286 1899 ad-

1248 1923 1396 1971 ditum,
1418 1922 1493 1961 sed
1514 1922 1643 1961 solam
1665 1921 1978 1973 obligationem,
1994 1932 2121 1972 quam
2144 1921 2186 1960 vi
2208 1932 2286 1960 sua
2340 1922 2346 1939 ³

1248 1984 1474 2033 inducunt3
1496 1988 1640 2023 votum
1658 1987 1798 2022 autem
1818 1983 2006 2022 solemne
2028 1994 2194 2034 semper
2213 1982 2286 2022 ha·
2341 1989 2347 2015 ’ἶ

1250 2044 1322 2085 het
1337 2046 1519 2096 aliquem
1538 2044 1775 2096 hnjusmodi
1792 2044 1984 2084 effectum
2004 2044 2222 2093 moralem,
2241 2046 2287 2084 ut

1250 2107 1304 2147 de
1319 2108 1450 2146 tribus
1469 2107 1809 2146 substantialibus
1830 2106 1872 2145 in
1891 2106 2141 2156 praecedenti
2155 2111 2285 2156 tomo,
2343 2109 2352 2113 ’

1254 2173 1296 2209 et
1314 2168 1367 2207 de
1387 2173 1535 2220 quarto
1554 2172 1648 2207 voto
1683 2168 1912 2214 Societatis‚
1932 2167 1975 2206 in
1991 2179 2028 2207 c.
2049 2168 2090 2215 4,
2112 2179 2287 2208 numero

1253 2230 1467 2282 trigesimo
1506 2233 1667 2278 octavo,
1701 2229 1970 2269 ostendimus.
2008 2229 2128 2269 Unde
2162 2229 2290 2268 etiam

1255 2291 1303 2330 fit
1322 2296 1367 2330 ut
1391 2291 1583 2343 professi,
1602 2290 1672 2342 qui
1694 2291 1737 2330 in
1754 2289 1957 2331 Societate
1981 2294 2175 2341 quartum
2187 2290 2290 2331 illud

1254 2357 1397 2393 votum
1413 2353 1621 2401 emittunt,
1641 2352 1801 2392 ratione
1814 2352 1927 2391 illius
1946 2355 2197 2392 censeantur
2215 2353 2290 2392 ha-

1254 2414 1354 2455 bere
1378 2415 1423 2454 in
1451 2415 1655 2455 Societate
1675 2414 1855 2466 primum
1875 2414 2029 2462 locum,
2051 2416 2097 2452 ut
2117 2413 2290 2454 habetur

1255 2477 1298 2516 in
1317 2476 1532 2525 Examine‚
1549 2488 1640 2528 cap
1662 2476 1812 2528 primo,
1839 2475 1865 2528 ξ
1890 2475 1930 2524 8,
1952 2477 1994 2515 et
2014 2479 2129 2527 parte
2147 2475 2290 2526 quinta

1256 2538 1617 2588 Constitutionum,
1651 2550 1742 2607 cap.
1767 2540 1787 2578 1
1815 2540 1859 2578 et
1877 2539 1924 2586 2;
1946 2540 1988 2577 et
2015 2538 2108 2577 ideo
2126 2537 2186 2576 illi
2215 2535 2291 2576 soli

1259 2605 1354 2640 sunt
1373 2601 1441 2652 qui
1459 2600 1666 2640 ordinario
1694 2600 1792 2650 jure
1821 2599 2036 2640 Societatis
2051 2610 2195 2638 vocem
2216 2598 2292 2638 ha-

1259 2663 1360 2702 bent
1379 2663 1557 2702 activam
1577 2667 1617 2702 et
1635 2662 1842 2712 passivam
1860 2661 1904 2700 in
1937 2661 2140 2700 electione
2159 2661 2293 2700 Gene-
2323 2677 2345 2718 ι,

1261 2725 1384 2771 ralis;
1419 2724 1594 2775 professi
1638 2727 1779 2763 autem
1814 2722 1884 2773 qui
1922 2726 2116 2774 quartum
2149 2726 2293 2761 votum
2330 2720 2349 2766 i.

1262 2786 1448 2825 solemne
1468 2797 1553 2825 non
1571 2785 1777 2832 emittunt,
1799 2784 1987 2835 quamvis
2009 2783 2090 2823 alia
2108 2784 2294 2835 quinque
2327 2797 2349 2828 α.

1261 2851 1357 2886 vota
1383 2846 1550 2896 faciant,
1572 2849 1617 2884 ut
1633 2849 1794 2885 constat
1820 2857 1871 2884 ex
1905 2846 2123 2897 Exti-avag.
2143 2836 2301 2886 Amen-2
2328 2853 2346 2895 ἃ,

1262 2910 1373 2949 dente
1391 2909 1578 2954 Domino,
1607 2912 1732 2959 atque
1756 2919 1806 2947 ex
1825 2910 1976 2958 quarta
2000 2908 2294 2959 Congregatio-
2327 2910 2352 2970 st

1262 2982 1332 3018 ne,
1353 2969 1519 3009 decreto
1537 2971 1602 3016 39,
1627 2970 1668 3008 in
1685 2969 1754 3008 illo
1775 2969 1908 3021 gradu
1925 2981 2010 3008 non
2038 2970 2297 3009 constituun-
2343 2966 2345 2973 ⁴

1262 3036 1344 3079 tur,
1374 3043 1450 3070 nec
1488 3031 1732 3083 praedictum
1774 3030 2020 3082 suffragium
2053 3031 2222 3078 habent,
2253 3033 2295 3071 et

1263 3093 1356 3133 ideo
1387 3093 1562 3133 dicimus
1581 3093 1679 3133 talia
1696 3096 1792 3133 vota
1814 3093 1975 3132 nullum
1993 3093 2190 3132 effectum
2207 3104 2298 3140 mo,

1263 3155 1392 3194 ralem
1408 3155 1527 3205 quasi
1544 3155 1765 3207 positivum
1781 3154 1957 3202 habere;
1977 3159 2077 3194 sunt
2092 3166 2191 3206 ergo
2209 3165 2299 3194 om-.
2323 3178 2325 3183 ‹

1263 3217 1362 3255 nino
1400 3217 1631 3269 simplici-³13
1670 3220 1713 3256 et
1749 3215 1966 3256 diversitas
2001 3216 2111 3256 inter
2143 3216 2214 3255 illa
2253 3214 2298 3255 et

1266 3282 1462 3328 quartum
1486 3283 1628 3318 votum
1650 3278 1942 3330 professorum
1967 3289 2021 3318 ex
2051 3277 2172 3318 dictis
2197 3275 2314 3321 satie

1266 3340 1476 3380 declarata
1507 3345 1584 3381 est.
1618 3340 1661 3380 Si
1680 3340 1776 3392 quis
1805 3350 1904 3380 vero
1938 3343 2095 3392 quaerat
2123 3352 2178 3380 an
2209 3335 2323 3379 haeoJ

1267 3406 1362 3442 vota
1402 3402 1484 3442 sint
1523 3401 1816 3454 dispensabilia
1844 3414 1921 3453 per
1956 3401 2211 3454 Superiores,
2239 3392 2315 3439 etr

1273 3463 1442 3514 quidem
1455 3463 1656 3515 simplicia
1675 3468 1786 3511 sunt,
1801 3463 1991 3503 consulat
2001 3474 2052 3502 ea
2062 3462 2116 3503 de
2131 3473 2178 3502 re
2192 3449 2316 3501 trae-1¹.

1267 3528 1400 3565 tatum
1429 3525 1610 3578 primum
1642 3525 1767 3576 hujus
1797 3524 1922 3572 tomi,
1955 3523 2062 3564 libro
2092 3520 2309 3572 secundos

1268 3598 1362 3638 cap.
1380 3587 1644 3635 duodecimo,
1661 3592 1839 3628 numero
1853 3585 2028 3626 decimo.

2264 3646 2320 3685 «χ
