2352 3880
160 251 266 291 1172

196 329 263 364 per
281 319 464 362 generalia
487 319 680 364 privilegia
699 318 749 354 ad
776 317 1039 359 absolvendum
1062 325 1191 355 omues

196 368 333 407 fideles,
354 368 405 402 ib.

193 421 223 456 Α
243 418 387 452 casibus
402 419 590 454 reservatis
605 418 742 454 absolvi
760 425 836 452 non
863 420 1013 460 possunt
1030 418 1189 461 religiosi

126 487 127 491 =
194 477 216 503 a
231 467 500 504 confessoribus
514 478 588 504 suae
609 467 808 511 religionis,
826 467 897 502 nisi
913 468 959 502 de
974 468 1120 503 licentia
1132 469 1189 504 sui

127 535 130 538 -
192 517 398 560 Superioris
418 519 465 553 ad
488 520 556 554 hoc
577 518 779 562 specialiter
802 525 980 557 concessa,
1007 518 1064 552 vel
1087 519 1191 554 aliter

192 575 236 600 ex
258 567 393 610 regula,
408 571 471 603 aut
484 576 528 603 ex
548 577 618 603 usu
634 568 697 603 tali
719 567 862 602 muneri
881 568 1097 603 confessoris
1120 577 1189 603 an-

193 625 298 658 nexa,
314 616 364 650 ib.

154 666 453 701 PossuntPraelati
475 667 677 710 religionis,
693 667 828 710 quibus
849 667 1076 702 subditorum
1102 675 1188 712 pec-

191 721 269 750 cata
287 720 526 759 reservantur,
557 726 618 752 eos
646 727 668 752 a
699 717 888 751 reservatis
909 718 1108 760 absolvere,
1130 720 1187 754 vel

190 774 271 799 eam
288 766 579 808 iurisdictionem
600 767 701 802 alteri
717 767 953 806 committere,
971 767 1019 800 ib.

189 815 282 848 Fieri
294 820 412 850 tamen
428 821 544 859 potest
553 821 593 850 ut
606 816 714 850 alicui
727 816 872 849 Praelato
882 816 1071 858 religionis
1085 825 1186 852 com-

189 865 350 899 mittatur
374 874 395 900 a
413 866 596 909 Superiori
624 870 776 909 potestas
794 870 933 899 tantum
955 866 1115 909 delegata
1139 867 1186 903 ad

189 915 451 950 absolvendum
468 917 514 950 de
528 917 651 958 aliquo
670 920 768 949 certo
783 920 929 958 peccato
945 921 1135 959 reservato,
1150 922 1187 953 et

189 967 276 998 tunc
299 966 392 999 hanc
414 969 621 1008 potestatem
641 965 743 999 alteri
768 965 1002 1008 subdelegare
1021 975 1095 1002 non
1118 976 1185 1011 po·

187 1017 267 1055 test,
285 1015 333 1049 lb.

183 1065 213 1098 Α
235 1064 369 1106 quibus
398 1063 543 1097 casibus
560 1066 596 1097 et
624 1065 787 1098 censuris
811 1065 1001 1100 reservatis
1022 1065 1183 1102 Pontifici

183 1114 324 1147 Praelati
350 1114 530 1156 regulares
546 1113 685 1155 possint
699 1123 785 1148 suos
811 1115 975 1150 subditos
998 1116 1185 1159 religiosos

184 1163 382 1204 absolvere,
407 1163 490 1196 vide
506 1164 675 1197 Censura.

181 1212 293 1245 Petita
316 1212 483 1246 facultate
509 1220 531 1246 a
557 1212 748 1255 superiore
780 1213 827 1247 ad
848 1212 1110 1249 absolvendum
1137 1216 1183 1252 de

181 1263 304 1305 aliquo
328 1267 519 1304 reservato,
534 1267 570 1296 et
587 1264 632 1297 ab
646 1271 689 1297 eo
712 1264 845 1306 injuste
868 1268 1007 1307 negata,
1026 1274 1099 1300 non
1116 1274 1182 1309 po·

181 1315 247 1346 test
276 1313 485 1347 ordinarius
499 1313 684 1348 confessor
699 1313 746 1347 de
768 1313 831 1347 illo
859 1314 1044 1349 absolvere
1061 1317 1182 1359 poeni·

183 1366 330 1402 tentem,
353 1363 402 1396 ib.

179 1412 273 1452 Quid
294 1413 332 1446 in
354 1421 396 1447 eo
411 1421 495 1447 casu
518 1412 638 1447 facere
653 1413 765 1455 possit
784 1413 979 1456 poenitens,
1002 1415 1033 1449 si
1059 1421 1184 1459 urgeat

177 1462 371 1496 necessitas
392 1463 687 1497 communicandi
705 1464 751 1497 ad
772 1464 959 1498 vitandam
983 1464 1180 1501 'infamiam

177 1513 235 1545 vel
257 1512 482 1553 scandalum,
509 1513 559 1546 ib.

175 1561 230 1595 An
267 1569 370 1595 casus
407 1562 576 1595 reservati
612 1561 760 1595 Summo
795 1562 972 1603 Pontifici,
1002 1572 1023 1596 a
1045 1564 1180 1606 quilius

176 1611 315 1645 Praelati
340 1612 560 1654 religionum
576 1616 727 1654 possunt
739 1619 801 1654 per
809 1620 873 1646 sua
888 1612 1077 1655 privilegia
1092 1616 1178 1649 sub-

177 1660 271 1694 ditos
293 1662 490 1703 absolvere,
513 1661 689 1696 reservari
712 1665 863 1704 possunt
889 1670 911 1694 a
935 1663 1094 1699 Praelatis
1115 1675 1178 1699 su-

176 1711 394 1753 perioribus,
420 1711 468 1744 ita
489 1715 530 1745 ut
561 1711 755 1745 inferiores
784 1710 922 1746 Praelati
951 1713 996 1746 ab
1019 1714 1074 1748 eis
1103 1723 1177 1750 non

176 1761 319 1802 possint
336 1761 532 1803 absolvere,
551 1770 580 1794 c.
600 1764 653 1794 22.

174 1811 326 1850 Quando
347 1812 518 1846 Praelatus
540 1811 699 1854 assignat
728 1811 991 1848 confessarium
1014 1821 1080 1857 pro
1100 1815 1177 1851 suis

176 1861 345 1903 subditis,
369 1866 430 1896 aut
459 1862 493 1896 ei
514 1862 682 1896 concedit
700 1861 905 1896 facultatem
924 1863 1135 1899 absolvendi
1154 1874 1177 1900 a

176 1911 378 1953 reservatis,
400 1919 474 1945 non
495 1911 528 1944 ei
556 1911 697 1953 delegat
715 1918 759 1946 eo
788 1911 867 1953 ipso
886 1912 1090 1949 facultatem
1109 1914 1176 1949 ab·

175 1961 339 1994 solvendi
360 1970 381 1995 a
397 1961 586 1995 reservatis
601 1962 749 1995 Summo
764 1961 941 2004 Pontifici,
960 1963 1006 1997 ib.

173 2010 215 2044 Et
236 2011 383 2053 quando
398 2011 601 2046 censendus
617 2011 663 2045 sit
674 2019 755 2045 eam
777 2011 983 2047 facultatem
996 2014 1175 2052 concede·

175 2069 227 2103 re,
247 2062 295 2095 ib.

172 2113 203 2146 A
217 2119 375 2153 quonam
392 2111 504 2155 possit
523 2111 659 2146 absolvi
682 2111 853 2147 Praelatus
876 2121 1067 2156 supremus
1087 2114 1174 2149 reli·

173 2161 321 2205 ligionis
335 2163 380 2196 de
390 2163 534 2197 casibus
548 2162 686 2196 Summi
703 2163 866 2196 Pontifici
878 2164 1174 2206 reservatis‚c.2³.

171 2212 227 2246 An
249 2212 444 2255 Episcopus
463 2213 586 2246 saltem
608 2212 645 2245 in
675 2211 798 2255 aliquo
817 2221 901 2247 casu
915 2215 1028 2256 possit
1052 2215 1174 2250 absol·

171 2269 256 2296 vere
278 2262 466 2305 religiosos
478 2262 655 2297 acasibus
674 2263 864 2298 reservatis
878 2263 1027 2298 Summo
1047 2264 1172 2299 Ponti-

171 2310 245 2352 fici,
270 2311 320 2345 ib.

170 2361 224 2395 Ab
239 2361 413 2396 omnibus
434 2361 577 2395 casibus
590 2361 694 2403 Papae
714 2360 918 2402 reservatis,
936 2361 1077 2403 quoties
1095 2369 1170 2397 non

171 2415 268 2454 patet
279 2411 399 2446 aditus
415 2412 461 2445 ad
481 2411 667 2445 Summum
689 2410 907 2453 pontificem,
922 2412 978 2445 vel
1001 2413 1174 2447 commis-

171 2461 308 2495 sarium
330 2461 421 2503 ejus,
443 2460 514 2494 nisi
538 2469 621 2494 cum
635 2469 765 2502 magna
784 2459 991 2495 difficultate
1009 2465 1044 2495 et
1058 2470 1170 2505 mora,

171 2515 285 2554 pot‘st
296 2511 481 2544 absolvere
494 2510 649 2552 quilibet
659 2510 843 2544 confessor
856 2519 939 2544 cum
952 2519 1062 2545 onere
1076 2520 1172 2546 com-

170 2561 323 2603 parendi
347 2569 468 2594 coram
491 2560 674 2602 Pontifice,
698 2560 754 2593 vel
773 2560 927 2594 habente
945 2560 1171 2603 jurisdictio-

171 2618 256 2644 nem
280 2611 326 2644 ab
343 2610 407 2644 illo
423 2610 520 2643 circa
542 2610 630 2643 tales
645 2618 748 2644 casus
770 2614 933 2654 respectu
950 2611 1032 2645 talis
1046 2619 1170 2655 perso-

171 2667 242 2700 nae,
267 2659 319 2692 ib.

169 2707 286 2742 Semel
304 2707 343 2741 in
359 2707 432 2740 vita
452 2710 603 2749 possunt
619 2707 778 2750 religiosi
797 2708 970 2751 minores,
989 2712 1025 2744 et
1044 2717 1171 2746 omnes

170 2759 248 2799 alii,
262 2757 325 2801 qui
340 2765 422 2791 cum
441 2756 514 2790 illis
527 2757 799 2791 communicant
815 2758 852 2791 in
877 2759 1087 2801 privilegiis,
1102 2760 1170 2795 ab·

171 2808 260 2841 solvi
276 2816 298 2841 a
310 2806 530 2841 confessario
544 2813 618 2839 suae
639 2805 826 2848 religionis
842 2806 886 2840 de
900 2808 1070 2843 omnibus
1083 2818 1169 2852 pec-

171 2857 259 2890 catis
280 2859 315 2890 et
336 2855 500 2890 censuris
523 2855 725 2896 reservatis,
742 2862 773 2889 c.
795 2858 849 2888 1⁹.

170 2906 270 2940 idem
292 2906 523 2949 privilegium
538 2905 675 2939 eisdem
696 2905 908 2940 conceditur
929 2914 993 2949 pro
1019 2909 1170 2943 articulo

171 2956 315 2996 mortis;
347 2959 382 2989 et
403 2955 492 2997 quid
514 2958 682 2998 operetur
708 2962 792 2991 cum
822 2955 860 2989 in
874 2956 1025 2990 articulo
1045 2958 1170 2993 mortis

172 3006 273 3040 nulla
291 3005 339 3039 sit
359 3005 566 3046 reservatio,
585 3005 633 3039 ib.

171 3056 281 3091 Debet
294 3063 379 3089 vero
398 3054 581 3088 confessor
596 3063 673 3089 esse
686 3054 903 3097 approbatus
914 3055 970 3088 vel
986 3056 1167 3099 expositus

171 3114 195 3140 a
226 3106 373 3140 Praelato
396 3104 584 3146 religionis
618 3105 664 3138 ad
699 3104 898 3139 audiendas
919 3106 1165 3143 consessiones

170 3164 319 3190 suorum
333 3154 576 3196 subditorum,
593 3153 643 3187 ib.

172 3204 261 3240 Vide
282 3205 535 3239 mendicantes.

170 3253 353 3296 Religiosi,
378 3253 537 3297 praecisis
558 3250 771 3296 privilegiis,
786 3251 970 3287 absolvere
992 3259 1065 3287 non
1083 3260 1166 3296 pos·

171 3310 257 3340 sunt
268 3314 290 3338 a
302 3305 444 3338 casibus
458 3304 633 3347 Episcopo
645 3302 846 3345 reservatis,
858 3302 1163 3346 quemadmodum

171 3363 240 3389 nec
260 3354 422 3398 parochi,
439 3358 479 3387 tr.
499 3357 552 3395 10,
570 3352 594 3386 l.
617 3355 651 3394 9,
664 3359 695 3385 c.
711 3353 743 3385 ς.

171 3405 349 3446 Quantum
364 3411 448 3438 vero
467 3402 605 3446 possint
632 3399 803 3443 religiosi,
823 3399 1021 3442 praesertim
1040 3400 1164 3438 Socie-

170 3455 265 3496 tatis,
282 3462 346 3496 per
363 3462 428 3488 sua
452 3451 642 3496 privilegia
663 3451 759 3485 circa
777 3443 891 3490 cas'sts,
909 3450 1016 3484 etiam
1038 3451 1163 3486 Ponti·

171 3503 231 3538 tici
246 3508 453 3544 reservatos,
475 3502 558 3536 vide
575 3499 802 3535 l‘oenitentiae
823 3503 1098 3534 sacramentum.

170 3553 279 3588 Usum
297 3551 502 3588 reservandi
527 3551 667 3593 aliquot
693 3557 807 3590 casuS,
836 3549 900 3592 qui
929 3549 969 3583 in
988 3550 1167 3588 societate

172 3603 286 3644 datur,
301 3611 379 3638 esse
400 3601 562 3636 instituto
579 3599 766 3636 societatis
785 3601 824 3634 et
848 3597 980 3635 rationi
1004 3606 1161 3636 consen·

172 3651 332 3694 tetricum,
351 3652 378 3686 l.
398 3655 434 3694 8,
452 3658 483 3685 c.
499 3653 533 3685 ὅ.

1071 253 1198 290 mccx
1217 253 1370 291 amun.

1283 318 1441 356 Nimiam
1453 323 1530 353 non
1549 325 1631 354 esse
1649 316 1759 353 tatem
1771 320 2061 365 reservationem,
2075 323 2126 359 ib.

1285 370 1352 411 Qui
1378 376 1483 403 casus
1499 367 1540 404 in
1560 368 1769 412 particulari
1788 374 2014 407 reserventur
2029 371 2071 408 in
2088 373 2274 418 societate,

1285 420 1336 454 ib.

1283 468 1324 502 ln
1352 466 1527 502 societate
1539 467 1615 502 sola
1632 468 1812 510 generalis
1826 468 2060 513 congregatio
2079 470 2187 508 habet
2206 480 2274 516 po·

1285 519 1446 551 testatem
1459 518 1665 553 reservandi
1686 522 1842 562 peccata,
1862 519 1912 553 ib.

1242 567 1352 603 Casus
1373 567 1580 602 reservandi
1594 576 1683 603 usus
1696 577 1806 611 quam
1819 568 1940 604 varius
1962 569 2000 603 in
2022 569 2174 606 diversis
2186 571 2273 608 reli-

1285 616 1455 658 gionibus
1470 617 1592 659 fuerit,
1612 617 1662 652 ib.

1284 666 1452 709 Superior
1474 666 1514 701 in
1536 667 1655 710 rigore
1676 670 1792 711 potest
1811 675 1951 712 cogere,
1963 672 2006 704 ut
2027 668 2194 706 subditus
2213 669 2275 706 iu-

1284 716 1409 750 cidens
1423 717 1462 751 in
1478 722 1696 752 reservatum
1709 718 1780 753 sibi
1803 719 2026 759 confiteatur,
2042 719 2092 754 ib.

1282 767 1358 801 Non
1377 770 1498 802 tamen
1522 767 1560 801 id
1574 776 1716 811 semper
1734 769 1886 812 expetit;
1902 773 1938 804 et
1954 769 2136 812 quomodo
2154 768 2192 805 in
2205 770 2274 806 hoc

1281 825 1319 850 se
1351 825 1474 859 gerere
1501 816 1630 852 debeat
1657 819 1840 861 Superior,
1865 820 2013 862 quaudo
2040 820 2188 857 facultas
2208 829 2273 865 per

1281 867 1541 901 confessarium
1557 867 1782 902 ordinarium
1797 869 2006 912 postulatur,
2027 869 2077 906 ib.

1281 917 1374 957 Quid
1393 918 1422 952 si
1442 926 1507 962 per
1523 918 1634 953 alium
1653 920 1887 961 sacerdotem,
1910 919 1962 954 ib.

1281 966 1381 1006 Quod
1406 969 1515 1002 etiam
1533 968 1580 1002 sit
1601 977 1735 1003 munus
1751 969 1961 1004 confessarii
1984 970 2042 1004 cui
2059 969 2210 1006 facultas
2224 971 2271 1007 ad

1281 1017 1540 1053 absolvendum
1561 1018 1599 1052 in
1616 1026 1659 1053 eo
1682 1027 1767 1054 casu
1786 1020 2006 1059 conceditur,
2022 1020 2073 1055 ib.

1280 1067 1472 1110 Privilegia
1486 1069 1711 1111 regularibus
1729 1070 1887 1104 Praelatis
1905 1078 2074 1105 concessa
2095 1069 2141 1105 ad
2152 1069 2271 1105 absol-

1282 1118 1439 1152 vendum
1455 1127 1477 1152 a
1491 1119 1635 1153 casibus
1656 1119 1854 1155 Pontificiis
1873 1128 1958 1158 suos
1972 1119 2169 1163 religiOSOS,
2188 1119 2272 1157 vido

1279 1163 1510 1210 Privilegium
1531 1173 1567 1202 et
1588 1169 1766 1204 Praelatus.

1276 1213 1461 1260 Peregrini
1479 1218 1635 1261 religiosi
1655 1228 1676 1253 a
1696 1220 1841 1262 quibus,
1855 1223 1890 1254 et
1910 1227 1983 1262 quo
2010 1219 2118 1256 modo
2133 1217 2270 1256 absolvi

1277 1267 1418 1307 possint
1437 1276 1460 1302 a
1481 1268 1682 1310 reservatiS,
1703 1269 1787 1303 vide
1803 1268 2000 1312 Peregrini

1275 1314 1407 1398 govitii
1426 1325 1448 1351 a
1474 1325 1548 1360 quo
1576 1317 1714 1361 possint
1733 1319 1871 1355 absolvi
1899 1320 1944 1354 de
1966 1319 2165 1362 reservatis,
2187 1318 2272 1356 vide

1307 1365 1422 1400 ovitii.

1275 1413 1412 1451 Caetera
1434 1425 1500 1461 pro
1516 1418 1662 1454 casibus
1683 1419 1884 1463 reservatis,
1903 1418 1988 1455 vide
2007 1419 2178 1456 Censura.

1675 1529 1831 1555 causum.

1231 1609 1302 1649 An,
1328 1612 1365 1643 et
1394 1617 1488 1652 quas
1503 1616 1676 1646 censuras
1694 1611 1833 1648 Praelati
1866 1612 2055 1657 religionis
2082 1614 2270 1658 imponere

1275 1659 1413 1702 possint
1426 1660 1503 1694 suis
1515 1659 1683 1704 subditis,
1697 1666 1740 1696 tr.
1761 1665 1793 1704 8,
1818 1662 1842 1696 l.
1859 1665 1892 1706 2,
1914 1671 1946 1699 c.
1961 1666 1993 1697 9.

1275 1708 1364 1743 Vide
1382 1709 1492 1745 etiam
1506 1711 1676 1746 Praelatus
1699 1713 1885 1755 regularis.

1228 1757 1410 1795 censuras
1429 1768 1612 1795 reservare
1641 1767 1791 1805 possunt
1814 1763 1951 1799 Praelati
1975 1764 2168 1808 regulares,
2193 1771 2268 1802 non

1273 1809 1437 1844 obstante
1453 1810 1596 1846 decreto
1609 1811 1805 1847 Clementis
1817 1813 1900 1854 vill,
1918 1815 2130 1857 prohibente
2153 1823 2268 1850 reser-

1273 1859 1455 1894 vationem
1478 1861 1640 1903 plurium
1664 1871 1835 1906 casuum,
1863 1871 1973 1907 quam
2000 1871 2126 1900 eorum
2149 1867 2269 1901 unde-

1269 1909 1346 1944 cim
1367 1918 1461 1952 quos
1481 1918 1663 1947 reservare
1678 1913 1837 1948 Praelatis
1851 1914 2069 1958 religionum
2084 1916 2268 1959 permittit,

1273 1965 1305 1993 c.
1325 1961 1378 1993 18.

1271 2009 1300 2044 A
1318 2008 1516 2045 censurisa
1526 2010 1619 2052 jure,
1637 2011 1713 2046 imo
1732 2015 1767 2046 et
1781 2011 1828 2047 ab
1853 2012 2001 2048 homine
2030 2021 2096 2056 per
2119 2017 2268 2049 senten·

1272 2056 1360 2092 tiam
1385 2060 1604 2102 generalem,
1625 2068 1699 2096 non
1722 2062 1924 2104 reservatis,
1946 2063 2134 2099 absolvere
2155 2067 2270 2106 potest

1267 2108 1478 2144 ordinarius
1497 2111 1704 2145 monasterii
1727 2113 1924 2154 confessor,
1939 2120 1981 2148 eo
1998 2113 2075 2157 ipso
2089 2114 2187 2157 quod
2201 2114 2269 2150 ha·

1270 2157 1333 2193 bet
1347 2159 1641 2201 jurisdictionem
1671 2161 1718 2196 ad
1749 2161 2011 2197 absolvendum
2041 2163 2089 2198 de
2114 2164 2268 2207 peccatis

1269 2208 1495 2250 mortalibus,
1511 2217 1543 2244 c.
1559 2213 1614 2243 19.

1266 2257 1323 2293 Ab
1342 2259 1515 2291 omnibus
1534 2259 1698 2291 censuris
1725 2266 1800 2293 non
1831 2261 2123 2303 reservatis,tam
2147 2263 2267 2305 ajuro

2350 429 2352 435 .
2342 307 2352 399 ..-m⁴—

1267 2313 1379 2348 quam
1400 2307 1446 2340 ab
1465 2306 1613 2341 homine
1635 2315 1699 2350 per
1727 2310 1945 2344 sententiam
1967 2311 2173 2352 generalem
2198 2313 2267 2348 ab·
2329 2326 2337 2340 κ

1267 2356 1406 2391 solvere
1425 2356 1506 2398 jure
1521 2356 1708 2391 ordinario
1724 2362 1875 2400 possunt
1887 2359 2026 2395 Praelati
2046 2361 2265 2406 religionum

1269 2413 1353 2439 suos
1368 2406 1532 2440 subditos
1545 2406 1742 2449 religiosos,
1758 2407 1807 2442 il).

1268 2455 1418 2489 Possunt
1432 2456 1540 2489 etiam
1558 2457 1704 2491 eosdem
1721 2457 1904 2492 absolvere
1917 2466 1939 2492 a
1959 2465 2111 2495 censura
2123 2461 2266 2504 specia-
2324 2486 2327 2490 -

1268 2505 1349 2539 liter
1367 2505 1412 2539 ab
1428 2505 1586 2547 homine,
1618 2506 1689 2540 nisi
1719 2506 1788 2541 lata
1804 2507 1850 2542 sit
1863 2516 1885 2542 a
1899 2508 2091 2551 superiore
2104 2518 2182 2553 suo,
2205 2512 2263 2547 vel

1266 2555 1313 2589 ab
1334 2555 1521 2598 Episcopo,
1535 2555 1574 2589 in
1589 2556 1733 2590 casibus
1753 2557 1790 2590 in
1808 2557 1942 2599 quibus
1951 2561 2263 2597 excommunicare
2327 2565 2352 2600 ‘a‘

1266 2609 1380 2648 potest
1402 2605 1588 2647 religiosos
1600 2610 1795 2650 exemptos,
1818 2607 1867 2641 ib.

1265 2657 1319 2689 An
1358 2663 1421 2698 per
1454 2664 1519 2690 sua
1551 2656 1742 2699 privilegia
1769 2657 1909 2700 aliquid
1938 2658 2096 2701 amplius
2123 2660 2261 2703 possint

1265 2705 1361 2739 circa
1375 2712 1565 2739 censuram
1583 2707 1776 2750 specialem
1797 2708 1845 2742 ab
1865 2708 2025 2750 bomine,
2041 2709 2149 2743 etiam
2176 2717 2260 2755 erga

1267 2754 1432 2791 novitios,
1447 2762 1479 2789 c.
1502 2757 1556 2788 25.

1265 2804 1349 2842 ouae
1383 2804 1579 2838 satisfactio
1606 2805 1858 2848 praemittenda
1876 2805 1927 2841 sit
1947 2810 2031 2842 ante
2051 2808 2258 2851 hujusmodi

1266 2854 1542 2894 absolutionem,
1560 2854 1607 2889 ib.

1263 2905 1293 2938 A
1310 2904 1473 2937 censuris
1487 2904 1525 2937 in
1541 2904 1717 2947 religione
1731 2905 1921 2941 reservatis
1943 2911 2058 2951 potest
2072 2909 2255 2946 absolvere
2306 2896 2314 2940 s

1263 2953 1432 2987 Praelatus
1446 2953 1492 2987 ad
1506 2962 1614 2995 quem
1634 2956 1827 2991 reservatio
1841 2956 1934 2991 facta
1945 2960 2010 3000 est,
2023 2962 2092 2994 eta
2115 2960 2255 2998 fortiori

1264 3002 1434 3037 Praelatus
1449 3004 1625 3046 superior,
1641 3011 1673 3039 c.
1691 3008 1743 3038 2⁰.
1824 3023 1830 3031 ι

1259 3051 1420 3086 Licentia
1446 3052 1528 3087 data
1548 3054 1766 3096 generaliter
1788 3063 1811 3090 a
1831 3055 1978 3092 Praelato
1996 3056 2043 3092 ad
2062 3057 2253 3095 absolven-

1260 3101 1347 3135 dum
1367 3110 1388 3135 a
1401 3103 1565 3137 censuris
1586 3111 1660 3138 non
1680 3105 1885 3140 extenditur
1909 3106 1957 3141 ad
1974 3113 2180 3151 reservatas,
2202 3110 2251 3145 ib.
2291 3124 2296 3138 ·

1259 3152 1287 3186 Α
1302 3152 1465 3186 censuris
1482 3153 1608 3195 Papae
1600 3161 1638 3187 in
1652 3155 1734 3197 jure
1757 3156 1957 3198 reservatis,
1971 3165 1993 3192 a
2012 3158 2144 3200 quibus
2155 3160 2252 3203 Epis-

1259 3202 1340 3244 copi
1356 3202 1439 3246 jure
1457 3202 1644 3238 ordinario
1668 3212 1753 3239 suos
1773 3205 1936 3241 subditos
1958 3212 2107 3250 possunt
2131 3209 2252 3245 absol-

1261 3259 1372 3294 vere,
1404 3256 1555 3295 possunt
1579 3253 1689 3288 etiam
1709 3254 1894 3291 absolvere
1923 3255 2063 3293 Praelati
2091 3259 2256 3304 religiosi

1260 3308 1345 3337 suos
1362 3302 1538 3342 subditos,
1554 3302 1604 3336 ib.

1258 3351 1335 3386 Non
1358 3355 1508 3396 possunt
1524 3354 1644 3386 tamen
1659 3352 1734 3387 ab
1724 3353 1771 3388 iis
1791 3354 1975 3391 absolvere
1991 3365 2013 3391 a
2026 3357 2160 3401 quibus
2169 3356 2250 3403 Epi·

1259 3401 1358 3444 scopi
1380 3409 1424 3437 ex
1450 3401 1704 3437 commissione
1721 3404 1885 3449 speciali,
1899 3409 1937 3441 et
1952 3410 2124 3451 tanquam
2143 3409 2245 3452 legati

1258 3450 1363 3486 Sedis
1377 3451 1600 3494 Apostolicae,
1623 3457 1785 3510 possunt,
1805 3454 1854 3489 ib.

1259 3499 1430 3536 Poterunt
1441 3505 1560 3536 tamen
1580 3509 1623 3536 ex
1642 3503 1798 3547 propriis
1822 3504 2033 3550 privilegiis,
2048 3513 2129 3550 quae
2154 3512 2259 3543 cou-

1258 3550 1412 3585 sulenda
1424 3554 1520 3592 sunt,
1541 3549 1591 3585 ib.

1257 3598 1403 3634 Possent
1414 3607 1500 3634 vero
1513 3578 1653 3636 'Praelati
1675 3602 1855 3646 regulares
1871 3603 2053 3640 absolvere
2065 3604 2112 3639 ab
2123 3605 2243 3642 omni-

1255 3648 1327 3685 bus
1343 3650 1487 3686 casibus
1505 3651 1656 3688 occultis
1676 3652 1785 3688 bullae
1802 3654 1935 3695 coeuoe,
1956 3654 2064 3691 ctiam
2086 3655 2142 3692 Μ.»
2199 3656 2209 3664 ·
