2352 3880
75 0 138 23 .,.
251 0 377 19 1.st
440 0 581 18 .„
677 0 707 35 ¹.
792 0 1127 28 a,

0 0 77 119 r
183 91 186 94 ⁴
327 77 356 116 11
755 66 832 85 ”
1006 55 1058 97 ν’

1635 127 1640 131 ’
1691 126 1710 147 ἢ

126 188 208 230 τω
479 184 555 219 mn.
577 180 634 217 iv.
655 179 710 234 113
731 177 852 213 voris
871 174 1122 212 saruc-mus
1141 173 1381 211 umrrms
1401 173 1455 207 sr
1473 147 1769 215 §sumerum
1790 169 1883 208 1113

92 244 95 249 s
128 257 184 300 ad
209 256 287 297 hoc
305 255 441 309 caput,
460 247 569 302 quod
587 246 804 297 religiosus
820 255 907 284 non
925 246 989 284 est
1010 242 1074 282 sui
1092 242 1157 294 ju·
1204 244 1328 295 jecta,
1356 251 1449 292 quae
1468 242 1529 279 est
1545 238 1859 279 fundamentum
1875 237 2053 285 Moliuae,
2073 239 2247 280 Utram-

127 319 200 368 115,
214 321 387 367 utraque
406 315 466 352 est
480 320 594 362 aeque
613 306 834 360 prohibita,
859 305 927 346 vel
947 316 1064 357 aeque
1091 304 1158 344 in-

126 379 260 420 firma.
295 375 391 416 Inde
438 383 536 412 vero
581 373 876 420 consequenter
915 364 1120 417 significat
1139 395 1154 415 ,

130 439 291 481 etiamsi
307 433 499 476 alienatio
518 431 592 471 fiat
618 430 664 470 in
693 441 892 482 pauperes
907 458 922 478 ‚
948 427 1016 467 vel
1035 438 1158 477 opera.

129 502 210 553 pia,
231 509 318 539 esse
334 506 458 547 grave
477 496 688 545 peccatum
703 495 844 530 contra
859 492 1155 542 paupertatem,

129 562 224 613 quia
238 563 299 598 est
317 555 528 608 usurpatio
541 554 663 605 juris,
678 553 787 604 quod
803 552 894 604 quis
913 563 998 590 non
1017 550 1157 599 habet,

128 621 304 668 scilicet,
325 615 598 658 transferendi
629 614 861 654 dominium
893 613 938 652 in
965 612 1155 652 alterum.

127 682 243 722 Adde
264 680 404 726 etiam,
422 677 521 729 quia
535 676 688 715 donare
707 675 795 714 sine
816 677 1014 726 potestate
1030 677 1161 712 trans·

128 741 286 783 ferendi
303 739 548 786 dominium,
567 737 634 777 vel
656 736 895 788 decipiendo
922 735 1067 783 alium,
1096 733 1162 773 vel

129 802 344 844 invitando
363 801 483 839 illum
501 803 549 838 ut
567 797 740 848 accipiat
759 796 870 848 quod
896 796 1078 847 accipere
1094 794 1163 834 vel

131 867 308 904 retinere
335 874 420 901 303
449 863 591 912 potest,
610 858 802 898 omnihus
822 857 954 897 modis
982 856 1164 895 continet

131 936 300 978 gravem
321 922 687 962 inordinationem.
716 920 819 959 Hinc
851 919 974 958 etiam
1009 917 1166 968 colligit

131 989 428 1027 testamentum
447 984 600 1022 factum
625 981 676 1020 ab
707 979 944 1031 hujusmodi
974 978 1164 1030 religioso

133 1049 221 1088 sine
236 1046 401 1086 licentia
417 1044 480 1083 sui
505 1041 734 1095 Superioris
754 1041 916 1080 nullum
936 1052 1044 1087 esse;
1067 1050 1166 1079 nam

131 1121 229 1149 cum
248 1109 333 1154 illa,
355 1107 458 1146 sicut
474 1109 643 1157 possunt
661 1103 705 1143 hi
721 1102 902 1154 religiosi
921 1102 971 1142 de
990 1102 1072 1141 suis
1089 1102 1162 1141 bo·-

133 1172 198 1211 nis
210 1171 427 1221 disponere
445 1168 554 1207 inter
570 1167 700 1212 vivos,
719 1165 776 1204 ita
791 1165 917 1204 etiam
934 1168 992 1203 est
1008 1170 1166 1204 certum

133 1245 248 1284 posse
272 1243 342 1283 per
372 1230 483 1268 viam
513 1226 749 1268 testamenti
780 1225 1052 1266 confirmandi
1093 1237 1166 1277 per

134 1300 309 1334 mortem
327 1291 573 1338 naturalem,
596 1298 667 1328 aut
685 1300 756 1340 per
773 1288 1082 1340 professionem,
1100 1285 1167 1326 vel

134 1357 258 1395 etiam
277 1367 349 1406 per
366 1358 462 1392 vota
481 1351 766 1402 coadjutorum
799 1350 1070 1388 formatorum
1095 1349 1169 1388 So-

134 1417 306 1463 cietatis,
327 1426 498 1466 quaeque
514 1413 566 1451 ad
584 1412 661 1452 hoc
680 1411 941 1462 aequivalent,
962 1414 1008 1449 ut
1026 1421 1077 1449 ex
1090 1422 1128 1449 3.
1143 1411 1169 1449 4

134 1482 308 1518 constat.
332 1479 464 1527 Atque
485 1474 628 1514 eadem
648 1474 925 1524 proportione,
942 1472 976 1510 si
995 1472 1075 1510 alia
1091 1472 1169 1510 dis-

135 1539 295 1591 positio,
327 1538 414 1576 sine
441 1536 604 1574 licentia
626 1537 734 1573 iuter
758 1533 870 1573 vivos
893 1536 1012 1581 lacta,
1028 1533 1169 1572 illicita

133 1605 175 1640 et
203 1599 318 1639 nulla
340 1602 400 1637 est
417 1627 430 1647 ,
453 1597 531 1636 erit
550 1597 675 1635 etiam
694 1595 809 1634 nulla
828 1607 901 1645 per
921 1595 1030 1633 viam
1049 1599 1170 1634 testa-

133 1662 290 1709 menti3
313 1664 372 1699 est
391 1659 502 1698 enim
530 1658 673 1697 eadem
696 1657 764 1696 vel
791 1657 922 1707 maJ'or
942 1656 1062 1696 ratio.
1086 1657 1170 1695 [mo

135 1723 248 1761 addit
270 1722 382 1760 idem
410 1724 566 1767 auctor,
591 1730 675 1757 non
699 1717 830 1756 solum
860 1718 904 1756 in
928 1716 992 1756 his
1011 1717 1174 1769 religio-

134 1785 201 1830 sis,
225 1783 294 1822 sed
315 1783 438 1821 etiam
458 1781 503 1819 in
523 1780 688 1818 novitiis
707 1779 922 1818 Societatis
935 1809 950 1828 ,
980 1783 1069 1830 post
1091 1780 1174 1831 pri-

136 1856 253 1884 mum
284 1854 441 1882 annum
474 1841 681 1892 expletum
704 1844 918 1891 peccatum
954 1852 1040 1880 esse
1076 1853 1173 1880 con-

136 1906 231 1945 dere
260 1906 550 1944 testamentum
570 1902 620 1940 de
639 1901 720 1939 suis
740 1900 873 1949 bonis,
893 1901 1023 1940 inscio
1046 1901 1171 1953 Supe-

136 1967 260 2012 riore,
281 1964 470 2016 quamvis
489 1963 539 2001 de
559 1961 630 2000 illo
651 1966 894 2000 testamento
919 1962 1062 2001 doceat
1086 1975 1172 2002 esse

137 2026 336 2071 validum,
359 2030 400 2064 et
418 2054 430 2072 ,
463 2024 497 2062 si
526 2027 656 2062 morte
679 2022 858 2061 naturali
881 2023 1170 2073 confirmetur,

136 2089 290 2127 habere
310 2085 522 2133 effectum,
545 2083 643 2135 quia
663 2083 815 2122 factum
835 2083 915 2121 fuit
934 2083 985 2122 ab
1004 2083 1172 2125 homine

138 2150 202 2187 sui
219 2148 322 2198 juris
336 2157 349 2195 3
371 2146 509 2184 illicite
529 2148 668 2183 autem
686 2145 840 2183 factum
860 2156 946 2183 esse
965 2150 1168 2194 censetur,

138 2210 235 2260 quia
253 2213 311 2247 est
331 2213 474 2247 contra
491 2206 818 2258 promissionem,
836 2217 960 2256 quam
982 2206 1075 2246 talis
1099 2219 1171 2246 no-

137 2270 264 2309 vitius
294 2269 391 2307 fecit
424 2266 679 2318 disponendo
712 2266 762 2305 de
787 2266 905 2305 bonis
933 2267 1042 2313 suis,
1075 2279 1170 2307 cum

133 2316 318 2382 1primum
354 2329 544 2379 Superior
581 2327 810 2377 injunxerit
846 2331 933 2378 post
962 2328 1170 2379 expletum

134 2391 320 2443 ,primum
339 2389 586 2441 probationis
605 2399 779 2436 annum,
800 2391 846 2426 ut
863 2388 907 2427 in
926 2387 996 2427 illo
1018 2400 1108 2440 cap.
1128 2391 1169 2437 4,

134 2446 311 2491 'numero
337 2451 496 2490 decimo
519 2449 693 2501 septimo
715 2479 725 2495 ‚
755 2452 911 2487 tactum
947 2452 1021 2488 est.
1058 2450 1174 2489 Hanc

134 2504 300 2554 'Molinae
335 2512 582 2551 sententiam
619 2515 759 2562 postea
790 2510 974 2562 sequitur
998 2511 1170 2561 Lessius,

138 2574 211 2613 lib.
224 2575 309 2615 2de
328 2575 450 2623 Just„
468 2585 556 2624 cap.
568 2573 610 2620 4,
624 2571 756 2611 dubit.
769 2572 810 2620 5,
829 2582 1004 2611 numero
1023 2572 1174 2624 vigesi-

139 2647 206 2674 mo
229 2640 386 2674 octavo.

192 2699 255 2736 12.
278 2695 468 2736 Auctoris
484 2696 680 2746 placitum
710 2694 1174 2747 bipartitum—Decla-

138 2762 258 2798 ratm-
275 2761 444 2808 utraque
454 2757 683 2808 simulpars
700 2756 873 2806 extemplo
888 2756 984 2803 voti,
1000 2758 1174 2806 promis·

137 2816 265 2859 aionis
292 2829 338 2857 ac
369 2816 674 2857 donationis.—-
690 2816 915 2856 Discrimen
943 2817 1047 2856 inter
1074 2819 1174 2858 irri-

136 2868 223 2920 ’tam
236 2883 273 2919 et
284 2877 526 2917 irritabiiem
542 2877 787 2916 donationem
804 2897 852 2906 -
863 2878 1072 2918 Instantia
1083 2889 1173 2920 con-

138 2930 207 2981 ¹tra
234 2939 411 2990 primam
442 2941 598 2988 partem
638 2936 888 2977 discriminis
917 2937 1103 2978 diluitur.
1120 2961 1172 2968 —-

138 2989 289 3042 'Contra
314 2999 481 3038 alteram
506 3001 663 3050 partem
692 2997 944 3038 discriminis
973 3000 1173 3041 instantia

139 3061 269 3101 altera
280 3063 576 3100 removetur.—
589 3057 863 3097 Nihilominus
880 3070 956 3109 ego
982 3060 1172 3100 existimo

139 3119 377 3172 huiusmodi
386 3119 652 3159 alienationes
663 3119 727 3158 vel
740 3119 1021 3171 dispositiones
1037 3121 1090 3160 ab
1105 3121 1171 3161 his

140 3182 339 3234 religiosis
358 3181 484 3220 factas
497 3181 549 3221 de
569 3181 743 3232 propriis
761 3180 877 3220 bonis
896 3183 984 3222 sine
1005 3182 1172 3223 licentia

139 3231 381 3295 Superioris,
402 3253 486 3281 non
505 3253 592 3282 esse
609 3242 744 3281 nullas
760 3242 848 3294 ipso
866 3242 989 3292 facto,
1013 3244 1081 3283 sed
1101 3257 1171 3284 va·

139 3303 259 3354 lidos,
277 3304 463 3344 infirmas
478 3307 618 3343 tamen
637 3308 679 3343 et
694 3303 916 3344 irritabiles
934 3317 1007 3357 per
1024 3305 1172 3346 volun-

140 3369 270 3406 tatem
286 3365 528 3418 Superioris.
558 3366 740 3405 Priorem
765 3369 924 3418 partem
946 3366 1049 3407 mihi
1077 3380 1163 3420 pro·

141 3426 214 3466 hat
237 3427 442 3467 discursus
465 3427 654 3479 superius
669 3427 802 3467 faetus
831 3428 957 3480 priori
972 3428 1062 3469 loco
1095 3440 1169 3482 pro

143 3492 259 3539 parte
298 3487 558 3529 affirmativa.
594 3486 865 3530 Posteriorem
899 3493 1038 3531 autem
1078 3501 1171 3543 pro·

144 3546 231 3606 bat,
257 3553 300 3588 et
326 3560 413 3590 303
434 3549 612 3602 mplius
634 3550 740 3590 ratio
756 3549 803 3590 in
823 3551 1075 3592 contrarium
1096 3551 1172 3592 oh-

1194 0 1219 10 ‘’=
1243 2 1266 39 '³
1283 5 1302 14 -ο
1322 3 1327 16 ι
1345 11 1348 16 .
1373 0 1431 16 μη
1496 0 1522 34 ἓν·
1569 0 1644 27 ’”1
1659 0 1701 31 ’,πή
1718 11 1730 23 .—
1743 0 1846 35 *1¹:7⁵ss
1863 0 2061 38 ῒξλῖρζιγι

1592 49 1596 57 ¹
1806 38 2113 56 ·.··**·*>·.>·*

1669 36 1695 50 a
1708 24 1734 53 „¹

1704 67 1705 70 Ἰ
1755 54 1762 65 s

1985 75 2003 80 ,η
2047 55 2067 79 i'.
2083 59 2133 77 :⁷1¹
2151 52 2196 74 ζ’·

2015 79 2038 101 ,3
2102 86 2106 92 ¹
2134 79 2165 92 ι,
2207 78 2209 81 ,

1879 115 1897 131 ,
2017 115 2019 118 .
2246 109 2255 116 -

1209 314 1291 355 que
1309 300 1471 341 declaro
1491 300 1678 352 exemplo
1691 299 1778 339 voti
1795 299 1891 339 facti
1906 311 1934 340 a
1949 296 2140 352 religioso
2151 301 2245 342 sim
2270 294 2278 357 J

1207 363 1374 404 licentia
1396 361 1574 411 Praelati,
1595 362 1705 415 quod
1725 372 1811 401 non
1832 363 1893 400 est
1909 361 1998 412 ipso
2024 362 2118 413 jin-e
2147 358 2250 402 nul-a
2263 355 2291 418 ''q‘
2304 412 2310 418 Ἴ

1209 424 1312 473 lum,
1335 424 1406 463 sed
1437 423 1636 473 validum,
1671 423 1767 463 licet
1785 422 2012 472 infirmum,
2036 429 2080 464 et
2107 425 2243 465 irritu-

1211 486 1292 525 bile
1308 497 1333 525 a
1352 485 1583 537 Superiore,
1604 488 1651 524 ut
1670 489 1782 524 tomo
1803 484 2021 536 superiori,
2041 496 2136 526 cum
2150 486 2242 526 Div.
2342 527 2352 543 ν

1211 547 1368 587 Thoma
1380 551 1420 586 et
1432 547 1642 586 communi
1660 546 1845 586 doctrina
1855 546 2114 587 tradidimus,
2128 546 2246 593 Quod
2320 567 2322 571 v
2340 554 2352 582 Ξ

1213 609 1354 650 eadem
1371 609 1530 648 ratione
1555 620 1700 649 verum
1718 613 1779 649 est
1805 609 1855 648 de
1880 620 2137 661 quacumque
2155 621 2247 660 pro·
2343 593 2352 643 ἱ

1215 671 1405 709 missione
1423 670 1620 719 humana,
1652 670 1817 722 quando
1836 682 1919 710 non
1952 674 2013 710 est
2029 671 2079 709 de
2098 682 2142 711 re
2167 669 2249 709 illi-

1214 733 1308 780 cita,
1337 735 1408 771 aut
1426 732 1476 771 de
1501 732 1673 771 materia
1695 732 1753 771 ita
1769 730 1919 780 aliena,
1940 736 1987 771 ut
2014 743 2098 771 non
2122 732 2249 783 possit

1215 793 1378 844 impleri
1394 794 1608 844 promissio
1624 794 1712 833 5133
1729 793 1882 844 injuria
1891 793 2071 833 alterius.
2093 793 2153 832 Ex
2165 804 2249 845 quo

1218 855 1447 906 colligimus
1465 855 1575 895 idem
1594 854 1811 895 dicendum
1829 866 1914 895 esse
1931 855 1981 895 de
2012 855 2246 903 donatione,

1218 927 1310 968 (11133
1340 916 1439 955 alias
1469 927 1521 956 ex
1554 920 1670 967 parte
1700 916 1883 955 materiae
1918 916 2078 955 donatae
2099 917 2251 967 injusta

1218 991 1301 1019 non
1330 983 1405 1028 est,
1425 977 1492 1018 sed
1528 978 1660 1017 solum
1687 989 1738 1018 ex
1756 977 1917 1018 defectu
1936 991 2154 1018 consensus
2176 978 2253 1018 Su-

1219 1039 1410 1094 perioris;
1436 1050 1535 1079 nam
1555 1039 1698 1079 eadem
1734 1043 1796 1080 est
1830 1040 1935 1079 ratio
1954 1040 2005 1079 de
2023 1040 2095 1080 tali
2125 1040 2253 1079 dona·

1219 1105 1346 1151 tione,
1367 1116 1456 1155 (11133
1475 1103 1525 1143 de
1553 1107 1662 1142 voto.
1685 1103 1787 1151 Quia
1808 1102 1909 1142 sicut
1928 1103 2043 1142 valor
2070 1103 2254 1142 donatio-

1219 1166 1285 1206 nis
1303 1165 1453 1216 pendet
1470 1176 1521 1204 ex
1534 1164 1759 1213 voluntate,
1777 1164 1834 1203 ita
1855 1165 1979 1204 etiam
2002 1163 2084 1203 voti
2101 1175 2149 1203 ac
2165 1175 2255 1216 pro-

1220 1227 1440 1266 missionis.
1457 1227 1591 1278 Atque
1604 1225 1746 1265 eadem
1763 1226 1950 1277 exempla
1964 1225 2184 1265 ostendunt
2192 1236 2257 1265 re·

1221 1286 1411 1339 ligiosum
1444 1299 1527 1326 non
1555 1287 1614 1326 ita
1642 1299 1728 1326 esse
1755 1287 1878 1326 alieni
1902 1287 2019 1338 juris,
2046 1299 2120 1327 nec
2144 1287 2188 1326 in
2207 1297 2257 1326 eo

1223 1362 1343 1389 sensu
1363 1349 1442 1388 (1131
1461 1361 1545 1388 non
1568 1348 1719 1389 habere
1736 1348 1837 1388 velle
1857 1354 1928 1387 aut
1948 1349 2070 1396 nolle,
2087 1353 2133 1388 ut
2152 1347 2258 1388 nihil
2324 1372 2332 1377 -

1223 1411 1404 1451 validum
1432 1411 1558 1461 possit
1591 1422 1667 1451 sua
1699 1410 1908 1450 voluntate
1941 1422 2126 1451 exercere
2139 1441 2151 1459 ‚
2188 1408 2260 1449 sed

1226 1473 1323 1523 quia
1351 1471 1457 1510 nihil
1489 1472 1653 1511 firmum
1692 1475 1825 1523 potest
1854 1472 2014 1512 efficere
2044 1472 2131 1510 sine
2163 1483 2260 1510 con-

1225 1544 1342 1572 sensu
1363 1532 1607 1583 Superiori&
1638 1532 1706 1572 vel
1734 1534 1833 1584 quia
1858 1533 1962 1572 nihil
1993 1537 2123 1585 potest
2150 1532 2261 1572 licite

1224 1593 1329 1633 velle
1354 1598 1496 1632 contra
1525 1594 1586 1633 sui
1615 1594 1842 1645 Superioris
1861 1594 2130 1642 voluntatem,
2150 1585 2261 1633 utin

1225 1658 1336 1693 tomo
1350 1655 1548 1706 superiori
1556 1658 1764 1694 ostensum
1775 1658 1836 1694 est
1847 1669 1859 1703 3
1872 1666 1969 1706 ergo
1981 1667 2030 1693 ex
2042 1654 2119 1694 hoc
2130 1654 2262 1706 capite

1228 1728 1311 1755 non
1325 1720 1384 1756 est
1403 1717 1492 1755 11333
1509 1716 1675 1755 donatio
1686 1716 1818 1766 irrita,
1835 1716 1905 1756 sed
1922 1716 2141 1755 irritabilis.
2153 1717 2263 1756 Inter

1227 1776 1313 1816 11333
1332 1781 1470 1816 autem
1488 1777 1571 1816 duo
1581 1777 1759 1817 multum
1773 1778 1941 1817 interest
1952 1792 1964 1827 3
1984 1778 2122 1817 namsi
2139 1778 2192 1816 sit
2207 1777 2262 1817 ir·

1227 1839 1320 1887 rita,
1335 1851 1417 1878 non
1428 1843 1575 1890 potest,
1595 1840 1666 1890 qui
1679 1839 1778 1879 talia
1788 1839 1896 1878 bona
1907 1839 2074 1890 accepit,
2087 1839 2157 1878 illa
2167 1837 2264 1878 reti-

1226 1911 1323 1939 nere
1342 1903 1431 1938 tuta
1449 1901 1712 1949 conscientia,
1733 1900 1830 1952 quia
1846 1900 2041 1939 retineret
2059 1911 2147 1939 rem
2166 1899 2265 1940 alie-

1227 1972 1338 2000 nam.
1353 1961 1468 2000 Dices
1485 1972 1495 2000 :
1511 1974 1594 2000 non
1610 1963 1760 2001 retinet
1771 1962 1902 2001 invito
1915 1961 2098 2010 domino,
2117 1965 2157 2000 et
2173 1961 2264 2001 ideo

1227 2034 1311 2063 non
1330 2022 1479 2072 injuste
1504 2023 1666 2063 retinet.
1688 2023 1765 2063 Sed
1787 2027 1945 2071 contra,
1966 2023 2062 2074 quia
2077 2023 2197 2072 juxta
2214 2021 2265 2078 117

1227 2084 1310 2124 lam
1332 2084 1581 2123 sententiam
1601 2084 1791 2124 voluntas
1809 2084 1964 2123 domini
1985 2095 2070 2122 1103
2098 2086 2158 2122 est
2178 2081 2267 2132 effi<

1227 2157 1299 2185 cax
1313 2145 1365 2184 ad
1379 2145 1685 2185 concedendum
1699 2145 1951 2195 dominium,
1973 2156 2071 2195 ergo
2086 2156 2160 2183 nec
2176 2155 2267 2200 pos-¹

1226 2209 1471 2256 sessionem,
1505 2208 1569 2247 vel
1605 2220 1751 2256 usum;
1778 2220 1876 2248 nam
1907 2207 2121 2258 religiosus
2150 2205 2267 2259 aeque

1225 2280 1309 2308 non
1328 2273 1386 2306 est
1404 2269 1465 2306 sui
1481 2269 1586 2318 juris
1604 2269 1738 2320 quoad
1765 2269 1855 2308 11333
1875 2269 2038 2319 0311113;
2064 2280 2161 2319 ergo
2184 2258 2269 2325 qua?

1225 2330 1384 2369 ratione
1402 2340 1485 2367 non
1507 2328 1553 2367 fit
1567 2329 1776 2378 dominus,
1797 2330 1938 2370 eadem
1957 2341 2042 2369 non
2057 2333 2188 2382 potest
2202 2327 2269 2387 13ηἳ

1226 2391 1357 2431 tinere
1375 2402 1462 2430 rem
1482 2395 1715 2442 acceptam;
1740 2391 1836 2442 quia
1855 2392 1989 2442 quoad
2015 2390 2105 2430 haec
2126 2391 2268 2432 omnia

1228 2452 1359 2502 magis
1389 2455 1447 2491 est
1473 2451 1769 2491 consideranda
1794 2451 1984 2492 voluntas
2018 2450 2269 2504 Superioris,‘
2310 2467 2313 2470 ·

1228 2514 1300 2564 qui
1322 2517 1382 2551 est
1395 2512 1521 2551 veluti
1536 2513 1771 2564 principalis
1787 2513 2095 2552 administrator
2107 2544 2117 2562 ,
2140 2523 2270 2565 quam:

1227 2574 1393 2622 subditi,
1411 2574 1482 2624 qui
1502 2578 1562 2613 est
1585 2574 1773 2626 proprius
1793 2575 1998 2614 dominus.
2034 2574 2087 2614 At
2113 2586 2213 2613 vero
2232 2575 2268 2614 si

1228 2636 1393 2674 donatio
1412 2639 1538 2684 tenet,
1557 2635 1651 2674 licet
1674 2635 1828 2674 irritari
1847 2635 1996 2682 valeat,
2027 2638 2171 2686 potest,
2193 2634 2266 2687 qui

1227 2697 1382 2748 aliquid
1394 2696 1565 2746 accepit,
1582 2699 1671 2735 tuta
1683 2696 1931 2735 conscientia
1949 2694 2052 2734 illud
2069 2697 2263 2746 retinere,

1228 2758 1357 2797 donec
1366 2769 1389 2795 a
1400 2756 1614 2807 Superiore
1623 2760 1836 2796 revocetur
1850 2755 2031 2795 donatio.
2046 2756 2182 2796 Dices:
2201 2757 2270 2815 in-3

1227 2819 1390 2857 tei-dum
1411 2818 1559 2868 poterit
1589 2829 1675 2858 esse
1692 2817 1787 2857 talis
1809 2816 2057 2867 distributio,
2083 2823 2130 2858 ut
2148 2829 2266 2860 revo-

1228 2879 1311 2918 cari
1340 2891 1425 2917 non
1456 2878 1593 2929 possit,
1616 2881 1663 2917 ut
1691 2878 1726 2918 si
1757 2877 1866 2919 facta
1886 2883 1946 2919 est
1975 2880 2019 2918 in
2049 2891 2263 2932 pauperes.

1226 2941 1328 2981 Item
1350 2940 1570 2992 aliquando
1591 2940 1751 2980 occulte
1773 2940 1844 2980 fiet
1864 2941 2046 2991 donatio,
2074 2946 2116 2993 et
2138 2943 2266 2995 Supe-

1226 3003 1311 3043 rior
1332 3007 1497 3054 propter
1512 3003 1790 3053 ignorantiam
1809 3003 1971 3045 irritare
1994 3016 2078 3044 non
2095 3005 2263 3056 poterit.

1227 3063 1469 3114 Respondeo
1490 3063 1576 3103 haec
1593 3075 1678 3104 esse
1694 3077 1767 3116 per
1786 3065 1987 3115 accidens,
2017 3077 2116 3105 nam
2140 3065 2186 3105 in
2204 3065 2264 3106 eis

1228 3124 1449 3164 intervenit
1476 3125 1718 3177 impotentia
1749 3126 1867 3176 facti,
1898 3138 1992 3179 quae
2021 3139 2106 3167 non
2129 3131 2265 3168 mutat

1220 3187 1288 3236 ,ius
1296 3195 1310 3235 3
1331 3189 1371 3226 et
1387 3187 1575 3238 quamvis
1588 3187 1759 3227 fortasse
1773 3200 1823 3228 ex
1841 3192 1957 3241 parte
1974 3188 2262 3240 recipientium
2281 3231 2283 3239 A

1224 3247 1473 3287 interveniat
1492 3247 1630 3300 aliqua
1647 3248 1805 3289 malitia
1821 3249 2091 3302 cooperando,
2113 3250 2181 3290 vel
2197 3250 2261 3290 iu·
2283 3242 2286 3258 ²
2336 3295 2340 3299 ,

1224 3308 1407 3348 ducendo
1429 3308 1481 3348 ad
1500 3313 1638 3350 actum
1656 3309 1937 3351 inordinatum
1963 3311 2074 3352 intra
2103 3310 2262 3363 obliga·

1225 3370 1380 3410 tionem
1396 3369 1656 3420 obedientiae,
1669 3377 1741 3411 aut
1753 3372 1979 3424 religionis,
1990 3378 2146 3420 tamen,
2162 3370 2261 3425 quia

1222 3442 1306 3471 uon
1324 3431 1545 3472 intervenit
1559 3432 1772 3485 injustitia,
1793 3446 1871 3475 nee
1888 3432 2168 3474 substantialis
2186 3430 2259 3473 de-

1221 3490 1353 3533 fectus
1370 3493 1599 3545 impediens
1625 3495 1937 3536 translationem
1961 3491 2151 3543 dominii,
2172 3504 2261 3535 non
2316 3536 2324 3540 ,

1223 3552 1344 3595 video
1361 3554 1474 3595 unde
1492 3555 1545 3595 sit
1563 3555 1610 3598 in
1626 3557 1850 3609 recipiente
1865 3555 2064 3608 obligatio
2087 3566 2177 3598 303
2191 3550 2283 3604 133]
