2352 3880
516 11 558 28 ψη-
605 28 615 37 .
659 0 1358 36 rsa-*421
1631 0 2190 40 ”ww

275 37 435 86 .·.‘„2
474 31 758 87 3.2„†··2.'÷n³·*v.1÷f·⁵'·
794 30 858 79 Γ’ὲῑ-’ζ
1285 36 1346 77 .ss
1449 43 1465 53 „
1532 36 1534 42 ·
1648 55 1649 58 =
1726 35 1733 58 ³
1938 39 1965 54 ¹⁴
2046 39 2063 54 ¹·
2116 41 2123 48 ·

1601 115 1604 118 -
1618 95 1647 123 'D

104 236 117 279 Ἰ
176 239 179 245 ’
474 224 567 262 w.
586 224 642 260 vl.
663 224 726 260 m
741 225 797 259 RD
814 223 1031 261 txrmms
1050 222 1348 260 senousucos
1368 226 1638 266 mantuanos.
1661 226 1752 263 me.

95 279 97 282 ⁴
117 278 137 291 ”
172 309 221 329 ,ω
247 292 432 332 crentur.
460 288 549 330 Hoc
574 288 699 329 facile
724 288 883 341 patebit
904 288 1085 339 breviter

0 283 23 459 ἱ
161 352 302 395 media
321 349 620 391 enumerando.
641 349 824 389 Primum
841 380 858 399 ‚
886 349 1084 402 quoniam

74 405 153 451 ”.,,,;
169 413 310 454 ientia
339 424 446 464 pura
474 412 594 452 sedes
611 415 673 451 est
691 411 922 463 sapientiae,
943 411 1084 452 statui·

60 467 71 506 Ῐ“
112 510 115 515 .
128 481 175 518 ut
186 476 387 525 frequens
401 473 603 513 confessio
619 476 884 525 peccatorum
898 472 984 522 fiat,
1003 470 1082 512 sal-

45 540 144 598 μ
156 537 329 589 singulis
346 535 575 583 mensibus,
591 537 740 585 quarta
751 539 870 586 parte
882 535 1083 575 Constitu-

2 594 12 648 ξ
44 602 229 652 fimum,
249 610 287 639 c.
307 599 348 645 7,
365 596 391 649 ξ
405 599 456 636 2:
475 595 907 646 Cnretur(dicit11ribi
924 596 935 648 )
956 596 1087 649 quoad

5 670 11 702 1
42 665 142 721 qh:
164 659 256 712 fieri
277 659 438 711 poterit,
456 661 504 699 ut
529 658 706 709 sin-aulis
726 659 926 699 mensibus
947 659 1003 699 ad
1017 669 1084 700 sa-

4 734 12 740 ·
42 725 297 770 wammam
316 717 584 770 Conse-saionis
603 719 800 760 accedant.
825 720 876 758 Et
892 731 981 771 cap.
1005 719 1080 759 16:

0 813 28 818 -.
44 783 276 837 &menter
288 785 462 829 curetur,
476 784 522 821 nt
536 782 606 833 qni
623 781 782 823 litteras
800 783 976 823 discendi
989 793 1085 835 yra-

1137 287 1224 338 riis,
1239 289 1374 328 solum
1392 289 1494 329 dixit
1503 289 1551 338 in
1564 291 1713 331 diebus
1730 290 1851 331 festis
1861 290 2022 334 debere
2033 294 2079 334 in
2096 296 2172 336 Bc·

1137 348 1264 388 clesia
1295 349 1522 389 cathedrali
1553 361 1632 402 pro
1657 353 1969 404 opportunitate
2001 354 2081 394 loci
2106 357 2172 396 in-

1137 411 1292 450 servire
1308 423 1320 459 ;
1339 411 1396 450 ita
1413 422 1513 462 ergo
1529 411 1852 468 intelligendum
1866 419 1931 455 est
1944 416 2171 458 Concilium

1135 470 1418 513 lateranense
1437 471 1490 511 de
1512 472 1661 513 diebus
1685 474 1842 515 festivis
1854 487 1868 526 3
1890 490 1988 518 nam
2013 480 2066 519 de
2092 480 2171 520 iffls

1135 533 1370 585 specialiter
1396 534 1581 585 loquitur
1596 564 1607 582 ‚
1634 535 1669 575 si
1688 541 1903 578 contextus
1926 543 2083 580 attente
2112 542 2173 580 in-

1136 595 1346 645 spiciatur.
1369 596 1416 634 In
1440 595 1520 634 illis
1539 598 1681 634 autem
1703 596 1757 635 ad
1775 598 1922 638 Missas
1943 602 2174 643 audiendas

1137 657 1307 696 omnino
1335 656 1515 708 cogendi
1545 660 1656 702 sunt,
1678 657 1712 696 si
1734 662 1986 709 oportuerit3
2013 665 2067 703 ad
2093 665 2173 704 alia

1136 730 1235 759 vero
1269 719 1409 758 divina
1429 719 1565 759 officia
1585 722 1748 759 tantum
1776 720 1992 772 invitandi,
2013 730 2054 766 et
2079 738 2175 766 sua-

1136 780 1244 820 viter
1261 780 1490 820 inducendi
1507 793 1516 826 ;
1535 782 1766 832 praesertim
1785 795 1885 822 vero
1904 785 1958 823 ad
1979 788 2175 835 praedica-

0 858 7 879 ss
52 849 117 893 fia
133 847 189 888 ad
196 845 479 887 universitates
498 842 715 884 Societatis
731 855 774 884 se
792 846 1010 894 conferant,
1024 844 1086 886 si-

5 952 9 954 ,
36 908 139 957 'nal
153 920 240 949 cum
259 906 348 947 illis
369 906 485 945 bonos
502 916 550 946 ae
571 904 820 946 Christianis
837 906 980 957 diqnos
1003 916 1084 945 mo-

46 980 119 1013 aem
136 969 362 1016 addiscant,
380 968 433 1008 ad
450 967 554 1019 qnod
568 966 738 1008 multum
751 967 922 1018 juverit,
945 966 983 1008 si
1003 977 1085 1007 om-

0 1035 3 1086 {
43 1030 312 1084 wsinynlis
331 1030 474 1070 saltem
493 1029 696 1070 mensibus
715 1028 831 1069 semet
852 1028 904 1068 ad
920 1026 1085 1075 Consec-

44 1092 180 1138 :n'onz's
204 1094 497 1132 sacramentnm
519 1091 704 1132 accedant
728 1089 754 1128 ¹.
779 1089 866 1128 Hoc
896 1088 1085 1128 medium

0 1163 5 1165 “
43 1152 242 1210 *probavit
261 1152 486 1191 Concilium
504 1150 805 1195 Tridentium,
821 1149 861 1187 d.
875 1160 911 1187 c.
931 1149 997 1197 18,
1012 1148 1085 1188 ubi

50 1213 110 1257 de
136 1214 203 1254 his
231 1213 303 1265 qui
335 1213 567 1253 educantur
590 1211 636 1249 in
662 1209 918 1258 seminariis,
951 1210 1083 1249 dixit:

49 1270 208 1320 'Saltem
224 1273 400 1325 singulis
414 1272 614 1315 mensibus
633 1272 897 1321 confiteantur
907 1275 1082 1322 peccata.

46 1335 102 1382 ,Et
118 1337 163 1377 in
179 1339 358 1386 utroque
375 1335 465 1375 loco
485 1333 760 1385 ponderanda
789 1334 854 1370 est
883 1331 1088 1382 particula

36 1398 204 1446 inuitem,
217 1410 292 1449 per
304 1396 421 1436 illam
437 1395 549 1434 enim
564 1393 811 1440 insinuatur,
827 1392 978 1432 melius
994 1403 1088 1432 esse

50 1459 311 1512 frequentius
347 1455 550 1503 confiteri,
582 1458 622 1494 et
652 1455 711 1494 ita
740 1465 832 1495 esse
867 1454 1087 1495 consulen-

52 1522 165 1570 dum,
190 1516 384 1572 quamvis
410 1530 495 1557 non
525 1515 791 1568 exigendum,
813 1520 885 1555 aut
911 1528 986 1568 pro
1018 1526 1087 1557 re-

48 1584 148 1637 gula
178 1579 461 1628 statuendum,
481 1579 712 1630 praesertim
744 1589 820 1630 pro
846 1579 1089 1630 junioribus

50 1643 322 1687 secularibus.
342 1643 393 1682 Et
412 1641 466 1681 ob
486 1640 675 1680 eamdem
703 1639 878 1681 fortasse
898 1651 1084 1688 causam,

49 1707 155 1750 nihil
175 1706 228 1746 de
244 1717 325 1744 usu
341 1701 606 1743 Eucharistiae
627 1713 705 1754 pro
735 1701 799 1742 his
831 1703 1088 1743 scholaribus

51 1767 250 1812 externis,
273 1766 380 1810 sicut
399 1775 475 1817 pro
498 1764 652 1804 nostris
670 1764 927 1805 scholaribus
947 1764 1090 1804 statui·-

49 1834 150 1878 tur3
169 1828 294 1871 tacite
321 1837 420 1866 vero
452 1826 697 1878 intelligitur
730 1826 772 1865 id
803 1826 915 1878 quod
942 1824 1090 1867 Conci-

47 1890 157 1939 ,lium
190 1889 429 1942 expressius
449 1887 687 1934 declaravit,
717 1884 879 1927 dicens:
903 1888 952 1926 Et
966 1888 1090 1938 juxta

50 1950 300 1996 confessoris
317 1949 521 2000 judicium
548 1952 715 1988 sumant
743 1961 894 2000 corpus
923 1948 1090 1988 Domini

51 2013 183 2057 nostri
202 2014 300 2053 Jesu
320 2011 495 2058 Christi;
519 2010 632 2063 quod
649 2011 812 2050 facilius
839 2011 882 2050 in
909 2011 1089 2050 semina-

54 2074 131 2117 riis
149 2072 301 2113 servari
321 2075 472 2123 potest,
492 2083 542 2114 eo
568 2071 682 2123 quod
709 2071 752 2111 in
772 2071 833 2111 eis
862 2072 941 2112 sub
972 2083 1089 2111 seve-

53 2135 151 2178 riori
182 2134 405 2192 disciplina
439 2133 720 2176 ecclesiastica
750 2134 931 2185 juvenes
960 2133 1090 2175 conti-

50 2198 247 2241 neantur.
511 2249 515 2252 ᾖ

106 2260 144 2300 3.
179 2255 410 2299 Secundum
434 2252 617 2303 medium,
636 2253 799 2298 divinus
815 2254 963 2304 cultas,
978 2265 1089 2308 prce-

51 2320 194 2365 sertim
213 2319 258 2359 in
274 2317 414 2360 Missa
442 2318 618 2369 quotidie
641 2317 849 2358 audienda.
866 2338 920 2347 —
934 2317 1089 2358 Secun-

53 2382 108 2424 do
126 2413 138 2431 ‚
165 2385 260 2434 post
292 2391 416 2419 usum
448 2383 803 2419 sacramentorum
834 2380 1089 2431 >praecipitur

54 2443 319 2496 quotidianus
338 2441 412 2480 Dei
430 2441 563 2479 cultus
582 2455 594 2489 3
618 2443 659 2480 et
679 2441 777 2492 quia
796 2440 862 2480 hic
880 2442 1088 2480 maximus

57 2510 122 2547 est
144 2506 190 2544 in
218 2502 418 2544 sacrificio
445 2503 596 2551 Missae,
621 2501 716 2541 ideo
742 2502 785 2541 in
804 2503 962 2543 eisdem
987 2504 1088 2543 locis

55 2565 400 2610 Constitutionum
431 2564 580 2604 dicitur
591 2594 605 2613 ,
627 2568 675 2603 ut
697 2564 936 2605 Scholastici
958 2565 1090 2616 quoti-

55 2629 122 2670 die
150 2628 318 2669 Missam
347 2625 517 2666 audiant
531 2637 544 2675 3
563 2626 674 2676 quod
694 2626 821 2666 etiam
840 2626 892 2666 de
912 2627 1089 2667 semina-

54 2691 127 2732 riis
147 2687 348 2741 expressit
368 2687 597 2728 Concilium
613 2687 904 2728 Tridentinum
919 2718 934 2737 ,
963 2689 1089 2728 citato

55 2751 158 2793 loco.
199 2752 246 2791 In
289 2750 468 2790 Concilio
502 2753 642 2789 autem
677 2749 947 2789 Lateranensi
964 2779 979 2798 ,
1012 2749 1090 2791 suh

55 2812 192 2855 Leone
210 2811 261 2860 X,
284 2823 386 2851 sess,
413 2811 454 2859 9,
473 2810 549 2850 sub
569 2810 688 2850 titulo
708 2811 760 2851 de
780 2811 1090 2851 Reformatione

58 2873 200 2924 Curioe,
227 2885 312 2913 non
336 2873 472 2912 solum
493 2873 643 2912 dicitur
663 2876 711 2912 ut
742 2873 797 2913 ad
831 2873 994 2922 Missas,
1016 2871 1091 2913 sed

46 2936 180 2976 ¹etiam
207 2939 252 2975 ut
283 2935 337 2974 ad
364 2935 567 2987 vesperas
598 2934 818 2986 divinaque
848 2936 982 2975 officia
1015 2949 1091 2976 au-

59 2994 211 3038 dienda
226 2996 507 3048 impellantur.
529 2996 614 3036 Sed
634 2997 676 3036 id
694 2997 1013 3049 intelligendum
1027 3002 1091 3038 est

46 3067 153 3113 'cum
190 3058 480 3098 distributione
516 3059 788 3098 accommoda
807 3071 818 3106 ;
856 3071 941 3098 non
978 3060 1090 3100 enim

26 3126 39 3134 “
59 3116 284 3160 inducendi
317 3123 411 3160 sunt
440 3124 485 3160 ut
505 3120 687 3172 quotidie
707 3121 772 3159 his
793 3120 936 3160 officiis
968 3122 1092 3161 assis-

22 3177 34 3219 -f·.
60 3183 174 3228 tant3
195 3181 238 3220 id
260 3181 387 3231 enim,
407 3182 595 3233 quamvis
627 3183 728 3222 alias
750 3186 941 3222 sanctum
961 3188 1004 3223 et
1021 3183 1093 3223 ho-

15 3220 42 3259 ff
63 3252 180 3290 num,
200 3241 258 3280 illi
278 3242 389 3282 aetati
414 3247 522 3283 esset
542 3243 664 3284 nimis
688 3256 925 3292 onerosum,
950 3249 991 3284 et
1010 3249 1092 3284 stu-

26 3286 228 3354 ⁶·32diorum
259 3314 362 3354 opus
390 3303 639 3355 impediret3
672 3310 714 3346 et
741 3306 834 3345 ideo
865 3306 1093 3347 Concilium

24 3349 53 3379 ''
64 3362 347 3405 Tridentinum
367 3364 420 3405 de
438 3365 504 3405 his
522 3366 592 3418 qui
610 3367 840 3408 educantur
853 3367 897 3406 in
917 3368 1094 3408 semina—

1136 842 1274 882 tiones
1299 846 1342 881 et
1364 854 1580 881 sermones
1608 843 1856 893 audiendos,
1885 849 1931 885 ut
1960 846 2110 886 dicitur
2131 850 2176 887 in

1137 903 1333 956 proedicto
1353 903 1533 943 Concilio
1562 904 1848 944 Lateranensi.
1869 906 1970 946 Inde
1993 908 2037 947 in
2068 908 2176 949 dicto

1138 977 1230 1019 cap.
1252 966 1415 1006 decimo
1441 970 1557 1006 sexto
1581 971 1738 1018 quartae
1758 968 1889 1019 partis
1916 970 2180 1010 Constitutio-

1138 1039 1254 1074 num,
1278 1028 1455 1067 dicitur:
1483 1028 1715 1069 Cone-ionem
1738 1030 1914 1082 sinynlis
1942 1031 2079 1072 diebus
2100 1035 2181 1082 fes-

1139 1090 1209 1139 tis,
1229 1101 1317 1130 cnm
1337 1101 1383 1130 ea
1401 1089 1486 1139 fiet,
1504 1090 1694 1139 ‚audiant,
1719 1094 1760 1131 et
1777 1092 2103 1142 praeceptoribus
2122 1093 2181 1132 in-

1135 1151 1338 1204 jungitur,
1356 1154 1402 1189 ut
1420 1151 1709 1203 unusquisque
1727 1164 1752 1191 a
1769 1153 1855 1192 suis
1871 1153 2084 1205 discipulis
2102 1154 2183 1195 hoc

1139 1213 1292 1253 servari
1314 1214 1526 1264 procuret.

1192 1277 1233 1316 4.
1281 1275 1463 1315 Tertiam
1513 1272 1698 1323 medinm,
1735 1272 1943 1317 institutio
1991 1277 2185 1320 doctrinae

1143 1334 1394 1376 Christianae
1419 1347 1466 1377 ao
1491 1334 1788 1377 eahortationee
1803 1337 1980 1388 privatae
1993 1367 2006 1388 ‚
2033 1343 2111 1380 etc.
2133 1361 2187 1370 —-

1138 1395 1293 1443 Tertio,
1323 1394 1421 1445 quia
1452 1397 1672 1446 generales
1707 1398 1955 1447 conciones,
1989 1411 2082 1450 quae
2110 1413 2186 1452 pro

1138 1458 1225 1496 toto
1256 1455 1412 1506 populo
1442 1455 1563 1503 fiunt,
1585 1455 1726 1495 minus
1744 1459 2068 1499 accommodatas
2087 1473 2187 1513 pue-

1139 1529 1281 1558 rorum
1306 1517 1462 1568 captui,
1484 1522 1609 1568 atque
1641 1518 1748 1557 adeo
1777 1516 1918 1558 minus
1942 1521 2064 1560 utiles
2095 1534 2187 1562 esse

1139 1583 1333 1631 possunt,
1363 1579 1459 1620 ideo
1486 1579 1815 1631 praeceptoribus
1842 1580 2058 1621 Societatis
2087 1595 2187 1623 cura

1140 1640 1402 1689 instruendi,
1434 1644 1475 1681 et
1507 1641 1755 1682 exhortandi
1786 1642 1840 1682 ad
1862 1643 2055 1683 virtutem
2089 1657 2187 1685 suos

1141 1702 1367 1755 discipulos
1393 1701 1518 1743 variis
1545 1703 1682 1743 modis
1713 1704 2044 1745 commendatur.
2069 1707 2186 1753 Quod

1144 1769 1206 1806 est
1244 1764 1372 1804 sacris
1407 1765 1638 1804 canonibus
1684 1765 1804 1805 valde
1839 1769 2183 1807 consentaneum.

1142 1826 1246 1867 Nam
1267 1827 1310 1864 in
1329 1825 1438 1867 dicto
1457 1827 1639 1865 Concilio
1671 1827 1943 1866 Lateranensi
1966 1828 2076 1867 inter
2106 1829 2187 1868 alia

1142 1888 1202 1927 sic
1222 1887 1399 1927 dicitur:
1420 1889 1620 1941 Maqistri
1642 1888 1886 1928 scholarium
1910 1893 1950 1930 et
1970 1894 2189 1943 praecepto-

1142 1960 1209 1990 res
1222 1960 1369 2000 pueros
1389 1960 1499 1998 snos,
1525 1949 1610 1989 sive
1642 1949 1919 1997 adolescentes,
1949 1960 2029 1989 non
2060 1951 2187 1992 solum

1142 2011 1187 2051 in
1205 2011 1476 2062 yramnzatiea
1496 2013 1533 2049 et
1549 2010 1764 2056 rhetorica,
1794 2020 1843 2050 aa
1872 2011 2026 2052 coeteris
2045 2013 2187 2063 hujus-

1138 2072 1249 2113 modi
1267 2071 1480 2112 instituere
1493 2071 1667 2118 debeant,
1688 2081 1824 2110 ‘oerum
1840 2071 1958 2112 etiam
1980 2075 2112 2114 docere
2136 2080 2188 2114 te-

1140 2136 1316 2176 neantur
1345 2143 1395 2173 ea
1425 2143 1513 2184 qna·
1542 2133 1597 2171 ad
1623 2131 1855 2187 reliyionem
1885 2134 2085 2184 pertinent
2103 2151 2118 2179 ,.·
2142 2139 2187 2175 ut

1143 2197 1243 2235 sunt
1279 2197 1491 2245 praecepta
1522 2192 1662 2232 divina
1684 2222 1694 2240 ‚
1730 2194 1891 2233 articuli
1921 2194 2047 2244 fidei,
2080 2198 2185 2236 sacri

1142 2255 1291 2308 hymni
1309 2259 1352 2295 et
1373 2255 1541 2305 Psalmi,
1564 2258 1606 2294 et
1625 2255 1875 2295 Sanctorum
1892 2256 1998 2305 vitae,
2018 2261 2096 2298 etc.
2121 2259 2186 2298 Sic

1144 2329 1244 2369 ergo
1271 2317 1316 2356 in
1334 2316 1520 2368 praedict.
1542 2327 1636 2368 cap.
1666 2315 1843 2367 septimo
1865 2321 2023 2367 quartae
2057 2321 2184 2370 partis

1141 2378 1509 2427 Constitutionum,
1530 2377 1597 2430 §2
1614 2408 1624 2424 ,
1647 2378 1879 2429 generatim
1908 2378 2058 2418 dicitur
2077 2411 2087 2428 ,
2118 2393 2185 2420 cu-

1141 2440 1321 2481 randum
1352 2451 1446 2480 esse
1475 2443 1522 2479 ut
1554 2439 1790 2479 scholastici
1816 2439 1859 2479 in
1897 2440 1975 2487 his,
2008 2453 2101 2491 quae
2133 2442 2186 2481 ad

1142 2503 1375 2542 doctrinam
1404 2500 1673 2541 christianam
1698 2500 1922 2553 pertinent,
1943 2502 2051 2542 bene
2074 2504 2185 2542 iusti-

1143 2569 1341 2612 tuautur3
1364 2563 1466 2602 etin
1493 2575 1531 2601 c.
1555 2564 1621 2609 16,
1641 2562 1666 2614 ξ
1684 2565 1725 2608 2,
1748 2562 1791 2600 in
1818 2563 2056 2612 particulari
2078 2565 2186 2603 ordi-

1142 2631 1291 2674 natur,
1319 2629 1369 2665 ut
1396 2625 1527 2664 semel
1561 2624 1605 2664 in
1635 2623 1903 2664 hebdomada
1936 2626 2185 2678 praelegatur

1141 2688 1283 2740 pueris
1314 2685 1545 2726 Christiana
1573 2684 1792 2732 doctrina,
1826 2687 1870 2725 et
1896 2690 1942 2725 ut
1976 2687 2051 2738 ipsi
2088 2699 2184 2727 eam

1144 2750 1362 2791 addiscant
1378 2760 1427 2789 ac
1442 2747 1636 2794 recitent3
1652 2748 1697 2787 et
1709 2747 1754 2786 in
1769 2746 1795 2798 §
1812 2747 1837 2787 3
1858 2747 2023 2787 additur
2038 2751 2084 2787 ut
2104 2750 2184 2789 sin-

1145 2811 1254 2864 gulis
1285 2811 1412 2852 etiam
1449 2808 1726 2849 hebdomadis
1762 2808 1902 2858 aliqua
1937 2809 2184 2850 declamatio

1144 2874 1229 2919 fiat,
1251 2885 1326 2925 per
1346 2882 1474 2923 quam
1494 2882 1642 2911 omnes
1659 2870 1714 2910 ad
1733 2875 2008 2921 augmentum
2023 2872 2186 2911 virtutis

1145 2935 1391 2975 excitentur.
1412 2934 1461 2973 Et
1480 2931 1505 2985 ἓ
1525 2933 1554 2972 4
1575 2932 1897 2972 commendatur
1925 2933 2187 2984 praeceptori-

1144 2997 1225 3036 bus
1244 2998 1290 3036 ut
1307 2996 1415 3035 inter
1434 2992 1677 3046 legendum,
1700 3004 1796 3033 cum
1815 3004 1861 3033 se
1882 2993 2046 3032 occasio
2068 2994 2187 3033 obtu—

1143 3058 1251 3108 lerit,
1273 3058 1328 3098 ad
1348 3057 1599 3108 obsequium
1616 3059 1660 3096 et
1681 3066 1874 3096 amorem
1896 3055 1966 3094 Dei
1994 3067 2044 3096 ac
2062 3055 2189 3094 virtu-

1144 3124 1235 3160 tum
1266 3119 1492 3170 discipulos
1513 3120 1735 3163 moveant;
1766 3116 1879 3167 quod
1897 3116 2023 3156 etiam
2042 3116 2086 3155 in
2103 3114 2189 3167 pri-

1147 3182 1256 3222 vatis
1275 3179 1494 3231 colloquiis
1515 3182 1749 3231 opportune
1770 3178 1910 3217 facere
1938 3178 2106 3218 debent.

1200 3245 1241 3284 5.
1266 3242 1465 3291 Quartam
1479 3241 1667 3288 medinm,
1688 3241 1819 3281 oratio
1838 3240 1882 3280 in
1894 3240 2035 3280 schola
2052 3236 2185 3277 initio.

1147 3307 1316 3355 Quarto,
1340 3304 1498 3356 optima
1516 3303 1579 3342 est
1596 3301 1856 3341 consuetudo
1874 3300 1919 3339 in
1939 3300 2053 3338 initio
2071 3297 2188 3336 scho-

1147 3369 1282 3408 larum
1305 3378 1381 3406 seu
1398 3364 1625 3405 lectionum
1645 3362 1811 3415 publice
1836 3360 2066 3400 orationem
2087 3366 2188 3406 prai-v

1149 3429 1315 3468 mittere
1336 3440 1348 3475 3
1377 3427 1484 3466 sicut
1509 3425 1563 3466 de
1582 3425 1743 3464 Thoma
1760 3422 1967 3473 Aquinate
1984 3417 2188 3468 legimus,

117 3484 135 3512 ⁸
163 3486 266 3526 Vide
292 3485 494 3527 Isidorum
508 3486 731 3540 juniorem,
753 3494 870 3531 tract.
890 3490 944 3530 de
962 3489 1099 3532 Variis
1153 3501 1370 3540 nunquam
1397 3500 1442 3528 se
1472 3487 1640 3529 lectioni
1669 3485 1736 3526 vel
1768 3479 1979 3532 scriptioni
2005 3477 2188 3525 dedisse,v

61 3545 255 3603 ,pellegiis
277 3546 332 3588 ad
362 3547 583 3591 utilitatem
611 3549 821 3600 publicam
847 3551 1098 3592 constituen-
1153 3552 1235 3592 nisi
1253 3551 1464 3603 praemissa
1483 3548 1685 3590 oratione.
1714 3546 1830 3586 Hanc
1850 3552 1950 3592 ergo
1969 3543 2187 3579 consuetu-

14 3616 34 3671 4
70 3602 151 3650 aa

1154 3611 1298 3653 dinem
1311 3611 1356 3652 iu
1373 3610 1528 3652 nostris
1541 3607 1708 3654 scholis,
1720 3605 1924 3654 quantum
1939 3599 2031 3640 fieri
2047 3598 2188 3651 possit.
