2352 3880
69 320 261 364 neuim
275 320 460 364 apostatas
476 325 507 354 a
536 315 716 359 religione
743 320 855 350 nemo
880 314 998 358 potent
1021 311 1100 348 nisi

0 380 6 414 ι
111 379 236 408 eorum
264 369 496 414 superior&
516 365 549 402 si
567 370 690 401 tamen
708 364 813 400 denir
829 363 1035 406 necessitas.
1062 365 1103 401 et

18 414 31 446 ἕ
106 422 158 457 ad
184 427 247 456 eos
267 429 342 455 non
370 419 510 463 possint
527 423 725 457 recurrere,
747 414 886 451 absolvi
907 415 1058 459 possunt
1071 417 1104 451 «a

101 470 272 558 {relinet
286 469 503 554 colnfessore.
519 475 608 502 cum
622 472 736 502 onere
750 468 871 500 tamen
885 470 1099 508 compunu-

139 520 163 563 '.
225 524 258 563 a,
273 527 306 558 e.
348 545 358 554 .

473 598 694 629 ml.

67 669 291 706 Abstinentia
305 675 387 710 quae
404 667 524 710 potius
544 665 684 700 ratione
701 664 749 700 sit
762 665 925 703 medium
941 663 996 706 gd
1006 661 1101 707 m·-

105 719 323 756 servandam
333 717 543 757 castitatem,
552 719 600 750 tr.
616 719 669 759 ιο,
679 715 707 749 l.
726 718 759 759 4,
772 724 808 752 c.
817 719 854 752 ε.

405 801 586 831 Acomsrrto
603 801 769 828 BONORUI.

65 863 263 907 &quisitio
276 864 456 899 bonorum
475 865 693 899 monasterio
712 865 758 900 de
778 872 819 900 se
840 865 940 900 hona
961 866 1016 900 est
1028 890 1039 907 .
1059 865 1100 900 et

104 915 153 950 ad
168 914 354 948 Praelatum
370 918 523 957 potestas
537 915 749 958 acquirendi
769 914 986 950 monasterio
999 919 1099 958 speo-

107 966 167 1001 tat,
184 968 227 998 ir.
244 968 275 1003 8,
300 964 323 998 l.
347 968 381 1004 2,
402 973 435 998 c.
454 969 507 998 26.

105 1015 175 1052 Alii
198 1015 354 1057 religiosi
370 1016 415 1050 de
429 1016 576 1051 licentia
590 1016 728 1051 Praelati
747 1015 935 1059 acquirere
948 1015 1099 1057 possunt

101 1065 332 1105 monasterio.
362 1074 436 1100 non
452 1069 573 1101 tamen
595 1067 676 1102 sine
705 1066 780 1108 illa,
806 1073 874 1100 nec
898 1065 969 1100 sibi
988 1064 1097 1100 etiam

102 1123 185 1149 cum
210 1115 285 1155 illa,
307 1115 356 1149 ib.

58 1165 251 1207 Aequirere
278 1165 379 1199 alteri
396 1167 616 1201 monasterio
628 1167 687 1202 vel
716 1166 817 1200 aliud
835 1163 1096 1200 monasterium

99 1223 173 1250 suae
197 1215 378 1258 religioni,
399 1225 447 1252 an
461 1219 498 1252 et
509 1217 692 1260 quomodo
718 1215 857 1259 possint
881 1214 1020 1250 Praelati
1035 1222 1095 1250 re·

98 1265 251 1307 ζώει-85,
275 1265 326 1300 ib.

57 1314 202 1354 Gaetera,
217 1315 303 1351 vide
323 1316 434 1350 Bona.

480 1398 668 1427 accusnlo.

55 1459 247 1496 Accusatio
267 1460 315 1496 ad
329 1469 439 1504 quem
459 1461 570 1496 finem
593 1460 782 1503 dirigatur,
801 1465 847 1499 tr.
866 1465 924 1506 10.
944 1463 970 1500 Ι.
986 1465 1049 1507 1ομ
1060 1469 1097 1500 c.

119 1513 149 1541 2,

55 1511 241 1595 Acicusatio
260 1559 358 1593 licite
380 1562 506 1602 potest,
523 1559 598 1594 imo
615 1559 813 1602 aliquando
827 1560 935 1595 debet
951 1561 1031 1596 fieri
1055 1562 1096 1597 in

94 1609 291 1651 religione,
322 1617 390 1644 nec
422 1609 577 1653 requirit
607 1611 780 1655 praeviam
808 1611 1095 1648 admonitionem

96 1663 280 1698 secretam,
300 1658 350 1692 ib.

92 1708 279 1750 Quomodo
303 1709 512 1752 hujusmodi
533 1712 712 1748 accusatio
726 1711 948 1748 intendenda
959 1714 1093 1757 etpro-

96 1761 280 1804 sequenda
297 1760 354 1802 sit,
376 1761 425 1797 ib.

458 1842 582 1876 activa
601 1842 691 1877 vim

55 1905 146 1942 Vide
165 1905 246 1942 Vita
260 1906 387 1942 activa.

516 1987 629 2016 aetna

53 2055 159 2090 Actus
180 2054 332 2089 interior
351 2062 434 2088 cum
457 2057 578 2100 prodit
605 2058 645 2092 in
663 2059 878 2095 exteriorem
902 2063 957 2095 est
977 2061 1095 2105 magis

95 2105 311 2144 meritorius.
333 2109 367 2139 et
382 2105 480 2140 unde
499 2107 568 2142 hoc
586 2106 639 2141 illi
660 2111 861 2151 proveniat,
882 2114 925 2146 tr.
954 2114 989 2151 9,
1015 2112 1041 2147 Ι.
1057 2115 1092 2153 ¹.

95 2162 126 2193 ο.
148 2158 182 2189 6.

248 2238 500 2265 Αυιιιιιῐ5τιιᾼτιο
522 2239 674 2266 nonouuu
698 2240 893 2270 nuucloms.

92 2301 183 2337 Vide
194 2300 292 2336 Bona
306 2302 528 2345 temporalia.

479 2391 497 2413 Α
502 2387 676 2414 mromi'on.

50 2447 264 2485 Admonitor
276 2449 461 2493 Praepositi
486 2451 665 2493 generalis
692 2452 877 2487 societatis
899 2454 996 2496 quod
1021 2455 1088 2489 ha-

93 2498 175 2581 ?eat
194 2507 337 2539 munus,
353 2503 387 2534 et
401 2501 583 2542 quomodo
598 2501 689 2536 illud
701 2503 803 2537 obire
822 2503 960 2544 debeat,
974 2508 1016 2539 tr.
1034 2509 1086 2547 10,

110 2574 117 2582 .
162 2552 192 2588 0,
209 2556 239 2582 c.
261 2553 292 2583 2.

92 2597 290 2639 Quomodo,
310 2601 347 2634 et
360 2606 383 2633 a
403 2598 538 2641 quibus
553 2599 600 2633 sit
620 2600 822 2643 eligendus,
839 2609 871 2637 c.
887 2606 929 2646 4.

488 2684 662 2710 anurnio.

47 2744 217 2782 Adulatio
233 2754 344 2788 quam
365 2746 583 2789 perniciosa,
601 2750 644 2782 tr.
658 2750 710 2790 10,
721 2747 746 2783 1.
760 2751 815 2792 10,
830 2751 936 2794 9:12.

474 2833 662 2859 Aumuno.

46 2891 227 2932 Alienatio
247 2893 429 2928 bonorum
453 2895 696 2930 immobilium
717 2896 917 2941 religionis,
944 2907 991 2934 an
1011 2902 1047 2935 et
1063 2910 1086 2938 a

90 2943 227 3034 guilbuzs
239 2943 399 3027 pragi-mis
419 2944 498 2979 fieri
514 2947 627 2989 possit
639 2947 740 2990 juxta
750 2949 810 2991 jus
823 2950 1026 2993 antiquum,
1040 2954 1086 2990 tr.

166 3019 173 3024 .
246 3001 267 3027 c

48 3041 215 3078 Mienare
235 3043 316 3086 jure
341 3045 526 3078 communi
551 3046 741 3088 posteriori
769 3053 920 3091 possunt
944 3051 1083 3086 Praelati

89 3093 274 3136 regulares
298 3093 395 3128 hona
416 3094 524 3128 etiam
548 3095 751 3131 immobilia
771 3102 806 3131 et
834 3100 985 3134 mobilia
1001 3111 1085 3145 pre-

89 3143 183 3228 ιᾶξιω,
206 3143 406 3187 religionis,
428 3153 511 3180 cum
531 3146 637 3180 certis
652 3150 772 3182 tamen
798 3150 1086 3196 conditionibus,

90 3240 263 3284 Quaenam
277 3243 351 3277 sint
372 3251 414 3277 ea
431 3243 540 3284 bona,
560 3245 612 3280 ib.

51 3327 53 3329 ,
89 3288 175 3334 Quae
188 3293 321 3328 deinde
343 3294 417 3328 sint
435 3294 662 3332 conditiones
682 3298 868 3341 requisitae
892 3300 940 3337 ad
959 3309 1085 3342 eorum

90 3343 360 3383 alienationem,
381 3345 430 3378 ib.

24 3396 81 3461 t*
85 3393 166 3434 Qua
185 3393 402 3478 clertitudine
421 3397 586 3432 constane
601 3397 761 3433 debeant
779 3399 885 3434 dictae
903 3402 1084 3440 conditio-

46 3463 59 3484 z
70 3451 354 3583 Ξῗὶἑιιιιιέῑοιιειιι
366 3493 448 3530 sine
468 3495 577 3532 dictis
597 3497 870 3535 conditionibus
894 3508 972 3536 esse
996 3502 1084 3538 irri-

193 3552 206 3577 ι

27 3574 33 3585 ³
74 3591 262 3644 ''enwene
282 3595 396 3638 possit
411 3595 582 3632 Praelatus
599 3597 696 3634 hona
715 3599 918 3637 immobilia
935 3610 1083 3640 monas-

301 3649 384 3682 ente
395 3647 475 3684 solo
488 3655 669 3688 consensu
681 3650 834 3697 capituli
847 3656 909 3688 aut
922 3661 1083 3692 conven-

977 245 1279 289 numm

1195 316 1272 356 tus3
1284 321 1339 348 an
1355 314 1571 371 requirunt
1584 316 1703 352 etiam
1706 323 1910 358 coamens
1921 314 2079 362 aliculam
2094 318 2192 356 Pac·

1196 364 1259 398 lati
1275 365 1486 408 superioris,
1503 366 1554 400 ib.

1193 413 1381 455 Quomodo
1399 414 1565 458 praestari
1587 414 1727 452 debeat
1754 386 1963 460 hujusmodi
1993 396 2193 466 superioris

1194 464 1335 500 Praetau
1354 473 1566 505 consensus.
1595 466 1646 501 ih.

1152 510 1321 553 Alienan'e
1339 509 1440 550 bona
1461 519 1706 551 conventuum
1721 525 1798 560 qua
1814 518 1954 553 ratione
1975 517 2116 559 possint
2125 521 2194 561 aut

1196 570 1271 597 non
1287 563 1428 605 possint
1447 565 1587 600 Praelati
1610 566 1794 610 regulares
1808 567 1910 611 juxta
1930 576 1996 603 sua
2010 571 2142 604 statuta
2151 571 2191 604 et

1190 611 1400 655 ⁸privilegia..
1418 613 1467 647 ib.

1152 660 1318 696 Alienare
1341 662 1470 696 omnia
1490 663 1642 698 mobilia
1662 654 1907 715 collegiorum
1931 668 1970 702 et
2001 665 2191 701 domorum

1193 720 1268 746 suae
1292 712 1480 756 religionis
1501 718 1615 755 potest
1635 711 1849 757 Praepositus
1869 716 2050 760 generalis
2063 716 2193 751 socie-

1189 762 1274 796 tatis
1295 771 1439 806 persua
1454 766 1594 796 statuta.
1608 764 1652 797 Et
1664 764 1754 806 quid
1772 766 1884 807 possit
1899 766 1998 801 circa
2019 764 2191 801 immobi-

1193 810 1243 846 lia
1261 812 1370 847 simul
1385 821 1469 847 cum
1487 813 1674 856 societate,
1696 822 1761 849 seu
1777 815 2057 860 congregatione
2077 812 2215 860 gene-ff

1196 862 1276 903 rali,
1292 871 1324 896 c.
1345 866 1397 896 28.

1151 910 1241 947 Vide
1257 913 1364 947 etiam
1384 914 1494 948 Bona.

1151 961 1357 998 Alienantes
1365 963 1460 997 bona
1470 962 1714 999 ecclesiastica
1724 963 1879 1002 alienari
1894 966 2090 1010 prohibita,
2100 973 2191 1009 quas

1193 1021 1322 1057 poenas
1337 1014 1537 1055 incurrant,
1553 1022 1585 1049 c.
1604 1017 1657 1049 27.

1602 1098 1750 1128 numm·

1149 1163 1307 1202 Ambitio
1325 1165 1544 1208 dignitatum
1562 1165 1733 1199 omnibus
1745 1190 1756 1207 ,
1779 1168 1816 1201 et
1832 1166 1989 1202 maxime
2010 1165 2193 1212 religiosis

1190 1215 1407 1258 perniciosa,
1423 1220 1467 1249 tr.
1485 1219 1537 1255 10,
1553 1215 1577 1249 l.
1600 1220 1631 1254 6,
1651 1223 1683 1250 c.
1705 1220 1736 1249 6.

1148 1266 1355 1302 Ambientes
1367 1266 1591 1310 dignitatem,
1606 1265 1690 1302 vide
1707 1265 1881 1310 Dignitas,
1901 1270 1939 1303 et
1950 1267 2105 1302 Professi
2118 1268 2187 1304 Sn—

1189 1316 1342 1351 cietatis.

1591 1399 1757 1429 AUICITIB.

1149 1461 1326 1497 Amicitiae
1364 1463 1598 1504 particulares
1638 1463 1818 1505 religiosis
1855 1463 2045 1498 societatis
2083 1464 2189 1499 vitari

1189 1512 1463 1555 praecipiuntur,
1485 1517 1520 1547 et
1539 1516 1624 1547 sunt
1652 1513 1831 1556 religiosae
1851 1514 2017 1548 charitati
2044 1519 2189 1549 contra-

1191 1562 1266 1599 riae,
1284 1567 1325 1596 tr.
1353 1567 1402 1600 lo.
1429 1564 1451 1597 l.
1476 1567 1505 1598 8.
1525 1572 1555 1597 c.
1577 1567 1609 1596 7.

1190 1611 1362 1652 Quaenam
1379 1613 1452 1647 sint
1467 1613 1675 1656 huJusmodi
1690 1613 1860 1648 amicitiae
1873 1613 2190 1658 reprehensibiles,

1188 1665 1225 1698 et
1239 1663 1338 1697 unde
1352 1663 1516 1706 dignosci
1532 1663 1682 1706 possint,
1701 1663 1754 1699 ib.

1614 1748 1702 1775 AUOB
1708 1766 1716 1774 .

1147 1814 1258 1849 Amor
1273 1814 1407 1849 virtute
1422 1815 1652 1854 conciliatur,
1666 1818 1766 1854 tr.10‚
1787 1814 1812 1848 l.
1837 1817 1870 1857 8,
1887 1822 1919 1849 c.
1944 1818 1976 1849 8.

1146 1866 1256 1903 Amor
1287 1866 1347 1899 Dei
1371 1865 1556 1908 perficitur
1578 1874 1662 1899 cum
1683 1866 1730 1899 ad
1754 1866 1951 1900 amandum
1979 1866 2190 1901 etbenesa-

1188 1915 1362 1953 ciendum
1375 1915 1540 1958 proximo
1561 1915 1775 1957 ostenditur,
1801 1919 1843 1950 tr.
1860 1919 1892 1957 9,
1908 1915 1934 1949 l.
1948 1918 1980 1956 1,
1994 1923 2026 1949 c.
2043 1920 2074 1950 6.

1557 2000 1782 2028 ΑΝΔΕΗΟΠΕΤΔ.

1145 2059 1378 2094 Anaehoretae
1393 2062 1546 2104 antiqui,
1565 2062 1746 2096 utPaulus
1759 2064 1795 2095 et
1805 2061 1884 2101 alii,
1900 2069 1947 2094 an
1963 2060 2099 2095 fuerint
2113 2062 2188 2095 veri

1188 2110 1362 2153 religiosi,
1377 2115 1423 2145 tr.
1440 2116 1472 2151 9,
1487 2113 1513 2144 l.
1531 2116 1561 2151 1,
1578 2120 1610 2144 c.
1630 2115 1662 2145 2.

1520 2193 1692 2219 Autumni}
1713 2192 1814 2221 CURA-

1146 2258 1359 2344 Ariimarum
1381 2267 1479 2301 cura,
1494 2268 1560 2295 seu
1579 2261 1755 2304 regimen,
1771 2268 1830 2296 ars
1843 2263 1897 2295 est
1907 2260 2055 2302 artium,
2067 2263 2114 2297 tr.
2132 2264 2186 2304 1⁰,

1234 2312 1266 2347 2,
1283 2318 1315 2344 e.
1331 2313 1365 2345 3.

1184 2358 1363 2400 Quantam
1378 2359 1608 2402 prudentiam
1625 2360 1796 2402 requirat,
1807 2357 1834 2395 1.
1855 2363 1887 2402 6,
1904 2366 1936 2397 c.
1949 2362 1985 2403 9,,

1448 2445 1619 2471 ᾸΡΟΞΤΑΞΙΑ
1643 2445 1682 2470 ΕΤ
1702 2445 1881 2471 ΔΡΟΞΤΑΤΒ.

1141 2509 1325 2553 Apostasia
1344 2519 1365 2543 a
1387 2511 1562 2553 religione
1585 2512 1820 2545 committitur
1841 2512 1925 2551 suga
1941 2510 2014 2546 ndo
2042 2519 2064 2545 a
2095 2510 2182 2545 reli-

1183 2559 1290 2601 gione
1314 2560 1437 2594 animo
1456 2569 1529 2594 non
1554 2561 1746 2600 redeundi,
1766 2562 1842 2595 sive
1857 2561 1896 2595 id
1909 2562 1970 2595 fiat
1984 2561 2110 2596 habitu
2122 2569 2183 2597 re-

1183 2612 1292 2648 tento,
1317 2609 1391 2643 sive
1409 2610 1570 2649 dimisso,
1593 2615 1635 2644 tr.
1661 2614 1691 2651 8,
1716 2610 1740 2645 l.
1766 2614 1796 2646 3.
1817 2618 1848 2647 c.
1874 2614 1909 2644 1.

1183 2658 1362 2698 Quantum
1379 2660 1424 2693 sit
1439 2665 1638 2703 peccatum,
1655 2661 1705 2703 ib,

1181 2710 1237 2743 An
1258 2708 1398 2743 differat
1419 2711 1538 2754 specie
1551 2719 1573 2744 a
1589 2710 1686 2753 fuga,
1704 2717 1786 2754 quae
1807 2709 1925 2744 solum
1952 2709 1993 2744 fit
2013 2709 2062 2743 ad
2087 2710 2182 2743 tem-

1235 2767 1251 2791 s
1289 2769 1298 2791 ι
1331 2785 1338 2792 .

1181 2767 1280 2842 {ilcet
1300 2759 1373 2842 11:011
1394 2808 1534 2843 differat
1553 2810 1686 2852 specie,
1703 2812 1755 2843 est
1774 2812 1895 2843 tamen
1912 2808 2181 2843 circumstantia

1181 2859 1383 2893 necessario
1403 2860 1598 2902 aperienda
1611 2860 1650 2893 in
1666 2859 1906 2899 consessione,
1923 2858 1961 2892 in
1982 2858 2082 2893 omni
2099 2858 2182 2901 opi-

1182 2908 1305 2949 nione,
1325 2910 1374 2949 ib,

1138 2959 1305 3001 Apostata
1329 2969 1350 2993 a
1371 2960 1569 3002 religione,
1594 2963 1732 2994 retento
1766 2962 1887 2993 tamen
1920 2957 2064 2997 habitu,
2096 2958 2179 3000 jure

1181 3010 1792 3044 communi-excommunicationem
1808 3017 1883 3043 non
1898 3007 2061 3046 incurrit⁴
2085 3008 2135 3042 ib.

1179 3059 1295 3093 Potest
1313 3064 1432 3094 tamen
1448 3070 1527 3095 eam
1552 3061 1735 3095 incurrere
1752 3060 1833 3102 iure
1860 3058 2066 3102 particulari
2090 3056 2177 3091 reli-

1138 3109 1310 3202 Αρἓοίἓῐέἰῗι
1330 3111 1548 3204 abreiigione
1563 3164 1616 3195 est
1627 3159 1894 3204 quodammodo
1911 3156 2117 3198 irregularis
2128 3155 2175 3190 ad

1180 3210 1332 3245 Ordines
1353 3220 1494 3254 sacros,
1514 3211 1623 3246 etiam
1649 3212 1901 3255 Episcopatum
1931 3201 2181 3249 accipiendos,

1181 3260 1230 3294 ih

1179 3310 1484 3354 Suspiciensvero
1498 3311 1579 3346 illos
1594 3312 1745 3346 Ordines
1771 3309 1809 3342 in
1836 3307 1897 3341 tali
1914 3309 2006 3340 statu
2027 3314 2174 3349 poenam

1178 3361 1428 3404 suspensionis
1445 3371 1466 3396 a
1485 3366 1647 3405 suscepto
1663 3359 1794 3394 Ordine
1813 3357 1976 3397 incurrit,
1998 3356 2046 3390 ib.

1136 3410 1302 3454 apostata
1323 3414 1379 3455 sit,
1407 3421 1475 3448 nec
1497 3422 1561 3452 ne,
1582 3412 1645 3454 qui
1672 3420 1693 3444 a
1717 3409 1894 3452 religione
1923 3406 2016 3450 fugit
2037 3408 2173 3440 retento

1179 3460 1318 3503 habitu,
1342 3465 1377 3497 et
1393 3470 1477 3498 cum
1499 3462 1621 3497 animo
1643 3459 1840 3502 aliquando
1853 3455 2042 3496 redeundi,
2058 3454 2123 3496 ib„
2137 3457 2172 3487 et

1178 3517 1209 3544 c.
1234 3514 1267 3543 Ξ.

1178 3560 1264 3594 Item
1284 3559 1331 3595 sit
1359 3564 1537 3606 apostata,
1563 3559 1627 3603 qui
1660 3559 1754 3602 fugit
1774 3557 1923 3593 dimisso
1944 3554 2085 3596 habitu,
2107 3556 2176 3589 sed

1179 3616 1263 3644 cum
1284 3611 1407 3646 animo
1430 3609 1620 3649 redeundi.
1636 3617 1667 3643 c.
1689 3612 1720 3644 1.

1178 3659 1263 3701 Quae
1279 3669 1380 3696 mora
1399 3662 1491 3696 sacta
1513 3661 1552 3695 in
1571 3660 1691 3695 seculo
1705 3667 1728 3694 a
1742 3657 1910 3700 religioso
1926 3653 2081 3700 fugitivo
2090 3652 2171 3692 suf-
