2352 3880
99 360 213 407 &oto
225 362 399 409 motivo,
417 362 483 404 vol
498 364 622 405 etiam
639 364 934 418 peccaminoso,
953 365 1052 418 quia
1069 376 1136 406 ros

95 426 304 479 promissa
322 426 506 474 solvitur,
526 431 566 467 et
585 427 628 466 id
646 427 744 467 satis
758 430 819 468 est
830 426 891 466 ad
909 431 1068 476 votum,
1087 430 1135 467 ut

85 489 157 527 'ox
174 487 341 541 proprio
366 491 543 532 tractatu
558 488 610 529 de
626 493 722 529 voto
739 488 785 528 in
809 488 1021 532 communi
1039 500 1135 531 con-

103 551 199 589 stat.

156 611 197 651 7.
225 610 300 654 Ad
315 611 563 664 evectionem
593 615 731 654 contra
755 615 1015 668 posteriorem
1030 626 1132 667 par-

101 676 179 714 tem
195 675 446 726 pronuntiati
465 674 508 715 ia
525 685 635 715 num.
651 676 692 715 4.
703 696 758 705 —-
776 676 839 715 Ad
865 677 1130 728 posteriorem

100 734 372 786 obJectionem
388 735 586 788 distingui
618 740 749 788 potest
780 749 1032 792 consequens
1069 738 1129 779 ibi

99 796 285 845 allatum,
309 796 475 847 scilicet,
496 810 574 838 non
597 799 690 850 fieri
717 811 743 840 a
768 800 956 853 reliyioso
973 803 1128 851 forma-

98 858 173 899 lem
189 863 323 900 actum
343 859 581 908 obedientia,
601 861 686 901 nisi
706 861 773 903 ubi
800 862 1017 903 intervenit
1037 874 1129 916 pro·

93 920 235 974 prium
247 925 490 972 proeeoptum
509 921 768 975 Superioris;
785 936 883 963 nam
903 928 1034 976 potest
1050 923 1129 964 hoc

96 980 273 1035 intelligi
292 983 342 1022 dc
372 988 465 1023 actu
482 983 739 1034 obedientias,
760 986 803 1024 id
822 989 898 1033 est,
918 986 1004 1024 voti
1033 985 1127 1025 obe-

96 1044 282 1094 (lienum,
309 1045 375 1085 vel
393 1046 442 1085 de
462 1050 555 1085 actu
581 1046 840 1096 obedientiae,
858 1046 901 1086 id
925 1051 1000 1096 est,
1035 1059 1127 1100 spe-

95 1105 210 1146 cialis
228 1107 393 1147 virtutis
421 1108 681 1147 obedientiae.
702 1109 748 1147 In
771 1108 894 1159 priori
913 1120 1032 1147 sensu
1064 1109 1125 1149 fa-

94 1168 171 1208 cile
192 1169 357 1209 concedi
376 1173 505 1221 potest
535 1169 713 1221 sequela,
735 1170 831 1221 quia
851 1169 922 1208 ubi
945 1182 1029 1209 non
1061 1171 1124 1210 in-

93 1231 271 1270 tervenit
284 1230 477 1281 obligatio
490 1231 590 1279 voti,
602 1243 684 1269 non
698 1235 830 1282 potest
845 1231 994 1270 habere
1008 1232 1124 1273 illam

93 1292 341 1344 peculiarem
359 1292 630 1340 honestatem,
652 1305 742 1344 quae
763 1297 823 1332 est
852 1293 898 1332 in
936 1293 1125 1334 observa-

92 1354 207 1394 tione
218 1355 316 1393 voti.
338 1355 440 1402 Quia
469 1354 556 1394 haec
574 1355 656 1394 duo
676 1355 918 1394 correlative
937 1360 1047 1405 sunt,
1083 1361 1124 1396 et

91 1427 176 1455 non
209 1420 340 1468 potest
357 1427 487 1455 unum
516 1417 603 1456 sine
639 1417 719 1456 alio
755 1418 868 1468 poni.
888 1418 1000 1457 Dices
1020 1429 1030 1458 ε
1051 1418 1122 1470 qui

91 1482 211 1517 vovet
230 1478 392 1529 ingredi
409 1478 650 1530 religionem
674 1478 783 1518 intra
799 1491 970 1527 annum,
993 1480 1026 1518 si
1042 1483 1122 1519 sta-

90 1541 165 1579 tim
189 1540 460 1591 ingrediatur,
489 1540 588 1580 facit
621 1545 760 1580 actum
789 1541 888 1588 voti,
910 1545 950 1581 et
978 1541 1121 1593 implet

89 1601 206 1649 illud,
226 1602 414 1653 quamvis
440 1602 626 1642 nondum
644 1602 908 1654 obligaretur.
941 1604 1120 1654 Respon-

91 1663 166 1703 deo
189 1664 359 1716 implere
393 1664 560 1716 quidem
591 1669 737 1703 votum
772 1665 906 1716 quoad
935 1665 1123 1706 substan-

89 1726 190 1765 tiam
211 1731 339 1775 actus,
357 1726 454 1778 quia
471 1726 605 1778 quoad
629 1727 742 1766 illam
762 1727 999 1767 immediate
1020 1729 1121 1769 obli-

89 1789 264 1838 gabatur
286 1800 358 1840 per
376 1788 457 1828 tale
476 1793 633 1838 votum,
649 1789 744 1828 licet
762 1790 948 1829 nondum
964 1791 1120 1842 obliga-

87 1855 202 1889 retur
228 1850 362 1902 quoad
399 1850 748 1890 circumstantiam
778 1852 988 1902 temporis,
1007 1854 1119 1904 quod

86 1910 210 1950 homo
230 1912 274 1950 in
293 1923 340 1951 eo
359 1923 454 1951 casu
473 1911 701 1952 voluntarie
722 1913 932 1965 anticipat.
951 1914 1003 1953 At
1021 1927 1118 1954 vero

85 1973 130 2014 in
149 1974 354 2026 praesenti,
373 1978 515 2012 votum
533 1974 776 2013 obedientiae
806 1987 879 2026 per
897 1987 953 2023 se,
975 1979 1015 2015 et
1040 1976 1118 2016 im-

86 2035 262 2075 mediate
279 2035 330 2074 ad
353 2035 514 2074 nullum
534 2039 671 2075 actum
690 2036 858 2087 obligat,
875 2036 1000 2076 etiam
1018 2049 1117 2092 quo-

84 2097 136 2136 ad
155 2097 422 2136 substantiam
441 2098 542 2149 ejus,
560 2097 630 2136 sed
647 2098 780 2136 solum
794 2098 999 2138 mediante
1014 2111 1116 2150 prae-

85 2163 200 2210 cepto
220 2159 462 2210 Superioris,
488 2159 585 2210 quia
607 2159 739 2199 solum
760 2160 914 2211 obligat
938 2161 990 2200 ad
1020 2161 1116 2201 obe-

85 2219 281 2259 diendum
298 2220 383 2269 illi;
405 2224 446 2260 et
471 2220 563 2260 ideo
580 2220 710 2260 donec
723 2226 899 2273 ponatur
917 2221 994 2262 tale
1013 2235 1115 2275 prae-

85 2285 262 2333 ceptum,
277 2294 361 2321 non
380 2282 503 2322 habet
522 2282 660 2322 locum
679 2295 776 2322 usus
794 2283 887 2323 talis
917 2285 1016 2323 voti.
1040 2285 1116 2325 Ne-

85 2355 164 2395 que
198 2342 264 2382 hic
295 2343 417 2383 habet
445 2344 582 2384 locum
609 2345 861 2399 anticipatio,
882 2358 954 2398 per
989 2358 1114 2398 quam

81 2404 166 2444 dici
200 2408 331 2456 potest
356 2405 566 2458 religiosus
593 2407 819 2460 praevenire
843 2412 1110 2459 praeceptum,

84 2470 298 2506 contentus
315 2466 397 2506 sola
415 2467 624 2506 voluntate
642 2468 882 2522 SuperioriS‚
904 2471 1001 2521 quia
1026 2471 1114 2510 haec

80 2528 322 2582 »anticipatio
351 2540 436 2567 non
469 2528 601 2567 solum
627 2529 806 2568 excludit
825 2531 1019 2582 temporis
1039 2532 1113 2571 cir-

83 2590 386 2638 cumstantiam,
423 2593 470 2628 ut
505 2589 549 2628 in
594 2590 780 2641 exemplo
814 2591 1004 2642 adducto,
1040 2594 1111 2635 sed

82 2651 208 2691 etiam
228 2650 404 2690 excludit
434 2651 743 2691 substantialem
773 2654 988 2694 materiam
1006 2657 1107 2706 voti,

77 2711 122 2753 ‘et
135 2713 228 2752 ideo
248 2725 331 2752 non
361 2713 543 2753 admittit
572 2714 782 2765 proprium
801 2719 939 2755 actum
961 2718 1045 2756 voti
1065 2719 1110 2759 in

82 2775 273 2817 exercitio
292 2787 363 2814 seu
390 2775 550 2824 effectu,
571 2780 616 2814 ut
651 2776 709 2815 sic
745 2776 901 2827 dicam3
923 2781 1110 2830 quamvis

80 2836 124 2876 in
143 2837 289 2876 aflectu
315 2841 355 2876 et
382 2837 680 2892 praeparatione
701 2838 831 2877 animi
863 2838 908 2878 in
938 2852 986 2879 eo
1013 2846 1108 2881 actu

77 2898 313 2938 'ostendatur
343 2898 532 2938 voluntas
565 2900 870 2951 promptissima
890 2900 942 2940 ad
972 2901 1109 2945 obser-

77 2960 282 2999 vationem
300 2961 399 3009 voti,
420 2961 453 2999 si
475 2961 563 3013 eJus
583 2961 755 3000 materia
775 2967 1012 3014 poneretur.

130 3023 169 3063 8.
194 3023 332 3066 Dices:
354 3034 426 3062 cur
442 3035 526 3063 non
545 3028 677 3076 potest
692 3024 868 3076 intelligi
884 3026 959 3065 sub
978 3031 1105 3068 mate-

76 3083 140 3125 ria
173 3083 300 3136 hujus
332 3085 416 3124 voti
448 3097 533 3125 non
560 3086 692 3125 solum
727 3092 998 3140 praeceptum,
1034 3090 1105 3131 sed

79 3156 376 3198 quamcumque
395 3146 647 3188 voluntatem
668 3148 894 3200 Superioris
922 3162 1106 3202 compre-

78 3205 217 3255 hendi,
234 3205 292 3246 ita
315 3210 363 3245 ut
385 3208 598 3264 promissio
615 3222 700 3250 non
717 3214 880 3250 tantum
898 3211 949 3252 sit
965 3213 1015 3252 de
1034 3213 1106 3253 ob-

79 3267 277 3306 servando
294 3274 512 3323 praecepto,
539 3271 607 3311 sed
638 3273 762 3312 etiam
790 3275 840 3312 de
867 3275 1107 3326 exequenda

79 3327 290 3368 voluntate
313 3328 553 3381 Superioris,
573 3344 830 3389 quocumque
849 3336 998 3375 modo
986 3349 1106 3377 inno-

81 3391 231 3430 tescat?
248 3390 484 3445 Respondeo
503 3392 650 3449 primo,
667 3395 710 3435 id
728 3401 911 3438 constare
926 3409 978 3438 ex
994 3410 1104 3443 com·

82 3452 197 3491 muni
217 3463 310 3500 usu,
329 3456 371 3492 et
393 3452 649 3495 institutione
666 3456 927 3516 reilgionum,
948 3460 1014 3499 cui
1040 3457 1117 3514 att-f

35 3554 38 3556 ,
79 3513 361 3554 ‘commodatur
376 3514 552 3555 intentio
570 3518 766 3560 voventis.
788 3519 986 3571 Secundo,
1006 3521 1106 3575 quia

82 3572 182 3614 illud
195 3575 365 3615 involvit
382 3568 720 3634 repugnantiam3
732 3590 829 3620 nam
845 3581 987 3621 contra
1003 3594 1106 3634 proe-

83 3641 245 3689 ceptum
262 3637 550 3689 distinguimus
576 3639 690 3678 illam
711 3640 958 3682 voluntatem
977 3643 1108 3698 Supe-

83 3696 217 3751 rioth,
236 3709 330 3753 quo
347 3710 436 3743 non
451 3692 618 3742 inducit
642 3701 885 3757 rigorosam
894 3702 1109 3762 obligatio·

482 296 757 336 m.11V.on
774 294 961 336 mmo
980 294 1239 337 mmmm
1258 301 1398 344 (2110ss
1417 301 1731 350 nmmum,
1754 301 1845 342 Em.

2138 297 2220 341 771

1187 377 1310 418 nem;
1324 368 1359 408 si
1372 371 1511 408 autem
1523 370 1708 410 executio
1721 371 1845 424 huJ'us
1858 368 2083 410 voluntatis
2094 360 2225 411 etiam

1188 434 1293 470 esset
1310 429 1386 470 sub
1403 434 1499 470 voto
1518 431 1833 483 comprehensa,
1852 432 2079 472 necessario
2099 415 2223 471 indu-

1187 494 1299 531 ceret
1323 491 1639 543 obligationem,
1658 494 1756 544 quia
1774 494 1999 544 applicaret
2017 493 2219 534 sufficien-

1185 556 1268 593 tem
1302 554 1518 593 materiam
1556 554 1669 602 voti;
1706 555 1931 595 involvitur
1966 568 2063 608 ergo
2096 567 2200 607 repu

1184 617 1369 666 guantia.
1390 617 1508 656 Ratio
1530 620 1669 655 autem
1686 627 1711 654 a
1738 616 1864 667 priori
1885 621 1964 666 est,
1985 618 2101 669 quia,
2122 618 2215 658 licet

1182 677 1380 728 obligatio
1403 677 1456 717 ad
1484 677 1759 724 obediendum
1788 676 1905 716 fieret
1930 677 1975 717 in
2007 679 2217 720 voluntate

1182 739 1386 789 voventis,
1415 739 1488 779 illa
1512 743 1653 778 tamen
1680 738 1908 778 secundum
1937 750 1978 778 se
1998 743 2059 779 est
2083 741 2215 782 solum

1183 801 1460 841 conditionata
1475 831 1485 847 ‚
1504 801 1674 850 scilicet,
1697 800 1731 840 si
1751 800 1946 852 Superior
1962 800 2156 849 voluerit;
2175 806 2218 862 et

1182 862 1295 911 ideo,
1318 863 1427 914 quod
1453 863 1546 902 talis
1565 862 1760 914 obligatio
1778 865 1957 901 transeat
1981 861 2026 900 in
2057 861 2216 903 absolu-

1181 927 1283 973 tam,
1301 936 1374 964 seu
1393 928 1487 964 actu
1505 928 1756 973 exerceatur,
1771 924 1922 976 pendet
1938 935 1989 963 ex
2004 923 2212 965 voluntate

1178 986 1427 1037 Superioris;
1447 986 1644 1038 quamdiu
1664 998 1760 1037 ergo
1786 986 1873 1037 ipse
1896 997 1981 1025 non
2004 985 2094 1025 vult
2111 985 2220 1041 ‘'bh-t

1180 1059 1293 1099 gare,
1326 1051 1467 1087 votum
1502 1060 1587 1087 non
1619 1052 1750 1100 potest
1783 1048 1988 1098 obligare3
2016 1044 2222 1100 quamdiu*

1180 1115 1318 1150 autem
1335 1123 1419 1150 non
1439 1111 1638 1164 praecipit,
1668 1123 1751 1150 non
1780 1110 1868 1150 vult
1893 1110 2094 1161 obligare;
2115 1124 2213 1164 ergo

1178 1177 1382 1225 repugnat
1398 1177 1443 1213 ut
1463 1185 1513 1213 ex
1532 1173 1603 1212 illa
1623 1173 1833 1212 voluntate
1856 1173 2100 1224 Superioris,
2121 1187 2214 1226 quae

1177 1240 1430 1287 praeceptum
1463 1235 1661 1284 excludit,
1696 1235 1852 1274 oriatur
1882 1234 2078 1286 obligatio
2109 1238 2210 1288 voti,

1178 1298 1274 1348 quia
1303 1310 1387 1337 non
1415 1297 1610 1349 impletur
1642 1297 1729 1348 ejus
1755 1296 1954 1344 conditi03
1977 1310 2051 1337 nec
2079 1300 2214 1351 potuit

1178 1358 1364 1398 subditus
1392 1359 1496 1399 velle
1516 1371 1558 1398 se
1577 1358 1758 1410 obligare
1778 1359 1900 1398 etiam
1923 1370 2019 1399 cum
2037 1360 2122 1399 sola
2142 1361 2216 1402 illa

1176 1420 1387 1461 voluntate
1406 1434 1415 1468 ;
1455 1421 1640 1473 alioquin
1680 1420 1804 1460 vellet
1843 1420 2017 1472 obligari
2037 1452 2050 1471 ,
2088 1422 2214 1463 etiam

1174 1483 1339 1534 quando
1356 1484 1549 1535 Superior
1568 1495 1652 1522 non
1668 1483 1756 1521 vult
1774 1495 1869 1522 eum
1886 1482 2086 1534 obligare,
2102 1486 2213 1537 quod

1174 1550 1378 1597 repugnat
1408 1545 1489 1597 ipsi
1522 1549 1616 1584 voto
1649 1545 1905 1584 obedientiae.
1942 1546 2152 1595 Quocirca,
2178 1549 2213 1587 si

1176 1617 1376 1657 ponamus
1397 1608 1490 1657 (hoc
1520 1608 1631 1647 enim
1667 1619 1751 1647 non
1781 1609 2001 1659 repugnat)
2030 1608 2212 1661 aliquem

1175 1669 1414 1719 promittere
1437 1671 1520 1709 Deo
1547 1670 1681 1708 facere
1712 1670 1788 1708 hoc
1823 1669 1887 1708 vel
1911 1669 2027 1717 illud,
2047 1670 2081 1709 si
2108 1671 2212 1711 alius

1175 1730 1373 1780 voluerit,
1396 1731 1584 1783 quamvis
1602 1731 1791 1770 voluntas
1811 1731 1898 1781 ejus
1930 1743 2013 1770 non
2033 1732 2086 1770 sit
2107 1745 2191 1784 prae

1174 1793 1343 1843 cipiens,
1377 1793 1446 1832 sed
1477 1797 1638 1831 tantum
1672 1793 1928 1832 consentiens
1960 1797 2032 1832 aut
2056 1794 2213 1834 deside-

1174 1866 1284 1903 rans,
1314 1854 1415 1893 illud
1444 1867 1526 1893 non
1552 1859 1653 1893 esset
1683 1859 1825 1893 votum
1862 1853 2122 1901 obedientiae,
2141 1857 2212 1895 sed

1174 1920 1278 1955 esset
1293 1921 1436 1955 votum
1450 1916 1542 1954 talis
1561 1916 1761 1963 materiae,
1778 1915 1853 1954 sub
1869 1915 1940 1954 tali
1955 1916 2186 1957 conditione
2196 1929 2209 1968 ;

1173 1982 1315 2017 votum
1353 1989 1451 2028 ergo
1492 1977 1736 2016 obedientiae
1775 1977 1897 2016 habet
1932 1989 2005 2028 pro
2040 1980 2212 2019 materia

1172 2043 1426 2091 praeceptum
1459 2038 1648 2088 alterius;
1685 2042 1724 2077 et
1753 2038 1846 2077 ideo
1880 2039 2077 2090 quamdiu
2107 2041 2210 2081 illud

1172 2113 1257 2140 non
1286 2100 1524 2152 imponitur,
1555 2100 1720 2151 proprie
1746 2101 1925 2139 exerceri
1956 2113 2040 2140 non
2061 2106 2206 2151 potest,

1171 2163 1250 2202 nisi
1265 2167 1428 2202 tantum
1444 2164 1488 2201 in
1506 2161 1672 2211 affectu,
1690 2166 1731 2201 et
1745 2163 2046 2213 praeparatione
2061 2165 2206 2214 animi,

1170 2231 1217 2265 ut
1239 2225 1456 2277 explicavi.

1221 2289 1262 2329 9.
1294 2287 1410 2339 Quod
1430 2287 1463 2327 si
1482 2287 1574 2340 quis
1595 2286 1764 2326 tandem
1786 2286 1965 2338 objiciat,
1995 2288 2029 2327 si
2047 2287 2124 2327 hoc
2147 2289 2207 2330 ita

1168 2354 1242 2399 est,
1263 2350 1405 2388 utilius
1433 2361 1517 2388 esse
1545 2349 1756 2400 religiosis,
1778 2360 1872 2388 cum
1899 2361 1970 2400 per
1995 2350 2206 2402 proprium

1166 2416 1415 2464 praeceptum
1440 2411 1710 2463 imperantur,
1734 2411 1831 2462 quia
1850 2415 1949 2449 tunc
1976 2412 2206 2462 operabun-

1166 2478 1234 2513 tur
1256 2485 1307 2512 ex
1323 2478 1434 2521 voto,
1456 2473 1564 2524 quod
1591 2477 1649 2512 est
1681 2472 1812 2523 magis
1840 2473 2120 2524 meritorium;
2141 2487 2207 2514 re-

1167 2535 1388 2586 spondetur
1419 2534 1599 2586 primum
1628 2534 1671 2573 id
1701 2546 1784 2573 non
1819 2535 2008 2586 expedire
2040 2540 2207 2587 propter

1165 2597 1394 2649 periculum
1420 2596 1579 2648 lapsus;
1602 2596 1748 2635 deinde
1769 2596 1871 2636 illud
1894 2597 2088 2636 meritum
2109 2610 2205 2650 sup-

1165 2661 1268 2712 pleri
1290 2672 1406 2712 posse
1439 2672 1512 2715 per
1546 2659 1801 2698 voluntatem
1838 2659 2079 2709 obedientis,
2111 2666 2204 2700 tum

1164 2727 1330 2774 propter
1357 2722 1488 2772 magis
1508 2721 1679 2760 liberam
1708 2725 1748 2760 et
1768 2725 2036 2772 spontaneam
2056 2722 2201 2762 volun-

1163 2788 1306 2831 tatem,
1341 2796 1431 2836 quae
1466 2784 1694 2822 ostenditur
1726 2783 2011 2834 praeveniendo
2045 2796 2199 2836 praece-

1162 2850 1293 2898 ptum,
1315 2849 1404 2884 tum
1429 2849 1593 2900 propter
1621 2845 1910 2891 intentionem,
1931 2850 1969 2884 et
1995 2857 2202 2897 praepara-

1160 2908 1316 2948 tionem
1336 2907 1465 2946 animi
1486 2907 1537 2945 ad
1557 2907 1666 2947 idem
1686 2906 1879 2945 libentius
1896 2908 2196 2958 exequendum,

1160 2969 1195 3007 si
1234 2969 1528 3020 adjungeretur
1570 2975 1818 3020 praeceptum
1842 2983 1852 3016 ;
1894 2973 1982 3007 tum
2020 2970 2198 3022 denique

1159 3031 1256 3082 quia
1275 3031 1398 3069 etiam
1425 3030 1502 3068 hoc
1531 3042 1661 3080 genus
1693 3029 1936 3068 obedientiae
1958 3034 2087 3081 potest
2107 3031 2198 3071 fieri

1159 3104 1210 3132 ex
1230 3092 1428 3143 religione
1446 3092 1491 3131 in
1510 3091 1667 3131 cultum
1696 3091 1788 3139 Dei;
1812 3092 1894 3129 imo
1914 3092 2037 3130 etiam
2057 3105 2106 3131 ex
2135 3093 2193 3132 in-

1158 3154 1342 3193 tentione
1369 3154 1575 3205 operantis
1597 3153 1741 3192 referri
1772 3157 1902 3205 potest
1928 3154 1979 3192 ad
2007 3152 2196 3194 observa-

1158 3216 1314 3256 tionem
1337 3216 1437 3263 voti,
1469 3220 1591 3267 atque
1609 3216 1668 3254 ita
1688 3215 1775 3268 ejus
1795 3214 2048 3254 honestatem
2070 3216 2194 3266 parti-

1159 3278 1310 3331 cipare,
1339 3281 1541 3330 quatenus
1562 3277 1606 3316 in
1632 3277 1696 3316 his
1723 3277 1847 3315 etiam
1875 3288 1958 3315 non
1981 3277 2193 3333 praeceptis

1159 3338 1324 3379 obedire
1342 3331 1448 3387 vult,
1469 3343 1516 3379 ut
1537 3338 1771 3390 longissime
1791 3338 1912 3377 distet
1929 3351 1951 3376 a
1970 3342 2204 3390 transgresf

1158 3400 1272 3446 sione
1302 3401 1410 3450 votI,
1431 3400 1542 3440 etad
1571 3401 1660 3459 eJus
1681 3399 2044 3475 perfectissimam
2053 3396 2200 3464 obser-'1

1157 3461 1342 3502 v'antiam
1359 3471 1577 3502 assuescat.
1609 3473 1614 3476 ·
2064 3486 2065 3489 =

1181 3525 1276 3567 ’1Ο.
1310 3523 1430 3565 Circa
1447 3523 1619 3565 alterum
1637 3535 1795 3567 sensum
1816 3520 2038 3565 indicatum
2054 3518 2100 3560 in
2116 3530 2189 3562 me-

1155 3587 1262 3633 mero
1292 3587 1486 3640 septimo,
1506 3582 1569 3627 ἀπ
1589 3586 1820 3637 requiratur
1840 3585 2104 3637 praeceptum,
2128 3582 2190 3624 vel

1157 3645 1342 3698 sufficiat
1365 3637 1536 3699 simple&
1560 3648 1742 3687 ὀοἰαιιαε
1765 3645 1817 3684 ad
1843 3643 2114 3686 obedientiam
2133 3664 2188 3674 -—

1157 3709 1213 3750 At
1222 3720 1336 3765 vero,
1350 3708 1387 3749 si
1401 3719 1536 3763 sermo
1549 3708 1604 3748 sit
1618 3707 1668 3747 de
1684 3709 1777 3747 actu
1790 3704 1955 3746 formali
1969 3709 2010 3746 et
2022 3707 2188 3759 proprio
