2352 3880
39 3585 90 3679 {i-

31 3681 103 3880 ὲ

427 239 518 276 cAP.
538 239 612 274 xn.
635 238 690 273 BE
707 234 821 271 MODO
841 228 1096 269 Rom
1114 230 1196 268 PER
1215 233 1319 268 vum
1338 233 1549 268 SPEOEAUS
1569 233 1867 275 ῐΜὶῦῘΞΙΊῚῦΝΙΒ,
1888 232 1982 271 Em.

44 316 50 348 3
67 333 82 358 ·.
132 303 440 350 communitatis
456 315 468 354 3
487 315 587 342 nam
603 304 703 343 tunc
719 300 894 353 obligari
915 301 1050 351 potest
1065 297 1164 338 suh-

38 367 49 389 ”
73 413 77 419 ,
130 368 243 411 ditias
260 379 336 420 per
367 369 617 418 praeceptum
643 362 815 411 Proelati,
836 365 882 401 ut.
913 361 990 401 sibi
1006 361 1165 400 denun-

132 428 207 472 tiet
227 428 404 481 juridice
423 427 618 467 delictum
643 424 796 471 fratris,
815 427 860 462 ut
894 422 1024 474 possit
1052 432 1165 461 com-

131 490 378 531 munitatem
398 489 640 527 indemnem
659 496 825 524 servare
837 494 850 533 ;
871 495 968 523 nam
993 483 1081 523 hm
1097 485 1163 521 est

69 560 71 565 ’
131 552 318 604 legitima
352 562 478 590 eausa
506 549 602 588 talis
634 545 848 598 praecepti,
871 550 912 584 et
948 545 1058 594 ideo,
1075 555 1162 583 ’non

134 613 325 653 obstante
359 615 520 651 secreto
549 608 701 661 prioris
731 606 1057 646 denuntiationis
1086 615 1162 656 pa·

134 679 277 718 ternae,
298 676 436 724 potest
464 673 573 723 J‘uste
611 668 714 707 illud
732 669 963 719 imponere.
1002 666 1089 708 Imo
1127 665 1163 705 si

134 735 323 775 subditus
352 746 427 772 sno
460 733 666 783 praecepto
703 730 804 769 nolit
825 730 1010 777 obedire,
1031 731 1183 788 potestx

134 796 332 836 Praelatus
362 793 612 846 judicialiter
646 791 887 843 procedere,
911 803 995 829 non
1021 790 1085 829 via
1106 789 1167 828 in-

133 856 379 908 quisitionis,
406 857 504 906 quia
538 866 622 893 non
647 853 858 905 praecessit
889 852 1058 891 infamia
1097 852 1168 901 (ut

134 919 436 969 supponimus),
454 915 527 955 sed
546 915 611 954 via
626 915 967 960 denuntiationis,
985 912 1166 953 creando

134 979 341 1025 fiscalem,
365 979 434 1030 qui
460 990 626 1017 causam
658 979 841 1015 assumat
866 981 905 1014 et
934 975 1166 1023 denuntiet,

137 1045 177 1079 et
195 1043 293 1078 tunc
314 1040 463 1091 poterit
481 1040 609 1078 etiam
629 1039 886 1089 interrogare
904 1038 1084 1087 primum
1097 1035 1168 1074 de-

136 1102 397 1141 nuntiantem
432 1105 632 1151 tanquam
665 1104 832 1146 testem,
861 1099 931 1149 qui
960 1097 1169 1136 tenebitur

133 1163 213 1202 sub
231 1164 467 1214 juramento
488 1163 701 1201 veritatem
719 1161 873 1206 dicere,
896 1159 992 1209 quia
1009 1159 1091 1209 jam
1112 1158 1169 1197 le-

136 1226 275 1276 gitime
294 1226 591 1274 interrogatur:
610 1227 752 1274 etpost
767 1221 1047 1260 testimonium
1061 1221 1166 1271 eJus,

135 1287 169 1326 si
189 1287 240 1324 sit
258 1287 368 1324 omni
388 1286 628 1336 exceptione
645 1284 795 1334 majus,
821 1283 973 1333 poterit
992 1283 1169 1321 interro-

136 1349 227 1400 gari
246 1360 356 1394 reus,
379 1347 433 1385 ita
449 1352 494 1385 ut
511 1347 717 1397 obligetur
731 1345 783 1382 ad
805 1345 1020 1383 veritatem
1039 1344 1171 1382 faten-

136 1410 247 1452 dam,
269 1414 312 1448 et
336 1409 389 1447 ita
418 1408 589 1446 ulterius
618 1406 802 1457 procedi,
829 1407 947 1457 juxta
978 1405 1171 1456 superius

135 1471 260 1518 dicta,
281 1483 305 1510 a
322 1483 363 1510 n.
383 1471 448 1509 ⁶29.
471 1469 743 1507 Excusabitur
775 1471 917 1506 tamen
942 1468 1088 1505 merito
1117 1465 1171 1504 ab

139 1533 220 1571 hoc
237 1544 363 1571 onere
387 1531 590 1577 subditus,
616 1530 684 1580 qui
706 1533 877 1580 paterne
895 1528 1166 1574 denuntiavit,

135 1595 170 1635 si
189 1594 267 1633 fuit
286 1594 475 1644 complex
504 1591 693 1643 ejusdem
722 1590 873 1638 delicti,
894 1594 935 1628 ct
967 1590 1021 1629 ob
1047 1589 1169 1628 affec-

137 1661 227 1696 tum
243 1655 455 1706 religionis
474 1654 540 1692 vel
575 1653 837 1704 perfectionis
873 1652 975 1691 illud
998 1652 1170 1690 Praelato

138 1723 183 1758 ut
199 1719 305 1769 patri
328 1715 619 1762 manifestavit,
638 1715 812 1753 fortasse
832 1714 957 1752 etiam
979 1713 1170 1751 manifes-

139 1780 265 1818 tando
290 1779 497 1828 scipsum3
521 1781 618 1816 tunc
639 1777 748 1814 enim
780 1775 956 1826 obligari
994 1786 1075 1812 nou
1098 1785 1173 1826 po—

137 1845 217 1880 test
250 1844 293 1879 ut
317 1840 443 1878 alium
463 1838 678 1877 denuntiet
695 1837 960 1887 judicialiter,
982 1837 1047 1875 vel
1075 1847 1173 1874 con-

138 1907 201 1940 tra
221 1901 335 1938 illum
374 1900 480 1938 ferat
505 1899 551 1937 in
577 1898 734 1948 judicio
754 1898 1053 1944 testimonium,
1076 1897 1171 1947 quia

138 1972 263 2001 nemo
283 1965 450 1999 tenetur
468 1971 512 1998 se
528 1959 781 2010 judicialiter
799 1958 989 2007 prodere,
1013 1962 1054 1995 et
1077 1968 1172 2007 pro-

137 2022 239 2063 dere
261 2021 504 2072 complicem
524 2024 588 2059 est
618 2019 830 2057 moraliter
866 2017 1043 2069 prodere
1065 2018 1173 2068 seip-

139 2094 245 2123 sum.
272 2085 400 2122 Nemo
419 2082 543 2121 etiam
566 2085 731 2120 tenetur
753 2090 850 2118 cum
871 2079 987 2129 gravi
1005 2090 1082 2117 suo
1098 2078 1174 2117 de-

141 2145 335 2186 trimento
356 2143 420 2183 vel
446 2141 615 2181 infamia
641 2141 923 2180 testimonium
945 2139 988 2178 in
1015 2139 1173 2191 judicio

141 2210 285 2245 contra
312 2204 440 2242 alium
466 2200 591 2248 ferre,
610 2206 656 2241 ut
676 2206 738 2240 est
758 2202 988 2240 communis
1007 2206 1175 2240 senten-

141 2266 215 2313 tia,
231 2265 285 2305 de
312 2277 395 2316 qua
419 2263 548 2304 videri
566 2267 702 2315 potest
724 2263 963 2311 Covarruv.,
994 2262 1036 2300 in
1060 2262 1176 2300 Prac-

140 2327 233 2368 tieis
250 2326 562 2378 quaestionibus,
578 2335 672 2376 cap.
692 2324 756 2370 ¹8,
772 2328 814 2362 et
836 2323 880 2362 D.
902 2323 1063 2368 Thom„
1079 2331 1177 2362 cum

139 2388 451 2440 interpretibus,
471 2389 511 2425 2.
526 2388 565 2433 2,
586 2390 730 2437 quaest.
751 2385 817 2431 70,
834 2388 910 2423 art.
934 2387 971 2424 l.
989 2385 1174 2434 Reliqua,

140 2460 235 2503 quae
256 2448 313 2488 ad
339 2449 449 2487 huuc
481 2458 752 2499 progressum
786 2446 1009 2497 pertinent,
1032 2457 1084 2485 ex
1105 2456 1179 2483 su-

143 2511 377 2565 perioribus
412 2509 617 2550 sumenda
661 2511 772 2548 sunt.
794 2507 843 2546 Et
873 2507 970 2546 ideo
1008 2508 1099 2547 haec
1125 2505 1176 2545 de

145 2572 330 2614 secunda
362 2575 482 2625 parte
511 2570 621 2612 tituli
653 2568 873 2622 praesentis
894 2567 1041 2621 capitis
1065 2567 1174 2608 diota

144 2633 368 2674 sufficiant.

442 2716 502 2760 De
518 2718 585 2760 via
603 2715 884 2762 accusationis.

201 2823 267 2864 45.
300 2820 405 2863 Hoee
418 2819 490 2864 via
505 2832 583 2863 non
605 2821 710 2874 petit
731 2820 951 2869 infamiam
966 2820 1029 2860 vel
1045 2820 1183 2872 prive-

150 2889 233 2928 tam
247 2885 516 2926 monitionem.
532 2905 591 2914 —
609 2884 722 2924 Iniri
746 2888 873 2936 polest
909 2883 1043 2922 illaesa
1057 2883 1183 2922 etiam

151 2947 426 2989 chao-itate.-—
446 2945 477 2984 I
479 2957 535 2984 mo
553 2947 592 2985 et
614 2945 832 2997 aliqnando
853 2945 1178 2993 estobliyatorla.

151 3009 335 3048 —Inter
368 3005 573 3058 religiosos
603 3004 640 3045 si
666 3006 786 3046 aliter
819 3004 1062 3052 subvenitur,
1082 3015 1184 3044 nun-

152 3081 270 3124 quam
297 3068 497 3110 accusatio
513 3066 677 3115 valiant.
690 3087 744 3095 -
762 3066 958 3114 Quomodo
977 3067 1186 3118 proceden-

144 3133 246 3172 ‘dum
262 3132 306 3170 in
325 3131 398 3170 Ιιασ
412 3130 496 3169 via.
510 3150 562 3157 —
583 3129 679 3166 Haec
697 3127 762 3166 via
788 3127 926 3165 minus
946 3130 1009 3166 est
1027 3127 1067 3165 in
1090 3126 1186 3166 reli-

153 3192 347 3244 gionibus
366 3192 531 3236 usitata,
557 3201 640 3228 non
660 3192 801 3228 tamen
818 3188 990 3226 omnino
1005 3188 1186 3227 excludi-

155 3257 244 3300 tur,
276 3252 376 3303 quia
412 3253 565 3302 potest,
592 3250 662 3301 qui
696 3250 890 3300 injuriam
918 3260 1064 3299 passus
1105 3252 1185 3298 est,

158 3314 271 3365 apud
297 3313 516 3353 Praelatum
546 3323 741 3351 accusare
770 3310 1053 3361 injuriantem,
1074 3309 1187 3362 quod

124 3415 126 3417 ,
157 3375 294 3415 facere
311 3378 446 3426 potest
465 3373 553 3413 sine
565 3372 783 3423 injustitia,
806 3371 967 3411 etiamsi
986 3383 1067 3411 non
1082 3383 1190 3424 prae-

160 3436 281 3476 eedat
297 3435 480 3481 infamia,
496 3433 594 3485 quia
606 3433 651 3472 in
669 3432 747 3472 hac
767 3432 832 3472 via
852 3444 937 3471 non
958 3435 1020 3472 est
1044 3445 1189 3472 neces-

161 3499 285 3543 saria,
305 3500 345 3535 et
366 3495 476 3534 nulla
510 3494 724 3546 praemissa
754 3495 1029 3542 correctione,
1063 3495 1189 3547 siqui-

158 3557 275 3605 eom,
295 3561 342 3596 ut
372 3557 488 3595 initio
526 3555 669 3606 capitis
687 3555 714 3595 8
741 3555 995 3601 dicebamus,
1017 3567 1103 3596 non
1122 3569 1191 3595 or-

161 3617 330 3671 dinater
345 3618 400 3658 ad
415 3616 749 3659 emendationem
760 3616 915 3666 stata-is,
933 3615 1010 3657 sed
1032 3617 1089 3658 ad
1101 3618 1189 3669 jus-

1219 301 1304 337 tam
1324 298 1563 338 vindictam.
1580 299 1719 338 Potest
1734 298 1859 338 etiarn
1873 297 1963 339 fieri
1980 296 2071 339 sine
2081 304 2255 351 peccatu

1221 365 1365 402 eontra
1385 361 1646 410 charitatem,
1668 361 1701 400 si
1718 373 1804 400 non
1826 374 1877 402 ex
1899 361 2011 409 odio,
2026 361 2102 401 sed
2119 362 2187 401 vel
2202 373 2257 403 ex

1221 421 1372 461 affeetu
1386 422 1616 473 religionis,
1629 434 1684 462 ne
1702 423 1863 463 simiies
1881 423 2043 475 injurias
2065 423 2111 462 in
2131 435 2180 462 ea
2195 423 2256 463 in-

1219 482 1505 528 troducantur,
1527 484 1595 523 vel
1611 495 1663 523 ex
1688 484 1838 524 affeetu
1858 484 2011 536 pmpr‘ri
2030 484 2253 535 commodi,

1218 543 1389 590 scilicet,
1406 544 1509 594 justi
1526 545 1713 593 honoris,
1729 546 1796 586 vel
1816 546 1917 585 boni
1936 547 2133 593 nominis,
2155 550 2254 597 ete„

1215 603 1310 643 talis
1326 605 1535 643 accusatio
1555 605 1641 644 fiat.
1670 607 1756 646 Imo
1780 619 1831 646 ex
1857 608 1983 658 priori
2020 608 2155 659 capite
2178 619 2257 660 po-

1216 668 1297 704 test
1315 665 1541 716 aliquando
1563 666 1717 711 cadere
1737 667 1779 706 in
1796 668 2108 717 obligationem,
2127 673 2174 709 ut
2193 673 2259 710 est

1223 727 1455 766 communis
1490 728 1694 766 sententia
1716 729 2036 779 Theologorum,
2062 731 2106 769 in
2136 731 2177 778 4,
2211 730 2254 771 d.

1222 790 1289 837 39,
1308 794 1350 828 et
1369 791 1409 828 2.
1429 791 1470 834 2,
1491 801 1530 840 q.
1552 790 1619 838 68,
1643 793 1683 828 et
1697 789 2030 838 Canonistarum‚
2051 791 2093 829 in
2111 804 2149 830 c.
2170 792 2258 833 No-

1222 852 1294 899 vit,
1317 850 1571 896 deJudiciis,
1593 863 1616 889 a
1649 862 1731 901 qua
1752 851 2003 901 obligatione
2040 864 2124 891 non
2155 853 2259 892 libe-

1223 917 1367 951 rantur
1397 913 1594 962 religiosi,
1621 924 1716 951 cum
1746 924 1831 950 non
1865 913 2004 950 minus
2037 916 2260 953 teneantur

1223 986 1274 1013 ex
1287 975 1485 1013 charitate
1507 985 1728 1012 commune
1749 973 1906 1012 bonum
1941 985 2025 1012 suae
2045 974 2256 1025 religionis

1223 1037 1347 1083 tueri,
1367 1048 1493 1086 quam
1515 1036 1676 1086 reliqui.
1701 1036 1855 1073 Verum
1881 1039 1941 1074 est
1963 1040 2104 1074 tamen
2126 1037 2260 1086 (quod

1220 1099 1334 1142 Soto,
1350 1098 1505 1136 Reiect.
1533 1097 1584 1135 de
1605 1097 1804 1147 'regendo
1821 1101 1996 1143 secreto,
2018 1097 2195 1135 membr.
2217 1099 2257 1146 2,

1224 1164 1368 1210 quaest.
1391 1161 1430 1203 5,
1459 1159 1687 1210 generatim
1709 1156 1935 1209 adnotavit)
1957 1157 1991 1196 si
2006 1170 2080 1208 per
2099 1158 2259 1197 denun-

1223 1221 1438 1259 tiationem
1471 1220 1727 1258 sufficienter
1763 1218 2012 1258 subveniant
2048 1219 2260 1258 communi

1225 1281 1477 1328 necessitati,
1497 1280 1684 1319 excusari
1707 1279 1760 1318 ab
1777 1291 1903 1318 onere
1930 1281 2116 1330 rigorose
2139 1293 2261 1319 accu-

1226 1343 1360 1387 sandi,
1385 1343 1480 1391 quia
1514 1353 1778 1392 quocumque
1799 1341 1936 1379 medio
1959 1341 2178 1380 sufficienti
2196 1352 2262 1380 sa-

1197 1420 1204 1427 ·
1225 1403 1434 1444 tisfaciunt
1451 1414 1535 1441 suae
1558 1403 1821 1453 ohligationi3
1842 1403 1875 1440 si
1894 1407 2034 1440 tamen
2055 1402 2262 1452 excogite-

1226 1470 1293 1504 tur
1313 1478 1433 1504 casus
1465 1465 1509 1503 in
1542 1477 1624 1514 quo
1661 1464 1917 1502 denuntiatio
1952 1476 2034 1502 non
2069 1464 2260 1512 sufficiat,

1225 1529 1324 1566 tunc
1344 1526 1505 1576 urgebit
1525 1526 1721 1575 obligatio
1742 1524 1987 1571 accusandi;
2008 1537 2101 1563 raro
2123 1530 2262 1563 tamen

1226 1589 1269 1628 id
1289 1589 1503 1639 contingit,
1532 1591 1571 1627 et
1589 1588 1684 1626 ideo
1707 1588 1766 1636 (ut
1784 1587 1987 1634 dicebam)
2005 1598 2088 1624 non
2107 1591 2168 1624 est
2187 1585 2263 1624 fre·

1228 1663 1361 1701 quens
1383 1651 1424 1688 in
1457 1649 1726 1699 religionibus
1766 1648 2005 1698 hujusmodi
2038 1647 2260 1686 accusatio.

1228 1715 1330 1753 Nam
1354 1724 1551 1751 accusare
1583 1716 1753 1762 propter
1771 1709 2011 1752 vindictam,
2039 1713 2079 1748 et
2122 1709 2164 1746 in
2200 1719 2264 1747 re-

1229 1774 1609 1825 compensationem
1633 1771 1785 1822 proprii
1807 1770 2062 1815 nocumenti,
2076 1769 2265 1819 quamvis

1224 1847 1302 1888 per
1318 1847 1361 1874 se
1376 1835 1533 1873 malum
1549 1845 1633 1871 non
1653 1834 1719 1880 sit,
1734 1836 1952 1871 esttamen
1968 1831 2263 1881 periculosum,

1229 1902 1270 1937 et
1288 1897 1535 1948 regulariter
1554 1895 1739 1933 alienum
1760 1894 1812 1931 ab
1829 1894 1892 1931 his
1912 1894 1981 1942 qui
2004 1897 2155 1930 statum
2171 1891 2266 1930 reli-

1230 1959 1363 2009 gionis
1398 1957 1657 2007 profitentur,
1679 1959 1720 1993 et
1747 1955 1840 1992 ideo
1876 1966 1898 1991 a
1921 1954 2128 2003 religiosis
2147 1952 2266 1990 vitari

1228 2019 1367 2058 debet.
1390 2017 1665 2056 Nihilominus
1682 2019 1822 2053 tamen
1840 2014 1875 2052 si
1889 2014 2071 2064 legitime
2089 2013 2176 2058 fiat,
2196 2013 2268 2052 de-

1228 2080 1299 2119 het
1317 2079 1513 2129 Superior
1534 2089 1627 2116 eam
1647 2081 1865 2127 acceptare
1886 2080 1925 2114 et
1955 2088 2031 2126 per
2051 2075 2264 2113 notarium

1229 2141 1426 2191 scriptam
1457 2151 1548 2178 earn
1567 2139 1779 2189 recipere;
1805 2138 1860 2175 ita
1882 2137 1993 2174 enim
2009 2137 2103 2186 jura
2130 2136 2268 2186 dispo-

1229 2206 1350 2246 nunt,
1367 2205 1408 2239 et
1429 2201 1522 2239 licet
1538 2200 1747 2249 regulares
1765 2209 1848 2237 non
1870 2202 2092 2236 teneantur
2112 2196 2165 2235 ad
2184 2207 2268 2235 om-

1230 2276 1306 2303 nes
1341 2260 1757 2311 solemnitatesjuris,
1781 2260 1868 2298 baec
1895 2264 2111 2309 reputatur
2138 2257 2268 2296 maxi-

1230 2337 1300 2365 me
1324 2323 1631 2372 substantialis,
1658 2322 1754 2373 quia
1778 2323 1837 2371 (ut
1856 2325 1967 2360 recte
1989 2322 2035 2359 D.
2058 2321 2204 2359 Thom.
2225 2320 2266 2358 2.

1232 2389 1273 2434 2,
1292 2390 1437 2436 quaest.
1459 2385 1526 2431 68,
1548 2387 1626 2423 art.
1645 2385 1687 2428 2,
1708 2383 1862 2434 docuit)
1882 2386 1944 2421 est
1963 2381 2177 2420 moraliter
2193 2390 2269 2419 ne-

1236 2448 1477 2496 cessarium,
1502 2451 1547 2485 ut
1562 2450 1724 2485 constet
1739 2445 1841 2496 quid
1859 2449 2078 2484 accusator
2090 2442 2269 2494 probare

1233 2514 1440 2556 teneatur,
1465 2513 1506 2547 et
1530 2508 1623 2547 ideo
1647 2508 1771 2546 etiam
1792 2507 1834 2545 in
1858 2505 2039 2556 regulari
2075 2514 2270 2555 processu

1234 2582 1318 2610 non
1341 2574 1403 2609 est
1430 2567 1804 2620 praetermitte-nd&
1823 2573 2045 2618 postquam
2077 2576 2175 2603 vero
2200 2574 2271 2602 ac-

1236 2632 1393 2673 cusatio
1419 2631 1597 2669 formata
1617 2634 1658 2668 et
1674 2632 1840 2679 recepta
1857 2632 1935 2674 est,
1958 2624 2270 2678 procedendum

1237 2684 1355 2736 estin
1370 2706 1496 2732 causa
1516 2692 1663 2731 eodem
1679 2691 1765 2729 fere
1779 2690 1921 2736 modo,
1937 2700 2020 2740 quo
2039 2688 2091 2726 de
2112 2686 2271 2725 denun-

1236 2756 1407 2796 tiatione
1439 2754 1635 2801 diximus,
1656 2751 1822 2791 citando
1851 2763 1996 2798 reum,
2029 2753 2068 2788 et
2098 2749 2271 2786 interro-

1239 2817 1376 2870 gando
1404 2815 1543 2863 illum,
1576 2815 1789 2865 praemissa
1818 2815 1864 2851 ut
1898 2811 2118 2850 minimum
2148 2805 2273 2846 semi·

1237 2879 1361 2931 plena
1399 2877 1659 2928 probatione,
1693 2879 1748 2931 et¹
1765 2874 1812 2913 in
1846 2874 2018 2924 reliquis
2052 2881 2186 2921 usque
2218 2866 2271 2907 ad

1238 2942 1501 2987 sententiam,
1520 2951 1610 2989 qua:
1630 2938 1672 2976 in
1711 2937 1789 2976 hoe
1816 2947 2013 2986 processu
2034 2933 2132 2972 ferri
2148 2930 2271 2970 debet

1240 3004 1339 3054 (per
1373 3013 1419 3042 se
1458 2999 1693 3055 loquendo)
1723 2997 1954 3039 secundum
1993 2994 2267 3046 integritatem

1239 3074 1391 3117 poenae.

1603 3174 1772 3217 CAPUT
1799 3173 1902 3214 XIII.

1280 3311 1367 3346 ΟΠΞ
1393 3309 1528 3341 FORMA
1544 3308 1684 3340 sumen
1702 3306 1745 3336 m
1770 3300 1987 3334 somnum
2011 3282 2234 3330 SERVETURJ'

1297 3433 1336 3472 4.
1365 3432 1521 3472 Forma
1555 3424 1886 3471 denuntiationis,
1917 3421 2051 3473 inquis
2071 3416 2196 3458 tionis
2233 3415 2271 3457 et

1244 3494 1510 3534 accusationis
1518 3492 1612 3543 juri
1633 3487 1827 3529 communi
1843 3483 2082 3537 praewripta
2104 3491 2199 3518 ram
2226 3477 2271 3517 in

1246 3555 1448 3597 societate
1464 3555 1586 3592 locum
1608 3549 1791 3588 habet.—
1806 3545 1877 3585 fiis
1891 3540 2119 3594 generatim
2137 3551 2161 3577 a
2179 3549 2269 3588 cap.

1246 3618 1295 3657 ss
1317 3617 1534 3669 hucusque
1565 3609 1791 3665 explicatis,
1809 3603 2034 3646 videndum
2060 3612 2116 3642 en
2130 3598 2270 3640 socie-
