2352 3880
177 0 311 27 ·.·‘,c⁹›:'*.
474 2 550 22 an·
630 19 631 22 ,
671 0 673 7 ’
751 6 753 11 ·
805 19 810 26 .
884 2 885 5 ’
928 0 949 7 ’·
1007 7 1013 25 ’,

163 32 248 78 :·-‚''⁴·
368 41 434 75 ⁴·st
467 51 475 55 ”
702 49 707 53 “
895 56 919 82 ρ

515 176 608 214 car.
627 176 672 214 n
690 166 877 214 sanem
891 175 1203 217 cumcuma»-
1222 176 1267 214 nu
1285 177 1435 215 0111111
1449 178 1629 216 sermo
1647 177 1816 215 rostris.

54 294 56 299 ,
94 275 101 290 ,
211 253 285 285 ene
297 239 520 284 subditum.
541 242 734 296 Idemque
751 245 830 285 erit
845 245 882 285 si
894 243 951 286 ob
975 243 1131 297 tangiti-

58 308 65 338 :-
90 302 248 354 '‘ntem,
263 307 307 344 et
323 304 571 356 peculiarem
598 305 736 346 irati-is
762 306 1054 356 conditionali,
1075 305 1132 346 si-

107 367 218 421 3¹³²*
238 365 490 417 perturbatio
508 366 718 413 timeatur,
747 367 871 407 etiam
898 369 987 408 sine
1015 366 1135 419 0111ῳο

108 427 351 479 Superioris,
374 427 471 478 quia
494 427 530 467 si
555 428 607 468 de
636 428 742 468 facto
770 428 1027 469 denuntiatio
1049 439 1135 468 non

105 486 499 540 ι811111111011111110,
531 492 572 530 et
601 489 785 540 alioquin
817 502 902 529 non
930 491 1135 542 judicatur

106 550 334 595 necessaria
352 550 403 589 ad
427 550 582 590 bonum
603 561 838 600 commune,
859 555 931 591 aut
945 552 1134 600 aliorum,

77 609 79 611 ’
107 611 204 663 quia
214 624 287 663 per
298 611 616 651 admonitionem
626 616 822 652 secretam
839 617 1026 665 speratur
1040 623 1137 665 pru·

103 672 251 712 ‘denter
270 673 474 712 sufficiens
491 673 738 722 emendatio,
763 686 848 713 non
878 675 1010 715 solum
1036 674 1136 713 otio-

106 745 213 780 sum,
234 733 303 772 sed
320 734 445 773 etiam
477 733 659 773 alienum
687 747 712 774 a
731 734 931 776 charitate
957 739 1061 777 esset
1075 739 1137 775 ta-

72 792 74 795 ’
102 793 188 835 'lem
208 793 559 835 denuntiationem
578 795 724 837 facere.

499 930 662 971 CAPUT
687 931 736 971 X.

156 1052 332 1087 SATISFIT
356 1053 646 1087 OBJEGTIONIBUS
680 1056 722 1087 ΙΝ
746 1053 887 1086 curm
918 1053 1083 1087 SEP'rmo

498 1118 730 1149 PROPOSITIS.

156 1232 198 1272 1.
224 1229 394 1279 Reyuloe
411 1228 534 1274 initio
557 1242 592 1272 o.
614 1232 638 1271 '¹1
655 1230 794 1273 anatoe
812 1235 1076 1282 eoeponuntur,
1095 1235 1135 1273 et

104 1294 437 1334 commendantur.
457 1314 510 1323 -
524 1291 584 1332 Ex
605 1292 682 1333 hac
699 1292 948 1333 resolutione
973 1305 1058 1334 non
1074 1297 1135 1335 est

106 1352 268 1395 difficile
296 1353 542 1404 respondere
559 1354 611 1394 ad
645 1351 894 1405 objectiones
924 1355 970 1395 in
998 1366 1087 1407 cap.
1106 1354 1132 1395 7

105 1415 242 1456 factas.
281 1415 384 1455 Nam
419 1415 638 1466 imprimis,
673 1416 719 1454 in
754 1416 897 1468 regula
924 1415 1134 1457 societatis

102 1476 276 1518 nihilest
292 1476 390 1516 huic
407 1474 603 1519 doctrinae
616 1478 989 1518 contrarium.Nam
1000 1478 1134 1529 prima

103 1538 247 1591 regula
260 1538 319 1577 ibi
339 1539 462 1578 citata
478 1538 806 1590 solumloquitur
824 1552 918 1578 cum
942 1540 1043 1591 ipsis
1065 1541 1133 1579 de-

103 1600 398 1652 linquentibus,
419 1612 501 1639 000
528 1612 622 1640 cum
643 1600 995 1648 denuntiantibus,
1024 1605 1067 1642 et
1081 1601 1133 1643 ab

102 1660 183 1703 illis
199 1662 332 1702 solum
350 1660 539 1712 exigitut
558 1664 730 1704 contenti
748 1664 844 1711 sint,
866 1667 909 1703 ct
932 1675 1005 1715 per
1022 1663 1132 1715 quod

103 1722 274 1765 verbum
295 1735 379 1763 non
395 1724 517 1763 datur
531 1723 622 1764 aliis
640 1722 824 1773 licentia,
858 1724 922 1764 vel
955 1724 1132 1764 faciendi

104 1783 356 1837 injurias,vel
364 1797 446 1824 non
454 1785 643 1825 servandi
661 1787 703 1825 in
714 1786 791 1826 hoc
801 1785 965 1837 negotio
976 1798 1058 1825 non
1069 1798 1131 1825 so-

103 1846 189 1888 lum
207 1847 590 1896 obligationem,sed
600 1847 724 1887 etiam
738 1848 1025 1898 perfectionem
1038 1847 1131 1888 cha-

103 1907 234 1949 ritatis
247 1907 345 1955 ;1100
357 1907 469 1947 enim
481 1919 557 1948 1100
565 1906 716 1947 rationi
727 1920 805 1948 000
822 1908 1012 1959 religioni
1033 1921 1130 1948 con-

102 1978 343 2012 sentaneum
362 1972 436 2011 est,
451 1973 497 2008 ut
508 1980 581 2019 per
596 1979 639 2009 se
658 1973 828 2008 constat.
843 1969 929 2008 Dno
947 1981 1046 2020 ergo
1070 1970 1133 2010 in-

101 2030 241 2082 telligo
256 2030 314 2069 ibi
330 2030 546 2082 postulari:
558 2040 690 2069 unum
702 2034 825 2079 est,ut
835 2030 1050 2081 religiosus
1063 2043 1133 2082 pa-

101 2091 250 2133 tienter
269 2097 310 2132 et
331 2091 420 2131 siue
451 2091 758 2143 perturbat-ione
793 2092 990 2132 sustineat
1015 2092 1132 2143 quid-

101 2153 201 2205 quid
219 2153 264 2194 in
292 2153 370 2191 hoc
402 2163 555 2204 genere
583 2163 679 2192 cum
704 2163 793 2205 ipso
823 2153 977 2193 factum
993 2154 1134 2204 fuerit,

102 2213 191 2254 sive
219 2214 459 2266 prudenter,
492 2213 583 2254 sive
610 2224 664 2254 ex
691 2213 822 2254 nimio
850 2215 936 2254 zelo
961 2227 1045 2254 1100
1072 2226 1133 2255 50-

101 2276 284 2317 cundum.
303 2275 516 2316 scientiam
532 2273 687 2316 factum
710 2275 789 2325 511;
806 2286 902 2316 0001
920 2275 1009 2315 11000
1029 2288 1134 2327 prac-

98 2330 260 2392 ¹paratio
291 2336 421 2377 animi
449 2336 575 2387 digna
614 2340 674 2377 est
709 2336 809 2376 viris
848 2337 1134 2388 profitentibus

101 2397 395 2452 perfectionem
415 2411 428 2446 ;
447 2409 581 2449 neque
607 2396 661 2437 ob
685 2408 780 2438 0001
799 2396 889 2438 01115
910 2399 1007 2438 licet
1023 2398 1133 2450 quod

102 2457 203 2501 alias
217 2471 302 2499 non
326 2459 480 2507 liceret,
498 2463 548 2499 ut
579 2464 726 2499 notum
744 2462 820 2499 est.
851 2455 1056 2507 Alterum,
1089 2464 1134 2500 ut

102 2519 224 2574 plane
243 2521 477 2571 intelligant
495 2524 536 2561 et
570 2520 827 2560 consentiant
848 2519 988 2572 lapsus
1021 2532 1129 2568 suos,

102 2583 367 2635 quantumvis
380 2593 524 2633 graves
540 2587 581 2622 et
597 2582 788 2630 occultos,
812 2581 1132 2621 manifestandos

102 2654 188 2687 esse
203 2643 400 2691 Praelatis,
417 2654 501 2682 non
512 2643 643 2682 solum
657 2647 824 2695 propter
834 2644 1129 2693 necessitatem,

104 2704 312 2748 sedetiam
333 2709 500 2757 propter
526 2704 724 2756 majorem
759 2705 1013 2757 spiritualem
1041 2717 1133 2757 pro—

102 2766 256 2808 fectum
275 2767 459 2818 ipsorum
475 2776 488 2816 ;
508 2776 622 2813 nam,
646 2766 741 2807 licet
767 2765 845 2806 hoc
874 2778 947 2818 per
984 2778 1026 2806 se
1062 2765 1131 2805 ho-

103 2838 208 2870 num
233 2829 286 2868 sit
310 2832 354 2868 et
380 2827 515 2875 liceat,
548 2828 728 2868 maxime
757 2826 802 2867 in
837 2831 946 2868 statu
981 2828 1132 2879 perfec-

104 2889 243 2939 tionis,
267 2893 407 2929 tamen
425 2889 523 2940 quia
560 2901 626 2929 res
640 2895 704 2930 est
719 2889 908 2937 difficilis,
929 2890 1131 2940 optimum

105 2955 167 2993 est
201 2954 250 2990 ut
281 2950 326 2990 in
345 2950 546 3002 principio
569 2950 756 2991 distincte
790 2957 1058 3003 proponatur,
1091 2956 1132 2992 et

105 3023 322 3055 consensus
360 3023 432 3064 per
458 3012 614 3064 proprii
635 3013 740 3064 juris
766 3013 888 3055 famae
908 3014 1132 3053 cessionem

106 3077 347 3130 postuletur,
366 3078 414 3114 nt
430 3075 555 3116 etiam
586 3075 683 3116 inde
707 3081 861 3116 constet
892 3088 977 3116 non
999 3077 1131 3116 solum

105 3137 185 3179 hoc
203 3139 323 3178 licere
343 3148 394 3176 ex
414 3136 505 3186 lege
536 3137 762 3185 charitatis,
798 3138 868 3178 sed
887 3138 1011 3177 etiam
1040 3138 1128 3177 ficri

106 3209 160 3240 ex
186 3198 330 3250 regula
362 3197 548 3247 ejusdem
583 3198 794 3238 charitatis
831 3199 1129 3251 perfectissime-e

62 3284 71 3292 ·
106 3261 336 3302 materiam.
351 3260 403 3298 Et
414 3259 492 3298 hoc
509 3259 744 3310 significant
753 3260 972 3306 verbalssa,
990 3261 1044 3301 ad
1052 3272 1132 3302 ma—

58 3321 68 3363 ’.
107 3323 232 3363 iorem
253 3322 297 3360 in
311 3320 461 3371 spiritu
490 3324 723 3374 profectum,
751 3326 828 3362 etc.
859 3321 1005 3362 [1111115
1022 3322 1132 3362 enim

107 3383 231 3424 tacite
261 3381 504 3433 supponitur
536 3381 648 3421 1111110
680 3382 806 3422 finem
844 3383 1024 3422 maxime
1049 3395 1133 3423 esse

109 3443 377 3497 spectandum
403 3442 449 3481 in
475 3442 554 3482 hac
575 3443 902 3491 denuntiatione,
924 3443 1035 3483 unde
1064 3443 1134 3484 illo

44 3533 48 3536 -
108 3500 324 3546 ldeficiente
340 3515 425 3543 non
441 3507 547 3543 esset
563 3503 617 3543 ad
634 3503 747 3543 illam
772 3504 1132 3556 progrediendum,

110 3564 197 3608 nisi
211 3566 317 3608 ratio
335 3565 434 3606 boni
448 3565 681 3606 communis
697 3565 814 3606 illam
827 3566 1018 3620 postulet,
1039 3578 1136 3620 quae

1184 253 1212 285 a
1227 243 1372 289 multis
1389 246 1580 288 omnim
1602 245 1848 299 appellatur,
1869 250 1919 287 ut
1932 258 2022 301 cap.
2035 246 2080 300 8,
2098 261 2219 296 num.

1186 306 1228 355 4,
1246 305 1347 346 dixi.
1365 306 1458 347 Alia
1470 317 1568 348 vero
1579 306 1737 359 regula,
1751 318 1846 361 qnae
1858 307 1911 350 ad
1926 309 2225 364 denuntiantes

1187 365 1380 418 loquitur,
1399 368 1531 407 solum
1549 369 1651 420 petit
1661 369 2002 420 praeparationem
2023 372 2154 413 animi
2166 374 2222 414 ad

1188 429 1506 470 manifestandos
1530 429 1634 469 alios
1653 431 1778 472 debito
1804 443 1892 472 oum
1916 444 2050 474 amon-o
2067 437 2104 475 ec
2118 436 2221 476 cka-

1188 489 1323 530 r-itate.
1344 491 1420 530 Per
1440 490 1551 541 quod
1569 491 1755 539 verbum,
1789 492 1893 533 sicut
1919 495 2102 546 exigitur
2133 506 2223 536 ma·-

1189 550 1396 590 nifestatio
1427 555 1700 592 consentanea
1735 553 1859 594 debito
1897 567 1984 596 cum
2019 568 2152 597 amore
2185 560 2223 599 d

1190 611 1404 658 charitate,
1420 611 1480 650 ita
1495 612 1726 652 excluditur
1758 614 1892 654 omnis
1925 616 2030 656 alius
2064 617 2223 658 inordi-

1190 677 1311 713 natus
1332 672 1515 722 affectus,
1542 685 1646 724 quo·
1663 675 1939 716 manifestatio
1959 677 2077 718 fieret
2112 679 2225 731 apud

1191 734 1467 785 Superiorem,
1488 738 1534 774 ut
1547 746 1584 774 0.
1605 735 1647 782 ’7,
1669 746 1788 775 num.
1804 738 1871 784 21,
1886 742 1948 776 est
1962 743 2221 780 annotatum.

1191 797 1307 837 Unde
1325 810 1419 837 cum
1432 798 1573 838 Romae
1595 797 1657 848 (ut
1676 797 1781 837 mihi
1793 801 1966 848 constat)
1984 800 2070 839 haec
2080 801 2224 852 regula

1191 871 1216 899 a
1243 859 1421 910 quodam
1453 860 1650 910 scriptore
1670 858 1716 899 in
1746 870 1820 898 sua
1850 860 2022 899 Summa
2053 872 2223 902 casuum

1192 922 1447 961 conscientiae
1491 921 1639 961 acriter
1685 921 2002 972 impugnaretur
2022 951 2034 968 ,
2069 922 2223 974 Grego-

1196 982 1276 1022 :ius
1289 983 1379 1022 XIII
1397 983 1585 1033 regulam
1617 982 1737 1034 petiit
1750 987 1793 1022 01
1814 982 1931 1033 legit,
1962 982 2226 1035 multumque

1194 1043 1305 1084 illam
1337 1043 1657 1094 commendavit,
1695 1046 1926 1096 praesertim
1959 1049 2128 1096 propter
2153 1045 2225 1086 illa

1192 1106 1330 1155 verba,
1350 1107 1476 1148 debito
1495 1117 1584 1147 cum
1611 1117 1744 1146 amore
1772 1108 1810 1148 et
1839 1106 2052 1155 enaritate,
2079 1107 2225 1158 jussit-

1221 1180 1268 1204 ’τ’-1.
1291 1172 1448 1220 partem
1466 1168 1581 1207 illam
1596 1167 1709 1207 illius
1723 1166 1822 1207 libri
1835 1168 2226 1220 expungitanquam

1195 1243 1278 1270 „ena
1295 1229 1415 1268 bonis
1431 1229 1720 1279 religiosorum
1748 1228 1932 1269 moribus
1957 1231 2222 1271 contrariam.

1239 1293 1279 1332 2.
1312 1290 1381 1332 Ad
1407 1290 1583 1342 primum
1602 1293 1883 1344 argumentum
1901 1290 1947 1331 in
1975 1303 2011 1332 0.
2043 1293 2084 1341 7,
2116 1304 2157 1333 n.
2183 1293 2222 1341 3,

1189 1352 1315 1406 quoad
1347 1353 1524 1402 priorem
1547 1350 1934 1405 repugnantiam—
1954 1349 2094 1399 Quoad
2108 1365 2226 1406 repu-

1188 1414 1400 1468 qnantiam
1410 1413 1745 1464 posteriorem.-
1766 1412 1827 1451 Ad
1845 1411 2023 1464 primam
2040 1425 2138 1464 ergo
2156 1414 2227 1453 oi:-

1186 1475 1409 1527 jectionem
1441 1474 1487 1515 in
1506 1486 1595 1526 cap.
1617 1474 1660 1524 7,
1679 1485 1732 1516 ex
1754 1477 1873 1514 textu
1894 1474 2122 1525 Evangelii,
2138 1474 2223 1526 Jam

1187 1547 1428 1589 responsum
1443 1539 1507 1575 est
1523 1536 1583 1575 ihi
1603 1546 1689 1576 non
1707 1536 1911 1575 contineri
1927 1536 2053 1575 aliam
2087 1535 2221 1586 legem

1187 1598 1264 1639 nisi
1277 1598 1501 1644 charitatis,
1522 1597 1625 1637 etin
1643 1601 1807 1636 tantum
1825 1608 1876 1637 ea
1894 1597 2037 1636 omnia
2058 1608 2225 1637 servan—-

1188 1659 1239 1700 da
1251 1671 1350 1707 esse,
1370 1659 1416 1698 in
1434 1662 1636 1710 quantum
1648 1658 1827 1698 charitas
1838 1658 2031 1710 postulat,
2048 1662 2089 1698 et
2108 1658 2168 1698 ita
2180 1660 2220 1697 111

1188 1721 1387 1761 Societate
1416 1720 1615 1761 servanda
1633 1730 1719 1760 esse
1740 1719 1987 1759 conceditur.
2012 1719 2225 1759 Verumta-

1189 1793 1282 1823 men
1293 1783 1381 1834 ipsa
1391 1782 1566 1821 charitas
1581 1782 1661 1832 maj
1668 1781 1748 1821 oris
1761 1781 1875 1830 boni,
1886 1780 1995 1833 quod
2005 1781 2148 1831 regula
2162 1782 2200 1819 ix:
2209 1804 2222 1809 -

1186 1844 1331 1890 tendit,
1354 1844 1473 1884 docet
1489 1843 1721 1883 habendam
1749 1853 1836 1882 esse
1849 1842 2053 1882 rationem
2074 1842 2224 1884 fratris,

1186 1918 1268 1946 non
1280 1906 1410 1944 solum
1422 1904 1556 1956 quoad
1566 1903 1868 1943 emendandum
1883 1904 2039 1952 11001011
2050 1908 2204 1950 101051,
2218 1906 2224 1940 3.

1188 1967 1311 2007 etiam
1325 1967 1459 2017 quoad
1486 1965 1717 2004 cavendum
1733 1964 1923 2003 futui-nni
1941 1965 2118 2015 perferto
2141 1977 2203 2002 01»χ
2220 1989 2225 1991 -

1190 2027 1300 2068 doec
1327 2028 1461 2078 magis
1478 2038 1635 2073 securo,
1653 2037 1730 2065 nec
1761 2026 1895 2064 solum
1926 2026 2224 2065 consulendum

1189 2099 1272 2131 esse
1283 2101 1332 2129 00
1347 2088 1530 2140 perfecto
1540 2087 1662 2127 modo
1669 2087 1788 2127 fratri
1801 2086 2000 2138 peccanti,
2013 2087 2084 2126 sed
2098 2089 2222 2126 etiam

1189 2149 1295 2198 aliis,
1315 2149 1466 2201 quibus
1501 2152 1636 2200 potest
1665 2159 1839 2196 nocere,
1857 2150 1900 2187 et
1929 2146 2061 2186 multo
2091 2148 2223 2198 magis

1182 2209 1293 2248 bono
1308 2208 1539 2247 communi.
1572 2207 1727 2246 Deinde
1748 2207 1839 2246 dico
1866 2218 1959 2245 cum
1981 2208 2027 2246 D.
2051 2207 2226 2257 Thema,

1189 2270 1285 2310 dict.
1311 2270 1521 2319 Quodlib.,
1545 2282 1596 2309 ex
1613 2270 1656 2308 vi
1673 2270 1896 2309 verborum
1927 2269 2078 2308 Christi
2095 2282 2226 2309 secre-

1183 2335 1270 2370 tam
1290 2332 1565 2370 monitionem
1584 2331 1800 2382 postulari,
1832 2334 2056 2382 antequam
2084 2343 2226 2382 peeca-

1183 2396 1272 2432 tum
1292 2393 1451 2432 dicatur
1465 2393 1672 2441 Ecclesiae,
1686 2393 1728 2431 id
1743 2397 1818 2440 est,
1829 2392 2004 2431 Praelato
2020 2395 2066 2431 ut
2080 2393 2224 2443 judici,

1185 2454 1256 2506 qui
1287 2455 1646 2494 excommunicare
1678 2455 1808 2506 possit
1844 2458 2146 2503 contumacem,
2187 2457 2228 2493 et

1184 2521 1484 2568 consequenter
1521 2529 1571 2556 ex
1609 2516 1747 2555 verbis
1785 2515 1938 2555 Christi
1974 2516 2114 2567 colligi
2143 2528 2228 2555 non

1183 2592 1317 2631 posse,
1342 2583 1437 2619 ante
1457 2579 1817 2619 denuntiationem
1837 2591 1929 2629 qun:
1948 2579 1995 2617 fit
2014 2578 2229 2630 Superiori

1182 2646 1229 2680 ut
1246 2642 1368 2693 patri,
1393 2654 1479 2681 esse
1498 2641 1775 2681 necessariam
1802 2644 2002 2680 secretam
2033 2640 2228 2679 monitio-

1183 2716 1280 2743 nem
1296 2718 1306 2752 ;
1339 2716 1437 2754 ergo
1456 2703 1501 2742 in
1521 2704 1658 2754 rigore
1674 2703 1802 2742 verba
1823 2703 1975 2741 Christi
1992 2714 2142 2753 parum
2160 2714 2229 2741 ur-

1185 2770 1296 2817 gent.
1328 2765 1446 2806 Unde
1466 2765 1518 2804 ad
1543 2765 1657 2804 aliud
1685 2764 1924 2804 membrum
1943 2767 2157 2815 sumptum
2177 2776 2227 2803 ex

1184 2827 1266 2866 fine
1286 2827 1409 2878 hujus
1428 2826 1636 2878 praecepti,
1672 2827 1746 2878 qui
1765 2830 1825 2866 est
1851 2826 2024 2864 fratrem
2055 2825 2223 2875 lucrari,

1184 2901 1234 2928 ex
1251 2889 1369 2927 dictis
1388 2888 1513 2927 etiam
1531 2890 1645 2939 patet
1662 2887 1875 2938 responsio
1892 2901 1902 2936 3
1925 2898 2024 2926 nam
2045 2886 2079 2925 si
2098 2886 2141 2925 id
2159 2886 2224 2925 in-

1182 2954 1459 3002 terpretemur
1490 2950 1540 2988 de
1571 2949 1887 2989 denuntiatione
1920 2947 2122 3000 judiciali,
2153 2947 2223 2986 illa

1186 3010 1350 3064 proprie
1369 3022 1455 3048 non
1469 3009 1686 3049 ordinatur
1700 3009 1780 3048 nisi
1793 3009 1846 3048 ad
1865 3009 2145 3060 praeteritum3
2169 3006 2224 3045 sie

1187 3085 1282 3111 vero
1303 3084 1388 3110 non
1404 3076 1515 3111 recte
1534 3066 1888 3111 accommodatur
1907 3070 2097 3121 objectio,
2127 3067 2223 3118 quia

1184 3147 1270 3173 non
1289 3134 1452 3185 agimus
1470 3133 1521 3173 de
1539 3134 1615 3172 tali
1627 3133 1963 3179 denuntiatione3
1985 3130 2019 3168 si
2037 3141 2135 3168 vero
2155 3141 2223 3180 ge·

1185 3196 1367 3236 neralius
1393 3196 1616 3248 loquamur
1635 3195 1685 3235 de
1706 3193 1963 3245 correptione
1983 3201 2109 3242 quam
2127 3201 2222 3241 pos-

1185 3259 1292 3298 tulat
1311 3259 1503 3307 charitas,
1523 3258 1580 3298 sic
1610 3270 1696 3297 non
1728 3256 1942 3295 ordinatur
1975 3256 2139 3291 tantum
2170 3249 2223 3290 ad

1188 3319 1498 3360 emendandum
1526 3318 1802 3371 praeteritum,
1824 3314 1895 3354 sed
1914 3314 2039 3353 etiam
2075 3311 2126 3350 ad
2155 3322 2220 3350 ca·

1186 3382 1368 3422 vendum
1385 3381 1590 3430 futurum,
1612 3383 1653 3418 et
1671 3378 1723 3417 ad
1741 3377 1843 3416 alios
1861 3375 1967 3415 fines
1991 3373 2091 3413 boni
2107 3383 2219 3410 oom-

1185 3444 1339 3493 munis,
1358 3447 1527 3495 propter
1542 3453 1644 3493 quos
1657 3439 1822 3491 expedit
1835 3450 1942 3490 saepe
1958 3440 2005 3475 ut
2024 3433 2222 3474 Praelatus

1187 3506 1340 3546 habeat
1355 3504 1547 3545 notitiam
1559 3502 1656 3542 facti
1669 3499 1890 3548 commissi,
1908 3496 2069 3537 etiamsi
2080 3507 2221 3535 emen-

1188 3567 1334 3608 datum
1365 3567 1431 3617 sit,
1465 3569 1507 3606 et
1533 3563 1586 3604 ad
1613 3562 1701 3602 haec
1729 3560 1870 3601 omnia
1899 3557 2064 3599 extendi
2086 3559 2220 3609 potest
