2352 3880
431 190 522 226 mr.
544 191 586 228 x.
609 191 664 227 110
683 191 794 228 voro
813 185 1116 230 muiresr‘mm
1137 165 1391 231 militinam
1410 196 1596 240 Auem
1615 196 1922 234 mammas.

92 244 273 314 'facitote
307 257 575 312 probabiliter
609 260 792 300 timetur.
834 261 1020 302 Dubitari
1049 271 1151 312 ergo

108 318 258 377 fpotest
274 321 327 362 de
349 333 432 372 qua
450 323 625 363 istarum
644 323 1012 364 denunciationum
1029 323 1152 363 intel-

121 383 333 436 ligendum
353 384 406 423 sit
430 384 509 424 hoc
526 388 684 434 votum,
709 398 808 425 110111
829 387 968 437 ipsum
989 385 1152 426 indiffe-

92 442 260 500 Jrenter
290 444 368 492 fit;
403 450 447 487 et
478 451 621 486 tamen
652 447 707 487 ad
741 448 1029 487 executionem
1060 447 1151 499 ejus

118 508 294 551 multum
307 507 448 556 refert,
466 521 519 548 an
537 520 622 548 uno
637 508 704 548 vel
720 508 800 548 alio
817 509 942 549 modo
959 508 1148 549 facienda

115 559 172 611 'sit
189 570 468 610 denunciatio.
498 571 599 618 Quia
621 571 654 610 si
673 575 816 611 votum
840 573 975 612 solum
995 573 1149 624 obligat

115 632 170 674 ad
186 632 550 672 denunciationem
570 636 806 684 paternam,
836 646 921 673 non
939 634 1148 674 tenebitur

114 694 206 748 quis
220 694 472 744 judicialiter
489 695 760 742 denunciare,
784 699 826 735 et
843 700 1148 748 consequenter

68 784 70 787 ψ
116 768 196 796 11011
215 755 364 806 poterit
379 756 575 795 Praelatus
589 757 804 796 Societatis
821 757 875 796 ad
889 758 1147 809 punitionem

114 817 247 858 delicti
268 818 493 868 procedere
508 848 518 865 ,
543 820 662 870 cujus
683 820 923 870 oppositum
943 820 1146 860 Constitu-

112 879 167 919 tio
193 879 401 931 supponit,
430 892 600 931 poenam
628 882 898 921 inhabilitatis
926 882 1145 933 imponens

109 946 279 994 propter
305 942 383 981 hoc
411 941 621 991 delictum,
653 957 729 983 nec
759 945 848 983 sine
877 957 1017 992 causa,
1049 944 1146 996 quia

109 1003 212 1043 alias
239 1015 323 1043 non
352 1009 462 1044 esset
486 1005 589 1044 illud
610 1005 821 1045 sufficiens
840 1005 1071 1046 remedium
1091 1006 1146 1046 ad

109 1065 389 1105 cohibendum
420 1066 500 1106 hoc
532 1066 742 1107 delictum.
781 1067 883 1106 Item
911 1067 1008 1117 quia
1039 1067 1143 1106 alias

109 1127 338 1166 servandus
368 1133 477 1167 esset
507 1128 551 1166 in
583 1128 661 1167 hac
691 1128 1010 1166 denunciatione
1039 1128 1140 1167 ordo

109 1190 372 1229 correctionis
396 1189 610 1237 fraternae,
639 1191 681 1228 et
709 1189 1001 1229 admonendus
1032 1194 1142 1230 esset

107 1251 221 1303 prius
247 1250 506 1302 delinquens,
536 1250 572 1290 si
606 1255 716 1291 esset
746 1263 841 1302 spes
869 1251 1138 1301 emendandi,

106 1312 171 1351 vel
190 1312 222 1350 si
244 1318 354 1352 esset
374 1312 618 1351 emendatus
634 1342 643 1359 ‚
675 1325 759 1352 non
784 1317 892 1352 esset
918 1312 1109 1353 facienda
1126 1329 1138 1362 ;

106 1384 198 1424 quae
219 1375 358 1413 omnia
376 1373 567 1413 videntur
586 1386 675 1413 esse
701 1379 845 1414 contra
873 1374 1001 1414 finem
1021 1379 1061 1414 et
1080 1375 1141 1414 in-

105 1436 330 1475 tentionem
359 1436 485 1487 hujus
504 1436 604 1484 voti,
631 1447 724 1487 quae
744 1436 820 1476 fuit
844 1437 1053 1476 efficacius
1075 1449 1142 1477 re-

103 1497 289 1536 medium
322 1497 537 1546 adhibere,
566 1501 611 1536 ut
641 1509 767 1537 nemo
795 1498 970 1538 auderet
993 1498 1141 1537 vitium

103 1559 238 1598 hocin
259 1559 461 1598 Societate
482 1558 761 1598 introducere.
782 1559 900 1607 Quod
921 1560 953 1599 si
972 1565 1145 1611 propter

103 1621 194 1660 haec
207 1620 408 1668 dicamus,
420 1624 561 1658 votum
574 1620 652 1659 hoc
665 1620 840 1671 intelligi
852 1620 1145 1672 de{denuncia-

104 1683 217 1722 tione
235 1682 436 1733 judiciali,
458 1682 648 1731 sequitur
666 1682 876 1721 neminem
896 1683 1030 1734 obliga
1044 1684 1071 1722 ri
1092 1683 1146 1723 ad

105 1743 394 1795 exequendum
414 1744 492 1782 hoc
509 1747 676 1787 votum,
705 1744 784 1782 nisi
806 1744 975 1794 quando
997 1756 1038 1795 p(
1053 1749 1143 1784 tue-

101 1806 156 1845 rit
183 1805 360 1856 probare
382 1804 593 1851 delictum,
625 1805 722 1855 quia
749 1805 955 1853 judicialis
980 1806 1042 1845 dei
1058 1820 1143 1846 11111-

103 1865 226 1905 ciatio
243 1877 326 1904 non
346 1869 482 1916 potest
504 1866 611 1904 licite
633 1865 752 1906 aliter
771 1866 884 1913 fieri,
912 1879 1011 1905 nam
1028 1878 1042 1907 ε
1059 1873 1142 1907 33οῐ

101 1925 173 1966 fini
190 1927 575 1978 improportionata,
593 1931 633 1966 et
648 1939 722 1978 per
740 1927 852 1968 illam
867 1928 1039 1967 infamat
1056 1933 1142 1969 etur

103 1988 314 2041 proximus
333 1988 423 2027 sine
442 1989 578 2028 fructu
596 2017 608 2036 ‚
641 1993 683 2028 et
705 1988 876 2028 daretur
896 1991 1038 2028 occasi«
1056 2006 1061 2027 1
1083 1990 1143 2030 fa-

103 2049 238 2089 ciendi
265 2050 420 2089 similes
448 2049 622 2101 injurias
643 2051 847 2101 proximo.
873 2051 979 2090 Illud
999 2055 1142 2091 altem

103 2123 365 2162 consequens
391 2110 556 2150 videtur
581 2111 707 2151 etiam
734 2111 909 2151 nimium
940 2122 1140 2156 enecare

100 2170 184 2227 svin}
205 2174 328 2224 hujus
349 2173 457 2219 voti,
487 2178 530 2212 et
550 2172 778 2213 efficaciam
802 2173 929 2224 hujus
948 2175 1139 2214 remedii.

100 2228 246 2287 [Posset
271 2233 382 2274 enim
406 2235 486 2275 1100
513 2234 714 2275 delictum
739 2245 908 2287 serpere
937 2235 980 2273 in
1004 2236 1141 2276 Socie-

102 2292 202 2343 tate‚
230 2300 271 2336 et
289 2296 463 2335 multum
491 2296 549 2336 illi
569 2307 736 2343 nocere,
764 2296 1011 2348 priusquam
1031 2301 1143 2337 esset

102 2357 316 2412 probabile
335 2358 377 2397 in
394 2357 565 2408 judicio.

156 2423 197 2460 9.
227 2420 419 2460 Auctoris
439 2419 826 2469 motuum-Quid
843 2420 898 2462 ad
914 2421 1143 2471 difficulta-

106 2486 163 2523 tes
180 2483 224 2520 in
241 2494 350 2521 num.
374 2482 626 2531 praecedenti.
642 2505 695 2511 —
713 2483 775 2522 Ad
796 2483 902 2522 hanc
923 2484 1142 2524 dubitatio-

105 2555 203 2583 nem
222 2542 404 2582 breviter
422 2543 644 2583 dicendum
662 2548 745 2591 est,
779 2545 994 2584 materiam
1017 2546 1142 2596 hujus

101 2606 189 2674 ¹voti
216 2605 388 2655 praecise
410 2609 452 2643 et
475 2605 691 2645 indefinite
720 2616 814 2645 esse
838 2606 1142 2657 accipiendam,

105 2670 228 2719 prout
247 2666 373 2704 verba
390 2671 554 2714 sonant,
572 2666 624 2706 de
641 2667 973 2707 manifestatione
993 2668 1146 2708 facien-

106 2729 161 2768 da
178 2726 413 2777 Praeposito,
436 2739 485 2767 eo
502 2728 627 2768 modo
650 2741 734 2780 quo
753 2729 863 2768 licite
887 2729 977 2768 fieri
999 2734 1143 2781 potue-

107 2790 173 2830 rit.
210 2791 314 2830 Cum
341 2790 453 2828 enim
481 2795 623 2830 votum
655 2790 889 2830 indistincte
924 2791 996 2831 fiat
1015 2822 1024 2839 ,
1058 2804 1144 2831 non

108 2862 330 2903 possumus
347 2863 423 2890 nos
442 2852 543 2890 illud
557 2853 734 2892 limitare
752 2853 854 2891 citra
870 2852 912 2891 id
931 2853 1044 2903 quod
1059 2865 1145 2891 ma-

109 2913 214 2952 teria
230 2912 314 2952 voti
337 2913 560 2952 intrinsece
581 2915 791 2965 postulat;
819 2914 900 2953 hoc
919 2918 1059 2953 autem
1079 2926 1146 2953 so·

109 2972 196 3013 lum
216 2978 293 3022 est,
311 2978 357 3013 ut
377 2975 481 3014 actio
506 2975 678 3015 honeste
699 2981 741 3014 et
759 2976 912 3014 utiliter
928 2976 1014 3014 fiat.
1037 2975 1144 3022 Quo-

112 3034 222 3074 circa
238 3063 250 3082 ,
273 3035 440 3086 quando
463 3037 779 3076 circumstantiae
806 3049 890 3075 11011
905 3037 1078 3087 juvant,
1100 3040 1147 3076 ut

112 3096 374 3135 denunciatio
386 3095 594 3147 judicialis
614 3097 704 3137 fieri
724 3097 867 3148 possit,
885 3102 1058 3148 paterna
1075 3110 1147 3137 au-

111 3159 199 3195 tem
219 3168 292 3195 seu
308 3156 505 3207 fraterna,
536 3163 607 3198 aut
626 3170 892 3210 quocumque
912 3159 993 3197 alio
1012 3159 1147 3198 nomi-

114 3229 168 3256 ne
194 3221 363 3256 vocetur
382 3217 533 3259 delatio
562 3221 642 3259 alia
661 3221 716 3260 ad
741 3220 1007 3271 Superiorem
1035 3232 1148 3260 com-

113 3277 239 3318 mode
258 3282 299 3317 et
312 3278 466 3318 utiliter
478 3279 571 3320 fieri
590 3283 734 3333 possit,
760 3282 830 3321 illa
847 3282 924 3321 erit
940 3281 1147 3322 sufficiens

115 3338 291 3378 materia
307 3338 433 3390 hujus
448 3340 547 3390 voti,
565 3342 662 3392 quia
678 3355 753 3394 per
767 3344 879 3382 illam
896 3343 996 3381 satis
1013 3343 1150 3395 exple-

116 3403 200 3446 tur,
229 3399 328 3449 quia
349 3400 486 3439 solum
509 3413 583 3440 seu
605 3402 839 3443 indistincte
859 3403 1062 3455 promissa
1088 3408 1151 3445 est

82 3495 92 3506 Ἴ,
116 3460 394 3500 manifestatio
410 3461 643 3513 Superiori;
662 3464 774 3503 unde
799 3477 884 3503 11011
901 3468 963 3504 est
978 3464 1150 3504 dubium

25 3526 28 3527 ’
89 3521 221 3579 qum
238 3523 293 3561 ad
308 3523 422 3562 illam
440 3524 676 3564 faciendam
691 3529 792 3564 tunc
810 3526 964 3577 obliget
982 3525 1061 3566 hoc
1078 3539 1151 3566 vo-

100 3576 224 3623 ffllm.
252 3582 295 3623 Si
312 3588 451 3623 autem
463 3585 672 3635 judicialis
690 3586 953 3626 denunciatio
972 3598 1152 3627 commo-

2159 196 2240 241 9⁰1

1205 259 1258 300 de
1277 260 1371 302 fieri
1387 264 1543 316 possit,
1569 265 1696 305 etiam
1714 265 1865 317 poterit
1884 263 1975 305 fieri
1993 263 2120 313 licite,
2143 277 2242 306 con-

1205 326 1371 375 statque
1398 325 1673 365 sufficientem
1702 338 1795 366 0330
1817 326 1872 366 ad
1897 327 1976 367 hoc
2000 331 2143 366 votum
2171 340 2243 368 ex-

1203 384 1416 434 plendum.
1437 386 1633 426 Existimo
1652 392 1793 428 autem
1813 389 2053 429 immediate
2072 395 2157 430 11011
2176 403 2243 431 ca·

1204 444 1304 484 dere
1331 446 1409 484 sub
1433 446 1731 498 obligationem
1751 451 1856 502 ejus,
1885 452 1983 502 quia
1999 452 2093 504 plus
2110 452 2242 492 invol-

1202 506 1260 544 vit
1279 517 1406 557 quam
1427 509 1679 558 promissum
1699 512 1764 550 sit.
1801 511 1975 563 Semper
1998 525 2099 566 ergo
2125 514 2239 554 satis-

1202 564 1275 605 fiet
1292 571 1388 606 voto
1407 568 1503 607 111110
1520 598 1530 616 ,
1564 569 1806 621 simpliciter
1830 573 2136 614 manifestando
2151 587 2239 616 rem

1202 628 1426 679 Superiori,
1449 630 1520 681 qui
1535 630 1740 681 judicabit
1761 643 1814 670 an
1832 632 1983 673 debeat
1999 636 2167 686 procedi
2187 635 2240 677 ad

1201 689 1570 731 denunciationem
1593 691 1851 742 judicialem,
1878 696 2115 747 poteritque
2141 698 2240 738 obli-

1201 763 1300 803 gare
1334 752 1560 801 subditum,
1591 757 1638 793 ut
1666 754 1778 792 illam
1811 753 1950 801 faciat,
1981 757 2015 794 si
2045 759 2240 808 expedire

1201 814 1424 861 censuerit,
1445 815 1479 853 si
1499 827 1584 854 non
1604 815 1646 853 in
1662 815 1813 854 virtute
1831 815 1957 866 huJus
1973 817 2069 865 voti,
2094 819 2240 859 saltem

1199 874 1243 913 in
1265 875 1412 915 virtute
1433 876 1693 924 obedientiae,
1721 877 1835 928 quod
1853 878 1952 916 satis
1974 883 2050 917 est.
2082 879 2141 918 Ad
2165 881 2239 919 dif-

1199 935 1404 975 ficultates
1420 942 1561 977 autem
1581 939 1735 990 positas
1752 939 2008 991 respondere
2026 952 2138 979 nunc
2158 953 2239 980 non

1201 1000 1263 1037 est
1277 1010 1464 1047 11000330,
1484 1001 1580 1050 quia
1598 1006 1788 1040 neutram
1805 1006 1968 1052 partem
1985 1002 2240 1042 admittimus

1198 1064 1400 1111 tanquam
1419 1061 1588 1101 definite
1606 1063 1888 1102 necessariam
1905 1093 1918 1112 ,
1949 1064 1992 1102 in
2012 1076 2095 1115 quo
2113 1076 2240 1104 sensu

1195 1122 1275 1162 illae
1296 1124 1542 1175 procedunt,
1559 1129 1600 1164 et
1618 1125 1714 1165 ideo
1731 1139 1815 1165 non
1835 1131 2067 1177 sequuntur
2083 1127 2240 1166 incom-

1196 1185 1336 1234 moda,
1358 1197 1450 1236 quae
1470 1186 1525 1225 ibi
1550 1187 1795 1226 inferuntur.
1815 1187 1920 1234 Quid
1941 1193 2082 1228 autem
2102 1189 2239 1228 dicen·

1196 1246 1296 1286 dum
1315 1247 1366 1286 sit
1386 1247 1438 1286 de
1464 1249 1674 1288 nonnullis
1701 1249 1865 1288 casibus
1886 1251 1958 1301 qui
1984 1251 2039 1289 ibi
2059 1255 2239 1303 tangun-

1194 1311 1263 1347 tur
1272 1338 1287 1358 ,
1315 1308 1358 1347 in
1392 1311 1582 1360 sequenti
1611 1313 1765 1362 puncto
1802 1311 2068 1363 attingemus.
2240 1309 2242 1312 ’

1223 1406 1386 1454 Quando
1414 1410 1452 1448 ct
1474 1408 1616 1460 quibus
1639 1410 1962 1451 circumstantiis
1980 1409 2052 1450 Ῑιοσ
2076 1414 2210 1453 votum

1638 1471 1796 1524 obliqet.

1255 1553 1320 1592 10.
1345 1551 1649 1600 Qaoestz'uncula
1673 1555 1831 1606 prima,
1862 1568 1951 1597 cum
1981 1569 2060 1609 qua
2090 1557 2238 1597 notitia

1200 1613 1332 1654 delicti
1351 1615 1494 1665 obliqet
1504 1617 1573 1656 hoc
1590 1618 1918 1657 votum—Circa
1940 1619 2238 1670 obligationem

1199 1687 1300 1727 ergo
1321 1676 1446 1727 hujus
1470 1677 1568 1724 voti,
1594 1678 1692 1729 quia
1724 1679 1966 1719 affirmativa
1999 1685 2075 1727 est,
2111 1681 2237 1732 expli-

1197 1749 1292 1776 care
1316 1742 1478 1788 oportet
1495 1740 1679 1790 quando,
1703 1745 1743 1780 et
1763 1754 1860 1781 cum
1887 1743 2038 1793 quibus
2062 1744 2238 1782 circum-

1199 1799 1358 1838 stantiis
1376 1799 1551 1851 obliget3
1577 1805 1638 1840 est
1656 1802 1767 1840 enim
1788 1802 1876 1842 haec
1895 1804 2092 1855 obligatio
2117 1803 2238 1855 quasi

1197 1862 1391 1911 praecepti
1413 1861 1661 1910 affirmativi,
1684 1864 1803 1914 cujus
1826 1869 1976 1903 natura
1997 1870 2059 1904 est
2081 1870 2124 1904 ut
2151 1877 2237 1904 non

1195 1920 1352 1972 obliget
1375 1934 1449 1972 pro
1469 1934 1648 1972 semper,
1675 1925 1749 1962 sed
1768 1930 1955 1975 tempore
1983 1931 2235 1977 opportuno,

1195 1985 1238 2020 et
1258 1993 1352 2020 cum
1367 1983 1516 2021 debitis
1538 1984 1872 2024 circumstantiis.
1891 1987 2026 2026 Primo
2047 2000 2146 2039 ergo
2165 1989 2238 2027 du-

1194 2043 1316 2082 bitari
1348 2048 1505 2094 potest,
1535 2056 1627 2095 quae
1654 2051 1694 2084 et
1721 2052 1879 2097 quanta
1908 2049 2053 2088 notitia
2084 2050 2135 2088 de
2164 2050 2238 2089 de-

1194 2105 1291 2144 licto
1321 2105 1493 2144 alterius
1523 2107 1759 2157 requiratur
1783 2109 1823 2146 in
1856 2109 2036 2148 habente
2063 2110 2144 2149 1100
2167 2123 2236 2150 vo-

1196 2171 1302 2214 tum,
1323 2172 1368 2205 ut
1390 2167 1596 2218 obligetur
1612 2168 1664 2207 ad
1678 2169 2029 2209 manifestandum
2047 2171 2147 2210 illud
2163 2172 2236 2211 Su-

1195 2229 1363 2279 periori.
1388 2229 1559 2268 Videtur
1569 2230 1681 2268 0111111
1693 2231 1883 2281 quaelibet
1895 2232 2122 2283 probabills
2140 2246 2237 2273 con-

1191 2293 1368 2344 J‘eetura,
1401 2293 1465 2330 vel
1494 2294 1672 2344 suspicio
1710 2295 1915 2343 sufficere,
1939 2296 2086 2334 saltem
2120 2301 2165 2336 ut
2192 2297 2238 2336 in

1194 2353 1346 2394 eodem
1372 2354 1519 2404 gradu,
1554 2359 1596 2393 et
1626 2356 1715 2394 sine
1735 2357 1882 2407 majori
1913 2359 2237 2409 exaggeratione

1195 2415 1407 2466 aperiatur
1437 2416 1661 2466 Superiori.
1697 2417 1800 2464 Quia
1829 2418 1922 2456 talis
1956 2420 2235 2459 manifestatio

1196 2482 1297 2516 tunc
1318 2477 1443 2515 etiam
1476 2482 1537 2516 est
1564 2483 1845 2519 consentanea
1877 2479 1950 2518 fini
1980 2481 2105 2531 hujus
2133 2482 2233 2528 voti,

1198 2550 1295 2578 nam
1316 2543 1452 2589 potest
1483 2552 1574 2579 esse
1606 2541 1718 2579 utilis
1738 2541 1791 2580 ad
1814 2542 2125 2592 impediendum
2148 2556 2238 2582 ma-

1194 2602 1263 2649 Jus
1275 2599 1445 2645 malum,
1466 2600 1529 2639 vel
1547 2601 1773 2639 tollendam
1791 2603 2086 2653 suspicionem,
2101 2605 2238 2642 3111111-

1196 2661 1439 2700 damentum
1465 2673 1549 2699 non
1569 2661 1774 2702 habuerit.
1798 2663 1971 2702 Videtur
1991 2665 2114 2704 etiam
2138 2677 2239 2704 con-

1199 2727 1400 2762 sentanea
1426 2723 1563 2761 verbis
1592 2723 1928 2771 Constitutionis;
1960 2739 2057 2765 nam
2091 2727 2135 2765 in
2165 2727 2239 2766 de-

1198 2785 1308 2825 cima
1327 2788 1460 2836 parte,
1477 2784 1554 2837 §6,
1574 2785 1740 2834 dicitur,
1757 2798 1853 2838 quos
1866 2788 2238 2838 animadverterint,

1198 2847 1314 2899 quod
1333 2847 1506 2886 verbum
1537 2849 1776 2898 generalem
1798 2849 2142 2900 significationem
2166 2852 2240 2890 ha-

1200 2908 1285 2955 bet,
1305 2908 1651 2958 complectentem
1666 2921 1833 2959 omnem
1851 2910 1968 2949 illum
1988 2912 2160 2950 modum
2174 2925 2240 2951 co-

1203 2970 1448 3022 gnitionum.
1478 2971 1596 3010 Unde
1624 2971 1667 3010 in
1691 2976 1836 3011 octava
1857 2979 1987 3023 parte,
2023 2985 2057 3012 c.
2081 2975 2121 3021 6,
2148 2974 2170 3025 ξ
2197 2977 2237 3021 2,

1201 3033 1245 3071 in
1261 3032 1459 3072 declarat.
1482 3033 1532 3081 A,
1566 3034 1634 3073 hic
1661 3046 1782 3073 casus
1814 3035 2081 3087 distinguitur
2100 3036 2241 3085 quoad

1201 3093 1373 3133 modum
1393 3095 1637 3145 punitionis,
1661 3096 1830 3145 quando
1859 3096 1911 3136 de
1931 3097 1999 3135 illo
2021 3097 2117 3134 satis
2141 3108 2239 3136 con-

1201 3157 1374 3204 stat,vel
1394 3157 1527 3196 solum
1548 3162 1611 3197 est
1624 3159 1802 3210 suspicio
1819 3159 2047 3210 probabilis
2068 3163 2238 3197 autnon

1202 3218 1302 3257 satis
1318 3219 1506 3269 probata.
1526 3219 1643 3259 Unde
1662 3220 1826 3259 videtur
1836 3220 2017 3271 supponi
2043 3220 2089 3258 in
2109 3219 2240 3258 omni-

1202 3278 1282 3318 bus
1298 3279 1362 3318 his
1381 3280 1547 3318 casibus
1569 3292 1660 3320 esse
1682 3281 2050 3320 manifestandum.

1259 3344 1325 3383 11.
1356 3342 1591 3383 Resolvitur
1611 3343 1786 3395 obliqarc
1817 3344 1945 3384 solam
1976 3354 2063 3383 cum
2093 3342 2240 3383 notitia

1204 3405 1453 3446 corta—In
1487 3405 1566 3443 hoc
1586 3404 1729 3452 dubio,
1766 3405 1930 3443 tractari
1960 3406 2109 3453 potest,
2138 3403 2239 3453 quid

1204 3467 1256 3506 sit
1273 3466 1316 3504 in
1334 3465 1602 3516 obligatione,
1615 3466 1681 3504 vel
1700 3466 1799 3515 quid
1811 3465 1934 3503 liceat
1945 3467 2015 3501 aut
2030 3464 2235 3515 expediat.

1205 3527 1351 3573 Quoad
1371 3527 1567 3578 priorem,
1596 3526 1785 3565 existimo
1805 3528 1946 3562 votum
1966 3524 2043 3563 hoc
2061 3536 2146 3563 non
2166 3526 2240 3565 ob-

1205 3588 1351 3638 ligare,
1370 3587 1683 3637 nisilsupposita
1702 3583 1947 3625 certitudine
1964 3583 2119 3626 delicti.
2140 3587 2245 3637 Pro-2
