2352 3880
161 267 258 347 tur,
281 314 334 342 ne
348 303 459 342 ultra
484 302 575 338 octo
600 297 688 338 dies
716 296 943 347 differatur,
965 299 1056 341 sine
1066 301 1205 343 omis

173 363 323 404 mdioio
340 360 570 414 Superioris
585 359 793 413 waimis.
811 360 965 400 Verum
981 361 1070 402 haec
1082 373 1206 414 nega-

145 424 232 464 11118
243 437 316 476 per
329 424 508 474 priorem
524 421 839 462 affirmationem
858 423 1099 474 explicanda
1113 429 1202 474 est3

167 497 270 525 nam
287 485 464 525 intentio
484 482 700 524 statuentis
724 495 869 524 revera
886 485 964 524 fuit
993 497 1202 526 commen-

171 546 268 585 dare
283 546 392 586 hane
418 545 710 597 frequentiam,
730 545 844 585 unde
861 545 907 585 in
939 545 1083 586 eodem
1112 546 1202 587 loco

166 607 420 659 generaliter
445 607 571 655 dixit,
606 610 955 646 sacramentorum
977 609 1202 660 frequentia

169 669 286 710 valde
304 670 608 717 commendetur,
629 671 671 707 et
701 667 746 707 in
765 668 884 707 tertia
912 668 1054 719 regula
1073 681 1203 709 sacer-

164 727 314 771 dotum
329 730 496 780 dicitur,
514 734 562 769 ut
580 728 782 770 itaoivero
800 729 997 777 studeant,
1017 731 1064 769 ut
1081 730 1202 770 meri-

169 792 214 837 30
234 792 408 844 quotidie
436 791 628 832 celebrare
648 791 822 842 possint.
851 790 941 828 Non
963 789 1045 828 fuit
1063 793 1203 831 autem

169 851 256 895 ime
277 852 511 905 frequentia
537 851 707 890 omnino
731 849 1003 889 determinata
1030 862 1076 889 ac
1101 862 1204 902 prae-

168 914 333 966 scripta,
345 914 442 965 qnia
461 909 663 952 minorem
675 921 800 962 quam
817 910 1101 961 quotidianam
1118 924 1202 951 non

166 975 410 1028 expediebat
424 973 617 1021 definire3
638 983 735 1010 nam
764 971 863 1009 viris
888 971 1088 1022 religiosis
1117 984 1202 1013 non

168 1040 230 1077 est
248 1037 383 1075 minor
397 1033 657 1081 consulenda,
679 1043 771 1070 cum
785 1032 873 1071 haec
892 1044 966 1084 per
978 1045 1020 1071 se
1039 1033 1198 1082 melior,

167 1107 214 1137 ac
241 1095 459 1148 perfectior
475 1095 541 1138 sit,
563 1097 605 1133 et
621 1091 671 1132 ad
698 1093 892 1143 majorem
912 1094 984 1132 Dei
1010 1094 1199 1144 gloriam,

167 1159 373 1209 totiusque
384 1155 573 1195 Ecclesiae
587 1155 809 1194 utilitatem
822 1155 1038 1205 pertineat.
1057 1157 1203 1196 Totam

166 1223 306 1259 autem
325 1218 439 1256 illam
458 1217 533 1256 sub
552 1217 695 1267 regula
714 1228 866 1267 ponere
886 1228 970 1254 non
990 1217 1204 1267 oportebat

166 1285 332 1332 propter
341 1278 475 1319 varias
494 1290 647 1323 causas,
662 1281 702 1316 et
716 1278 945 1316 occasiones
965 1289 1055 1315 eam
1071 1277 1202 1317 inter—

166 1340 373 1388 mittendi,
391 1351 482 1391 quae
498 1339 709 1378 moraliter
722 1350 935 1377 occurrere
953 1343 1147 1390 possunt3
1163 1344 1203 1378 et

166 1401 258 1441 ideo
286 1401 508 1440 consultius
545 1400 680 1439 visum
713 1403 771 1438 est
809 1400 940 1438 solum
975 1400 1203 1450 generatim

170 1462 386 1501 eonsilium
401 1462 524 1512 hujUs
538 1461 779 1512 frequentiae
793 1461 989 1499 indicare.
1017 1462 1103 1508 Quo
1118 1461 1205 1500 fac-

169 1527 259 1563 tum
282 1528 341 1563 est
362 1528 405 1562 ut
423 1527 508 1562 tam
526 1527 687 1574 recepta
705 1524 998 1562 consuetudine
1012 1524 1056 1561 in
1073 1523 1205 1562 Socie-

168 1588 251 1624 tate
274 1584 351 1624 hoc
367 1585 617 1632 observetur,
635 1589 682 1623 ut
697 1584 873 1623 nonnisi
891 1595 999 1633 raro,
1018 1590 1058 1623 et
1071 1584 1123 1622 ob
1140 1595 1208 1623 ex-

167 1646 485 1685 traordinariam
517 1658 679 1685 causam
696 1676 710 1694 ,
732 1645 1017 1697 quotidianum
1050 1644 1207 1686 sacrifl-

168 1707 275 1747 cium
294 1708 527 1756 omittatur3
549 1712 590 1747 et
603 1708 691 1746 11388
712 1707 762 1746 de
779 1708 912 1758 primo
929 1711 1093 1758 puncto,

218 1771 260 1810 2.
291 1769 517 1810 Secundum
540 1778 732 1820 puuctum
758 1780 835 1819 pro
858 1769 988 1808 eadem
1011 1772 1128 1819 parte
1156 1768 1206 1809 ti-

167 1831 260 1878 tuli,
282 1833 326 1871 de
341 1833 467 1880 modo,
484 1843 552 1871 seu
566 1832 684 1883 quasi
703 1832 828 1882 specie
842 1831 1050 1879 sacrificii.
1063 1853 1112 1859 —
1124 1830 1206 1870 Cir-

166 1904 217 1933 ca
245 1897 445 1944 punctum
479 1892 674 1938 aliud‚1ad
709 1891 1053 1943 specificationem
1090 1896 1206 1931 actus

167 1955 372 2007 pertinere
413 1967 625 1994 censemus
664 1956 833 1993 modum
870 1958 955 1992 tam
994 1955 1204 1993 internum

167 2028 292 2067 quam
323 2019 554 2062 externum,
578 2015 772 2052 decenter
799 2026 846 2053 ac
887 2014 1078 2064 religiose
1108 2014 1206 2053 offe-

167 2077 283 2116 rendi
303 2076 381 2114 1108
403 2074 664 2113 sacrificium.
692 2074 736 2111 In
759 2084 854 2123 qno,
874 2078 1023 2123 praeter
1047 2086 1096 2110 ea
1111 2086 1203 2123 quae

167 2137 403 2178 communia
422 2140 518 2175 sunt
544 2134 734 2174 omnibus
754 2133 1047 2181 sacerdotibus,
1070 2137 1110 2172 et
1130 2133 1206 2172 sub

169 2202 415 2250 praeceptum
453 2197 619 2243 cadunt,
653 2195 703 2234 de
741 2195 889 2246 quibus
923 2198 953 2233 t.
989 2195 1123 2242 tertio,
1155 2196 1205 2235 de

167 2260 463 2307 SacramentiS,
493 2258 689 2309 disputat.
720 2257 969 2307 octogesima
1000 2256 1133 2308 prima
1165 2262 1206 2297 et

166 2323 450 2376 sequentibus,
479 2321 635 2360 dictum
660 2323 734 2368 est,
760 2320 967 2371 peculiare
990 2324 1049 2358 est
1073 2320 1206 2360 Socie-

166 2387 255 2432 tati,
272 2390 318 2424 ut
334 2397 407 2435 pro
422 2382 652 2422 ministerio
661 2381 821 2420 nullum
838 2381 1087 2431 stipendium
1102 2385 1205 2420 tem-

172 2448 319 2497 porale,
333 2448 458 2486 etiam
470 2458 542 2496 per
556 2444 725 2483 modum
739 2443 1006 2493 eleemosynae
1017 2443 1202 2493 accipiat.

172 2511 244 2548 'ster
259 2509 366 2559 quod
383 2509 445 2557 (ut
457 2507 559 2546 alias
573 2507 753 2544 rationes
769 2516 906 2555 supra,
922 2504 1027 2542 libro
1041 2509 1203 2555 quarto,

168 2583 256 2622 vap.
277 2570 466 2621 septimo,
488 2580 513 2607 a
530 2579 706 2607 numero
731 2570 889 2613 octavo,
910 2570 1050 2614 tactas,
1082 2567 1206 2605 omit-

173 2632 317 2680 tamus)
343 2631 480 2669 ablata
502 2633 562 2668 est
580 2628 714 2668 omnis
734 2628 890 2666 occasio
909 2627 1105 2666 offerendi
1126 2628 1205 2667 hoc

170 2693 412 2732 ..sarificium
434 2692 586 2730 intuitu
613 2691 739 2729 etiam
768 2689 1011 2728 secundario
1030 2689 1204 2739 alicujus

170 2754 373 2794 commodi
394 2752 644 2804 temporalis,
682 2751 750 2790 sed
771 2751 902 2790 solum
934 2754 1100 2802 propter
1133 2751 1204 2790 Dei

168 2815 355 2866 gloriam,
378 2815 586 2865 propriam
614 2812 995 2861 sanctificationem,
1013 2811 1204 2851 Ecclesiae

169 2881 210 2917 et
230 2877 513 2928 proximorum
541 2874 752 2926 spirituale
783 2874 999 2920 auxilium,
1024 2885 1115 2923 quae
1146 2878 1206 2912 est

168 2949 252 2978 una
269 2950 320 2976 ex
352 2935 657 2988 perfectissimis
692 2934 1008 2974 circumstantiis
1035 2946 1126 2984 quae
1154 2934 1206 2973 ad

170 2998 393 3050 perfectum
407 2997 576 3036 modum
595 2995 812 3034 exercendi
832 2995 908 3033 hoc
929 2995 1204 3034 ministerium

171 3060 375 3111 pertinere
395 3062 577 3109 possunt.
604 3057 752 3095 Deinde
777 3056 1039 3107 adjungenda
1061 3062 1122 3095 est
1140 3057 1206 3097 in-

171 3130 286 3160 terna
314 3118 557 3172 praeparatio
586 3129 659 3169 per
693 3118 823 3156 cordis
860 3118 1107 3156 munditiam
1127 3148 1141 3167 ,
1164 3121 1206 3157 et

170 3182 270 3222 atius
286 3183 557 3231 congruentes
585 3179 885 3230 dispositiones,
914 3191 1006 3230 quae
1032 3191 1099 3218 res
1116 3183 1204 3220 tota

170 3243 248 3285 hoc
266 3242 389 3281 unico
418 3240 543 3280 verbo
562 3241 806 3292 proponitur
833 3241 878 3278 in
910 3240 982 3279 illa
1015 3240 1160 3290 regula
1177 3241 1204 3280 3

172 3304 450 3351 sacerdotum,
468 3314 564 3341 nam
583 3305 672 3353 post
686 3301 810 3340 verba
821 3303 969 3340 citata:
989 3302 1061 3342 Ita
1075 3303 1205 3343 vivore

171 3366 371 3412 studeant,
391 3363 627 3421 *quotidie
642 3363 782 3404 merito
805 3363 997 3402 celebrare
1020 3363 1201 3414 possint,

172 3426 309 3466 addit:
332 3425 399 3466 Ad
413 3425 529 3476 idque
552 3425 738 3465 conducet
758 3422 954 3476 (quamvis
978 3434 1026 3464 ex
1047 3423 1204 3464 Consti-

173 3489 324 3529 tutione
343 3491 475 3527 octavo
487 3489 535 3527 ut
548 3486 758 3525 mximum
780 3497 927 3537 quoquo
944 3485 1006 3525 die
1023 3485 1205 3534 confiteri

173 3550 394 3599 teneantur)
412 3549 560 3601 soepius
576 3546 622 3587 in
637 3547 874 3587 hebdomada
889 3545 1083 3595 confiteri.
1101 3547 1205 3586 Tan-

172 3610 268 3656 dem
298 3622 372 3664 pro
402 3614 572 3652 externo
605 3608 690 3654 ritu
713 3608 774 3649 ita
805 3608 1021 3658 statuitur,
1057 3612 1206 3660 quarta

168 3683 193 3712 ο

553 230 738 268 ris-vm.
762 208 985 276 0811811115
1007 211 1558 276 amnemamnem
1605 215 1622 274 J
1703 204 1718 217 ”

1258 303 1375 354 parte
1400 274 1765 347 constitutionum,
1791 279 1882 351 cap.
1894 261 1943 350 8,
1958 294 2060 359 {⁶ae
2084 284 2203 349 R

1256 373 1307 403 m
1322 362 1466 402 Missoe
1484 361 1672 407 dicendae,
1689 362 1739 401 ut
1742 362 1898 422 prutes·
1907 357 2194 416 moll‘wont

1254 423 1494 464 devotionem
1511 422 1726 470 internam,
1765 403 1956 462 decentem
1987 421 2104 466 etiam
2120 407 2221 469 M
2255 474 2257 477 .

1257 483 1487 524 exteriorem
1513 484 1685 529 modum,
1716 493 1846 522 omnes
1863 481 2149 526 instituamur.
2184 494 2209 523 ·.
2231 478 2233 480 ’

1256 544 1302 584 in
1333 543 1479 594 regula
1514 545 1542 583 4
1580 543 1844 584 Sacerdotum
1885 543 2017 593 magis
2064 544 2208 597 expl'.
2211 589 2214 592 ⁴

1255 606 1390 658 quoad
1407 606 1800 657 pronuntiationem,
1831 608 1872 645 et
1898 606 2096 657 temporis
2114 590 2235 665 mor-J

1252 678 1347 718 *quae
1363 670 1404 706 et
1421 667 1596 718 propriae
1611 666 1821 707 devotioni
1840 666 1944 706 satis
1954 666 2027 714 ffi't,
2049 671 2090 707 et
2102 666 2234 711 aliis.

1259 728 1310 767 sit
1329 739 1512 775 onerosa,
1531 728 1602 768 sed
1620 728 1756 779 potius
1769 726 2051 775 aedificati-suh
2072 729 2202 771 etin
2195 745 2232 764 v

1259 801 1336 840 que
1355 789 1443 828 1080
1474 789 1524 828 de
1553 789 1809 828 caeremoniis
1832 788 1965 830 Missae
1986 789 2262 840 ordinatur,
2250 839 2258 853 ‚-

1259 850 1438 889 Societas
1458 854 1647 890 accurate
1664 849 1851 889 observet
1867 850 2009 897 ritum,
2034 862 2188 901 quem
2217 868 2248 887 ι.
2275 870 2278 873 -

1258 912 1382 951 tolica
1411 912 1522 951 sedes
1553 911 1813 962 peculiariter
1848 911 2162 963 approbaverit:

1257 974 1381 1013 etiam
1399 973 1487 1022 fiet,
1501 973 1639 1025 quod
1628 986 1673 1012 1n
1693 973 1803 1012 dicta
1825 972 2124 1013 Constitutione
2143 978 2216 1014 et

1256 1034 1374 1074 valde
1385 1035 1713 1082 commendatur,
1734 1037 1781 1072 ut
1796 1034 1925 1073 nostri
1941 1034 2174 1073 Sacerdotes
2186 1035 2289 1075 int
2320 1054 2321 1058 ¹

1258 1108 1299 1135 se
1328 1096 1652 1136 uniformitatem
1685 1096 1730 1135 in
1761 1095 1883 1135 Missa
1914 1095 2087 1135 dicenda
2111 1100 2258 1136 tenean
2286 1108 2321 1143 ἢ,

1258 1157 1366 1208 quod
1391 1158 1515 1196 etiam
1540 1158 1650 1197 inter
1669 1156 1807 1196 media
1824 1157 1877 1196 ad
1895 1156 2092 1197 unionem
2119 1157 2262 1198 charit
2319 1189 2322 1195 ,

1257 1217 1308 1256 tis
1328 1218 1496 1269 ponitur
1520 1221 1547 1260 8
1573 1232 1612 1270 p.
1644 1219 1831 1268 Constit„
1853 1231 1889 1259 c.
1910 1221 1949 1266 1,
1971 1219 1992 1270 ἓ
2013 1220 2052 1258 8.
2078 1219 2181 1259 Ν3111
2200 1232 2294 1264 οιιιι,
2310 1266 2325 1277 Ἰ

1256 1278 1401 1330 religio
1419 1292 1493 1331 per
1511 1292 1554 1320 se
1569 1281 1703 1332 primo
1722 1281 1989 1321 Sacerdotum
2007 1280 2073 1327 sit,
2091 1284 2138 1319 ut
2149 1281 2177 1319 1.
2201 1283 2217 1320 4
2227 1310 2240 1330 ,
2254 1271 2287 1322 c'
2317 1287 2325 1320 .’

1258 1341 1298 1388 5,
1323 1340 1518 1390 diximus,
1552 1342 1699 1380 merito
1723 1341 1766 1380 in
1783 1354 1830 1381 eo
1849 1353 2035 1389 munere,
2058 1342 2168 1393 quod
2188 1342 2274 1381 int·.

1259 1401 1533 1441 Sacerdotalia
1553 1404 1782 1442 maximum
1807 1407 1879 1452 851,
1891 1415 2140 1456 praecipuam
2155 1415 2239 1444 8111·-
2262 1386 2321 1444 u}

1260 1466 1299 1502 et
1319 1462 1577 1512 diligentiam
1597 1463 1790 1503 adhibere
1812 1463 1950 1504 debet.
2292 1507 2300 1511 ,

1315 1526 1355 1564 3.
1388 1524 1592 1576 Quousque
1611 1526 1665 1566 ad
1681 1526 1906 1567 Mis-sarum
1935 1527 2145 1579 suffraqia
2163 1524 2299 1567 nostri
2314 1533 2321 1568 Ἀ
2343 1522 2346 1523 ’

1261 1587 1482 1627 sacerdotes
1519 1586 1756 1638 obliyeutuoa
1786 1607 1839 1615 —
1873 1587 2117 1627 Occurrebat
2158 1588 2302 1633 statim,

1259 1647 1479 1686 dicendum
1497 1647 1546 1685 de
1569 1647 1646 1693 his,
1671 1659 1744 1698 pro
1778 1646 1926 1697 quibus
1949 1649 2079 1687 Missae
2098 1649 2143 1687 in
2161 1647 2303 1688 50818-

1261 1713 1343 1748 tate
1362 1708 1542 1746 dicendae
1559 1712 1655 1746 sunt
1673 1720 1724 1747 ex
1745 1708 1994 1758 obligatione
2028 1708 2194 1759 regulae.
2216 1705 2303 1748 Sed?
2335 1742 2338 1743 ⁷

1261 1769 1306 1808 in
1321 1769 1412 1817 hoc,
1433 1774 1580 1820 prater
1603 1769 1896 1820 obligationem
1924 1769 2124 1810 offerendi
2142 1768 2318 1819 sacrifi-ff
2343 1765 2347 1767 ’

1261 1831 1370 1870 8111111
1389 1842 1463 1882 pro
1482 1830 1697 1878 (1010118115,
1719 1830 1786 1869 vel
1818 1830 1948 1879 sociis,
1983 1831 2049 1870 vel
2070 1820 2322 1870 fundatori-s¹
2339 1850 2343 1851 ⁷

1260 1892 1337 1931 bus
1373 1892 1534 1940 nostris,
1567 1892 1616 1930 de
1651 1892 1800 1943 quibus
1833 1893 1878 1930 in
1930 1892 2303 1943 Constitutionibusp

1260 1953 1417 1993 mentio
1433 1953 1494 2001 fit,
1516 1952 1630 1991 nulla
1649 1957 1709 1991 est
1735 1953 1816 1991 alia
1847 1953 2056 1993 ordinaria
2084 1947 2323 2005 obligatiof,

1260 2015 1340 2071 nisi
1359 2013 1593 2065 Superiores
1622 2014 1735 2052 illam
1764 2014 1995 2065 imponant.
2016 2016 2070 2054 De
2099 2027 2180 2066 qua
2212 2019 2323 2055 tota
2343 2059 2346 2061 ,

2217 413 2327 731 l

2224 733 2327 973 ³

1260 2064 1510 2127 obligatione
1527 2079 1684 2114 constat
1703 2087 1784 2113 non
1807 2076 2095 2115 transcendere
2131 2074 2325 2115 ordina·-

1259 2136 1365 2173 riam
1396 2136 1547 2184 regulae
1584 2137 1650 2176 vel
1682 2136 1924 2175 obedientiae
1974 2136 2322 2186 obligationem,

1257 2195 1378 2246 juxta
1396 2195 1563 2233 dictain
1586 2207 1622 2233 8.
1643 2197 1915 2245 praecedente,
1938 2208 2028 2246 quae
2068 2197 2136 2235 hic
2168 2198 2330 2254 appli-

1262 2258 1346 2296 cari
1365 2261 1544 2308 possunt.
1568 2255 1707 2295 Solum
1733 2261 1891 2307 oportet
1907 2256 2135 2303 observare,
2156 2258 2192 2297 si
2225 2259 2324 2335 311

1261 2318 1356 2358 cubi
1380 2318 1467 2357 haec
1484 2317 1680 2367 obligatio
1700 2317 1990 2368 suffragiorum
2026 2323 2210 2370 suscepta
2228 2321 2316 2369 511,

1260 2383 1308 2419 111
1340 2392 1502 2419 annexa
1532 2379 1654 2418 alicui
1687 2379 1903 2428 Ecclesiae,
1935 2379 2000 2419 vel
2031 2374 2331 2443 monasterius}v

1261 2443 1366 2495 quod
1380 2456 1404 2482 a
1423 2441 1616 2481 Pontifice
1637 2441 1807 2491 collegio
1826 2441 1950 2480 alicui
1978 2442 2189 2481 Societatis
2204 2440 2332 2485 uni-4⁵

1262 2508 1351 2552 tur,
1374 2509 1472 2543 tunc
1498 2503 1792 2554 obligationem
1829 2503 2029 2554 implendi
2057 2504 2163 2543 illud
2193 2516 2247 2544 on
2282 2515 2303 2558 -j
2326 2516 2331 2547 ς

1262 2577 1347 2605 8558
1363 2566 1607 2616 rigorosam,
1629 2569 1670 2603 et
1685 2565 1735 2605 de
1749 2565 1926 2615 justitia,
1946 2565 2045 2616 quia
2063 2577 2126 2604 res
2150 2566 2278 2605 transi
2296 2595 2303 2607 „
2319 2558 2332 2613 ,i

1259 2639 1352 2666 cum
1372 2638 1495 2666 onere
1516 2638 1589 2664 suo
1607 2639 1616 2664 :
1634 2625 1736 2664 illud
1757 2629 1895 2664 autem
1923 2638 2026 2664 onus
2045 2630 2132 2665 erat
2147 2627 2221 2665 tali
2236 2625 2306 2666 r·’
2325 2615 2331 2658 ¹‘1

1259 2688 1524 2738 conjunctum
1545 2698 1556 2726 :
1572 2698 1671 2736 ergo
1690 2698 1784 2724 cum
1797 2686 1868 2725 illo
1886 2687 2076 2725 transivit
2095 2687 2146 2726 ad
2162 2687 2268 2727 Soci·
2326 2682 2330 2696 ⁴

1257 2754 1385 2788 tatem
1400 2759 1414 2798 ;
1435 2761 1508 2787 seu
1521 2748 1626 2787 sicut
1645 2746 1856 2787 Societatis
1877 2747 2096 2798 collegium
2119 2749 2300 2800 suscepi

1261 2811 1361 2850 tales
1388 2813 1543 2848 tructus
1570 2813 1610 2848 et
1647 2808 1874 2856 commoda,
1904 2809 1963 2847 ita
1986 2810 2111 2848 etiam
2141 2813 2182 2848 et
2216 2813 2257 2850 ta

1260 2884 1380 2919 011115,
1415 2875 1455 2911 et
1484 2871 1669 2910 eamdem
1683 2870 2003 2921 obligationem3
2047 2871 2200 2921 justum
2240 2885 2295 2906 -;

1259 2934 1385 2978 enim,
1414 2936 1462 2970 ut
1493 2932 1563 2983 qui
1592 2932 1720 2971 sensit
1759 2931 2036 2982 commodum,
2074 2933 2223 2972 sentiat
2262 2937 2292 2958 ’ἕ

1261 3007 1378 3034 onus
1400 2994 1480 3033 Nec
1499 2993 1610 3032 aliud
1630 3000 1764 3044 posset
1789 2993 1898 3044 juste
1927 2992 2046 3032 fieri:
2067 3004 2165 3032 nam
2192 2993 2267 3033 118·
2288 3012 2293 3035 τ

1262 3057 1370 3106 Papa
1389 3067 1462 3107 per
1479 3055 1647 3093 modum
1679 3054 2010 3094 commutationis
2037 3057 2170 3106 posset
2191 3053 2254 3094 111·
2274 3070 2281 3084 ¹

1260 3129 1363 3157 onus
1395 3117 1570 3164 auferre,
1589 3119 1806 3155 contentus
1825 3116 1916 3155 aliis
1935 3115 2130 3156 oneribus
2158 3115 2290 3158 Souis„

1258 3179 1366 3225 tatis,
1397 3183 1539 3218 tamen
1565 3177 1642 3216 nisi
1683 3189 1869 3229 expresse
1898 3177 1941 3217 id
1983 3177 2177 3226 declaret,
2205 3188 2287 3220 n

1258 3241 1534 3310 praesumitur,
1551 3251 1627 3278 nec
1643 3238 1811 3278 fortasse
1828 3239 1918 3279 fieri
1935 3242 2069 3291 potest
2090 3240 2177 3278 sine
2201 3254 2234 3284 :⁴
2248 3285 2268 3306 ,Δ

1257 3302 1424 3342 vissima
1451 3310 1605 3340 causa:
1627 3301 1724 3351 quia
1749 3312 1848 3340 vero
1875 3300 1967 3339 talis
2004 3300 2210 3370 obligatio
2330 3304 2331 3309 ’

1258 3363 1393 3403 aliena
1411 3363 1463 3403 ab
1488 3362 1690 3409 instituto,
1709 3365 1750 3401 et
1779 3361 1903 3401 modo
1938 3360 2214 3410 Societatis,i
2216 3358 2257 3394 ’ππ

1258 3426 1381 3464 etiam
1404 3436 1497 3464 raro
1523 3423 1757 3475 suscipitur,
1784 3425 1828 3463 et
1850 3433 1935 3463 non
1967 3433 1988 3462 s
2086 3468 2095 3484 ι
2180 3426 2221 3456 ἰῖ
2242 3427 2270 3453 »²

1256 3486 1462 3527 facultate.
1991 3423 2106 3543 w
2258 3475 2277 3522 ¹„

1309 3549 1351 3588 4.
1379 3547 1648 3600 Privizeqiwm
1679 3515 1901 3591 celebraudi
1947 3526 2067 3588 auh
2076 3545 2192 3587 revit
2196 3559 2223 3578 a
2248 3576 2250 3581 ,

1257 3609 1498 3651 matutinum
1527 3611 1724 3664 officium.
1740 3629 1796 3645 --
1813 3610 1949 3661 Atque
1962 3606 2066 3647 ”hinc
2096 3581 2268 3665 intellig⁴
