2352 3880
138 300 296 340 tantum
311 301 370 339 est
381 299 566 338 momenti
586 298 642 340 ad
653 300 769 352 finem
800 298 990 340 ultimum
1010 301 1167 340 oeternoe

136 361 284 401 salutis
319 362 639 412 consequendum,
674 362 732 402 vel
754 361 802 401 ab
826 372 867 400 eo
898 362 1162 409 excidendum,

136 421 261 460 teneri
281 421 426 470 debeat,
445 421 714 472 intelleyatur.
725 421 824 462 Etin
839 422 983 473 regula
997 423 1050 462 40
1065 422 1167 461 Proe-

136 481 292 532 positi:

134 543 205 594 qui
225 546 341 583 extra
368 544 537 589 domum,
559 548 797 596 oeqrotorum
816 546 1080 594 confessiones
1098 557 1169 586 au·

135 603 233 650 dire,
259 608 296 644 et
319 606 578 646 morientibus
589 618 697 656 opem
709 610 813 654 ferre
827 607 996 660 possint.
1017 609 1086 646 Est
1105 619 1168 646 er-

135 675 188 714 go
219 664 294 704 hoc
314 677 444 705 unum
463 678 513 706 ex
532 667 770 707 ministeriis
790 668 969 707 maxime
988 668 1167 718 propriis

133 725 365 774 societatis,
387 727 441 767 ad
473 730 587 779 quod
605 741 658 768 ex
679 730 844 780 proprio
878 729 1061 767 instituto
1095 740 1168 779 pe-

134 786 344 826 culiariter
377 792 558 837 tenetur,
592 801 643 830 ea
671 789 867 828 nimirum
897 789 1165 839 obligatione,

132 857 216 899 qua
235 849 288 887 ad
309 854 457 889 caetera
475 862 601 901 opera
621 851 683 889 sui
704 850 876 888 instituti
892 850 1111 901 obligatur.

184 910 224 949 2.
255 912 528 951 Ministerium
542 912 611 951 noe
621 911 697 950 reli
699 913 808 962 yioso
819 913 947 951 statui
964 914 1163 953 consonat.

131 991 184 1000 —
203 971 321 1018 Quod
349 977 486 1011 autem
520 971 601 1010 hoc
634 983 738 1022 opus
765 972 816 1011 sit
841 977 1167 1012 consentaneum

130 1032 325 1083 religioso
342 1033 479 1077 statui,
495 1033 747 1072 sufficienter
766 1034 978 1084 probatur,
991 1035 1086 1084 quia
1106 1039 1167 1073 est

130 1095 308 1132 maxime
328 1097 654 1132 consentaneum
670 1095 872 1142 charitati,
887 1095 1036 1134 etnihil
1054 1093 1170 1134 aliud.

128 1147 313 1193 ¹continet
343 1166 584 1205 repugnans
611 1156 804 1205 praedicto
837 1155 975 1202 statui,
995 1156 1029 1194 si
1051 1156 1094 1195 in
1114 1168 1164 1196 eo

126 1209 293 1254 ‘debitus
314 1216 462 1254 modus
481 1220 679 1255 servetur.
703 1218 752 1255 Et
766 1217 1046 1264 confirmatur,
1067 1228 1164 1256 nam

130 1289 247 1316 sacra
264 1277 444 1316 Concilia
464 1278 642 1316 maxime
661 1278 953 1317 commendant
974 1278 1164 1329 parochis

124 1329 208 1391 boc
227 1339 516 1386 ministerium,
541 1343 584 1378 ut
603 1339 742 1379 videre
776 1340 870 1379 licet
903 1340 947 1380 in
980 1340 1165 1380 Concilio

128 1400 396 1447 Nannetmisi,
417 1413 453 1439 c.
474 1402 516 1447 4,
540 1401 652 1451 quod
674 1402 752 1440 hoe
771 1401 861 1440 loco
897 1401 952 1440 ad
982 1401 1164 1440 litteram

123 1458 318 1507 inferam,
340 1462 436 1512 quia
449 1463 614 1513 egregie
636 1463 829 1501 describit
843 1462 1038 1501 modum
1027 1475 1069 1501 ιιι
1085 1463 1163 1502 hoc

124 1533 301 1561 munere
331 1524 613 1562 servandum:
637 1523 732 1564 Cam
767 1523 965 1564 Sacerdos
999 1524 1160 1575 (inquit)

122 1581 301 1623 {audierit
322 1585 491 1636 aliquem
517 1585 724 1633 infirmari
743 1586 785 1624 in
802 1597 876 1625 sua
896 1586 1019 1637 plebe,
1043 1597 1161 1637 qnam

122 1629 250 1684 icilius
270 1647 322 1684 aa
347 1658 431 1685 eum
456 1650 614 1697 pei-qai,
641 1650 679 1687 et
704 1646 910 1697 inqressus
942 1647 1163 1686 eubzculum

121 1699 272 1765 *aquam
296 1707 531 1747 benedzetam
547 1719 668 1761 super
694 1720 794 1756 eum,
817 1712 853 1747 et
878 1720 952 1759 per
973 1720 1082 1747 omne
1098 1719 1161 1749 cu-

121 1749 304 1808 {ticulum
344 1773 533 1821 asperyat
560 1782 647 1810 cum-
679 1770 927 1820 antiphona:
958 1770 1162 1820 Asperyes

121 1810 200 1883 ime,
239 1831 420 1879 Domine,
454 1835 490 1871 et
511 1833 699 1878 oratione,
723 1837 800 1871 etc.
831 1833 876 1870 Et
903 1831 1007 1870 infra
1030 1832 1160 1872 :Post

121 1889 212 1930 llioec
232 1903 362 1930 omnes
372 1892 513 1942 jubeat
531 1898 647 1932 extra
667 1893 886 1933 cubiculum
909 1894 1093 1937 secedere,
1123 1895 1164 1933 et

120 1954 453 2002 {appropinquans
486 1953 600 1998 lecto,
631 1966 704 2002 quo
733 1955 923 1999 infirmus
952 1954 1159 2001 decumbit,

119 2011 213 2070 jeum
248 2011 388 2051 leniter
418 2011 628 2062 blandeque
657 2011 897 2061 alloquatur,
924 2015 972 2051 ut
1011 2023 1160 2050 omnem

119 2045 234 2126 ¹{spem
252 2085 366 2112 suam
387 2071 429 2110 in
449 2073 529 2111 Deo
556 2074 695 2122 ponat,
737 2072 945 2122 flaqellum
990 2072 1059 2111 Dei
1084 2084 1161 2124 pa-

120 2135 268 2202 Ιτὶεηίεν
286 2134 436 2180 toleret,
453 2137 498 2173 ut
517 2134 586 2172 noe
601 2134 655 2172 ad
669 2133 959 2184 puryalionem,
980 2136 1016 2173 et
1044 2134 1159 2173 casti-

120 2194 320 2249 maionem
328 2206 443 2234 suam
457 2194 666 2245 provenire
682 2195 827 2241 credat,
849 2198 895 2234 ut
912 2198 1070 2263 peccata
1085 2207 1161 2235 sua

127 2258 378 2304 confiteatur,
392 2259 439 2296 ut
459 2256 764 2295 emendationem
779 2258 1010 2306 promittat,
1028 2255 1066 2295 si
1079 2256 1160 2295 Do·

126 2318 260 2357 minus
280 2319 403 2356 vitam
424 2318 670 2363 concesserit,
691 2317 964 2366 paenitentiam
979 2328 1054 2364 pro
1073 2328 1160 2367 pec·

127 2380 230 2419 catis
249 2378 468 2419 commissis
478 2379 679 2429 spondeat,
692 2378 1009 2417 utsubstantiam
1026 2389 1155 2427 suam,

128 2441 219 2480 dum
239 2441 366 2480 adhuc
387 2452 523 2479 sensus
540 2444 575 2479 et
589 2440 693 2479 ratio
712 2440 861 2489 vicent,
893 2441 1092 2490 disponat,
1113 2442 1160 2480 ut

128 2506 287 2552 peccata
308 2513 383 2541 sua
402 2501 652 2551 eleemosynis
671 2501 858 2546 redimat,
877 2504 922 2539 ut
935 2500 1015 2546 llis,
1030 2502 1099 2551 qui
1115 2500 1161 2541 in

127 2574 167 2604 se
183 2567 454 2613 peccaverunt,
486 2563 707 2612 indulyeat,
735 2565 778 2601 ut
801 2564 950 2600 rectam
979 2562 1098 2609 fidem
1123 2566 1161 2602 et

128 2624 402 2666 credulitatem
435 2627 580 2672 teneat,
612 2627 657 2663 ut
693 2623 739 2663 cle
770 2623 847 2663 Dei
880 2623 1160 2664 misericordia

127 2697 330 2737 nunqnam
348 2687 522 2738 desperet
533 2701 549 2731 ;
570 2696 657 2725 cum
675 2685 755 2732 Itis,
786 2689 822 2723 et
847 2684 1076 2735 hujusmodi
1098 2686 1159 2725 al-

128 2746 407 2794 locutionibus,
433 2747 556 2796 faerit
586 2757 694 2786 inens
711 2746 868 2795 infirmi
881 2747 1069 2795 relevata,
1089 2748 1161 2788 da·-

129 2810 174 2849 ta
193 2808 447 2847 benedictione
469 2808 622 2847 recedat
638 2808 833 2854 sacerdos,
854 2819 932 2847 non
946 2813 1037 2859 post
1059 2809 1160 2847 mul-

129 2871 215 2910 tum
241 2881 489 2917 reversurus,
511 2870 646 2920 detque
674 2869 802 2907 locum
828 2871 875 2907 ut
907 2873 1080 2918 oeyretas
1114 2869 1162 2908 de

129 2930 302 2982 peccatis
319 2931 405 2969 suis
418 2929 545 2980 possit
567 2930 741 2979 eoqicare
752 2928 778 2968 ¹.
792 2928 1018 2968 Concilium
1034 2929 1159 2967 etiam

130 2989 391 3035 Coloniense,
416 2990 669 3028 celebratum
687 3001 794 3028 anno
815 2990 906 3037 536,
922 3001 963 3040 p.
982 2991 1019 3037 7,
1035 3002 1070 3028 c.
1089 2990 1158 3038 50,

130 3055 269 3090 monet
283 3042 486 3100 parochos
497 3055 542 3089 ut
553 3055 644 3100 post
658 3051 890 3088 Extremam
915 3051 1160 3090 Unctionem

129 3123 268 3152 curam
290 3111 470 3151 habeant
483 3112 738 3161 praeparandi
759 3111 968 3150 infirmum
982 3112 1034 3151 ad
1049 3125 1159 3151 mor-

129 3176 225 3213 tem.
267 3172 378 3212 Ideni
409 3172 601 3223 Synodus
624 3173 935 3223 Augustiensis,
966 3185 1058 3224 cap.
1089 3175 1154 3214 20.

129 3234 214 3275 [mo
233 3233 332 3273 olim
345 3233 545 3284 Episcopi,
567 3232 665 3270 dum
683 3233 742 3271 eis
761 3233 947 3281 vacabat,
969 3233 1047 3273 hoc
1066 3246 1155 3273 mu-

128 3307 208 3335 nus
225 3306 300 3346 per
329 3305 373 3333 se
405 3293 670 3341 exercebant,
693 3294 920 3344 praesertim
953 3293 989 3332 si
1022 3294 1074 3333 ab
1094 3296 1158 3333 in·-

128 3356 259 3396 firmis
277 3359 535 3396 vocarentur.
554 3353 671 3401 Quod
689 3354 740 3394 de
769 3355 998 3406 Augustino
1031 3356 1157 3397 refert

130 3417 411 3462 Possidonius‚
429 3427 466 3456 c.
484 3417 536 3455 27
558 3427 568 3455 :
589 3416 646 3456 In
670 3416 974 3456 visitationibus
996 3416 1156 3471 (inquit)

130 3488 286 3519 monum
305 3478 457 3520 tenebat
477 3477 527 3519 ab
545 3475 733 3529 Apostolo
749 3478 973 3527 definitum,
992 3482 1040 3521 ut
1063 3490 1159 3522 non-

179 3595 202 3653 }
221 3595 327 3652 Xide
345 3598 571 3643 Polancum
589 3601 636 3640 in
650 3601 789 3642 libello
806 3602 862 3642 de
877 3602 959 3644 hae
973 3615 1035 3645 re.

471 233 550 270 un
572 233 630 271 lx.
652 233 708 268 m:
726 233 877 274 uenus,
898 232 977 269 sau
995 232 1251 277 umlsmmls.
1273 235 1422 277 Quintis
1443 237 1500 271 im
1518 212 1803 280 rnoxmoniiu.
1795 207 1851 238 ‘'³‘'
1882 213 1947 258 ⁴55?
1975 229 1983 236 ⁷

315 482 511 522 Procuret
526 482 706 534 (dicitur)
724 485 936 536 diliyenter
957 496 1004 525 ne
1023 486 1166 533 desint,
1177 515 1184 524 .

1217 303 1302 344 nisi
1311 301 1488 355 pupillos
1501 305 1539 344 et
1555 302 1732 344 viduas·
1714 315 1761 343 m
1784 255 2155 350 &in

1221 364 1366 405 titutas
1380 363 1578 410 visitaret,
1590 365 1628 404 et
1642 364 1680 403 si
1699 365 1874 408 fortasse
1892 364 1948 404 ab
1942 369 2209 422 repetant

1220 425 1264 465 ob
1289 425 1361 465 noe
1393 427 1609 478 peteretur,
1619 428 1667 465 ut
1681 437 1755 475 pro
1774 424 1831 465 eis
1855 425 1899 464 in
1913 428 2102 474 proesmti
2120 429 2205 470 D

1221 488 1410 537 wycam,
1437 487 1567 538 eisque
1596 497 1740 527 manus
1761 487 2002 537 imponeret,
2029 485 2112 528 sine
2133 475 2199 532 ms:

1215 548 1417 601 perqebat.
1461 548 1606 588 Merito
1637 560 1737 599 ergo
1775 548 1959 588 Societas
1994 547 2075 587 hoc
2110 549 2222 602 ἰρ5ιῇ
2204 517 2247 585 ’“’.

1221 608 1450 660 profitetur,
1485 612 1531 649 ut
1551 612 1694 661 parata
1712 610 1765 649 sit
1793 609 1847 649 ad
1876 609 2084 661 juvandos
2103 622 2215 652 omn

1220 670 1404 710 infirmos
1435 682 1462 710 a
1490 671 1640 720 quibus
1675 671 1799 710 ruerit
1820 670 2031 722 requisita,
2059 670 2144 711 sive
2174 621 2246 726 {siff

1219 743 1441 783 pauperes,
1463 732 1548 772 sive
1563 732 1724 778 divites,
1745 733 1830 772 sive
1849 732 1950 772 hoc
1945 733 2031 771 sive
2049 732 2118 770 illo
2136 745 2195 772 m·
2187 739 2207 772 5
2220 750 2239 797 ,-

1219 793 1272 833 bo
1293 791 1498 840 laborent,
1519 798 1561 832 et
1576 805 1839 843 quacumque
1852 794 1953 832 hora
1973 793 2054 832 diei
2073 793 2137 832 vel
2151 803 2245 835 no

1219 853 1272 893 tis
1288 858 1470 902 vocetur.
1493 854 1637 904 Neque
1660 859 1828 906 propter
1863 854 2158 906 obligationem
2188 862 2257 899 ι,.·;“
2316 892 2324 899 ,

1220 915 1444 956 rochorum
1464 915 1591 966 (quod
1613 916 1640 955 l.
1660 917 1701 964 6,
1719 929 1758 955 c.
1775 918 1816 960 4,
1836 927 1878 956 n.
1902 917 1968 965 13,
2001 921 2042 956 et
2056 917 2159 956 alias
2179 924 2245 970 0222

1219 989 1272 1029 pe
1301 978 1606 1030 respondimus)
1638 990 1946 1029 supervacanea
1977 977 2107 1017 videri
2126 977 2197 1017 de·
2216 974 2255 1023 2²«,

1219 1038 1307 1078 haec
1329 1039 1542 1079 Societatis
1564 1052 1678 1087 cura,
1700 1043 1785 1078 tum
1805 1039 1903 1090 quia
1936 1038 2001 1078 vel
2034 1051 2144 1089 saepe
2164 1035 2259 1079 no'*
2320 1036 2322 1044 ’

1219 1105 1356 1152 potest
1375 1114 1482 1140 unus
1502 1102 1709 1153 parochus
1728 1101 1915 1153 pluribus
1938 1100 2112 1140 infirmis
2131 1100 2218 1140 sati
2252 1112 2254 1115 ’

1215 1161 1372 1208 facere,
1405 1163 1472 1201 vel
1506 1162 1714 1202 interdum
1745 1175 1831 1202 non
1851 1167 1912 1203 est
1943 1163 1987 1201 in
2006 1173 2057 1201 eo
2076 1157 2266 1204 munere*-

1217 1223 1323 1262 adeo
1339 1222 1471 1262 facilis
1491 1227 1532 1263 et
1548 1225 1762 1273 sollicitus,
1784 1236 1893 1275 saepe
1926 1224 2052 1264 etiam
2082 1236 2168 1262 non
2187 1225 2260 1267 esf,

1218 1285 1317 1324 satis
1335 1285 1524 1332 idoneus,
1540 1287 1606 1325 vel
1624 1291 1735 1326 certe
1753 1290 1930 1338 aegrotus
1945 1297 2052 1336 saepe
2073 1283 2261 1327 aliorum:

1215 1344 1501 1386 ministrorum
1523 1359 1651 1398 opera
1665 1348 1798 1398 magis
1811 1347 1984 1399 juvatur
2007 1358 2058 1386 ac
2085 1357 2248 1386 recrea·

1219 1420 1298 1455 ur,
1327 1411 1368 1447 et
1402 1408 1495 1447 ideo
1525 1421 1611 1447 non
1644 1411 1807 1448 tantum
1841 1407 1987 1454 nostri,
2019 1406 2092 1446 sed
2127 1408 2251 1447 etiam

1218 1469 1338 1507 multi
1356 1469 1425 1507 alii
1455 1469 1638 1520 religiosi
1658 1481 1813 1520 magna
1833 1470 2031 1508 charitate
2059 1468 2139 1507 hoc
2174 1467 2251 1508 mi-

1216 1530 1434 1570 nisterium
1453 1534 1670 1577 exercent;
1708 1530 1896 1580 quamvis
1931 1529 2108 1568 fortasse
2132 1541 2183 1568 ex
2208 1528 2250 1570 vi

1217 1591 1280 1629 sui
1298 1591 1474 1631 instituti
1491 1603 1578 1631 non
1593 1591 1653 1631 ita
1669 1591 1917 1644 obligentur,
1944 1590 2048 1631 sieut
2066 1589 2258 1644 religiosi

1215 1652 1447 1695 Societatis.

1214 1746 1441 1804 Reponitur
1460 1751 1605 1801 duplex
1622 1749 1843 1799 calumnia,
1862 1761 1941 1804 qua
1960 1749 2142 1791 Societas
2157 1738 2252 1801 :nro->
2271 1730 2274 1735 ’
2314 1806 2315 1810 ¹

1282 1816 1374 1864 pter
1412 1813 1564 1853 dictum
1595 1813 1869 1856 ministerium
1894 1825 1922 1854 a
1949 1811 2055 1853 male
2088 1809 2275 1866 affectis‘

1287 1874 1498 1927 punyitur.

1270 1957 1309 1997 3.
1340 1956 1529 1997 Primum
1557 1956 1662 2010 quod
1691 1956 1844 1999 nostris
1872 1952 2076 2009 objicitur.
2102 1978 2156 1988 ——
2175 1954 2247 1997 In-

1212 2018 1413 2066 frinqitur
1449 2020 1625 2066 objectio.
1644 2041 1695 2048 —
1713 2020 1880 2059 Nullum
1911 2032 2010 2059 vero
2039 2031 2144 2067 opus
2185 2021 2247 2059 est

1214 2079 1338 2115 tantae
1360 2077 1584 2124 charitatis,
1607 2076 1721 2127 quod
1738 2089 1823 2116 non
1842 2077 1987 2128 possit,
2002 2078 2069 2117 vel
2089 2090 2165 2129 per
2183 2090 2246 2117 ca·

1214 2137 1442 2186 lumniam,
1466 2138 1532 2177 vel
1563 2142 1733 2188 propter
1769 2138 2001 2189 aliquorum
2036 2139 2246 2190 negligen-

1214 2201 1313 2239 tiam
1340 2199 1608 2250 reprehendi.
1630 2201 1677 2238 In
1697 2199 1861 2239 duobus
1883 2212 1982 2251 ergo
2003 2201 2106 2240 solet
2129 2201 2247 2251 argui
2275 2227 2277 2230 <

1215 2261 1397 2301 Societas
1418 2261 1526 2299 circa
1545 2262 1622 2300 hoc
1642 2261 1935 2300 ministerium.
1956 2262 2092 2301 Unum
2124 2263 2246 2314 perti«
2276 2262 2278 2267 ’

1213 2327 1284 2362 net
1313 2323 1364 2362 ad
1389 2322 1708 2362 sollicitudinem
1730 2323 1836 2362 circa
1858 2335 1929 2362 eos
1959 2324 2026 2374 qui
2057 2335 2106 2362 ex
2130 2323 2246 2374 aegri-

1212 2384 1356 2423 tudine
1384 2384 1643 2431 moriuntur;
1668 2384 1781 2423 aliud
1801 2385 1909 2423 circa
1927 2395 1998 2423 eos
2016 2385 2083 2434 qui
2102 2384 2143 2422 in
2163 2395 2247 2434 poe-

1212 2457 1311 2484 nam
1339 2444 1583 2484 delictorum
1603 2474 1614 2492 ,
1636 2445 1859 2485 violentam
1885 2449 2060 2484 mortem
2083 2446 2244 2496 patiun-

1213 2511 1294 2547 tur.
1316 2508 1361 2546 In
1380 2507 1505 2558 priori
1526 2508 1755 2547 ministerio
1773 2507 2089 2559 reprehenditur
2114 2507 2267 2562 avari-s

1212 2569 1284 2616 tia,
1317 2569 1412 2618 quia
1442 2568 1683 2607 Sacerdotes
1712 2567 1922 2609 Societatis
1950 2568 2043 2607 ideo
2074 2568 2244 2618 cupiunt

1212 2629 1486 2668 morientibus
1519 2630 1726 2676 assistere,
1758 2634 1805 2669 ut
1836 2630 2041 2669 bonorum
2078 2629 2243 2671 illorum

1212 2691 1373 2742 possint
1392 2703 1482 2730 esse
1502 2691 1737 2742 participes,
1759 2702 1831 2730 eos
1858 2690 2092 2730 inducendo
2120 2694 2165 2729 ut
2189 2686 2255 2731 dol>

1212 2752 1292 2791 illis
1323 2765 1400 2803 per
1429 2756 1741 2800 testamentum,
1760 2751 1827 2791 vel
1846 2752 1972 2790 alium
1999 2751 2171 2790 modum
2197 2751 2258 2794 inf

1213 2825 1333 2852 suam
1367 2812 1583 2852 utilitatem
1616 2812 1851 2863 disponant.
1892 2812 1972 2852 Sed
2005 2812 2084 2851 hoc
2118 2811 2229 2853 vald-

1213 2874 1397 2913 alienum
1420 2877 1482 2912 est
1501 2873 1554 2911 ab
1583 2874 1726 2924 spiritu
1749 2877 1789 2913 et
1807 2874 2035 2913 intentione
2059 2873 2256 2919 Societa-15,

1211 2934 1280 2982 tis,
1302 2934 1502 2985 quidquid
1523 2934 1574 2974 sit
1593 2935 1645 2974 de
1662 2935 1831 2986 privatis
1853 2935 2060 2975 erroribus
2076 2947 2151 2974 seu
2173 2934 2262 2986 ded·¹

1211 2995 1387 3035 fectibus
1405 3025 1414 3042 ,
1444 2995 1479 3034 si
1498 2996 1568 3047 qui
1588 2995 1785 3044 fortasse,
1805 2997 1871 3036 vel
1891 3008 1941 3035 ex
1961 2997 2142 3035 humano
2168 2991 2245 3036 ali-b
2319 3016 2321 3018 ·

1213 3068 1296 3107 quo
1312 3056 1478 3104 affectu,
1493 3058 1555 3096 vel
1573 3069 1624 3096 ex
1650 3058 1739 3097 zelo
1757 3069 1842 3096 non
1863 3056 2092 3096 secundum
2112 3056 2247 3096 scien*

1211 3118 1336 3165 tiam,
1372 3119 1742 3166 committerentur,
1765 3118 1818 3158 de
1837 3118 1987 3169 quibus
2014 3130 2091 3158 nec
2121 3116 2229 3156 nob*
2250 3159 2254 3166 ,

1212 3182 1386 3228 constat,
1411 3191 1564 3230 neque,
1586 3179 1620 3218 si
1644 3180 1739 3227 sint,
1760 3180 1948 3231 religioni
1973 3191 2122 3219 nocere
2145 3191 2189 3230 p·
2206 3195 2217 3201 ··
2235 3173 2253 3211 ἶ·
2319 3183 2323 3191 ·“

1209 3244 1316 3287 sunt,
1338 3251 1430 3291 quae
1450 3240 1722 3280 intentionem
1739 3241 1976 3292 hujusmodi
1997 3241 2222 3280 detestatur
2230 3260 2249 3296 χ,

1210 3304 1252 3340 et
1274 3301 1367 3340 ideo
1388 3313 1534 3341 omnes
1553 3301 1677 3341 eiiam
1708 3303 1895 3342 actiones
1925 3301 2116 3354 prohibet
2145 3303 2251 3351 q·=--'·.
2319 3322 2321 3332 ι

1210 3361 1392 3413 aliquam
1410 3363 1518 3402 illius
1531 3363 1712 3414 speciem
1725 3364 1909 3415 praebere
1928 3365 2114 3415 possunt.
2130 3359 2199 3400 Hi

1210 3422 1255 3462 in
1286 3424 1431 3464 ultima
1461 3435 1632 3464 suarum
1664 3425 1903 3476 regularum
1931 3428 2151 3474 monentur
2166 3430 2241 3483 aa·

1211 3485 1414 3534 cerdotes,
1441 3487 1501 3534 ut,
1529 3497 1624 3526 cum
1655 3490 1858 3526 vocantur
1888 3484 1943 3526 ad
1975 3460 2244 3582 ιι(1,]ιι’νίιιι(10·μ,’ἶὶ
2249 3518 2251 3522 ⁴

1212 3555 1285 3586 eos
1308 3546 1379 3597 qui
1400 3547 1520 3588 morti
1534 3546 1659 3588 vicini
1674 3550 1784 3593 sunt,
1804 3545 1970 3588 tamdiu
1980 3541 2073 3586 inis
2076 3539 2232 3581 adsin

1211 3608 1412 3660 quamdiu
1429 3609 1519 3649 sola
1548 3609 1775 3649 necessitas
1802 3599 2082 3662 postulaverit,
2099 3604 2170 3644 et·
2212 3632 2234 3640 -

2206 3672 2229 3695 t.
