2352 3880
198 261 276 307 856
554 263 628 295 ΜΒ.
653 261 708 294 vt.
732 261 784 294 DE
807 258 1089 299 PROFESSIONE
1111 259 1208 300 011AE
1227 260 1270 294 m
1291 259 1516 294 socinum
1536 259 1616 301 m,
1636 256 1694 292 m·
1711 256 1767 293 mi:
1786 251 1853 298 ns,
1875 256 1967 295 ΠΟ

194 334 322 378 mine,
352 344 388 371 c.
419 331 460 378 1,
482 329 504 378 ἓ
526 329 578 366 5:
601 326 796 375 Professa
818 325 998 367 Societas
1017 325 1228 377 (dicitur),

191 398 342 448 proeter
359 393 443 431 tria
462 393 568 437 vota,
587 392 721 428 ‘cotum
735 389 836 438 facit
855 399 1085 438 expressam
1107 387 1228 428 Sam-

193 465 256 494 mo
274 453 479 504 Pontifici,
500 454 548 492 ut
577 449 736 492 Vicario
766 450 835 502 qni
851 461 956 490 nnnc
984 453 1055 497 est,
1073 450 1134 489 vel
1155 460 1228 501 pro

194 518 365 565 tempore
373 514 514 562 fuerit,
535 512 690 554 Christi
703 512 866 552 Domini
878 510 1020 559 nostri,
1033 512 1227 551 nimirum

192 576 248 616 ad
261 575 607 626 proficiscendum,
622 572 707 613 sine
724 573 989 620 encnsatione,
1009 583 1089 612 non
1103 573 1227 623 petito

190 636 353 684 viatico,
373 646 609 688 quocumque
618 635 796 685 qentinm
814 634 900 683 ejas
917 633 1229 685 Sanctitasjm-

190 699 305 745 serit,
316 698 423 737 inter
440 697 588 747 fideles,
611 696 672 735 vel
691 696 883 742 infideles,
906 696 959 734 ad
975 706 1054 741 res,
1077 706 1164 745 qnoe
1177 694 1231 734 ad

191 757 368 798 divinum
404 759 578 804 cultum,
612 761 649 797 et
673 756 880 808 reliqionis
902 755 1145 795 Christiana:
1163 755 1227 794 bo-

190 830 287 858 nnm
313 823 503 870 spectant.
531 819 577 857 In
605 817 756 868 quibus
779 816 916 855 verbis
937 815 1139 865 imprimis
1155 815 1228 854 ob-

192 890 326 926 servo,
350 880 566 918 materiam
595 878 718 927 hujus
744 877 827 915 voti
859 888 943 914 non
974 888 1063 915 esse
1098 880 1227 915 totam

191 939 305 978 illam
326 953 415 991 quae
434 943 568 990 potest
589 950 678 977 esse
699 937 872 975 materia
894 937 1138 976 obedientiae
1159 949 1226 976 re-

191 1000 362 1052 ligiosae‚
386 1002 512 1040 etiam
535 999 764 1038 secundum
785 999 973 1048 regulam
993 999 1223 1047 Societatis,

192 1063 267 1101 sed
289 1063 418 1101 solam
448 1061 663 1100 materiam
690 1059 952 1107 missionum,
973 1064 1018 1099 ut
1045 1063 1157 1111 patet
1176 1071 1227 1099 ex

190 1123 271 1162 illis
290 1123 441 1168 verbis,
469 1123 661 1161 nimirum
695 1122 747 1161 ad
772 1122 1112 1171 proficiscendum,
1134 1132 1226 1171 quae

193 1188 289 1224 sunt
306 1183 571 1231 declarativa,
595 1187 635 1222 et
654 1183 868 1221 limitativa
879 1183 976 1227 voti,
988 1187 1028 1222 et
1044 1183 1226 1222 materiae

192 1245 297 1294 ejus,
321 1248 361 1283 et
381 1245 437 1283 ita
458 1244 501 1282 in
530 1244 618 1294 ipsa
644 1243 778 1282 forma
795 1243 1015 1294 profitendi
1034 1255 1230 1294 expresse

192 1305 364 1344 dicitur:
391 1306 567 1357 Insuper
595 1306 783 1355 promitto
818 1305 1024 1356 specialem
1055 1305 1227 1344 obedien-

191 1367 291 1407 tiam
312 1366 477 1407 Summo
505 1366 694 1415 Pontifici
724 1368 830 1406 circa
851 1366 1069 1405 missiones.
1090 1365 1168 1405 Ubi
1184 1366 1228 1403 in

191 1427 471 1467 declaratione
494 1428 667 1466 dicitur:
692 1427 792 1468 Tota
820 1428 988 1466 intentio
1005 1427 1142 1478 quarti
1157 1427 1228 1466 kn-

183 1489 256 1539 jus
289 1491 370 1529 voti
406 1490 605 1528 obediendi
630 1488 795 1529 Summo
830 1488 1039 1537 Pontificii
1059 1489 1159 1536 fnit,
1190 1491 1230 1528 et

190 1552 248 1590 est
269 1551 376 1590 circa
396 1549 612 1590 missiones.
635 1550 683 1588 Et
703 1550 882 1597 additur,
905 1550 983 1587 hoc
1013 1549 1136 1587 modo
1160 1560 1227 1587 es-

189 1621 234 1648 se
264 1611 558 1662 intelligendas
579 1612 734 1650 litteras
756 1611 1027 1661 Apostolicas,
1050 1622 1142 1660 quae
1160 1610 1226 1648 in-

189 1672 351 1710 terdum
387 1672 513 1711 verba
542 1672 802 1722 generaliora
823 1671 981 1709 habere
1012 1671 1222 1719 videntur,

189 1737 230 1772 et
248 1734 290 1772 in
311 1734 581 1784 sequentibus
601 1734 734 1781 magis
752 1733 1092 1771 declarabuntur.

243 1796 282 1832 5.
318 1794 481 1845 Spectat
494 1795 587 1833 item
602 1805 758 1833 manere
774 1795 842 1833 nbi
850 1795 1096 1844 jusserit.—
1107 1793 1228 1834 Addo

188 1859 400 1907 praeterea,
438 1856 481 1893 in
518 1856 690 1893 materia
726 1855 848 1905 hujus
882 1856 980 1902 voti,
1003 1856 1080 1894 sub
1100 1857 1227 1895 verbo

187 1916 477 1970 proficiscendi,
515 1917 637 1954 etiam
672 1916 847 1954 verbum
882 1917 1156 1965 permanendi
1184 1917 1227 1954 in

190 1988 453 2029 quacumque
473 1976 620 2014 mundi
639 1979 755 2026 parte
768 1976 833 2014 vel
847 1976 1074 2026 provincia,
1095 1979 1136 2015 et
1150 1976 1227 2015 sub

189 2039 359 2078 nomine
381 2038 589 2076 missionis
606 2038 958 2088 perseverantiam
970 2038 1094 2076 etiam
1108 2038 1227 2088 juxta

188 2099 461 2138 intentionem
492 2098 765 2148 praecipientis
803 2099 1112 2147 comprehendi.
1149 2099 1229 2137 Ac-

188 2161 496 2200 commodatum
515 2160 751 2210 exemplum
768 2160 820 2198 ad
838 2160 915 2198 hoc
936 2161 1227 2211 explicandum

187 2223 390 2261 habemus
407 2223 448 2260 in
468 2233 503 2260 c.
535 2220 587 2261 Si
605 2225 831 2273 postquam,
854 2221 905 2259 de
927 2222 1150 2268 Electione‚
1179 2222 1223 2261 in

187 2284 227 2330 6,
251 2284 321 2322 ubi
343 2282 575 2321 Bonifacius
602 2282 802 2329 Pontifex,
823 2282 1099 2333 interpretans
1119 2283 1224 2322 Con-

189 2345 445 2383 stitutionem
466 2343 620 2382 Nicolai
643 2344 776 2394 Papae,
790 2356 883 2394 quae
903 2345 1028 2395 exiglt
1042 2348 1087 2383 ut
1102 2345 1224 2384 electi

187 2406 242 2444 ad
261 2405 449 2456 quaedam
480 2404 684 2444 beneficia
708 2405 881 2443 Romam
910 2406 1225 2455 proficiscantur

187 2480 262 2519 pro
283 2466 597 2506 confirmatione
621 2465 850 2514 electionis,
871 2466 1026 2517 inquit:
1049 2467 1146 2508 Non
1163 2479 1224 2507 so-

186 2528 270 2569 lnm
287 2532 333 2568 nt
354 2530 444 2580 quis
466 2528 614 2574 veniat,
628 2529 695 2568 sed
712 2527 828 2567 etiam
843 2539 889 2567 ex
908 2529 974 2567 sai
989 2533 1114 2568 mente
1141 2530 1223 2569 eni-

185 2592 250 2642 yit
272 2591 375 2642 quod
387 2602 507 2642 nsque
517 2590 571 2629 ad
587 2590 705 2638 finem
722 2592 923 2640 negotium
938 2595 1222 2641 prosequatur,-

187 2652 246 2691 sic
265 2663 364 2703 ergo
383 2652 423 2690 in
443 2651 638 2701 praesenti
658 2651 833 2689 dicimus
853 2664 862 2689 :
886 2655 1028 2690 votum
1047 2652 1221 2702 parendi

184 2714 228 2751 in
249 2713 548 2764 proficiscendo
567 2713 692 2762 exigit
708 2724 758 2751 ex
779 2713 840 2751 sui
861 2717 1001 2752 mente
1028 2714 1223 2753 obedien-

186 2775 286 2813 tiam
302 2776 343 2813 in
364 2774 649 2825 permanendo
672 2786 804 2824 usque
825 2774 878 2813 ad
896 2774 1023 2813 finem
1048 2776 1217 2826 negotii,

186 2836 330 2885 utique
355 2836 473 2885 juxta
506 2835 778 2873 intentionem
807 2836 1020 2881 mittentis,
1044 2837 1139 2875 huic
1159 2835 1221 2876 rei

187 2895 558 2941 accommodatam,
582 2899 626 2934 ut
655 2895 791 2934 statim
813 2895 1121 2945 explicabimus.
1144 2898 1221 2937 Ra-

182 2957 240 2996 tio
254 2956 378 2995 etiam
387 2957 462 2994 hoc
476 2955 697 3004 convincit,
709 2956 804 3007 quia
812 2956 877 2994 via
889 2961 950 2995 est
963 2961 1221 3007 propterter-

179 3018 346 3071 *minum
365 3031 375 3064 ;
397 3016 551 3054 inutilis
571 3016 680 3054 enim
698 3021 808 3056 esset
824 3017 1064 3064 missio‚nisi
1081 3018 1124 3056 in
1139 3022 1221 3058 ter·

179 3073 298 3117 'mino
323 3075 550 3123 sisteretur,
578 3081 779 3127 quantum
799 3078 852 3117 ad
871 3078 998 3117 finem
1027 3082 1070 3118 et
1099 3079 1219 3119 effec-

149 3129 156 3138 ’
182 3143 273 3194 ⁴tum
292 3137 501 3177 missionis
519 3138 801 3176 necessarium
821 3143 895 3179 est.
921 3139 1040 3180 Unde
1056 3139 1123 3180 hic
1142 3145 1220 3181 ter-

185 3200 340 3247 minus,
375 3199 417 3238 et
448 3198 568 3249 quies
601 3198 837 3238 necessaria
871 3200 915 3238 in
932 3200 1018 3247 illo,
1050 3213 1135 3239 non
1154 3206 1219 3242 est

184 3262 302 3311 quasi
319 3259 415 3299 finis
441 3259 707 3307 extrinsecus,
730 3260 802 3311 qui
822 3260 926 3300 solet
958 3260 1154 3312 distingui
1187 3274 1213 3303 a

177 3321 359 3362 materia
379 3321 498 3372 legis,
519 3320 586 3359 vel
605 3321 916 3371 promissionis,
950 3323 1024 3360 sed
1056 3326 1117 3361 est
1149 3323 1214 3362 in-

185 3383 387 3422 trinsecus
404 3381 622 3428 terminus,
641 3393 666 3420 a
686 3393 768 3431 quo
783 3382 936 3433 pendet
951 3386 1036 3422 tota
1055 3384 1159 3422 ratio
1175 3388 1216 3424 et

187 3445 340 3483 utilitas
357 3443 452 3483 talis
470 3442 668 3489 materiae,
691 3444 732 3481 et
747 3442 839 3482 ideo
855 3443 1076 3483 intrinsece
1090 3445 1214 3495 perti·

185 3510 255 3544 net
274 3505 327 3543 ad
345 3504 561 3543 materiam
578 3503 669 3542 talis
687 3503 784 3542 voti.
807 3504 855 3542 Et
872 3504 927 3542 ita
947 3505 1142 3556 explicari
1158 3506 1213 3545 vi-

185 3565 305 3605 detur
332 3565 376 3604 in
407 3565 540 3605 citatis
573 3563 711 3603 verbis
735 3564 959 3613 Examinis‚
986 3566 1058 3612 ibi,
1081 3568 1135 3607 ad
1150 3578 1215 3608 res

171 3614 272 3680 'quoe
290 3627 343 3668 ad
359 3627 537 3669 divinum
553 3626 717 3674 cultum,
735 3629 815 3667 etc.
832 3639 846 3676 3
867 3637 967 3666 nam
982 3639 1066 3667 una
1082 3639 1134 3668 ex
1147 3629 1212 3669 his

1283 326 1422 373 rebus,
1448 326 1626 365 maxime
1660 322 1910 372 necessaria,
1935 333 2027 363 esse
2053 327 2202 377 potest
2217 317 2332 380 Μ

1283 386 1494 426 manentia
1515 388 1555 425 in
1575 386 1645 425 tali
1662 386 1768 425 loco.
1787 383 1903 423 Clare
1923 384 2049 423 etiam
2069 382 2326 436 supponitniss·

1282 449 1326 488 in
1360 453 1475 488 sexta
1508 453 1626 501 parte
1661 446 2021 496 Constitutionum‚
2047 458 2140 501 cap.
2159 447 2322 506 primq,

1283 510 1305 562 ξ
1323 512 1362 559 2,
1387 510 1460 558 ibi,
1481 510 1666 559 residere,
1684 509 1744 550 vel
1762 507 1883 550 mitti.

1334 572 1375 611 6.
1408 571 1575 624 Spectat
1590 575 1788 623 praeterea
1804 569 1912 610 obire
1933 569 2110 612 actiones
2135 570 2322 634 intentat¹

1282 646 1307 675 a
1330 634 1538 684 Pontiae,
1557 645 1634 675 non
1648 643 1738 674 vero
1757 632 1883 672 solnm
1902 632 1981 672 iter
1998 634 2070 673 aut
2079 642 2318 683 permanens

1284 695 1355 736 tia.
1376 715 1428 723 --
1448 694 1552 733 Hinc
1582 693 1703 733 tertio
1736 691 1860 741 addo,
1892 703 1980 732 non
2014 691 2148 731 solum
2180 692 2321 736 teneri

1281 756 1491 807 professos
1505 767 1555 795 ex
1569 755 1608 794 vi
1623 755 1748 806 hujus
1762 755 1844 793 voti
1861 754 2080 794 missiones
2093 764 2307 804 peragere,

1282 817 1356 856 sed
1400 817 1525 856 etiam
1560 817 1744 856 actiones
1779 815 1887 862 illas,
1916 816 1982 855 vel
2007 814 2240 853 functiones
2258 812 2314 857 aei

1280 890 1385 929 quas
1402 890 1477 917 seu
1494 882 1662 928 propter
1681 889 1785 928 quas
1801 876 2031 924 mittuntur,
2046 876 2226 915 fideliter
2238 888 2325 930 seu-1.-

1282 944 1464 987 strenue,
1475 939 1587 990 quod
1601 939 1642 977 in
1653 939 1751 990 ipsis
1767 938 1977 978 moraliter
1990 941 2066 986 est,
2083 949 2309 989 peraget-cu

1281 1002 1359 1040 hoc
1380 1001 1527 1040 eodem
1548 1001 1737 1040 discursu
1756 999 1876 1039 facile
1899 999 2141 1050 persuaderi
2162 1002 2315 1050 potest,

1281 1063 1558 1113 quianomine
1579 1061 1819 1100 missionum
1834 1061 1952 1111 juxta
1962 1072 2107 1100 verum
2124 1071 2320 1110 sensum„

1282 1128 1324 1163 et
1340 1134 1604 1162 communem
1625 1133 1745 1160 usum
1763 1121 2036 1172 loquentium,
2058 1133 2140 1160 non
2166 1121 2315 1160 intelli-

1280 1189 1436 1236 guntur
1467 1185 1601 1223 solum
1622 1184 1768 1223 itinera
1794 1180 1860 1222 vel
1896 1182 2130 1222 residentiae
2162 1182 2206 1220 in
2241 1181 2316 1222 ali-

1283 1247 1434 1298 quibus
1452 1246 1569 1292 locis‚
1586 1245 1660 1285 sed
1674 1246 1858 1284 actiones
1875 1246 1998 1284 etiam
2017 1249 2057 1284 et
2072 1244 2313 1294 ministeria,

1282 1309 1336 1348 ad
1358 1319 1451 1359 quae
1480 1307 1720 1358 hujusmodi
1743 1307 1891 1346 itinera
1920 1306 2177 1345 ordinantur.
2211 1306 2317 1345 Obe-

1284 1369 1440 1408 dientia
1471 1378 1571 1419 ergo
1604 1369 1711 1408 circa
1748 1368 1982 1413 missiones,
2006 1378 2098 1418 quae
2133 1379 2207 1418 per
2238 1367 2316 1406 hoc

1281 1435 1424 1470 votum
1443 1431 1705 1481 promittitur,
1725 1430 1814 1469 haec
1832 1431 1970 1469 omnia
1986 1428 2312 1478 comprehendit.

1282 1490 1332 1530 Et
1351 1491 1417 1530 hic
1440 1496 1502 1530 est
1527 1503 1675 1530 sensus
1696 1490 1859 1530 illorum
1891 1491 2110 1529 verborum
2128 1491 2169 1528 in
2191 1489 2317 1528 Bullis

1284 1552 1556 1591 Pontificum;
1579 1552 1759 1604 Speciali
1786 1551 1839 1592 ad
1858 1553 1925 1591 noc
1951 1555 2036 1592 coto
2058 1551 2247 1603 astringi,
2271 1553 2318 1590 ut

1281 1615 1476 1666 quidquid
1501 1615 1710 1655 modernus
1739 1617 1776 1653 et
1806 1614 1881 1654 alii
1900 1613 2073 1653 Romani
2095 1613 2318 1660 Pontifices

1277 1688 1355 1731 pro
1390 1680 1559 1728 tempore
1594 1678 1805 1717 existentes
1833 1676 2052 1726 jusserint,
2089 1675 2141 1717 ad
2162 1676 2318 1724 profec-

1279 1742 1367 1779 tum
1406 1739 1636 1778 animarum
1678 1739 1718 1778 et
1759 1735 1854 1786 fidei
1887 1737 2214 1789 propagationem
2230 1764 2241 1782 ‚
2278 1737 2318 1775 et

1283 1810 1548 1851 quascumque
1586 1799 1820 1850 provincias
1858 1809 1931 1838 nos
1980 1799 2137 1837 mittere
2188 1797 2317 1836 volne-

1283 1861 1395 1906 rint‚
1424 1864 1501 1899 etc.
1538 1858 1694 1898 Vovent
1726 1871 1825 1910 ergo
1855 1871 1942 1897 non
1976 1859 2107 1897 solum
2139 1858 2200 1897 ire
2233 1869 2315 1907 quo

1284 1922 1399 1960 missi
1426 1920 1593 1966 fuerint,
1618 1920 1691 1959 sed
1713 1920 1835 1959 etiam
1865 1920 1920 1960 ibi
1941 1920 2087 1970 exequi
2116 1918 2316 1970 quidquid

1284 1983 1422 2022 faeere
1437 1982 1542 2034 jussi
1555 1982 1709 2021 fuerint
1720 1993 1733 2031 3
1749 1986 1971 2032 utrumque
1995 1994 2093 2032 ergo
2111 1985 2174 2020 est
2187 1985 2316 2020 mate-

1283 2045 1345 2083 ria
1363 2045 1487 2094 hujus
1507 2044 1606 2090 voti,
1629 2047 1832 2094 quantum
1849 2047 1910 2082 est
1924 2054 1976 2082 ex
1996 2043 2034 2081 vi
2052 2042 2316 2093 obligationis

1284 2107 1388 2156 ejus.
1409 2105 1527 2153 Quod
1553 2105 1648 2143 ideo
1671 2103 1795 2153 addo,
1819 2105 1915 2156 quia
1933 2104 1975 2142 in
2008 2116 2087 2142 usu
2120 2104 2213 2143 talis
2239 2104 2316 2143 erit

1284 2167 1496 2216 obligatio,
1522 2165 1645 2216 quale
1665 2165 1790 2205 fuerit
1809 2169 2061 2216 praeceptum
2081 2165 2190 2215 quod
2219 2168 2315 2204 actu

1279 2227 1531 2277 imponetur.
1559 2227 1677 2277 Saepe
1701 2227 1812 2266 enim
1831 2230 1967 2277 potest
1996 2227 2161 2277 praecipi
2192 2227 2315 2266 alicui

1279 2288 1338 2326 ire
1366 2287 1407 2326 in
1437 2287 1613 2334 Indiam,
1644 2298 1730 2326 non
1758 2290 1899 2327 tamen
1918 2287 2084 2339 praecipi
2106 2287 2314 2327 actionem

1279 2349 1335 2388 ibi
1355 2348 1645 2396 exercendam,
1666 2347 1740 2388 sed
1759 2348 1937 2399 relinqui
1958 2348 2186 2388 secundum
2201 2349 2313 2388 insti-

1279 2413 1430 2449 tutum.
1453 2410 1502 2448 Et
1535 2413 1636 2448 tunc
1663 2407 1698 2447 si
1721 2410 1818 2460 quis
1853 2409 2021 2450 obediat
2045 2410 2196 2459 eundo,
2218 2410 2315 2450 licet

1279 2475 1424 2521 postea
1455 2470 1506 2509 sit
1533 2470 1767 2520 negligens,
1801 2470 1868 2509 vel
1899 2471 2003 2510 alias
2030 2474 2173 2521 peccet
2203 2471 2313 2511 male

1279 2531 1434 2570 utendo
1456 2542 1530 2569 suo
1550 2543 1741 2579 munere,
1763 2543 1847 2570 non
1873 2531 2062 2583 peccabit
2079 2531 2312 2583 specialiter

1279 2597 1422 2633 contra
1453 2594 1532 2632 hoc
1563 2597 1720 2639 votum,
1745 2593 1841 2649 quia
1858 2597 2110 2644 praeceptum
2130 2604 2215 2634 non
2232 2593 2312 2635 fuit

1278 2655 1386 2693 circa
1402 2657 1531 2692 totam
1551 2655 1768 2693 materiam
1784 2655 1893 2692 illius
1913 2655 2165 2705 impositum.

1328 2717 1368 2753 7.
1401 2716 1458 2755 De
1473 2716 1551 2763 fine
1569 2715 1739 2764 ejusdem
1759 2716 1854 2761 voti,
1876 2726 1944 2754 sen
1961 2717 2133 2755 materia
2152 2715 2311 2766 ejus.—

1276 2775 1429 2822 Quarto
1447 2774 1749 2814 consideranda
1772 2779 1868 2814 sunt
1888 2775 2015 2815 verba
2037 2776 2127 2824 illa,
2150 2777 2207 2818 ad
2219 2788 2310 2828 pro-

1275 2839 1423 2886 fectam
1444 2837 1670 2876 animarum
1688 2839 1724 2875 et
1751 2836 1847 2885 fidei
1866 2839 2194 2889 propayationem
2216 2849 2309 2890 per-

1275 2896 1462 2943 tinentia,
1493 2906 1592 2935 nam
1625 2895 1948 2936 substantialiter
1976 2898 2153 2937 limitant
2180 2901 2307 2939 mate-

1275 2958 1380 2997 riam
1412 2957 1536 3007 hujus
1565 2957 1669 3003 voti;
1692 2969 1776 2996 non
1805 2958 1914 2998 enim
1937 2959 2171 3010 obligamur
2188 2971 2307 3010 pere·

1276 3019 1430 3072 grinari
1451 3030 1715 3070 quocumque
1733 3017 1787 3058 ad
1811 3020 1914 3060 alios
1931 3020 2051 3067 fines,
2072 3021 2143 3060 sed
2172 3021 2303 3061 solum

1273 3079 1328 3118 ad
1342 3080 1518 3120 salutem
1532 3081 1764 3120 animarum
1779 3085 1820 3121 et
1832 3081 1928 3121 fidei
1946 3083 2302 3134 propagationem.

1271 3141 1320 3181 In
1353 3142 1553 3182 Examine
1580 3146 1734 3191 autem,
1763 3153 1853 3195 cap.
1873 3146 1912 3192 1,
1932 3144 1957 3196 ξ
1976 3146 2015 3191 5,
2034 3144 2196 3183 videtur
2216 3145 2311 3194 hos⁴

1271 3203 1483 3253 ampliari,
1504 3203 1605 3243 dum
1625 3203 1774 3244 dicitur
1796 3215 1810 3243 τ
1830 3205 1900 3245 Aa
1915 3218 1980 3246 res
2004 3217 2092 3258 qua»
2118 3206 2173 3247 ad
2203 3204 2311 3246 divi-³

1270 3274 1364 3304 num
1400 3265 1550 3306 cultum
1581 3268 1619 3305 et
1649 3265 1859 3316 reliyionis
1887 3266 2134 3308 Christiana»
2163 3267 2318 3321 bonum
2346 3304 2352 3305 o

1268 3329 1461 3373 spectant.
1492 3327 1567 3367 Hic
1596 3327 1706 3367 enim
1736 3328 1830 3368 finis
1858 3329 2092 3381 generalior
2117 3340 2210 3368 esse
2242 3326 2315 3367 vi.-

1270 3387 1404 3427 detur.
1424 3388 1553 3429 Nam
1542 3401 1602 3428 ire
1619 3389 1674 3428 ad
1688 3390 1906 3438 visitanda,
1920 3391 2034 3431 verbi
2048 3390 2194 3441 gratia,
2209 3389 2322 3437 loca
2340 3406 2352 3442 J

1269 3453 1414 3489 sancta
1436 3450 1683 3499 Jerusalem,
1711 3451 1764 3491 ad
1784 3451 1970 3491 divinum
2000 3452 2155 3491 cultum
2175 3425 2314 3502 perth-5
2281 3453 2352 3638 ἐξ

1267 3514 1351 3557 net,
1371 3515 1413 3561 et
1427 3523 1512 3550 non
1529 3512 1692 3552 videtur
1708 3512 1896 3552 conferre
1913 3512 1967 3551 ad
1985 3511 2080 3551 fidei
2098 3481 2324 3585 propagas?

1267 3571 1424 3612 tionem
1451 3571 1518 3613 vel
1555 3573 1785 3625 profectum
1813 3574 2058 3613 animarum.
2081 3573 2232 3611 Verum

1267 3642 1366 3673 men
1385 3634 1474 3675 haec
1501 3634 1628 3675 verba
1661 3633 2013 3676 accommodanda
2031 3633 2223 3675 videntur

2298 3698 2314 3743 ⁴„
2339 3717 2352 3741 ,κ

2266 3637 2352 3880 ,il
