2352 3880
981 130 1002 155 Q

199 210 289 254 848·

198 294 272 322 rus
292 294 341 320 ex
355 281 435 320 hac
450 279 547 323 vita,
563 279 688 330 jussit
708 291 781 318 eos
808 279 955 320 sedere
978 281 1022 320 in
1048 279 1226 330 civitate,

199 342 471 396 quoadusque
491 340 764 380 induerentur
777 340 926 381 virtute
947 353 997 381 ex
1028 341 1126 389 alto,
1150 342 1230 381 Lu-

198 416 257 445 cae
279 403 343 442 24.
369 401 483 446 Quod
500 402 577 452 ipsi
598 401 653 440 ita
671 402 975 448 intellexerunt,
995 406 1039 442 ut
1056 403 1230 455 ingressi

197 463 239 504 in
258 461 516 502 coenaculum
538 467 677 502 essent
693 467 1007 514 perseverantes
1025 464 1231 504 unanimi-

197 524 312 565 terin
329 524 682 571 oratione,Actor.
695 525 776 565 1.N
781 538 824 565 ec
838 526 1016 566 brevitas
1033 526 1231 578 temporis

199 586 423 635 spectanda
444 590 520 633 est,
544 586 615 625 sed
636 587 886 638 exemplum.
905 589 1088 627 joannes
1120 588 1230 626 enim

197 647 378 698 Baptista
398 647 567 698 triginta
582 649 702 687 annis
722 650 837 700 prius
854 649 896 687 in
917 649 1230 700 contemplatio-

195 721 249 747 ne
286 721 330 747 se
360 709 555 756 exercuit,
582 712 623 749 et
659 716 802 761 postea
832 711 884 750 ad
919 711 1230 761 praedicandum

197 770 346 817 exivit3
370 774 465 809 sunt
486 771 596 810 enim
615 772 728 809 varia
753 772 928 822 Spiritus
948 772 1087 811 Sancti
1105 772 1227 819 dona,

197 843 290 882 quae
310 831 483 880 singulis
501 832 709 871 distribuit
729 836 851 883 prout
870 832 970 872 vult.

247 895 287 933 9.
320 894 435 932 Ratio
454 895 576 932 etiam
598 894 675 932 1100
693 894 913 940 convincit,
933 898 1020 932 tum
1042 893 1139 945 quia
1159 902 1230 935 ne-

194 966 310 994 cesse
333 959 395 994 est
417 959 462 994 ut
488 956 601 1006 prius
631 955 779 1005 aliquis
799 955 839 992 in
861 967 905 994 se
925 955 1083 1002 ardeat,
1105 968 1230 1007 quam

195 1015 284 1054 aliis
312 1016 467 1063 luceat,
495 1020 538 1054 ut
573 1016 675 1054 alias
697 1016 741 1054 in
777 1016 959 1066 Baptista
989 1017 1231 1068 ponderavit

194 1077 443 1121 Bernardus,
467 1077 505 1114 in
530 1088 723 1115 sermone
755 1076 986 1116 festivitatis
1006 1079 1111 1129 ejus,
1133 1079 1228 1129 quia

193 1138 244 1178 de
266 1139 333 1176 illo
362 1138 461 1176 dixit
485 1138 668 1176 Christus
690 1150 697 1176 :
722 1139 832 1178 Erat
853 1139 1012 1179 lucerna
1031 1141 1174 1180 ardens
1191 1143 1227 1180 et

192 1199 349 1245 lucens‚·
373 1199 490 1238 ardet
529 1202 666 1238 autem
699 1199 790 1249 quis
826 1212 899 1251 per
922 1201 1230 1252 contemplatio—

191 1272 305 1307 nem,
327 1260 437 1299 lucet
454 1264 594 1299 autern
614 1273 690 1312 per
711 1261 959 1307 doctrinam;
985 1266 1072 1300 tum
1105 1263 1229 1301 etiam

192 1322 288 1373 quia
308 1321 426 1360 valde
454 1322 735 1362 inordinatum
754 1328 830 1370 est,
850 1327 894 1361 ut
913 1323 1061 1374 aliquis
1084 1323 1231 1363 doceat

190 1383 306 1434 prius
324 1395 449 1434 quam
471 1384 615 1431 discat,
637 1388 680 1423 ut
700 1397 808 1435 saepe
836 1384 930 1435 jura
951 1385 1150 1423 canonica
1171 1386 1230 1425 lo·

191 1449 391 1495 quuntur,
428 1457 521 1495 quae
554 1445 814 1496 praecedente
847 1445 981 1496 capite
1014 1445 1151 1484 retuli.
1182 1447 1232 1486 Et

192 1507 358 1558 egregie
386 1518 434 1545 ac
463 1507 766 1546 modestissime
796 1507 1099 1554 Nazianzenus,
1123 1512 1225 1546 orat.

192 1569 209 1606 1
236 1581 247 1605 ε
269 1568 373 1607 Hoec
395 1568 555 1619 (inquit)
582 1581 668 1608 cum
687 1569 883 1609 nobiscum
905 1569 986 1619 ipsi
1006 1580 1085 1607 non
1101 1569 1232 1619 possi-

189 1640 279 1668 mus
293 1659 303 1676 ,
335 1631 515 1678 fortasse
541 1630 789 1670 consiliariis
807 1660 817 1678 ,
850 1630 1041 1672 benevolis
1074 1631 1229 1681 quidem

190 1694 305 1738 certe,
342 1691 561 1739 collocatis,
593 1692 873 1742 praestabilius
908 1703 990 1731 esse
1025 1691 1228 1740 duximus,

190 1763 276 1791 cum
298 1764 383 1803 quoe
402 1753 565 1792 dicenda
582 1758 616 1792 et
631 1754 813 1798 facienda
832 1756 958 1792 essent
975 1754 1230 1800 nesciremus,

191 1824 235 1852 ea
256 1814 469 1860 addiscere,
488 1825 605 1864 quam
627 1813 840 1853 nescientes
860 1814 1003 1852 docere.
1026 1813 1235 1853 Praeclara

191 1874 293 1913 enim
315 1886 401 1913 cum
422 1886 460 1912 eo
489 1874 642 1924 ayitur,
664 1874 727 1914 cui
755 1874 815 1913 vel
844 1875 886 1912 in
913 1875 1155 1923 profundam
1172 1884 1231 1913 se·

191 1939 383 1975 nectutem
406 1948 529 1975 canus
558 1949 682 1976 sermo
702 1936 848 1983 veniat,
873 1946 1031 1986 eamque
1049 1937 1132 1974 cim
1160 1936 1231 1977 ka-

192 1996 295 2042 bcns‚
316 2000 361 2036 ut
391 1997 537 2036 recenti
563 1997 691 2036 adhuc
723 1997 768 2035 in
785 1997 932 2045 pietate
952 1997 1096 2036 animoe
1114 1996 1232 2047 adju-

191 2062 317 2098 mento
349 2069 429 2097 esse
454 2058 596 2107 possit.
620 2056 733 2097 Nam
762 2061 863 2097 certe
889 2056 990 2096 alios
1012 2058 1142 2097 docere
1161 2067 1232 2107 aq-

190 2121 317 2172 9redi,
333 2121 571 2171 priusquam
590 2119 671 2169 ipsi
692 2119 816 2159 edocti
836 2119 978 2166 simus,
1000 2119 1111 2159 valde
1129 2119 1232 2158 stul-

191 2184 319 2221 torum
340 2192 385 2220 ac
405 2180 707 2220 temerariorum
728 2179 929 2219 hominum
951 2189 1029 2218 esse
1057 2179 1227 2218 videtur.

192 2241 308 2282 Unde
330 2241 502 2279 inferius
527 2239 735 2278 concludit
756 2251 765 2277 ε
786 2239 943 2290 Ecquis
963 2249 1050 2278 cum
1068 2238 1233 2278 Domini

190 2303 430 2353 voluptatem
458 2302 631 2341 nondum
648 2331 657 2348 ‚
680 2304 726 2340 ut
745 2302 874 2340 videre
895 2301 1057 2352 dignum
1077 2304 1150 2347 est,
1171 2301 1230 2340 vi-

191 2364 310 2409 derit,
347 2365 422 2402 etc.
458 2363 614 2414 Ecquis
647 2374 734 2402 cum
765 2362 934 2401 nondum
972 2365 1011 2402 et
1046 2374 1170 2413 opere,
1194 2365 1231 2402 et

192 2425 537 2475 contemplatione.
556 2436 628 2475 per
660 2435 790 2463 omnes
825 2422 980 2463 Christi
1001 2424 1231 2474 appellatio-

191 2495 274 2531 nes,
310 2490 346 2526 et
377 2487 547 2525 virtutes
580 2484 817 2535 pervenerit,
854 2488 931 2522 etc.
967 2485 1119 2536 Ecquis
1143 2496 1230 2524 cum

191 2548 363 2587 nondum
396 2547 597 2587 vacaverit
629 2547 681 2586 ad
707 2547 783 2586 Dei
815 2545 1052 2598 sapientiam
1082 2548 1124 2584 in
1154 2557 1230 2585 nao-

191 2610 368 2648 nasterio
392 2607 659 2649 absconditam
674 2637 683 2655 ‚
714 2619 781 2647 nec
801 2607 909 2659 loqui
931 2607 1139 2655 didicerit,
1167 2607 1235 2647 sed

190 2671 387 2722 parvulus
407 2673 479 2718 sit,
511 2674 547 2710 et
566 2670 693 2710 adhuc
719 2670 817 2709 lacte
852 2670 1007 2714 alatur,
1029 2669 1157 2708 adhuc
1186 2679 1234 2710 eat

193 2731 250 2771 iis
268 2733 338 2780 sit,
369 2733 437 2783 qui
467 2733 574 2771 inter
610 2731 825 2770 Israelitas
848 2741 924 2768 non
955 2733 1230 2779 numerantur,

192 2802 261 2832 nec
279 2794 322 2833 in
343 2793 418 2832 Dei
440 2793 584 2832 castris
605 2796 868 2839 recensentur,
887 2791 1055 2830 nondum
1073 2792 1234 2842 denique

196 2853 386 2903 tanquam
416 2854 480 2891 vir
503 2853 660 2892 Christi
682 2864 831 2891 crucem
851 2853 959 2900 ferre
978 2855 1117 2902 queat,
1138 2851 1230 2892 Zoeto

195 2915 327 2954 tamen
345 2913 546 2964 alacrique
566 2914 697 2952 animo
715 2924 755 2952 se
778 2912 1010 2952 Christiano
1031 2914 1148 2951 coetui
1168 2923 1231 2952 ca-

189 2966 266 3026 put
286 2975 475 3013 constitui
490 2974 698 3024 patietur?
715 2973 908 3019 Quamvis
927 2972 1036 3011 enim
1059 2972 1228 3010 Nazian-

195 3045 324 3074 zenus
356 3035 444 3074 haec
474 3035 525 3073 de
555 3046 728 3073 munere
753 3033 985 3085 Episcopali
1006 3033 1230 3084 scripserit,

195 3098 334 3135 tamen
357 3107 431 3146 per
445 3095 756 3146 proportionem
772 3099 882 3134 recte
898 3094 1233 3133 accommodatur

190 3151 356 3197 'muneri
396 3159 437 3196 et
473 3156 622 3196 actioni
665 3156 945 3208 professorum
985 3156 1196 3195 Societatis
1215 3185 1230 3204 ,

197 3223 403 3271 quatenus
421 3218 611 3269 quaedam
629 3218 885 3269 participatio
906 3217 1015 3255 illius
1038 3220 1113 3265 est,
1131 3220 1171 3255 et
1189 3216 1234 3255 in

196 3278 466 3320 illuminando
481 3283 521 3318 et
537 3279 724 3319 docendo
742 3280 844 3318 alios
865 3278 1064 3323 consistit,
1084 3282 1124 3316 et
1141 3277 1232 3317 ideo

190 3341 252 3382 'ad
275 3341 390 3380 illum
408 3341 562 3380 assumi
583 3353 666 3380 non
687 3340 827 3389 debet,
846 3340 922 3379 nisi
945 3339 1015 3390 qui
1046 3338 1232 3378 didicerit

197 3414 273 3456 per
296 3403 699 3454 contemplationem,
729 3414 820 3454 quae
845 3404 990 3453 postea
1011 3399 1131 3439 docet
1156 3412 1231 3451 per

200 3464 419 3505 actionem.
439 3464 623 3515 Denique
653 3463 686 3503 si
711 3461 1002 3514 contemplatio
1039 3473 1123 3500 non
1161 3473 1231 3499 an-

199 3526 386 3576 tecedat,
418 3526 485 3566 vix
520 3529 591 3565 aut
618 3524 732 3564 nullo
766 3525 888 3564 modo
913 3522 1064 3575 poterit
1092 3526 1232 3575 postea

199 3589 387 3641 tempore
424 3587 555 3640 ipsius
593 3586 765 3629 actionis
806 3585 1063 3638 comparari;
1103 3588 1144 3624 et
1177 3584 1234 3626 ita

326 3666 340 3687 ἱ

551 215 629 249 Lm.
652 214 708 248 vt.
729 211 783 247 DE
805 213 1089 254 PROFESSIONE.
1113 216 1208 257 QUAE
1228 215 1270 250 IN
1291 216 1515 250 SOCIETATE
1536 213 1624 256 m,
1639 217 1692 250 ΕΤ
1713 215 1767 252 m:
1787 218 1853 260 ns,
1875 214 1967 254 ETCL

1282 282 1412 320 multo
1433 281 1570 320 minus
1593 281 1743 332 poterit
1759 282 1896 333 ipsam
1924 283 2127 331 comitari,
2153 296 2212 327 aer

1282 347 1407 394 petua
1435 342 1715 382 vicissitudine
1745 354 1841 382 cum
1863 355 1912 382 ea
1943 343 2108 384 misceri
2123 372 2134 392 ‚
2155 345 2238 391 sed,
2259 333 2288 390 ζ

1284 405 1442 454 linquet
1456 404 1586 443 solam
1604 404 1809 444 Martham
1827 404 2078 453 ministrare;
2099 407 2211 456 quod
2232 400 2272 442 -.·³

1285 477 1436 516 magno
1455 465 1562 504 illius
1582 465 1844 505 incommodo
1875 478 1958 504 non
1981 467 2070 515 erit,
2099 467 2194 518 quia
2218 481 2252 509 s
2269 463 2281 469 ”

1285 526 1471 565 trahetur
1487 527 1523 565 ei
1541 528 1735 575 suavitas,
1755 531 1795 566 et
1815 527 2022 578 opprimet
2039 539 2131 567 eam
2145 529 2241 569 acti
2312 559 2316 570 2

1286 587 1524 634 necessitas,
1539 593 1584 627 ut
1597 589 1700 628 alias
1721 589 1974 640 Augustinus
1992 589 2107 638 dixit,
2125 601 2251 630 serm·
2271 597 2313 638 ν’]

1283 648 1482 700 vigesimo
1506 654 1620 690 sexto
1637 651 1688 690 de
1707 651 1851 690 Verbis
1874 651 2053 690 Domini.

1338 711 1402 750 10.
1424 709 1680 752 Concludam·
1692 713 1798 752 ratio
1819 725 1843 752 a
1862 724 1972 752 num.
1995 714 2020 753 5
2042 713 2235 764 hucusque
2297 709 2309 732 ³*

1284 771 1380 811 licta
1411 783 1483 821 pro
1513 772 1627 813 tertio
1647 774 1900 825 probationis
1933 786 2048 815 anno.
2067 796 2120 803 —
2142 775 2201 812 Ex
2233 773 2277 812 h
2297 778 2330 822 fn,

1283 844 1382 883 ergo
1403 832 1590 872 discursu
1606 834 1864 874 concluditur
1883 835 2002 882 ratio,
2025 839 2064 874 et
2085 834 2281 874 ostendit
2296 839 2314 883 :3

1284 893 1484 932 mirabilis
1499 894 1539 933 S.
1560 894 1707 946 Ignatii
1725 895 1924 946 sapientia
1941 896 1982 934 in
2000 895 2260 935 instituendis
2282 912 2319 948 ''¹12-

1284 954 1536 994 instruendis
1563 956 1743 995 alumnis
1770 957 1868 995 suis.
1899 957 2015 996 Prius
2047 958 2157 996 enim
2190 956 2256 996 vol

1284 1017 1500 1067 utriusque
1520 1017 1610 1055 vitae
1627 1016 1786 1055 actibus
1805 1017 1847 1055 in
1868 1018 2000 1068 primo
2016 1018 2220 1057 novitiatu
2235 1017 2333 1057 suf·

1284 1077 1473 1117 ficienter
1493 1078 1691 1126 exerceri,
1705 1078 1775 1117 tali
1798 1078 2013 1125 ordine‚ut
2030 1089 2053 1116 a
2072 1078 2326 1131 fundamenqg

1284 1139 1337 1178 tis
1356 1140 1446 1178 vitae
1468 1139 1791 1189 contemplativae
1812 1152 1885 1190 per
1913 1139 2107 1178 exercitia
2129 1138 2327 1190 spiritua-f
2346 1161 2352 1189 ς

1283 1200 1339 1239 lia
1362 1200 1522 1239 initium
1544 1204 1771 1246 sumerent,
1800 1204 1842 1239 et
1865 1212 1915 1240 ex
1942 1201 2023 1240 vita
2045 1201 2177 1240 activa
2206 1201 2317 1240 illam

1282 1266 1442 1314 partem
1464 1266 1562 1301 tunc
1583 1263 1761 1301 maxime
1779 1267 2033 1311 exercerent,
2053 1274 2143 1313 quae
2160 1263 2212 1302 ad
2225 1275 2318 1314 pro-
2349 1271 2352 1307 ζ

1284 1325 1418 1376 priam
1449 1323 1826 1372 mortificationem,
1856 1328 1897 1363 et
1922 1324 2119 1362 virtutum
2147 1323 2319 1374 acquisi-

1285 1385 1440 1424 tionem
1469 1384 1654 1434 confert3
1683 1389 1724 1424 et
1755 1385 1849 1424 ideo
1874 1384 2052 1423 diximus
2072 1384 2114 1423 in
2135 1385 2319 1435 superio·
2349 1416 2352 1421 .

1283 1446 1413 1492 ribus,
1436 1458 1610 1485 numero
1632 1446 1790 1496 quinto,
1811 1450 1976 1496 tempus
1995 1446 2121 1493 illud,
2147 1445 2213 1484 vel
2234 1456 2320 1485 om-

1284 1507 1398 1555 nino,
1425 1507 1488 1545 vel
1509 1507 1595 1546 fere
1615 1511 1775 1545 tantum
1797 1518 1886 1546 esse
1914 1507 2007 1545 vitae
2034 1505 2320 1558 contemplati-

1283 1579 1356 1606 vae.
1378 1566 1494 1612 Quod
1524 1578 1658 1618 genus
1675 1567 1767 1606 vitae
1787 1579 1862 1618 per
1882 1571 2013 1606 totum
2045 1572 2209 1618 tempus
2238 1571 2320 1607 stu-

1285 1628 1446 1667 diorum
1469 1632 1721 1679 perseverat,
1744 1640 1840 1666 nam
1863 1628 1932 1678 (ut
1954 1631 2077 1667 etiam
2098 1628 2320 1668 deelaravi-

1285 1691 1407 1740 mus)
1428 1693 1560 1729 toturn
1575 1690 1788 1740 negotium
1810 1689 2048 1740 disciplinae,
2066 1693 2106 1728 et
2124 1689 2319 1728 doctrinae

1286 1751 1562 1802 acquirendae,
1583 1751 1636 1790 ad
1662 1751 1791 1790 otium
1814 1751 2170 1802 contemplationis
2188 1750 2320 1802 magis

1285 1817 1456 1863 spectat.
1491 1812 1594 1858 Quia
1619 1825 1717 1852 vero
1746 1812 1814 1851 ille
1847 1812 2204 1863 contemplationis
2234 1823 2321 1855 mo.-

1285 1874 1363 1912 dus
1396 1884 1480 1911 non
1512 1878 1671 1924 spectat
1704 1873 1757 1912 ad
1789 1873 2020 1924 perfectum
2040 1876 2080 1913 et
2111 1885 2321 1913 summum

1285 1934 1460 1986 gradum
1489 1935 1593 1984 ejus,
1617 1934 1804 1985 quamvis
1825 1934 1876 1972 ad
1898 1935 2011 1972 illum
2031 1935 2159 1986 possit
2186 1934 2321 1986 dispo-

1285 2007 1400 2041 nere,
1421 1995 1514 2033 ideo
1535 1995 1744 2034 constituit
1763 1999 1822 2043 ut,
1846 1996 2087 2046 priusquam
2108 1996 2319 2046 hujusmo-

1286 2056 1326 2095 di
1354 2056 1563 2095 scholares
1583 2056 1636 2095 ad
1659 2056 1915 2107 operandum
1936 2057 1978 2094 in
2007 2057 2128 2095 vinea
2162 2056 2322 2096 Domini

1286 2116 1463 2166 exirent,
1488 2117 1542 2156 ad
1563 2118 1746 2156 scholam
1771 2118 1862 2156 vitae
1893 2118 2222 2168 contemplativae
2257 2129 2318 2157 re-

1285 2178 1436 2224 dirent,
1459 2180 1504 2216 ut
1534 2178 1575 2216 in
1607 2190 1670 2226 ea,
1695 2183 1734 2217 et
1763 2183 2067 2229 consequenter
2089 2179 2133 2216 in
2165 2179 2319 2218 virtuti-

1283 2237 1378 2286 bus,
1407 2237 1499 2275 sine
1528 2238 1678 2288 quibus
1697 2239 1764 2278 illa
1787 2251 1876 2279 esse
1897 2252 1979 2278 non
2001 2243 2160 2290 potest,
2183 2239 2321 2290 quoad

1284 2299 1372 2339 fieri
1407 2303 1560 2350 posset,
1583 2299 1895 2350 perficerentur.
1917 2301 1979 2339 Ad
2007 2301 2119 2339 hunc
2146 2313 2243 2351 ergo
2273 2301 2322 2340 fi-

1285 2372 1380 2400 nem
1404 2361 1572 2399 tertium
1602 2361 1855 2412 probationis
1885 2373 2040 2400 annum
2073 2343 2324 2414 designavit)

1285 2422 1354 2473 qui
1391 2422 1483 2460 licet
1507 2433 1580 2472 pro
1602 2422 1703 2460 tanti
1737 2424 1872 2473 operis
1895 2422 2094 2473 dignitate
2131 2410 2324 2462 brevissi-¹

1285 2495 1399 2523 mum
1419 2487 1584 2534 tempus
1610 2483 1813 2531 videatur,
1844 2496 1917 2535 pro
1939 2483 2157 2533 fragilitate
2181 2459 2324 2523 tamen¹

1286 2545 1504 2584 hominum
1537 2549 1577 2584 et
1609 2544 1809 2584 brevitate
1838 2545 1931 2584 vitae
1955 2544 2227 2595 judicandum
2258 2547 2320 2584 est

1287 2607 1511 2645 sufficiens.
1534 2606 1623 2644 Non
1645 2606 1753 2644 enim
1773 2605 1852 2645 1100
1871 2611 2034 2656 tempus
2070 2617 2117 2643 eo
2140 2605 2223 2645 fine
2249 2606 2320 2646 de-

1287 2668 1489 2718 signatur,
1513 2670 1557 2705 ut
1583 2667 1623 2704 in
1644 2679 1694 2705 eo
1713 2670 1796 2705 tota
1814 2667 1939 2717 hujus
1960 2666 2139 2705 exercitii
2162 2666 2320 2717 perfec-

1286 2729 1342 2768 tio
1358 2726 1636 2778 comparanda
1653 2727 1718 2774 sit,
1738 2727 1810 2765 sed
1830 2732 1874 2765 ut
1894 2727 2052 2777 majora
2069 2727 2262 2778 quaedam
2278 2731 2335 2768 et

1287 2789 1530 2828 sufficientia
1562 2787 1833 2826 fundamenta
1856 2787 2064 2838 jaciantur
2083 2817 2096 2836 ,
2127 2792 2169 2827 et
2196 2792 2242 2828 ut
2273 2788 2316 2828 in

1285 2861 1470 2891 amorem
1503 2853 1543 2888 et
1569 2848 1749 2887 studium
1772 2849 1862 2900 ejus
1886 2849 2050 2887 animus
2079 2849 2316 2900 incalescat,
2337 2900 2341 2901 ⁷

1284 2915 1329 2950 ut
1349 2911 1447 2950 dixit
1466 2910 1688 2961 Gregorius
1716 2910 1804 2948 XIII
1822 2922 1831 2956 ;
1854 2910 1943 2948 haec
1964 2910 2075 2948 enim
2097 2910 2315 2951 destinatio

1288 2976 1328 3012 et
1354 2971 1444 3009 haec
1471 2971 1645 3009 intentio
1666 2971 1844 3009 maxime
1874 2971 2109 3010 necessaria
2139 2976 2201 3010 est
2226 2967 2337 3024 per-t.

1284 3030 1450 3071 fectioni
1470 3030 1594 3082 hujus
1613 3031 1717 3070 vitae.
1749 3030 1937 3082 Denique
1960 3035 2004 3070 ut
2032 3030 2063 3069 si
2094 3043 2186 3081 quae
2221 3032 2352 3079 suna,

1287 3098 1377 3134 orta
1406 3093 1717 3144 impedimenta,
1747 3103 1838 3142 quae
1864 3092 1916 3132 ab
1947 3092 2027 3131 hoc
2059 3092 2197 3132 studio
2228 3083 2335 3143 ani-‚3

1286 3165 1400 3192 mum
1420 3158 1605 3193 avertere
1625 3153 1798 3205 possint,
1821 3165 1869 3193 eo
1891 3157 2074 3205 tempore
2102 3153 2319 3195 tollanturs

1289 3215 1383 3254 Haec
1407 3227 1504 3267 ergo
1525 3215 1685 3254 videtur
1703 3226 1794 3254 esse
1820 3215 1986 3266 propria
2005 3214 2125 3263 ratio,
2153 3217 2194 3254 et
2220 3213 2246 3253 fi
2281 3212 2311 3267 Ἰ
2338 3207 2339 3211 ’

1286 3288 1362 3328 per
1394 3289 1437 3316 se
1473 3287 1522 3315 ac
1554 3275 1750 3328 primario
1781 3275 1963 3316 intentus
1987 3276 2031 3315 in
2057 3274 2259 3328 designan
2294 3277 2300 3322 f
2349 3308 2352 3331 ÷

1286 3338 1365 3377 hoc
1386 3338 1503 3378 tertio
1524 3337 1778 3389 probationis
1798 3350 1925 3378 anno.

1340 3402 1403 3439 11.
1424 3399 1563 3440 Altera
1581 3401 1688 3440 ratio
1708 3400 1922 3453 resptiens
1941 3398 2061 3439 etiam
2078 3401 2231 3449 tempus

1286 3465 1436 3502 turum.
1459 3482 1511 3489 -
1533 3460 1636 3499 Hinc
1670 3471 1768 3500 vero
1800 3463 2103 3511 consequenter
2120 3457 2167 3497 fit.
2186 3456 2200 3508 (

1288 3527 1347 3563 est
1381 3522 1509 3561 altera
1540 3521 1774 3573 principalis
1811 3520 1914 3560 ratio
1939 3520 2063 3572 hujus
2093 3517 2236 3557 iustitu

1287 3583 1382 3636 nis)
1403 3586 1449 3623 ut
1466 3582 1534 3623 hic
1552 3594 1688 3623 annus
1719 3581 1898 3625 multum
1928 3580 2144 3630 deserviat,
2167 3581 2220 3622 et
