<?xml version="1.0" encoding="UTF-8"?>
<!DOCTYPE html PUBLIC "-//W3C//DTD XHTML 1.0 Transitional//EN"
    "http://www.w3.org/TR/xhtml1/DTD/xhtml1-transitional.dtd">
<html xmlns="http://www.w3.org/1999/xhtml" xml:lang="en" lang="en">
 <head>
  <title>
</title>
<meta http-equiv="Content-Type" content="text/html;charset=utf-8" />
  <meta name='ocr-system' content='tesseract 3.04.00' />
  <meta name='ocr-capabilities' content='ocr_page ocr_carea ocr_par ocr_line ocrx_word'/>
</head>
<body>
  <div class='ocr_page' id='page_1' title='image "./operaomnia16suaauoft_0187.png"; bbox 0 0 2352 3880; ppageno 0'>
   <div class='ocr_carea' id='block_1_1' title="bbox 0 0 667 760">
    <p class='ocr_par' dir='ltr' id='par_1_1' title="bbox 0 0 667 760">
     <span class='ocr_line' id='line_1_1' title="bbox 0 0 667 301; baseline 0 0"><span class='ocrx_word' id='word_1_1' title='bbox 0 0 667 301; x_wconf 95' lang='lat' dir='ltr'>    </span> 
     </span>
     <span class='ocr_line' id='line_1_2' title="bbox 0 301 204 425; baseline 0.034 -7"><span class='ocrx_word' id='word_1_2' title='bbox 0 301 204 425; x_wconf 95' lang='lat' dir='ltr'>   </span> 
     </span>
     <span class='ocr_line' id='line_1_3' title="bbox 0 425 166 606; baseline 0 -2"><span class='ocrx_word' id='word_1_3' title='bbox 0 425 166 606; x_wconf 95' lang='lat' dir='ltr'>     </span> 
     </span>
     <span class='ocr_line' id='line_1_4' title="bbox 0 606 57 760; baseline 0 -38"><span class='ocrx_word' id='word_1_4' title='bbox 0 606 57 760; x_wconf 95' lang='lat' dir='ltr'>   </span> 
     </span>
    </p>
   </div>
   <div class='ocr_carea' id='block_1_2' title="bbox 0 190 2195 833">
    <p class='ocr_par' dir='ltr' id='par_1_2' title="bbox 14 190 2190 397">
     <span class='ocr_line' id='line_1_5' title="bbox 132 190 1926 258; baseline -0.001 -13"><span class='ocrx_word' id='word_1_5' title='bbox 132 228 146 240; x_wconf 43' lang='grc' dir='ltr'><strong>μ</strong></span> <span class='ocrx_word' id='word_1_6' title='bbox 177 203 193 258; x_wconf 60' lang='lat' dir='ltr'>J</span> <span class='ocrx_word' id='word_1_7' title='bbox 213 190 237 234; x_wconf 72' lang='lat'>¹.‘</span> <span class='ocrx_word' id='word_1_8' title='bbox 274 196 287 200; x_wconf 65' lang='grc'><strong>’</strong></span> <span class='ocrx_word' id='word_1_9' title='bbox 311 203 411 245; x_wconf 69' lang='lat' dir='ltr'>CM’,</span> <span class='ocrx_word' id='word_1_10' title='bbox 429 198 476 243; x_wconf 63' lang='lat' dir='ltr'>V.</span> <span class='ocrx_word' id='word_1_11' title='bbox 495 203 558 242; x_wconf 73' lang='lat' dir='ltr'>AN</span> <span class='ocrx_word' id='word_1_12' title='bbox 574 202 822 243; x_wconf 67' lang='lat' dir='ltr'>rumonim</span> <span class='ocrx_word' id='word_1_13' title='bbox 837 202 1054 242; x_wconf 69' lang='lat' dir='ltr'>Eunomo</span> <span class='ocrx_word' id='word_1_14' title='bbox 1069 202 1410 243; x_wconf 79' lang='lat' dir='ltr'>CONVENIENTER</span> <span class='ocrx_word' id='word_1_15' title='bbox 1425 205 1515 244; x_wconf 81' lang='lat' dir='ltr'>PER</span> <span class='ocrx_word' id='word_1_16' title='bbox 1528 206 1813 252; x_wconf 79' lang='lat' dir='ltr'>RELIGIOSOS,</span> <span class='ocrx_word' id='word_1_17' title='bbox 1827 206 1926 246; x_wconf 76' lang='lat' dir='ltr'>m&#39;c.</span> 
     </span>
     <span class='ocr_line' id='line_1_6' title="bbox 14 269 2190 337; baseline 0.003 -29"><span class='ocrx_word' id='word_1_18' title='bbox 14 293 21 318; x_wconf 67' lang='lat'>2</span> <span class='ocrx_word' id='word_1_19' title='bbox 106 315 136 337; x_wconf 20' lang='grc' dir='ltr'>μ,</span> <span class='ocrx_word' id='word_1_20' title='bbox 165 270 468 313; x_wconf 54' lang='lat' dir='ltr'>{eruditione</span> <span class='ocrx_word' id='word_1_21' title='bbox 493 281 722 322; x_wconf 85' lang='lat' dir='ltr'>puerorum</span> <span class='ocrx_word' id='word_1_22' title='bbox 748 269 797 322; x_wconf 85' lang='grc'>111</span> <span class='ocrx_word' id='word_1_23' title='bbox 822 269 1092 320; x_wconf 81' lang='lat' dir='ltr'>quibuscum·</span> <span class='ocrx_word' id='word_1_24' title='bbox 1145 274 1376 312; x_wconf 85' lang='lat' dir='ltr'>sostomus:</span> <span class='ocrx_word' id='word_1_25' title='bbox 1397 271 1552 326; x_wconf 81' lang='lat' dir='ltr'>Itaque,</span> <span class='ocrx_word' id='word_1_26' title='bbox 1581 274 1619 312; x_wconf 87' lang='lat' dir='ltr'>si</span> <span class='ocrx_word' id='word_1_27' title='bbox 1648 273 1738 327; x_wconf 84' lang='lat' dir='ltr'>quis</span> <span class='ocrx_word' id='word_1_28' title='bbox 1766 272 1870 314; x_wconf 74' lang='lat' dir='ltr'>mihi</span> <span class='ocrx_word' id='word_1_29' title='bbox 1900 279 2007 313; x_wconf 74' lang='lat' dir='ltr'>nunc</span> <span class='ocrx_word' id='word_1_30' title='bbox 2033 285 2190 328; x_wconf 74' lang='lat' dir='ltr'>quoque</span> 
     </span>
     <span class='ocr_line' id='line_1_7' title="bbox 16 330 2186 397; baseline 0.003 -28"><span class='ocrx_word' id='word_1_31' title='bbox 16 367 18 369; x_wconf 76' lang='grc'>,</span> <span class='ocrx_word' id='word_1_32' title='bbox 67 376 74 397; x_wconf 69' lang='lat'>·.</span> <span class='ocrx_word' id='word_1_33' title='bbox 148 332 434 377; x_wconf 72' lang='lat' dir='ltr'>.&#39;-ferioribus</span> <span class='ocrx_word' id='word_1_34' title='bbox 468 330 708 384; x_wconf 67' lang='lat' dir='ltr'>disciplinis,</span> <span class='ocrx_word' id='word_1_35' title='bbox 740 341 836 382; x_wconf 68' lang='lat' dir='ltr'>qum</span> <span class='ocrx_word' id='word_1_36' title='bbox 862 330 946 370; x_wconf 84' lang='lat' dir='ltr'>sint</span> <span class='ocrx_word' id='word_1_37' title='bbox 975 330 1096 383; x_wconf 75' lang='lat' dir='ltr'>quasi</span> <span class='ocrx_word' id='word_1_38' title='bbox 1148 331 1342 386; x_wconf 75' lang='lat' dir='ltr'>ejusmodi</span> <span class='ocrx_word' id='word_1_39' title='bbox 1358 333 1538 374; x_wconf 78' lang='lat' dir='ltr'>animum</span> <span class='ocrx_word' id='word_1_40' title='bbox 1565 347 1613 374; x_wconf 81' lang='lat' dir='ltr'>ac</span> <span class='ocrx_word' id='word_1_41' title='bbox 1624 335 1894 389; x_wconf 73' lang='lat' dir='ltr'>poedaqoqum</span> <span class='ocrx_word' id='word_1_42' title='bbox 1923 333 2050 385; x_wconf 78' lang='lat' dir='ltr'>daret,</span> <span class='ocrx_word' id='word_1_43' title='bbox 2077 334 2186 376; x_wconf 81' lang='lat' dir='ltr'>alia-</span> 
     </span>
    </p>

    <p class='ocr_par' dir='ltr' id='par_1_3' title="bbox 0 393 2195 820">
     <span class='ocr_line' id='line_1_8' title="bbox 56 393 2187 450; baseline -0 -12"><span class='ocrx_word' id='word_1_44' title='bbox 56 424 68 450; x_wconf 70' lang='lat'><em>3</em></span> <span class='ocrx_word' id='word_1_45' title='bbox 99 402 113 442; x_wconf 61' lang='grc' dir='ltr'>ᾗ</span> <span class='ocrx_word' id='word_1_46' title='bbox 140 399 191 442; x_wconf 77' lang='grc'>,“</span> <span class='ocrx_word' id='word_1_47' title='bbox 204 415 210 434; x_wconf 81' lang='grc' dir='ltr'>ι</span> <span class='ocrx_word' id='word_1_48' title='bbox 223 399 233 408; x_wconf 93' lang='grc'><em>“</em></span> <span class='ocrx_word' id='word_1_49' title='bbox 262 428 276 448; x_wconf 91' lang='grc'>,</span> <span class='ocrx_word' id='word_1_50' title='bbox 294 397 363 438; x_wconf 83' lang='lat' dir='ltr'>vel</span> <span class='ocrx_word' id='word_1_51' title='bbox 378 397 653 438; x_wconf 87' lang='lat' dir='ltr'>fundamenta</span> <span class='ocrx_word' id='word_1_52' title='bbox 668 395 929 448; x_wconf 69' lang='lat' dir='ltr'>perfectioris</span> <span class='ocrx_word' id='word_1_53' title='bbox 943 395 1097 436; x_wconf 82' lang='lat' dir='ltr'>doctri·-</span> <span class='ocrx_word' id='word_1_54' title='bbox 1148 405 1224 446; x_wconf 84' lang='lat' dir='ltr'>que</span> <span class='ocrx_word' id='word_1_55' title='bbox 1239 393 1430 434; x_wconf 74' lang='lat' dir='ltr'>similiter</span> <span class='ocrx_word' id='word_1_56' title='bbox 1446 394 1712 447; x_wconf 84' lang='lat' dir='ltr'>polliceretur</span> <span class='ocrx_word' id='word_1_57' title='bbox 1742 403 1989 447; x_wconf 82' lang='lat' dir='ltr'>curaturum,</span> <span class='ocrx_word' id='word_1_58' title='bbox 2011 396 2187 437; x_wconf 85' lang='lat' dir='ltr'>incredi-</span> 
     </span>
     <span class='ocr_line' id='line_1_9' title="bbox 9 454 2195 513; baseline -0.003 -8"><span class='ocrx_word' id='word_1_59' title='bbox 9 462 22 469; x_wconf 73' lang='grc'><em>”</em></span> <span class='ocrx_word' id='word_1_60' title='bbox 144 460 223 500; x_wconf 85' lang='lat' dir='ltr'>sic</span> <span class='ocrx_word' id='word_1_61' title='bbox 240 460 353 499; x_wconf 82' lang='lat' dir='ltr'>enim</span> <span class='ocrx_word' id='word_1_62' title='bbox 371 471 483 499; x_wconf 84' lang='lat' dir='ltr'>nunc</span> <span class='ocrx_word' id='word_1_63' title='bbox 500 458 626 499; x_wconf 83' lang='lat' dir='ltr'>etiam</span> <span class='ocrx_word' id='word_1_64' title='bbox 645 457 917 509; x_wconf 78' lang='lat' dir='ltr'>grammatica</span> <span class='ocrx_word' id='word_1_65' title='bbox 934 457 987 496; x_wconf 92' lang='lat' dir='ltr'>ad</span> <span class='ocrx_word' id='word_1_66' title='bbox 1004 457 1092 497; x_wconf 76' lang='lat' dir='ltr'>haec</span> <span class='ocrx_word' id='word_1_67' title='bbox 1145 454 1225 496; x_wconf 84' lang='lat' dir='ltr'>bile</span> <span class='ocrx_word' id='word_1_68' title='bbox 1237 461 1290 496; x_wconf 84' lang='lat' dir='ltr'>est</span> <span class='ocrx_word' id='word_1_69' title='bbox 1306 468 1427 509; x_wconf 83' lang='lat' dir='ltr'>quam</span> <span class='ocrx_word' id='word_1_70' title='bbox 1444 455 1490 496; x_wconf 88' lang='lat' dir='ltr'>id</span> <span class='ocrx_word' id='word_1_71' title='bbox 1516 454 1611 509; x_wconf 77' lang='lat' dir='ltr'>fieri</span> <span class='ocrx_word' id='word_1_72' title='bbox 1641 462 1840 510; x_wconf 81' lang='lat' dir='ltr'>optarem:</span> <span class='ocrx_word' id='word_1_73' title='bbox 1868 459 1927 499; x_wconf 76' lang='lat' dir='ltr'>sic</span> <span class='ocrx_word' id='word_1_74' title='bbox 1950 458 2056 499; x_wconf 88' lang='lat' dir='ltr'>enim</span> <span class='ocrx_word' id='word_1_75' title='bbox 2086 471 2195 513; x_wconf 21' lang='lat' dir='ltr'>pro--</span> 
     </span>
     <span class='ocr_line' id='line_1_10' title="bbox 22 515 2187 573; baseline -0.001 -10"><span class='ocrx_word' id='word_1_76' title='bbox 22 555 25 567; x_wconf 62' lang='lat'>,-</span> <span class='ocrx_word' id='word_1_77' title='bbox 135 523 328 563; x_wconf 85' lang='lat' dir='ltr'>(lamenta</span> <span class='ocrx_word' id='word_1_78' title='bbox 345 521 539 572; x_wconf 84' lang='lat' dir='ltr'>pertinet,</span> <span class='ocrx_word' id='word_1_79' title='bbox 559 524 609 560; x_wconf 87' lang='lat' dir='ltr'>ut</span> <span class='ocrx_word' id='word_1_80' title='bbox 623 519 784 560; x_wconf 82' lang='lat' dir='ltr'>notavit</span> <span class='ocrx_word' id='word_1_81' title='bbox 800 519 997 563; x_wconf 83' lang='lat' dir='ltr'>Isidorus,</span> <span class='ocrx_word' id='word_1_82' title='bbox 1013 518 1087 559; x_wconf 87' lang='lat' dir='ltr'>lib.</span> <span class='ocrx_word' id='word_1_83' title='bbox 1143 515 1244 569; x_wconf 85' lang='lat' dir='ltr'>fecto</span> <span class='ocrx_word' id='word_1_84' title='bbox 1279 517 1493 570; x_wconf 80' lang='lat' dir='ltr'><em>copiosiori</em></span> <span class='ocrx_word' id='word_1_85' title='bbox 1511 530 1562 558; x_wconf 70' lang='lat' dir='ltr'>ex</span> <span class='ocrx_word' id='word_1_86' title='bbox 1591 516 1728 571; x_wconf 79' lang='lat' dir='ltr'>fructu</span> <span class='ocrx_word' id='word_1_87' title='bbox 1757 520 1887 572; x_wconf 73' lang='lat' dir='ltr'>maqis</span> <span class='ocrx_word' id='word_1_88' title='bbox 1912 519 2187 573; x_wconf 72' lang='lat' dir='ltr'>qauderemus.</span> 
     </span>
     <span class='ocr_line' id='line_1_11' title="bbox 20 580 2190 635; baseline 0.001 -13"><span class='ocrx_word' id='word_1_89' title='bbox 20 614 26 617; x_wconf 86' lang='lat'>.</span> <span class='ocrx_word' id='word_1_90' title='bbox 87 582 472 635; x_wconf 55' lang='lat' dir='ltr'>*Etymologiarum,</span> <span class='ocrx_word' id='word_1_91' title='bbox 491 593 528 621; x_wconf 90' lang='grc'>6.</span> <span class='ocrx_word' id='word_1_92' title='bbox 555 583 596 620; x_wconf 81' lang='lat'>4.</span> <span class='ocrx_word' id='word_1_93' title='bbox 628 581 707 628; x_wconf 89' lang='lat' dir='ltr'>Qui</span> <span class='ocrx_word' id='word_1_94' title='bbox 722 583 944 632; x_wconf 86' lang='lat' dir='ltr'>propterea</span> <span class='ocrx_word' id='word_1_95' title='bbox 970 580 1087 630; x_wconf 81' lang='lat' dir='ltr'>dixit,</span> <span class='ocrx_word' id='word_1_96' title='bbox 1144 581 1228 620; x_wconf 85' lang='lat' dir='ltr'>Nec</span> <span class='ocrx_word' id='word_1_97' title='bbox 1261 580 1502 621; x_wconf 88' lang='lat' dir='ltr'>mirandum</span> <span class='ocrx_word' id='word_1_98' title='bbox 1529 584 1593 621; x_wconf 91' lang='lat' dir='ltr'>est</span> <span class='ocrx_word' id='word_1_99' title='bbox 1619 581 1863 633; x_wconf 77' lang='lat' dir='ltr'>religiosum</span> <span class='ocrx_word' id='word_1_100' title='bbox 1899 583 2020 623; x_wconf 78' lang='lat' dir='ltr'>inum</span> <span class='ocrx_word' id='word_1_101' title='bbox 2048 585 2190 626; x_wconf 87' lang='lat' dir='ltr'>virum</span> 
     </span>
     <span class='ocr_line' id='line_1_12' title="bbox 18 635 2191 694; baseline 0.001 -8.99"><span class='ocrx_word' id='word_1_102' title='bbox 18 635 132 693; x_wconf 56' lang='lat' dir='ltr'>D.</span> <span class='ocrx_word' id='word_1_103' title='bbox 149 646 174 686; x_wconf 89' lang='grc'><strong>3</strong></span> <span class='ocrx_word' id='word_1_104' title='bbox 186 645 237 683; x_wconf 91' lang='lat' dir='ltr'>de</span> <span class='ocrx_word' id='word_1_105' title='bbox 251 645 424 684; x_wconf 87' lang='lat' dir='ltr'>Summo</span> <span class='ocrx_word' id='word_1_106' title='bbox 439 643 565 692; x_wconf 92' lang='lat' dir='ltr'>bono,</span> <span class='ocrx_word' id='word_1_107' title='bbox 585 654 622 682; x_wconf 92' lang='grc'>6.</span> <span class='ocrx_word' id='word_1_108' title='bbox 638 643 703 691; x_wconf 89' lang='grc'>13,</span> <span class='ocrx_word' id='word_1_109' title='bbox 719 642 1089 693; x_wconf 83' lang='lat' dir='ltr'>grammatic-orum</span> <span class='ocrx_word' id='word_1_110' title='bbox 1140 642 1266 682; x_wconf 84' lang='lat' dir='ltr'>unius</span> <span class='ocrx_word' id='word_1_111' title='bbox 1282 643 1404 694; x_wconf 90' lang='lat' dir='ltr'>pueri</span> <span class='ocrx_word' id='word_1_112' title='bbox 1416 655 1560 683; x_wconf 87' lang='lat' dir='ltr'>curam</span> <span class='ocrx_word' id='word_1_113' title='bbox 1578 646 1620 683; x_wconf 86' lang='lat' dir='ltr'>et</span> <span class='ocrx_word' id='word_1_114' title='bbox 1636 644 1926 694; x_wconf 82' lang='lat' dir='ltr'>magisterium</span> <span class='ocrx_word' id='word_1_115' title='bbox 1943 649 2062 685; x_wconf 85' lang='lat' dir='ltr'>tanta</span> <span class='ocrx_word' id='word_1_116' title='bbox 2087 659 2191 687; x_wconf 83' lang='lat' dir='ltr'>cura</span> 
     </span>
     <span class='ocr_line' id='line_1_13' title="bbox 60 700 2188 757; baseline -0 -8.024"><span class='ocrx_word' id='word_1_117' title='bbox 60 702 284 753; x_wconf 54' lang='lat' dir='ltr'>{utrinam</span> <span class='ocrx_word' id='word_1_118' title='bbox 310 705 438 745; x_wconf 88' lang='lat' dir='ltr'>etiam</span> <span class='ocrx_word' id='word_1_119' title='bbox 463 716 582 756; x_wconf 90' lang='lat' dir='ltr'>posse</span> <span class='ocrx_word' id='word_1_120' title='bbox 617 702 818 756; x_wconf 81' lang='lat' dir='ltr'>proficere</span> <span class='ocrx_word' id='word_1_121' title='bbox 845 704 900 743; x_wconf 86' lang='lat' dir='ltr'>ad</span> <span class='ocrx_word' id='word_1_122' title='bbox 933 703 1086 753; x_wconf 68' lang='lat' dir='ltr'>vim,</span> <span class='ocrx_word' id='word_1_123' title='bbox 1142 704 1382 756; x_wconf 83' lang='lat' dir='ltr'>suscepisse,</span> <span class='ocrx_word' id='word_1_124' title='bbox 1415 717 1512 745; x_wconf 90' lang='lat' dir='ltr'>cum</span> <span class='ocrx_word' id='word_1_125' title='bbox 1542 709 1709 746; x_wconf 74' lang='lat' dir='ltr'>sanctus</span> <span class='ocrx_word' id='word_1_126' title='bbox 1748 700 2028 757; x_wconf 86' lang='lat' dir='ltr'>Hieronymus</span> <span class='ocrx_word' id='word_1_127' title='bbox 2043 737 2054 756; x_wconf 92' lang='lat'>,</span> <span class='ocrx_word' id='word_1_128' title='bbox 2086 709 2188 748; x_wconf 88' lang='lat' dir='ltr'>scri-</span> 
     </span>
     <span class='ocr_line' id='line_1_14' title="bbox 0 762 2186 833; baseline 0.001 -27"><span class='ocrx_word' id='word_1_129' title='bbox 0 790 24 806; x_wconf 66' lang='grc'>;</span> <span class='ocrx_word' id='word_1_130' title='bbox 37 768 157 819; x_wconf 57' lang='lat' dir='ltr'>¹dum</span> <span class='ocrx_word' id='word_1_131' title='bbox 180 765 370 806; x_wconf 90' lang='lat' dir='ltr'>fueritin</span> <span class='ocrx_word' id='word_1_132' title='bbox 386 765 579 805; x_wconf 88' lang='lat' dir='ltr'>meliores</span> <span class='ocrx_word' id='word_1_133' title='bbox 608 776 708 803; x_wconf 91' lang='lat' dir='ltr'>usus</span> <span class='ocrx_word' id='word_1_134' title='bbox 726 767 954 833; x_wconf 76' lang='lat' dir='ltr'>assumpta,</span> <span class='ocrx_word' id='word_1_135' title='bbox 976 762 1090 816; x_wconf 92' lang='lat' dir='ltr'>quod</span> <span class='ocrx_word' id='word_1_136' title='bbox 1141 766 1245 806; x_wconf 90' lang='lat' dir='ltr'>bens</span> <span class='ocrx_word' id='word_1_137' title='bbox 1275 767 1329 806; x_wconf 85' lang='lat' dir='ltr'>ad</span> <span class='ocrx_word' id='word_1_138' title='bbox 1361 768 1523 807; x_wconf 83' lang='lat' dir='ltr'>Laetam</span> <span class='ocrx_word' id='word_1_139' title='bbox 1550 767 1602 807; x_wconf 91' lang='lat' dir='ltr'>de</span> <span class='ocrx_word' id='word_1_140' title='bbox 1631 767 1895 807; x_wconf 87' lang='lat' dir='ltr'>institutione</span> <span class='ocrx_word' id='word_1_141' title='bbox 1914 769 2056 808; x_wconf 79' lang='lat' dir='ltr'>Paulae</span> <span class='ocrx_word' id='word_1_142' title='bbox 2074 769 2186 820; x_wconf 85' lang='lat' dir='ltr'>filiae,</span> 
     </span>
    </p>
   </div>
   <div class='ocr_carea' id='block_1_3' title="bbox 0 823 1094 3475">
    <p class='ocr_par' dir='ltr' id='par_1_4' title="bbox 0 823 1094 2101">
     <span class='ocr_line' id='line_1_15' title="bbox 11 823 1089 879; baseline -0.003 -9.86"><span class='ocrx_word' id='word_1_143' title='bbox 11 838 109 878; x_wconf 62' lang='lat' dir='ltr'>Q!</span> <span class='ocrx_word' id='word_1_144' title='bbox 124 829 376 879; x_wconf 84' lang='lat' dir='ltr'>Hieronymo</span> <span class='ocrx_word' id='word_1_145' title='bbox 394 826 602 867; x_wconf 89' lang='lat' dir='ltr'>refertur</span> <span class='ocrx_word' id='word_1_146' title='bbox 591 839 637 865; x_wconf 89' lang='grc'>111</span> <span class='ocrx_word' id='word_1_147' title='bbox 655 838 749 877; x_wconf 85' lang='lat' dir='ltr'>cap.</span> <span class='ocrx_word' id='word_1_148' title='bbox 771 823 820 866; x_wconf 84' lang='lat' dir='ltr'>Si</span> <span class='ocrx_word' id='word_1_149' title='bbox 837 826 929 879; x_wconf 84' lang='lat' dir='ltr'>quis</span> <span class='ocrx_word' id='word_1_150' title='bbox 944 830 1089 875; x_wconf 72' lang='lat' dir='ltr'>autam,</span> 
     </span>
     <span class='ocr_line' id='line_1_16' title="bbox 11 886 1089 946; baseline -0.006 -13.726"><span class='ocrx_word' id='word_1_151' title='bbox 11 890 179 946; x_wconf 48' lang='lat'>3137.</span> <span class='ocrx_word' id='word_1_152' title='bbox 202 890 289 929; x_wconf 85' lang='grc'>11110</span> <span class='ocrx_word' id='word_1_153' title='bbox 308 889 435 928; x_wconf 89' lang='lat' dir='ltr'>etiam</span> <span class='ocrx_word' id='word_1_154' title='bbox 461 892 598 928; x_wconf 83' lang='lat' dir='ltr'>artem</span> <span class='ocrx_word' id='word_1_155' title='bbox 633 887 840 927; x_wconf 84' lang='lat' dir='ltr'>scribendi</span> <span class='ocrx_word' id='word_1_156' title='bbox 863 887 973 927; x_wconf 90' lang='lat' dir='ltr'>inter</span> <span class='ocrx_word' id='word_1_157' title='bbox 999 886 1089 927; x_wconf 81' lang='lat' dir='ltr'>haec</span> 
     </span>
     <span class='ocr_line' id='line_1_17' title="bbox 11 938 1089 1002; baseline -0.003 -10.865"><span class='ocrx_word' id='word_1_158' title='bbox 11 938 322 998; x_wconf 61' lang='lat' dir='ltr'>fundamenta</span> <span class='ocrx_word' id='word_1_159' title='bbox 340 951 550 1002; x_wconf 87' lang='lat' dir='ltr'>reputavit</span> <span class='ocrx_word' id='word_1_160' title='bbox 578 949 800 1002; x_wconf 75' lang='lat' dir='ltr'>praedictus</span> <span class='ocrx_word' id='word_1_161' title='bbox 821 951 1089 1000; x_wconf 80' lang='lat' dir='ltr'>Protogenes,</span> 
     </span>
     <span class='ocr_line' id='line_1_18' title="bbox 10 1009 1094 1069; baseline -0.005 -16"><span class='ocrx_word' id='word_1_162' title='bbox 10 1028 17 1032; x_wconf 74' lang='grc'>’</span> <span class='ocrx_word' id='word_1_163' title='bbox 52 1013 126 1069; x_wconf 65' lang='lat' dir='ltr'>qui</span> <span class='ocrx_word' id='word_1_164' title='bbox 142 1013 221 1052; x_wconf 86' lang='lat' dir='ltr'>fuit</span> <span class='ocrx_word' id='word_1_165' title='bbox 237 1013 301 1052; x_wconf 89' lang='lat' dir='ltr'>vir</span> <span class='ocrx_word' id='word_1_166' title='bbox 320 1016 500 1061; x_wconf 87' lang='lat' dir='ltr'>sanctus,</span> <span class='ocrx_word' id='word_1_167' title='bbox 516 1015 558 1051; x_wconf 90' lang='lat' dir='ltr'>et</span> <span class='ocrx_word' id='word_1_168' title='bbox 575 1010 788 1051; x_wconf 78' lang='lat' dir='ltr'>miraculis</span> <span class='ocrx_word' id='word_1_169' title='bbox 806 1009 957 1059; x_wconf 80' lang='lat' dir='ltr'>clarus,</span> <span class='ocrx_word' id='word_1_170' title='bbox 969 1012 1017 1049; x_wconf 92' lang='lat' dir='ltr'>ut</span> <span class='ocrx_word' id='word_1_171' title='bbox 1034 1009 1094 1048; x_wconf 91' lang='lat' dir='ltr'>ibi</span> 
     </span>
     <span class='ocr_line' id='line_1_19' title="bbox 3 1066 1091 1118; baseline -0.006 -1"><span class='ocrx_word' id='word_1_172' title='bbox 3 1066 14 1080; x_wconf 75' lang='lat'><em>&#39;</em></span> <span class='ocrx_word' id='word_1_173' title='bbox 52 1072 334 1118; x_wconf 64' lang='lat' dir='ltr'>‘theodoretus</span> <span class='ocrx_word' id='word_1_174' title='bbox 369 1074 509 1113; x_wconf 81' lang='lat' dir='ltr'>refert.</span> <span class='ocrx_word' id='word_1_175' title='bbox 532 1074 584 1113; x_wconf 86' lang='lat' dir='ltr'>Et</span> <span class='ocrx_word' id='word_1_176' title='bbox 610 1072 662 1112; x_wconf 91' lang='lat' dir='ltr'>de</span> <span class='ocrx_word' id='word_1_177' title='bbox 691 1073 735 1113; x_wconf 88' lang='lat' dir='ltr'>S.</span> <span class='ocrx_word' id='word_1_178' title='bbox 767 1071 960 1111; x_wconf 80' lang='lat' dir='ltr'>Cassiano</span> <span class='ocrx_word' id='word_1_179' title='bbox 980 1072 1091 1111; x_wconf 87' lang='lat' dir='ltr'>Mar-</span> 
     </span>
     <span class='ocr_line' id='line_1_20' title="bbox 0 1132 1088 1190; baseline -0.004 -14"><span class='ocrx_word' id='word_1_180' title='bbox 0 1138 16 1185; x_wconf 70' lang='grc' dir='ltr'>’Ῑ</span> <span class='ocrx_word' id='word_1_181' title='bbox 42 1139 156 1190; x_wconf 59' lang='lat' dir='ltr'>tyre,</span> <span class='ocrx_word' id='word_1_182' title='bbox 175 1137 248 1187; x_wconf 86' lang='lat' dir='ltr'>qui</span> <span class='ocrx_word' id='word_1_183' title='bbox 272 1148 426 1175; x_wconf 88' lang='lat' dir='ltr'>munus</span> <span class='ocrx_word' id='word_1_184' title='bbox 457 1135 604 1175; x_wconf 86' lang='lat' dir='ltr'>habuit</span> <span class='ocrx_word' id='word_1_185' title='bbox 626 1132 803 1173; x_wconf 90' lang='lat' dir='ltr'>docendi</span> <span class='ocrx_word' id='word_1_186' title='bbox 819 1144 971 1184; x_wconf 91' lang='lat' dir='ltr'>pueros</span> <span class='ocrx_word' id='word_1_187' title='bbox 990 1144 1088 1184; x_wconf 88' lang='lat' dir='ltr'>par-</span> 
     </span>
     <span class='ocr_line' id='line_1_21' title="bbox 6 1194 1082 1248; baseline -0.005 -11"><span class='ocrx_word' id='word_1_188' title='bbox 6 1227 12 1230; x_wconf 79' lang='lat'>·</span> <span class='ocrx_word' id='word_1_189' title='bbox 50 1197 180 1246; x_wconf 68' lang='lat' dir='ltr'>vulos,</span> <span class='ocrx_word' id='word_1_190' title='bbox 201 1210 224 1235; x_wconf 90' lang='lat' dir='ltr'>a</span> <span class='ocrx_word' id='word_1_191' title='bbox 244 1198 396 1248; x_wconf 88' lang='lat' dir='ltr'>quibus</span> <span class='ocrx_word' id='word_1_192' title='bbox 411 1200 555 1247; x_wconf 89' lang='lat' dir='ltr'>postea</span> <span class='ocrx_word' id='word_1_193' title='bbox 572 1194 823 1245; x_wconf 86' lang='lat' dir='ltr'>martyrium</span> <span class='ocrx_word' id='word_1_194' title='bbox 842 1205 988 1245; x_wconf 89' lang='lat' dir='ltr'>passus</span> <span class='ocrx_word' id='word_1_195' title='bbox 1006 1196 1082 1238; x_wconf 89' lang='lat' dir='ltr'>est,</span> 
     </span>
     <span class='ocr_line' id='line_1_22' title="bbox 4 1254 1085 1304; baseline -0.007 -2"><span class='ocrx_word' id='word_1_196' title='bbox 4 1299 11 1302; x_wconf 80' lang='grc'>,</span> <span class='ocrx_word' id='word_1_197' title='bbox 49 1263 96 1301; x_wconf 79' lang='lat' dir='ltr'>nt</span> <span class='ocrx_word' id='word_1_198' title='bbox 113 1271 161 1298; x_wconf 86' lang='lat' dir='ltr'>ex</span> <span class='ocrx_word' id='word_1_199' title='bbox 180 1258 405 1298; x_wconf 83' lang='lat' dir='ltr'>Prudentio</span> <span class='ocrx_word' id='word_1_200' title='bbox 443 1260 484 1295; x_wconf 92' lang='lat' dir='ltr'>et</span> <span class='ocrx_word' id='word_1_201' title='bbox 514 1255 628 1295; x_wconf 86' lang='lat' dir='ltr'>Beda</span> <span class='ocrx_word' id='word_1_202' title='bbox 645 1255 774 1294; x_wconf 85' lang='lat' dir='ltr'>refert</span> <span class='ocrx_word' id='word_1_203' title='bbox 789 1254 950 1304; x_wconf 88' lang='lat' dir='ltr'>Surius,</span> <span class='ocrx_word' id='word_1_204' title='bbox 982 1258 1085 1294; x_wconf 91' lang='lat' dir='ltr'>tom.</span> 
     </span>
     <span class='ocr_line' id='line_1_23' title="bbox 1 1314 1082 1371; baseline -0.009 -8"><span class='ocrx_word' id='word_1_205' title='bbox 1 1338 9 1363; x_wconf 73' lang='lat'>5</span> <span class='ocrx_word' id='word_1_206' title='bbox 48 1323 88 1371; x_wconf 67' lang='lat'>4,</span> <span class='ocrx_word' id='word_1_207' title='bbox 109 1321 173 1360; x_wconf 90' lang='lat' dir='ltr'>die</span> <span class='ocrx_word' id='word_1_208' title='bbox 206 1322 254 1359; x_wconf 83' lang='lat'>13</span> <span class='ocrx_word' id='word_1_209' title='bbox 276 1319 473 1370; x_wconf 83' lang='lat' dir='ltr'>Augusti3</span> <span class='ocrx_word' id='word_1_210' title='bbox 508 1318 560 1357; x_wconf 89' lang='lat' dir='ltr'>de</span> <span class='ocrx_word' id='word_1_211' title='bbox 590 1317 669 1356; x_wconf 92' lang='grc'>1106</span> <span class='ocrx_word' id='word_1_212' title='bbox 693 1316 895 1367; x_wconf 89' lang='lat' dir='ltr'>(inquam)</span> <span class='ocrx_word' id='word_1_213' title='bbox 926 1314 1082 1364; x_wconf 87' lang='lat' dir='ltr'>ferunt,</span> 
     </span>
     <span class='ocr_line' id='line_1_24' title="bbox 2 1376 1082 1432; baseline -0.008 -9"><span class='ocrx_word' id='word_1_214' title='bbox 2 1383 7 1385; x_wconf 65' lang='grc'><strong><em>’</em></strong></span> <span class='ocrx_word' id='word_1_215' title='bbox 49 1386 95 1424; x_wconf 85' lang='lat' dir='ltr'>ut</span> <span class='ocrx_word' id='word_1_216' title='bbox 110 1383 248 1422; x_wconf 89' lang='lat' dir='ltr'>videre</span> <span class='ocrx_word' id='word_1_217' title='bbox 268 1385 329 1421; x_wconf 76' lang='lat' dir='ltr'>est</span> <span class='ocrx_word' id='word_1_218' title='bbox 347 1381 459 1432; x_wconf 86' lang='lat' dir='ltr'>apud</span> <span class='ocrx_word' id='word_1_219' title='bbox 468 1379 698 1419; x_wconf 89' lang='lat' dir='ltr'>Baronium</span> <span class='ocrx_word' id='word_1_220' title='bbox 709 1378 755 1416; x_wconf 91' lang='lat' dir='ltr'>in</span> <span class='ocrx_word' id='word_1_221' title='bbox 768 1376 1082 1428; x_wconf 85' lang='lat' dir='ltr'>Martyrologio,</span> 
     </span>
     <span class='ocr_line' id='line_1_25' title="bbox 39 1438 1089 1493; baseline -0.01 -7"><span class='ocrx_word' id='word_1_222' title='bbox 39 1443 113 1486; x_wconf 79' lang='lat' dir='ltr'>‚die</span> <span class='ocrx_word' id='word_1_223' title='bbox 144 1445 192 1482; x_wconf 83' lang='grc'>13</span> <span class='ocrx_word' id='word_1_224' title='bbox 224 1442 418 1493; x_wconf 83' lang='lat' dir='ltr'>Augusti,</span> <span class='ocrx_word' id='word_1_225' title='bbox 451 1440 577 1480; x_wconf 87' lang='lat' dir='ltr'>fuisse</span> <span class='ocrx_word' id='word_1_226' title='bbox 605 1440 722 1491; x_wconf 88' lang='lat' dir='ltr'>prius</span> <span class='ocrx_word' id='word_1_227' title='bbox 755 1439 1008 1490; x_wconf 85' lang='lat' dir='ltr'>Episcopum</span> <span class='ocrx_word' id='word_1_228' title='bbox 1042 1438 1089 1477; x_wconf 92' lang='lat' dir='ltr'>in</span> 
     </span>
     <span class='ocr_line' id='line_1_26' title="bbox 49 1499 1090 1552; baseline -0.008 -7"><span class='ocrx_word' id='word_1_229' title='bbox 49 1505 279 1552; x_wconf 74' lang='lat' dir='ltr'>Germania,</span> <span class='ocrx_word' id='word_1_230' title='bbox 302 1507 343 1542; x_wconf 87' lang='lat' dir='ltr'>et</span> <span class='ocrx_word' id='word_1_231' title='bbox 361 1515 387 1541; x_wconf 87' lang='lat' dir='ltr'>a</span> <span class='ocrx_word' id='word_1_232' title='bbox 406 1514 480 1541; x_wconf 90' lang='lat' dir='ltr'>sua</span> <span class='ocrx_word' id='word_1_233' title='bbox 508 1501 602 1541; x_wconf 88' lang='lat' dir='ltr'>sede</span> <span class='ocrx_word' id='word_1_234' title='bbox 631 1501 838 1552; x_wconf 86' lang='lat' dir='ltr'>dejectum</span> <span class='ocrx_word' id='word_1_235' title='bbox 862 1500 1025 1538; x_wconf 86' lang='lat' dir='ltr'>venisse</span> <span class='ocrx_word' id='word_1_236' title='bbox 1043 1499 1090 1538; x_wconf 86' lang='lat' dir='ltr'>in</span> 
     </span>
     <span class='ocr_line' id='line_1_27' title="bbox 45 1561 1088 1615; baseline -0.006 -9"><span class='ocrx_word' id='word_1_237' title='bbox 45 1566 219 1615; x_wconf 68' lang='lat' dir='ltr'>Italiam,</span> <span class='ocrx_word' id='word_1_238' title='bbox 249 1569 288 1604; x_wconf 88' lang='lat' dir='ltr'>et</span> <span class='ocrx_word' id='word_1_239' title='bbox 307 1564 492 1604; x_wconf 79' lang='lat' dir='ltr'>Immolse</span> <span class='ocrx_word' id='word_1_240' title='bbox 513 1563 759 1611; x_wconf 82' lang='lat' dir='ltr'>consedisse,</span> <span class='ocrx_word' id='word_1_241' title='bbox 780 1562 922 1612; x_wconf 88' lang='lat' dir='ltr'>ibique</span> <span class='ocrx_word' id='word_1_242' title='bbox 940 1561 1088 1600; x_wconf 89' lang='lat' dir='ltr'>ludum</span> 
     </span>
     <span class='ocr_line' id='line_1_28' title="bbox 45 1623 1088 1678; baseline -0.007 -9"><span class='ocrx_word' id='word_1_243' title='bbox 45 1627 278 1670; x_wconf 86' lang='lat' dir='ltr'>litterarum</span> <span class='ocrx_word' id='word_1_244' title='bbox 298 1627 520 1678; x_wconf 89' lang='lat' dir='ltr'>aperuisse.</span> <span class='ocrx_word' id='word_1_245' title='bbox 542 1627 647 1666; x_wconf 88' lang='lat' dir='ltr'>Item</span> <span class='ocrx_word' id='word_1_246' title='bbox 669 1625 720 1664; x_wconf 92' lang='lat' dir='ltr'>de</span> <span class='ocrx_word' id='word_1_247' title='bbox 741 1625 785 1665; x_wconf 89' lang='lat' dir='ltr'>S.</span> <span class='ocrx_word' id='word_1_248' title='bbox 809 1623 999 1664; x_wconf 83' lang='lat' dir='ltr'>Patroclo</span> <span class='ocrx_word' id='word_1_249' title='bbox 1017 1636 1088 1663; x_wconf 90' lang='lat' dir='ltr'>re-</span> 
     </span>
     <span class='ocr_line' id='line_1_29' title="bbox 42 1686 1088 1741; baseline -0.006 -11"><span class='ocrx_word' id='word_1_250' title='bbox 42 1690 125 1731; x_wconf 84' lang='lat' dir='ltr'>fert</span> <span class='ocrx_word' id='word_1_251' title='bbox 145 1690 368 1741; x_wconf 79' lang='lat' dir='ltr'>Gregorius</span> <span class='ocrx_word' id='word_1_252' title='bbox 387 1688 654 1736; x_wconf 79' lang='lat' dir='ltr'>Turonensis,</span> <span class='ocrx_word' id='word_1_253' title='bbox 675 1688 721 1726; x_wconf 92' lang='lat' dir='ltr'>in</span> <span class='ocrx_word' id='word_1_254' title='bbox 738 1686 826 1725; x_wconf 84' lang='lat' dir='ltr'>vita</span> <span class='ocrx_word' id='word_1_255' title='bbox 845 1686 948 1737; x_wconf 87' lang='lat' dir='ltr'>ejus,</span> <span class='ocrx_word' id='word_1_256' title='bbox 970 1690 1012 1725; x_wconf 91' lang='lat' dir='ltr'>et</span> <span class='ocrx_word' id='word_1_257' title='bbox 1037 1698 1088 1725; x_wconf 86' lang='lat' dir='ltr'>ex</span> 
     </span>
     <span class='ocr_line' id='line_1_30' title="bbox 48 1748 1086 1800; baseline -0.006 -8"><span class='ocrx_word' id='word_1_258' title='bbox 48 1765 95 1793; x_wconf 87' lang='lat' dir='ltr'>eo</span> <span class='ocrx_word' id='word_1_259' title='bbox 117 1753 277 1800; x_wconf 87' lang='lat' dir='ltr'>Surius,</span> <span class='ocrx_word' id='word_1_260' title='bbox 299 1755 401 1790; x_wconf 89' lang='lat' dir='ltr'>tom.</span> <span class='ocrx_word' id='word_1_261' title='bbox 433 1752 472 1799; x_wconf 85' lang='lat'>6,</span> <span class='ocrx_word' id='word_1_262' title='bbox 495 1750 561 1789; x_wconf 92' lang='lat' dir='ltr'>die</span> <span class='ocrx_word' id='word_1_263' title='bbox 591 1752 640 1789; x_wconf 88' lang='grc'>19</span> <span class='ocrx_word' id='word_1_264' title='bbox 661 1748 920 1797; x_wconf 80' lang='lat' dir='ltr'>Novembris,</span> <span class='ocrx_word' id='word_1_265' title='bbox 958 1748 1086 1787; x_wconf 86' lang='lat' dir='ltr'>fuisse</span> 
     </span>
     <span class='ocr_line' id='line_1_31' title="bbox 45 1810 1088 1868; baseline -0.005 -15"><span class='ocrx_word' id='word_1_266' title='bbox 45 1815 161 1868; x_wconf 90' lang='lat' dir='ltr'>prius</span> <span class='ocrx_word' id='word_1_267' title='bbox 180 1814 388 1856; x_wconf 85' lang='lat' dir='ltr'>clericum,</span> <span class='ocrx_word' id='word_1_268' title='bbox 412 1825 485 1851; x_wconf 91' lang='lat' dir='ltr'>seu</span> <span class='ocrx_word' id='word_1_269' title='bbox 502 1811 759 1852; x_wconf 75' lang='lat' dir='ltr'>Canonicum</span> <span class='ocrx_word' id='word_1_270' title='bbox 776 1810 1028 1861; x_wconf 80' lang='lat' dir='ltr'>regularem,</span> <span class='ocrx_word' id='word_1_271' title='bbox 1046 1814 1088 1849; x_wconf 85' lang='lat' dir='ltr'>et</span> 
     </span>
     <span class='ocr_line' id='line_1_32' title="bbox 44 1871 1083 1924; baseline -0.005 -9"><span class='ocrx_word' id='word_1_272' title='bbox 44 1875 187 1916; x_wconf 87' lang='lat' dir='ltr'>relicta</span> <span class='ocrx_word' id='word_1_273' title='bbox 205 1875 322 1922; x_wconf 92' lang='lat' dir='ltr'>urbe,</span> <span class='ocrx_word' id='word_1_274' title='bbox 344 1874 397 1912; x_wconf 88' lang='lat' dir='ltr'>ad</span> <span class='ocrx_word' id='word_1_275' title='bbox 415 1874 554 1912; x_wconf 85' lang='lat' dir='ltr'>vicum</span> <span class='ocrx_word' id='word_1_276' title='bbox 583 1872 808 1924; x_wconf 80' lang='lat' dir='ltr'>quemdam</span> <span class='ocrx_word' id='word_1_277' title='bbox 838 1871 1083 1920; x_wconf 89' lang='lat' dir='ltr'>discessisse,</span> 
     </span>
     <span class='ocr_line' id='line_1_33' title="bbox 44 1932 1086 1989; baseline -0.007 -12"><span class='ocrx_word' id='word_1_278' title='bbox 44 1937 197 1988; x_wconf 83' lang='lat' dir='ltr'>ibique,</span> <span class='ocrx_word' id='word_1_279' title='bbox 219 1934 417 1989; x_wconf 64' lang='lat' dir='ltr'>aedificato</span> <span class='ocrx_word' id='word_1_280' title='bbox 439 1935 614 1974; x_wconf 84' lang='lat' dir='ltr'>oratorio</span> <span class='ocrx_word' id='word_1_281' title='bbox 633 1933 685 1973; x_wconf 93' lang='lat' dir='ltr'>D.</span> <span class='ocrx_word' id='word_1_282' title='bbox 705 1932 879 1972; x_wconf 86' lang='lat' dir='ltr'>Martini</span> <span class='ocrx_word' id='word_1_283' title='bbox 898 1932 1086 1984; x_wconf 83' lang='lat' dir='ltr'>reliquiis</span> 
     </span>
     <span class='ocr_line' id='line_1_34' title="bbox 45 1991 1090 2049; baseline -0.009 -10"><span class='ocrx_word' id='word_1_284' title='bbox 45 2002 274 2040; x_wconf 79' lang='lat' dir='ltr'>consecrato,</span> <span class='ocrx_word' id='word_1_285' title='bbox 303 2008 450 2049; x_wconf 85' lang='lat' dir='ltr'>pueros</span> <span class='ocrx_word' id='word_1_286' title='bbox 485 1994 645 2034; x_wconf 77' lang='lat' dir='ltr'>erudire</span> <span class='ocrx_word' id='word_1_287' title='bbox 680 1993 837 2046; x_wconf 86' lang='lat' dir='ltr'>coepisse</span> <span class='ocrx_word' id='word_1_288' title='bbox 871 1992 915 2031; x_wconf 80' lang='lat' dir='ltr'>in</span> <span class='ocrx_word' id='word_1_289' title='bbox 946 1991 1090 2031; x_wconf 85' lang='lat' dir='ltr'>studiis</span> 
     </span>
     <span class='ocr_line' id='line_1_35' title="bbox 47 2058 283 2101; baseline -0.017 0"><span class='ocrx_word' id='word_1_290' title='bbox 47 2058 283 2101; x_wconf 67' lang='lat' dir='ltr'>litterarum.</span> 
     </span>
    </p>

    <p class='ocr_par' dir='ltr' id='par_1_5' title="bbox 3 2116 1086 3257">
     <span class='ocr_line' id='line_1_36' title="bbox 94 2116 1086 2170; baseline -0.007 -8"><span class='ocrx_word' id='word_1_291' title='bbox 94 2123 134 2163; x_wconf 88' lang='lat'>8.</span> <span class='ocrx_word' id='word_1_292' title='bbox 167 2121 310 2160; x_wconf 86' lang='lat' dir='ltr'>Refert</span> <span class='ocrx_word' id='word_1_293' title='bbox 334 2119 460 2159; x_wconf 86' lang='lat' dir='ltr'>etiam</span> <span class='ocrx_word' id='word_1_294' title='bbox 489 2117 822 2170; x_wconf 80' lang='lat' dir='ltr'>chrysostomus,</span> <span class='ocrx_word' id='word_1_295' title='bbox 850 2116 923 2156; x_wconf 87' lang='lat' dir='ltr'>lib-</span> <span class='ocrx_word' id='word_1_296' title='bbox 955 2118 980 2156; x_wconf 88' lang='lat'><strong>3</strong></span> <span class='ocrx_word' id='word_1_297' title='bbox 1012 2116 1086 2155; x_wconf 92' lang='lat' dir='ltr'>ad-</span> 
     </span>
     <span class='ocr_line' id='line_1_37' title="bbox 43 2180 1086 2234; baseline -0.006 -11"><span class='ocrx_word' id='word_1_298' title='bbox 43 2194 185 2224; x_wconf 77' lang='lat' dir='ltr'>versus</span> <span class='ocrx_word' id='word_1_299' title='bbox 221 2183 525 2234; x_wconf 82' lang='lat' dir='ltr'>vituperatores</span> <span class='ocrx_word' id='word_1_300' title='bbox 558 2183 655 2221; x_wconf 85' lang='lat' dir='ltr'>vitae</span> <span class='ocrx_word' id='word_1_301' title='bbox 691 2180 952 2224; x_wconf 62' lang='lat' dir='ltr'>monasticas,</span> <span class='ocrx_word' id='word_1_302' title='bbox 991 2182 1086 2230; x_wconf 91' lang='lat' dir='ltr'>post</span> 
     </span>
     <span class='ocr_line' id='line_1_38' title="bbox 42 2242 1080 2297; baseline -0.007 -11"><span class='ocrx_word' id='word_1_303' title='bbox 42 2246 241 2290; x_wconf 85' lang='lat' dir='ltr'>medium,</span> <span class='ocrx_word' id='word_1_304' title='bbox 259 2245 483 2297; x_wconf 85' lang='lat' dir='ltr'>quemdam</span> <span class='ocrx_word' id='word_1_305' title='bbox 498 2243 783 2284; x_wconf 86' lang='lat' dir='ltr'>venerabilem</span> <span class='ocrx_word' id='word_1_306' title='bbox 811 2242 1080 2290; x_wconf 89' lang='lat' dir='ltr'>monachum,</span> 
     </span>
     <span class='ocr_line' id='line_1_39' title="bbox 42 2305 1086 2362; baseline -0.005 -15"><span class='ocrx_word' id='word_1_307' title='bbox 42 2309 116 2362; x_wconf 82' lang='lat' dir='ltr'>qui</span> <span class='ocrx_word' id='word_1_308' title='bbox 129 2308 358 2347; x_wconf 84' lang='lat' dir='ltr'>solitariam</span> <span class='ocrx_word' id='word_1_309' title='bbox 376 2308 506 2346; x_wconf 87' lang='lat' dir='ltr'>vitam</span> <span class='ocrx_word' id='word_1_310' title='bbox 519 2305 808 2358; x_wconf 88' lang='lat' dir='ltr'>profitebatur,</span> <span class='ocrx_word' id='word_1_311' title='bbox 825 2305 878 2343; x_wconf 87' lang='lat' dir='ltr'>ad</span> <span class='ocrx_word' id='word_1_312' title='bbox 889 2305 1086 2344; x_wconf 88' lang='lat' dir='ltr'>Constan-</span> 
     </span>
     <span class='ocr_line' id='line_1_40' title="bbox 41 2367 1082 2422; baseline -0.007 -12"><span class='ocrx_word' id='word_1_313' title='bbox 41 2370 360 2422; x_wconf 76' lang='lat' dir='ltr'>finopolitanam</span> <span class='ocrx_word' id='word_1_314' title='bbox 389 2370 598 2408; x_wconf 79' lang='lat' dir='ltr'>civitatem</span> <span class='ocrx_word' id='word_1_315' title='bbox 623 2367 893 2415; x_wconf 85' lang='lat' dir='ltr'>descendisse,</span> <span class='ocrx_word' id='word_1_316' title='bbox 933 2371 980 2404; x_wconf 91' lang='lat' dir='ltr'>ut</span> <span class='ocrx_word' id='word_1_317' title='bbox 1011 2378 1082 2404; x_wconf 92' lang='lat' dir='ltr'>cu-</span> 
     </span>
     <span class='ocr_line' id='line_1_41' title="bbox 38 2429 1083 2488; baseline -0.007 -14"><span class='ocrx_word' id='word_1_318' title='bbox 38 2435 206 2488; x_wconf 72' lang='lat' dir='ltr'>iusdam</span> <span class='ocrx_word' id='word_1_319' title='bbox 242 2433 511 2472; x_wconf 80' lang='lat' dir='ltr'>adolescentis</span> <span class='ocrx_word' id='word_1_320' title='bbox 547 2443 690 2471; x_wconf 87' lang='lat' dir='ltr'>curam</span> <span class='ocrx_word' id='word_1_321' title='bbox 719 2430 905 2474; x_wconf 82' lang='lat' dir='ltr'>haberet,</span> <span class='ocrx_word' id='word_1_322' title='bbox 936 2429 1083 2481; x_wconf 88' lang='lat' dir='ltr'>ipsius-</span> 
     </span>
     <span class='ocr_line' id='line_1_42' title="bbox 43 2492 1086 2549; baseline -0.006 -14"><span class='ocrx_word' id='word_1_323' title='bbox 43 2508 124 2549; x_wconf 88' lang='lat' dir='ltr'>que</span> <span class='ocrx_word' id='word_1_324' title='bbox 148 2496 349 2534; x_wconf 87' lang='lat' dir='ltr'>formaret</span> <span class='ocrx_word' id='word_1_325' title='bbox 385 2495 588 2543; x_wconf 89' lang='lat' dir='ltr'>animum,</span> <span class='ocrx_word' id='word_1_326' title='bbox 627 2494 728 2532; x_wconf 93' lang='lat' dir='ltr'>dum</span> <span class='ocrx_word' id='word_1_327' title='bbox 764 2493 852 2544; x_wconf 85' lang='lat' dir='ltr'>ipse</span> <span class='ocrx_word' id='word_1_328' title='bbox 880 2492 1020 2530; x_wconf 80' lang='lat' dir='ltr'>latinae</span> <span class='ocrx_word' id='word_1_329' title='bbox 1045 2494 1086 2530; x_wconf 90' lang='lat' dir='ltr'>et</span> 
     </span>
     <span class='ocr_line' id='line_1_43' title="bbox 42 2552 1080 2612; baseline -0.007 -15"><span class='ocrx_word' id='word_1_330' title='bbox 42 2569 187 2612; x_wconf 75' lang='lat' dir='ltr'>graecae</span> <span class='ocrx_word' id='word_1_331' title='bbox 206 2557 361 2608; x_wconf 81' lang='lat' dir='ltr'>linguae</span> <span class='ocrx_word' id='word_1_332' title='bbox 381 2556 578 2604; x_wconf 82' lang='lat' dir='ltr'>studeret,</span> <span class='ocrx_word' id='word_1_333' title='bbox 600 2558 647 2593; x_wconf 92' lang='lat' dir='ltr'>ut</span> <span class='ocrx_word' id='word_1_334' title='bbox 676 2553 847 2592; x_wconf 86' lang='lat' dir='ltr'>tandem</span> <span class='ocrx_word' id='word_1_335' title='bbox 878 2553 942 2592; x_wconf 89' lang='lat' dir='ltr'>sui</span> <span class='ocrx_word' id='word_1_336' title='bbox 959 2552 1080 2591; x_wconf 89' lang='lat' dir='ltr'>insti-</span> 
     </span>
     <span class='ocr_line' id='line_1_44' title="bbox 41 2615 1081 2670; baseline -0.007 -11"><span class='ocrx_word' id='word_1_337' title='bbox 41 2620 123 2660; x_wconf 78' lang='lat' dir='ltr'>tuti</span> <span class='ocrx_word' id='word_1_338' title='bbox 141 2623 182 2658; x_wconf 89' lang='lat' dir='ltr'>et</span> <span class='ocrx_word' id='word_1_339' title='bbox 200 2619 402 2670; x_wconf 85' lang='lat' dir='ltr'>propositi</span> <span class='ocrx_word' id='word_1_340' title='bbox 420 2618 576 2657; x_wconf 91' lang='lat' dir='ltr'>socium</span> <span class='ocrx_word' id='word_1_341' title='bbox 603 2616 724 2655; x_wconf 92' lang='lat' dir='ltr'>illum</span> <span class='ocrx_word' id='word_1_342' title='bbox 754 2616 941 2663; x_wconf 87' lang='lat' dir='ltr'>haberet,</span> <span class='ocrx_word' id='word_1_343' title='bbox 964 2615 1081 2665; x_wconf 89' lang='lat' dir='ltr'>cujus</span> 
     </span>
     <span class='ocr_line' id='line_1_45' title="bbox 43 2676 1085 2731; baseline -0.008 -9"><span class='ocrx_word' id='word_1_344' title='bbox 43 2684 86 2723; x_wconf 78' lang='lat' dir='ltr'>et</span> <span class='ocrx_word' id='word_1_345' title='bbox 100 2681 339 2721; x_wconf 85' lang='lat' dir='ltr'>institutum</span> <span class='ocrx_word' id='word_1_346' title='bbox 366 2684 407 2719; x_wconf 92' lang='lat' dir='ltr'>et</span> <span class='ocrx_word' id='word_1_347' title='bbox 426 2692 529 2731; x_wconf 91' lang='lat' dir='ltr'>opus</span> <span class='ocrx_word' id='word_1_348' title='bbox 557 2679 713 2717; x_wconf 88' lang='lat' dir='ltr'>mirum</span> <span class='ocrx_word' id='word_1_349' title='bbox 731 2678 776 2716; x_wconf 89' lang='lat' dir='ltr'>in</span> <span class='ocrx_word' id='word_1_350' title='bbox 805 2677 978 2716; x_wconf 88' lang='lat' dir='ltr'>modum</span> <span class='ocrx_word' id='word_1_351' title='bbox 998 2676 1085 2715; x_wconf 85' lang='lat' dir='ltr'>lau-</span> 
     </span>
     <span class='ocr_line' id='line_1_46' title="bbox 42 2739 1083 2794; baseline -0.008 -10"><span class='ocrx_word' id='word_1_352' title='bbox 42 2742 463 2794; x_wconf 69' lang='lat' dir='ltr'>datchrysostomus.</span> <span class='ocrx_word' id='word_1_353' title='bbox 500 2740 565 2780; x_wconf 88' lang='lat' dir='ltr'>Ita</span> <span class='ocrx_word' id='word_1_354' title='bbox 592 2741 698 2780; x_wconf 84' lang='lat' dir='ltr'>enim</span> <span class='ocrx_word' id='word_1_355' title='bbox 718 2739 883 2790; x_wconf 88' lang='lat' dir='ltr'>(inquit)</span> <span class='ocrx_word' id='word_1_356' title='bbox 911 2751 1083 2791; x_wconf 87' lang='lat' dir='ltr'>puerum</span> 
     </span>
     <span class='ocr_line' id='line_1_47' title="bbox 42 2800 1077 2859; baseline -0.008 -13"><span class='ocrx_word' id='word_1_357' title='bbox 42 2802 164 2846; x_wconf 63' lang='lat' dir='ltr'>illum</span> <span class='ocrx_word' id='word_1_358' title='bbox 182 2804 289 2845; x_wconf 84' lang='lat' dir='ltr'>brevi</span> <span class='ocrx_word' id='word_1_359' title='bbox 317 2804 496 2859; x_wconf 70' lang='lat' dir='ltr'>eqreqius</span> <span class='ocrx_word' id='word_1_360' title='bbox 527 2802 602 2842; x_wconf 87' lang='lat' dir='ltr'>ille</span> <span class='ocrx_word' id='word_1_361' title='bbox 626 2800 870 2855; x_wconf 71' lang='lat' dir='ltr'>poedayoyus</span> <span class='ocrx_word' id='word_1_362' title='bbox 886 2801 1077 2844; x_wconf 67' lang='lat' dir='ltr'>emer-cuit,</span> 
     </span>
     <span class='ocr_line' id='line_1_48' title="bbox 45 2862 1082 2920; baseline -0.006 -13"><span class='ocrx_word' id='word_1_363' title='bbox 45 2868 272 2920; x_wconf 66' lang='lat' dir='ltr'>mamque</span> <span class='ocrx_word' id='word_1_364' title='bbox 303 2867 349 2906; x_wconf 83' lang='lat' dir='ltr'>in</span> <span class='ocrx_word' id='word_1_365' title='bbox 378 2879 420 2905; x_wconf 86' lang='lat' dir='ltr'>eo</span> <span class='ocrx_word' id='word_1_366' title='bbox 451 2865 654 2918; x_wconf 76' lang='lat' dir='ltr'>flammam</span> <span class='ocrx_word' id='word_1_367' title='bbox 693 2862 883 2903; x_wconf 87' lang='lat' dir='ltr'>desiderii</span> <span class='ocrx_word' id='word_1_368' title='bbox 919 2862 1082 2902; x_wconf 84' lang='lat' dir='ltr'>coelestis</span> 
     </span>
     <span class='ocr_line' id='line_1_49' title="bbox 44 2925 1080 2979; baseline -0.005 -11.19"><span class='ocrx_word' id='word_1_369' title='bbox 44 2926 233 2973; x_wconf 70' lang='lat' dir='ltr'>accendit,</span> <span class='ocrx_word' id='word_1_370' title='bbox 254 2933 299 2967; x_wconf 88' lang='lat' dir='ltr'>ut</span> <span class='ocrx_word' id='word_1_371' title='bbox 316 2933 457 2967; x_wconf 84' lang='lat' dir='ltr'>cuncta</span> <span class='ocrx_word' id='word_1_372' title='bbox 479 2926 601 2966; x_wconf 84' lang='lat' dir='ltr'>simul</span> <span class='ocrx_word' id='word_1_373' title='bbox 620 2932 776 2979; x_wconf 85' lang='lat' dir='ltr'>repente</span> <span class='ocrx_word' id='word_1_374' title='bbox 799 2925 996 2978; x_wconf 75' lang='lat' dir='ltr'>abjiceret,</span> <span class='ocrx_word' id='word_1_375' title='bbox 1019 2930 1080 2963; x_wconf 89' lang='lat' dir='ltr'>at-</span> 
     </span>
     <span class='ocr_line' id='line_1_50' title="bbox 45 2987 1082 3045; baseline -0.005 -15"><span class='ocrx_word' id='word_1_376' title='bbox 45 2998 119 3045; x_wconf 71' lang='lat' dir='ltr'>que</span> <span class='ocrx_word' id='word_1_377' title='bbox 141 2989 192 3029; x_wconf 90' lang='lat' dir='ltr'>ad</span> <span class='ocrx_word' id='word_1_378' title='bbox 209 2989 464 3030; x_wconf 80' lang='lat' dir='ltr'>solitudinem</span> <span class='ocrx_word' id='word_1_379' title='bbox 497 2988 734 3037; x_wconf 84' lang='lat' dir='ltr'>convolaret,</span> <span class='ocrx_word' id='word_1_380' title='bbox 757 2987 918 3040; x_wconf 85' lang='lat' dir='ltr'>alioque</span> <span class='ocrx_word' id='word_1_381' title='bbox 946 2999 1082 3026; x_wconf 87' lang='lat' dir='ltr'>rursus</span> 
     </span>
     <span class='ocr_line' id='line_1_51' title="bbox 45 3046 1081 3106; baseline -0.005 -14"><span class='ocrx_word' id='word_1_382' title='bbox 45 3046 239 3105; x_wconf 71' lang='lat' dir='ltr'>mdiqeret</span> <span class='ocrx_word' id='word_1_383' title='bbox 274 3051 401 3104; x_wconf 78' lang='lat' dir='ltr'>freno,</span> <span class='ocrx_word' id='word_1_384' title='bbox 434 3053 539 3106; x_wconf 83' lang='lat' dir='ltr'>quod</span> <span class='ocrx_word' id='word_1_385' title='bbox 576 3050 697 3090; x_wconf 88' lang='lat' dir='ltr'>illum</span> <span class='ocrx_word' id='word_1_386' title='bbox 733 3050 780 3089; x_wconf 87' lang='lat' dir='ltr'>ab</span> <span class='ocrx_word' id='word_1_387' title='bbox 811 3050 1081 3102; x_wconf 82' lang='lat' dir='ltr'>intempestiva</span> 
     </span>
     <span class='ocr_line' id='line_1_52' title="bbox 12 3107 1082 3163; baseline -0.004 -8.873"><span class='ocrx_word' id='word_1_388' title='bbox 12 3107 139 3163; x_wconf 71' lang='lat' dir='ltr'>wa,</span> <span class='ocrx_word' id='word_1_389' title='bbox 161 3126 207 3153; x_wconf 90' lang='lat' dir='ltr'>ac</span> <span class='ocrx_word' id='word_1_390' title='bbox 231 3113 444 3154; x_wconf 76' lang='lat' dir='ltr'>vehementi</span> <span class='ocrx_word' id='word_1_391' title='bbox 461 3114 741 3154; x_wconf 71' lang='lat' dir='ltr'>exercitatione</span> <span class='ocrx_word' id='word_1_392' title='bbox 771 3111 823 3151; x_wconf 91' lang='lat' dir='ltr'>ad</span> <span class='ocrx_word' id='word_1_393' title='bbox 841 3111 1082 3151; x_wconf 87' lang='lat' dir='ltr'>moderatio-</span> 
     </span>
     <span class='ocr_line' id='line_1_53' title="bbox 3 3174 1078 3260; baseline -0.004 -44"><span class='ocrx_word' id='word_1_394' title='bbox 3 3174 134 3260; x_wconf 42' lang='lat' dir='ltr'>&amp;rem</span> <span class='ocrx_word' id='word_1_395' title='bbox 148 3181 274 3228; x_wconf 83' lang='lat' dir='ltr'>posset</span> <span class='ocrx_word' id='word_1_396' title='bbox 297 3176 667 3229; x_wconf 87' lang='lat' dir='ltr'>commodioremque</span> <span class='ocrx_word' id='word_1_397' title='bbox 692 3178 922 3214; x_wconf 85' lang='lat' dir='ltr'>convertere.</span> <span class='ocrx_word' id='word_1_398' title='bbox 944 3174 1024 3213; x_wconf 86' lang='lat' dir='ltr'>Et</span> <span class='ocrx_word' id='word_1_399' title='bbox 1012 3186 1078 3212; x_wconf 90' lang='lat'>111-</span> 
     </span>
    </p>

    <p class='ocr_par' dir='ltr' id='par_1_6' title="bbox 6 3236 1080 3475">
     <span class='ocr_line' id='line_1_54' title="bbox 153 3236 1080 3291; baseline -0.002 -14"><span class='ocrx_word' id='word_1_400' title='bbox 153 3236 518 3290; x_wconf 78' lang='lat' dir='ltr'>Condiscipulorum</span> <span class='ocrx_word' id='word_1_401' title='bbox 533 3238 708 3291; x_wconf 82' lang='lat' dir='ltr'>plurimi</span> <span class='ocrx_word' id='word_1_402' title='bbox 726 3243 878 3277; x_wconf 85' lang='lat' dir='ltr'>tantum</span> <span class='ocrx_word' id='word_1_403' title='bbox 896 3249 946 3276; x_wconf 73' lang='lat' dir='ltr'>ea·</span> <span class='ocrx_word' id='word_1_404' title='bbox 962 3236 1080 3276; x_wconf 88' lang='lat' dir='ltr'>illius</span> 
     </span>
     <span class='ocr_line' id='line_1_55' title="bbox 8 3294 1080 3353; baseline -0.001 -14"><span class='ocrx_word' id='word_1_405' title='bbox 8 3294 14 3339; x_wconf 70' lang='lat' dir='ltr'>J</span> <span class='ocrx_word' id='word_1_406' title='bbox 38 3298 300 3341; x_wconf 74' lang='lat' dir='ltr'>contubernio</span> <span class='ocrx_word' id='word_1_407' title='bbox 311 3298 521 3350; x_wconf 82' lang='lat' dir='ltr'>familiari</span> <span class='ocrx_word' id='word_1_408' title='bbox 532 3300 800 3353; x_wconf 82' lang='lat' dir='ltr'>profecerunt,</span> <span class='ocrx_word' id='word_1_409' title='bbox 823 3303 866 3337; x_wconf 87' lang='lat' dir='ltr'>ut</span> <span class='ocrx_word' id='word_1_410' title='bbox 885 3297 1002 3337; x_wconf 79' lang='lat' dir='ltr'>illius</span> <span class='ocrx_word' id='word_1_411' title='bbox 1020 3299 1080 3338; x_wconf 85' lang='lat' dir='ltr'>in-</span> 
     </span>
     <span class='ocr_line' id='line_1_56' title="bbox 10 3358 1079 3420; baseline -0.002 -20"><span class='ocrx_word' id='word_1_412' title='bbox 10 3361 17 3396; x_wconf 73' lang='lat'>&#39;2</span> <span class='ocrx_word' id='word_1_413' title='bbox 39 3412 50 3420; x_wconf 50' lang='grc'><strong>-</strong></span> <span class='ocrx_word' id='word_1_414' title='bbox 86 3359 176 3401; x_wconf 81' lang='lat' dir='ltr'>tuti</span> <span class='ocrx_word' id='word_1_415' title='bbox 200 3359 339 3414; x_wconf 81' lang='lat' dir='ltr'>fierent</span> <span class='ocrx_word' id='word_1_416' title='bbox 351 3360 512 3404; x_wconf 87' lang='lat' dir='ltr'>oemuli,</span> <span class='ocrx_word' id='word_1_417' title='bbox 507 3374 516 3382; x_wconf 92' lang='lat'><strong>·</strong></span> <span class='ocrx_word' id='word_1_418' title='bbox 534 3360 692 3402; x_wconf 75' lang='lat' dir='ltr'>habebat</span> <span class='ocrx_word' id='word_1_419' title='bbox 705 3362 854 3414; x_wconf 82' lang='lat' dir='ltr'>quippe</span> <span class='ocrx_word' id='word_1_420' title='bbox 872 3359 947 3399; x_wconf 89' lang='lat' dir='ltr'>ille</span> <span class='ocrx_word' id='word_1_421' title='bbox 958 3358 1079 3406; x_wconf 87' lang='lat' dir='ltr'>domi,</span> 
     </span>
     <span class='ocr_line' id='line_1_57' title="bbox 6 3419 1078 3475; baseline 0 -14"><span class='ocrx_word' id='word_1_422' title='bbox 6 3426 18 3443; x_wconf 74' lang='lat'>¹</span> <span class='ocrx_word' id='word_1_423' title='bbox 42 3428 45 3430; x_wconf 78' lang='grc'><strong>’</strong></span> <span class='ocrx_word' id='word_1_424' title='bbox 78 3419 83 3422; x_wconf 71' lang='grc'><strong><em>’</em></strong></span> <span class='ocrx_word' id='word_1_425' title='bbox 112 3421 175 3461; x_wconf 83' lang='lat' dir='ltr'>‘se</span> <span class='ocrx_word' id='word_1_426' title='bbox 195 3425 384 3475; x_wconf 79' lang='lat' dir='ltr'>perpetuo</span> <span class='ocrx_word' id='word_1_427' title='bbox 412 3419 691 3470; x_wconf 79' lang='lat' dir='ltr'>moderaretur,</span> <span class='ocrx_word' id='word_1_428' title='bbox 725 3433 770 3460; x_wconf 90' lang='lat' dir='ltr'>ac</span> <span class='ocrx_word' id='word_1_429' title='bbox 800 3420 924 3460; x_wconf 84' lang='lat' dir='ltr'>veluti</span> <span class='ocrx_word' id='word_1_430' title='bbox 948 3425 1078 3461; x_wconf 84' lang='lat' dir='ltr'>statua</span> 
     </span>
    </p>
   </div>
   <div class='ocr_carea' id='block_1_4' title="bbox 12 3298 97 3442">
    <p class='ocr_par' dir='ltr' id='par_1_7' title="bbox 12 3298 97 3442">
     <span class='ocr_line' id='line_1_58' title="bbox 12 3298 97 3442; baseline 0 0"><span class='ocrx_word' id='word_1_431' title='bbox 12 3298 97 3442; x_wconf 95' lang='lat' dir='ltr'>  </span> 
     </span>
    </p>
   </div>
   <div class='ocr_carea' id='block_1_5' title="bbox 1130 827 2192 3474">
    <p class='ocr_par' dir='ltr' id='par_1_8' title="bbox 1140 827 2192 1482">
     <span class='ocr_line' id='line_1_59' title="bbox 1144 827 2186 879; baseline 0 -11"><span class='ocrx_word' id='word_1_432' title='bbox 1144 827 1252 868; x_wconf 82' lang='lat' dir='ltr'>circa</span> <span class='ocrx_word' id='word_1_433' title='bbox 1269 827 1383 867; x_wconf 86' lang='lat' dir='ltr'>illius</span> <span class='ocrx_word' id='word_1_434' title='bbox 1401 828 1691 868; x_wconf 83' lang='lat' dir='ltr'>educationem</span> <span class='ocrx_word' id='word_1_435' title='bbox 1720 828 1804 868; x_wconf 86' lang='lat' dir='ltr'>late</span> <span class='ocrx_word' id='word_1_436' title='bbox 1835 827 1952 867; x_wconf 88' lang='lat' dir='ltr'>illam</span> <span class='ocrx_word' id='word_1_437' title='bbox 1981 828 2186 879; x_wconf 84' lang='lat' dir='ltr'>instruat;</span> 
     </span>
     <span class='ocr_line' id='line_1_60' title="bbox 1141 889 2192 942; baseline 0.002 -13"><span class='ocrx_word' id='word_1_438' title='bbox 1141 891 1185 930; x_wconf 86' lang='lat' dir='ltr'>et</span> <span class='ocrx_word' id='word_1_439' title='bbox 1201 900 1297 929; x_wconf 87' lang='lat' dir='ltr'>cum</span> <span class='ocrx_word' id='word_1_440' title='bbox 1315 889 1426 929; x_wconf 88' lang='lat' dir='ltr'>inter</span> <span class='ocrx_word' id='word_1_441' title='bbox 1443 890 1526 929; x_wconf 84' lang='lat' dir='ltr'>alia</span> <span class='ocrx_word' id='word_1_442' title='bbox 1543 889 1787 942; x_wconf 84' lang='lat' dir='ltr'>postularet,</span> <span class='ocrx_word' id='word_1_443' title='bbox 1803 893 1852 928; x_wconf 90' lang='lat' dir='ltr'>ut</span> <span class='ocrx_word' id='word_1_444' title='bbox 1866 901 1960 929; x_wconf 89' lang='lat' dir='ltr'>eam</span> <span class='ocrx_word' id='word_1_445' title='bbox 1973 890 2192 931; x_wconf 86' lang='lat' dir='ltr'>Bethleem</span> 
     </span>
     <span class='ocr_line' id='line_1_61' title="bbox 1146 950 2190 1004; baseline 0.001 -14"><span class='ocrx_word' id='word_1_446' title='bbox 1146 950 1346 1000; x_wconf 89' lang='lat' dir='ltr'>mitteret,</span> <span class='ocrx_word' id='word_1_447' title='bbox 1378 954 1426 990; x_wconf 91' lang='lat' dir='ltr'>ut</span> <span class='ocrx_word' id='word_1_448' title='bbox 1444 963 1540 991; x_wconf 91' lang='lat' dir='ltr'>cum</span> <span class='ocrx_word' id='word_1_449' title='bbox 1570 951 1734 1003; x_wconf 84' lang='lat' dir='ltr'>virgine</span> <span class='ocrx_word' id='word_1_450' title='bbox 1753 952 1977 991; x_wconf 86' lang='lat' dir='ltr'>Eustochio</span> <span class='ocrx_word' id='word_1_451' title='bbox 1995 952 2190 1004; x_wconf 82' lang='lat' dir='ltr'>religiose</span> 
     </span>
     <span class='ocr_line' id='line_1_62' title="bbox 1147 1012 2189 1066; baseline 0.001 -14"><span class='ocrx_word' id='word_1_452' title='bbox 1147 1012 1408 1062; x_wconf 88' lang='lat' dir='ltr'>educaretur,</span> <span class='ocrx_word' id='word_1_453' title='bbox 1441 1013 1507 1053; x_wconf 88' lang='lat' dir='ltr'>his</span> <span class='ocrx_word' id='word_1_454' title='bbox 1536 1014 1676 1054; x_wconf 74' lang='lat' dir='ltr'>verbis</span> <span class='ocrx_word' id='word_1_455' title='bbox 1707 1013 1926 1066; x_wconf 83' lang='lat' dir='ltr'>epistolam</span> <span class='ocrx_word' id='word_1_456' title='bbox 1955 1014 2189 1053; x_wconf 82' lang='lat' dir='ltr'>concludit:</span> 
     </span>
     <span class='ocr_line' id='line_1_63' title="bbox 1144 1072 2192 1130; baseline 0 -16"><span class='ocrx_word' id='word_1_457' title='bbox 1144 1072 1248 1128; x_wconf 86' lang='lat' dir='ltr'>Ipse,</span> <span class='ocrx_word' id='word_1_458' title='bbox 1269 1076 1306 1115; x_wconf 90' lang='lat' dir='ltr'>si</span> <span class='ocrx_word' id='word_1_459' title='bbox 1322 1074 1499 1116; x_wconf 85' lang='lat' dir='ltr'>Paulam</span> <span class='ocrx_word' id='word_1_460' title='bbox 1530 1076 1699 1126; x_wconf 86' lang='lat' dir='ltr'>miseris,</span> <span class='ocrx_word' id='word_1_461' title='bbox 1733 1081 1770 1116; x_wconf 87' lang='lat' dir='ltr'>et</span> <span class='ocrx_word' id='word_1_462' title='bbox 1799 1076 2034 1130; x_wconf 75' lang='lat' dir='ltr'>maqistrum</span> <span class='ocrx_word' id='word_1_463' title='bbox 2065 1089 2126 1115; x_wconf 84' lang='lat' dir='ltr'>me</span> <span class='ocrx_word' id='word_1_464' title='bbox 2154 1081 2192 1116; x_wconf 86' lang='lat' dir='ltr'>et</span> 
     </span>
     <span class='ocr_line' id='line_1_64' title="bbox 1144 1137 2190 1192; baseline -0.001 -15"><span class='ocrx_word' id='word_1_465' title='bbox 1144 1138 1362 1177; x_wconf 85' lang='lat' dir='ltr'>nutricium</span> <span class='ocrx_word' id='word_1_466' title='bbox 1379 1137 1548 1191; x_wconf 80' lang='lat' dir='ltr'>spondeo</span> <span class='ocrx_word' id='word_1_467' title='bbox 1561 1151 1574 1177; x_wconf 87' lang='lat'>.·</span> <span class='ocrx_word' id='word_1_468' title='bbox 1593 1138 1746 1192; x_wconf 70' lang='lat' dir='ltr'>qestabo</span> <span class='ocrx_word' id='word_1_469' title='bbox 1759 1137 1948 1188; x_wconf 82' lang='lat' dir='ltr'>humeris,</span> <span class='ocrx_word' id='word_1_470' title='bbox 1969 1137 2190 1178; x_wconf 86' lang='lat' dir='ltr'>balbutien-</span> 
     </span>
     <span class='ocr_line' id='line_1_65' title="bbox 1140 1199 2189 1254; baseline 0.001 -16"><span class='ocrx_word' id='word_1_471' title='bbox 1140 1199 1200 1239; x_wconf 82' lang='lat' dir='ltr'>tia</span> <span class='ocrx_word' id='word_1_472' title='bbox 1216 1212 1334 1239; x_wconf 74' lang='lat' dir='ltr'>senex</span> <span class='ocrx_word' id='word_1_473' title='bbox 1351 1200 1465 1240; x_wconf 86' lang='lat' dir='ltr'>verba</span> <span class='ocrx_word' id='word_1_474' title='bbox 1483 1200 1676 1253; x_wconf 77' lang='lat' dir='ltr'>formabO,</span> <span class='ocrx_word' id='word_1_475' title='bbox 1699 1200 1825 1240; x_wconf 85' lang='lat' dir='ltr'>multo</span> <span class='ocrx_word' id='word_1_476' title='bbox 1842 1199 2061 1254; x_wconf 80' lang='lat' dir='ltr'>9loriosior</span> <span class='ocrx_word' id='word_1_477' title='bbox 2071 1212 2189 1239; x_wconf 87' lang='lat' dir='ltr'>mun-</span> 
     </span>
     <span class='ocr_line' id='line_1_66' title="bbox 1144 1260 2188 1315; baseline 0.002 -16"><span class='ocrx_word' id='word_1_478' title='bbox 1144 1260 1189 1299; x_wconf 86' lang='lat' dir='ltr'>di</span> <span class='ocrx_word' id='word_1_479' title='bbox 1201 1260 1456 1315; x_wconf 75' lang='lat' dir='ltr'>philosopho,</span> <span class='ocrx_word' id='word_1_480' title='bbox 1481 1262 1553 1315; x_wconf 80' lang='lat' dir='ltr'>qui</span> <span class='ocrx_word' id='word_1_481' title='bbox 1571 1275 1650 1302; x_wconf 87' lang='lat' dir='ltr'>non</span> <span class='ocrx_word' id='word_1_482' title='bbox 1669 1275 1795 1315; x_wconf 61' lang='lat' dir='ltr'>regem</span> <span class='ocrx_word' id='word_1_483' title='bbox 1819 1260 2082 1303; x_wconf 82' lang='lat' dir='ltr'>Macedonum</span> <span class='ocrx_word' id='word_1_484' title='bbox 2104 1262 2188 1301; x_wconf 80' lang='lat' dir='ltr'>Ba-</span> 
     </span>
     <span class='ocr_line' id='line_1_67' title="bbox 1141 1320 2192 1375; baseline 0.002 -17"><span class='ocrx_word' id='word_1_485' title='bbox 1141 1320 1304 1372; x_wconf 72' lang='lat' dir='ltr'>bylonio</span> <span class='ocrx_word' id='word_1_486' title='bbox 1310 1324 1538 1374; x_wconf 84' lang='lat' dir='ltr'>periturum</span> <span class='ocrx_word' id='word_1_487' title='bbox 1552 1321 1785 1370; x_wconf 76' lang='lat' dir='ltr'>veneno,sed</span> <span class='ocrx_word' id='word_1_488' title='bbox 1795 1321 2005 1370; x_wconf 84' lang='lat' dir='ltr'>ancillam,</span> <span class='ocrx_word' id='word_1_489' title='bbox 2027 1327 2062 1361; x_wconf 81' lang='lat' dir='ltr'>et</span> <span class='ocrx_word' id='word_1_490' title='bbox 2074 1333 2192 1375; x_wconf 85' lang='lat' dir='ltr'>spon·</span> 
     </span>
     <span class='ocr_line' id='line_1_68' title="bbox 1142 1380 2188 1435; baseline 0.003 -16"><span class='ocrx_word' id='word_1_491' title='bbox 1142 1392 1224 1420; x_wconf 88' lang='lat' dir='ltr'>sam</span> <span class='ocrx_word' id='word_1_492' title='bbox 1247 1380 1397 1421; x_wconf 74' lang='lat' dir='ltr'>Christi</span> <span class='ocrx_word' id='word_1_493' title='bbox 1415 1383 1611 1432; x_wconf 82' lang='lat' dir='ltr'>erudiam,</span> <span class='ocrx_word' id='word_1_494' title='bbox 1628 1385 1763 1435; x_wconf 60' lang='lat' dir='ltr'>regnis</span> <span class='ocrx_word' id='word_1_495' title='bbox 1781 1383 1997 1423; x_wconf 83' lang='lat' dir='ltr'>caelestibus</span> <span class='ocrx_word' id='word_1_496' title='bbox 2017 1382 2188 1434; x_wconf 79' lang='lat' dir='ltr'>offeren-</span> 
     </span>
     <span class='ocr_line' id='line_1_69' title="bbox 1143 1442 1251 1482; baseline 0.009 -1"><span class='ocrx_word' id='word_1_497' title='bbox 1143 1442 1251 1482; x_wconf 88' lang='lat' dir='ltr'>dam.</span> 
     </span>
    </p>

    <p class='ocr_par' dir='ltr' id='par_1_9' title="bbox 1130 1503 2191 3474">
     <span class='ocr_line' id='line_1_70' title="bbox 1196 1503 2191 1545; baseline -0.001 0"><span class='ocrx_word' id='word_1_498' title='bbox 1196 1506 1237 1545; x_wconf 83' lang='lat'>9.</span> <span class='ocrx_word' id='word_1_499' title='bbox 1268 1504 1469 1544; x_wconf 84' lang='lat' dir='ltr'>Accedunt</span> <span class='ocrx_word' id='word_1_500' title='bbox 1492 1504 1675 1545; x_wconf 83' lang='lat' dir='ltr'>Concilz&#39;a</span> <span class='ocrx_word' id='word_1_501' title='bbox 1694 1509 1730 1544; x_wconf 87' lang='lat' dir='ltr'>et</span> <span class='ocrx_word' id='word_1_502' title='bbox 1747 1503 1902 1544; x_wconf 87' lang='lat' dir='ltr'>Patres.</span> <span class='ocrx_word' id='word_1_503' title='bbox 1921 1528 1967 1534; x_wconf 87' lang='lat'>-</span> <span class='ocrx_word' id='word_1_504' title='bbox 1984 1506 2191 1544; x_wconf 82' lang='lat' dir='ltr'>Praeterea</span> 
     </span>
     <span class='ocr_line' id='line_1_71' title="bbox 1142 1564 2188 1619; baseline 0 -14"><span class='ocrx_word' id='word_1_505' title='bbox 1142 1566 1252 1605; x_wconf 89' lang='lat' dir='ltr'>inter</span> <span class='ocrx_word' id='word_1_506' title='bbox 1271 1567 1450 1616; x_wconf 89' lang='lat' dir='ltr'>decreta,</span> <span class='ocrx_word' id='word_1_507' title='bbox 1474 1579 1566 1619; x_wconf 83' lang='lat' dir='ltr'>quae</span> <span class='ocrx_word' id='word_1_508' title='bbox 1599 1571 1725 1606; x_wconf 84' lang='lat' dir='ltr'>sextae</span> <span class='ocrx_word' id='word_1_509' title='bbox 1745 1567 1914 1617; x_wconf 80' lang='lat' dir='ltr'>Synodo</span> <span class='ocrx_word' id='word_1_510' title='bbox 1948 1564 2188 1609; x_wconf 67' lang='grc' dir='ltr'>(10115131Ᾱί-</span> 
     </span>
     <span class='ocr_line' id='line_1_72' title="bbox 1141 1627 2188 1678; baseline 0.001 -12"><span class='ocrx_word' id='word_1_511' title='bbox 1141 1627 1394 1678; x_wconf 82' lang='lat' dir='ltr'>nopolitanae</span> <span class='ocrx_word' id='word_1_512' title='bbox 1412 1629 1671 1676; x_wconf 88' lang='lat' dir='ltr'>tribuuntur,</span> <span class='ocrx_word' id='word_1_513' title='bbox 1683 1632 1723 1667; x_wconf 92' lang='lat' dir='ltr'>et</span> <span class='ocrx_word' id='word_1_514' title='bbox 1736 1628 1977 1667; x_wconf 84' lang='lat' dir='ltr'>referuntur</span> <span class='ocrx_word' id='word_1_515' title='bbox 1987 1628 2032 1666; x_wconf 89' lang='lat' dir='ltr'>in</span> <span class='ocrx_word' id='word_1_516' title='bbox 2045 1631 2147 1667; x_wconf 85' lang='lat' dir='ltr'>tom.</span> <span class='ocrx_word' id='word_1_517' title='bbox 2164 1630 2188 1668; x_wconf 88' lang='lat'><strong>3</strong></span> 
     </span>
     <span class='ocr_line' id='line_1_73' title="bbox 1143 1687 2186 1740; baseline 0.002 -13"><span class='ocrx_word' id='word_1_518' title='bbox 1143 1689 1437 1737; x_wconf 87' lang='lat' dir='ltr'>Conciliorum,</span> <span class='ocrx_word' id='word_1_519' title='bbox 1469 1692 1563 1740; x_wconf 86' lang='lat' dir='ltr'>post</span> <span class='ocrx_word' id='word_1_520' title='bbox 1579 1687 1812 1728; x_wconf 88' lang='lat' dir='ltr'>Concilium</span> <span class='ocrx_word' id='word_1_521' title='bbox 1844 1690 2095 1729; x_wconf 84' lang='lat' dir='ltr'>Toletanum</span> <span class='ocrx_word' id='word_1_522' title='bbox 2116 1690 2186 1738; x_wconf 92' lang='grc' dir='ltr'>ΙΙΙ,</span> 
     </span>
     <span class='ocr_line' id='line_1_74' title="bbox 1141 1750 2190 1802; baseline 0.001 -13"><span class='ocrx_word' id='word_1_523' title='bbox 1141 1750 1186 1788; x_wconf 88' lang='lat' dir='ltr'>in</span> <span class='ocrx_word' id='word_1_524' title='bbox 1204 1763 1238 1790; x_wconf 92' lang='grc'>6.</span> <span class='ocrx_word' id='word_1_525' title='bbox 1261 1753 1301 1800; x_wconf 83' lang='grc'>5,</span> <span class='ocrx_word' id='word_1_526' title='bbox 1337 1752 1533 1790; x_wconf 86' lang='lat' dir='ltr'>statuitur</span> <span class='ocrx_word' id='word_1_527' title='bbox 1557 1755 1605 1790; x_wconf 88' lang='lat' dir='ltr'>ut</span> <span class='ocrx_word' id='word_1_528' title='bbox 1635 1751 1867 1802; x_wconf 86' lang='lat' dir='ltr'>presbyteri</span> <span class='ocrx_word' id='word_1_529' title='bbox 1898 1763 1974 1802; x_wconf 88' lang='lat' dir='ltr'>per</span> <span class='ocrx_word' id='word_1_530' title='bbox 2007 1751 2118 1790; x_wconf 84' lang='lat' dir='ltr'>vicos</span> <span class='ocrx_word' id='word_1_531' title='bbox 2149 1755 2190 1791; x_wconf 91' lang='lat' dir='ltr'>et</span> 
     </span>
     <span class='ocr_line' id='line_1_75' title="bbox 1145 1812 2189 1866; baseline 0 -14"><span class='ocrx_word' id='word_1_532' title='bbox 1145 1812 1261 1851; x_wconf 89' lang='lat' dir='ltr'>villas</span> <span class='ocrx_word' id='word_1_533' title='bbox 1293 1813 1452 1852; x_wconf 88' lang='lat' dir='ltr'>scholas</span> <span class='ocrx_word' id='word_1_534' title='bbox 1488 1813 1670 1852; x_wconf 87' lang='lat' dir='ltr'>habeant</span> <span class='ocrx_word' id='word_1_535' title='bbox 1688 1828 1696 1852; x_wconf 91' lang='lat'>:</span> <span class='ocrx_word' id='word_1_536' title='bbox 1730 1812 1772 1851; x_wconf 87' lang='lat' dir='ltr'><em>E</em></span> <span class='ocrx_word' id='word_1_537' title='bbox 1774 1819 1788 1851; x_wconf 79' lang='lat' dir='ltr'>t</span> <span class='ocrx_word' id='word_1_538' title='bbox 1819 1813 1854 1851; x_wconf 89' lang='lat' dir='ltr'>si</span> <span class='ocrx_word' id='word_1_539' title='bbox 1884 1813 1973 1865; x_wconf 87' lang='lat' dir='ltr'>quis</span> <span class='ocrx_word' id='word_1_540' title='bbox 2004 1812 2189 1866; x_wconf 82' lang='lat' dir='ltr'>fidelium</span> 
     </span>
     <span class='ocr_line' id='line_1_76' title="bbox 1143 1873 2189 1927; baseline 0 -15"><span class='ocrx_word' id='word_1_541' title='bbox 1143 1874 1306 1925; x_wconf 87' lang='lat' dir='ltr'>(inquit)</span> <span class='ocrx_word' id='word_1_542' title='bbox 1348 1887 1436 1914; x_wconf 89' lang='lat' dir='ltr'>suos</span> <span class='ocrx_word' id='word_1_543' title='bbox 1472 1874 1666 1927; x_wconf 65' lang='lat' dir='ltr'>parvulos</span> <span class='ocrx_word' id='word_1_544' title='bbox 1706 1873 1759 1913; x_wconf 89' lang='lat' dir='ltr'>ad</span> <span class='ocrx_word' id='word_1_545' title='bbox 1795 1873 1999 1913; x_wconf 82' lang='lat' dir='ltr'>discendas</span> <span class='ocrx_word' id='word_1_546' title='bbox 2037 1874 2189 1913; x_wconf 76' lang='lat' dir='ltr'>litteras</span> 
     </span>
     <span class='ocr_line' id='line_1_77' title="bbox 1141 1934 2188 1984; baseline 0.002 -12"><span class='ocrx_word' id='word_1_547' title='bbox 1141 1935 1196 1973; x_wconf 89' lang='lat' dir='ltr'>eis</span> <span class='ocrx_word' id='word_1_548' title='bbox 1214 1934 1485 1974; x_wconf 82' lang='lat' dir='ltr'>commendare</span> <span class='ocrx_word' id='word_1_549' title='bbox 1505 1935 1603 1984; x_wconf 75' lang='lat' dir='ltr'>vult,</span> <span class='ocrx_word' id='word_1_550' title='bbox 1626 1947 1714 1974; x_wconf 90' lang='lat' dir='ltr'>cum</span> <span class='ocrx_word' id='word_1_551' title='bbox 1732 1947 1885 1974; x_wconf 86' lang='lat' dir='ltr'>summa</span> <span class='ocrx_word' id='word_1_552' title='bbox 1917 1934 2111 1974; x_wconf 78' lang='lat' dir='ltr'>charitate</span> <span class='ocrx_word' id='word_1_553' title='bbox 2129 1947 2188 1974; x_wconf 80' lang='lat' dir='ltr'>eos</span> 
     </span>
     <span class='ocr_line' id='line_1_78' title="bbox 1144 1995 2182 2051; baseline 0.001 -15"><span class='ocrx_word' id='word_1_554' title='bbox 1144 1996 1320 2046; x_wconf 87' lang='lat' dir='ltr'>doceant,</span> <span class='ocrx_word' id='word_1_555' title='bbox 1342 2009 1465 2049; x_wconf 82' lang='lat' dir='ltr'>neque</span> <span class='ocrx_word' id='word_1_556' title='bbox 1494 1995 1656 2048; x_wconf 80' lang='lat' dir='ltr'>aliquid</span> <span class='ocrx_word' id='word_1_557' title='bbox 1665 1997 1798 2051; x_wconf 32' lang='lat' dir='ltr'>,pretii</span> <span class='ocrx_word' id='word_1_558' title='bbox 1824 1997 1871 2036; x_wconf 90' lang='lat' dir='ltr'>ab</span> <span class='ocrx_word' id='word_1_559' title='bbox 1890 1998 1945 2036; x_wconf 78' lang='lat' dir='ltr'>eis</span> <span class='ocrx_word' id='word_1_560' title='bbox 1964 1997 2182 2050; x_wconf 82' lang='lat' dir='ltr'>accipiant.</span> 
     </span>
     <span class='ocr_line' id='line_1_79' title="bbox 1137 2057 2186 2109; baseline 0 -12"><span class='ocrx_word' id='word_1_561' title='bbox 1137 2059 1189 2097; x_wconf 87' lang='lat' dir='ltr'>Et</span> <span class='ocrx_word' id='word_1_562' title='bbox 1206 2059 1251 2096; x_wconf 87' lang='lat' dir='ltr'>in</span> <span class='ocrx_word' id='word_1_563' title='bbox 1271 2071 1304 2096; x_wconf 91' lang='lat' dir='ltr'>c.</span> <span class='ocrx_word' id='word_1_564' title='bbox 1339 2062 1361 2094; x_wconf 59' lang='grc' dir='ltr'>ν’»</span> <span class='ocrx_word' id='word_1_565' title='bbox 1383 2057 1632 2109; x_wconf 82' lang='lat' dir='ltr'>supponitur</span> <span class='ocrx_word' id='word_1_566' title='bbox 1652 2057 1779 2096; x_wconf 85' lang='lat' dir='ltr'>etiam</span> <span class='ocrx_word' id='word_1_567' title='bbox 1803 2058 2021 2108; x_wconf 89' lang='lat' dir='ltr'>religiosos</span> <span class='ocrx_word' id='word_1_568' title='bbox 2041 2070 2186 2097; x_wconf 86' lang='lat' dir='ltr'>coeno·</span> 
     </span>
     <span class='ocr_line' id='line_1_80' title="bbox 1142 2119 2188 2167; baseline 0 -8"><span class='ocrx_word' id='word_1_569' title='bbox 1142 2121 1249 2159; x_wconf 82' lang='lat' dir='ltr'>bitas</span> <span class='ocrx_word' id='word_1_570' title='bbox 1280 2121 1359 2159; x_wconf 84' lang='grc'>1106</span> <span class='ocrx_word' id='word_1_571' title='bbox 1389 2125 1490 2158; x_wconf 86' lang='lat' dir='ltr'>tunc</span> <span class='ocrx_word' id='word_1_572' title='bbox 1520 2120 1769 2167; x_wconf 82' lang='lat' dir='ltr'>exercuisse3</span> <span class='ocrx_word' id='word_1_573' title='bbox 1807 2120 1863 2158; x_wconf 88' lang='lat' dir='ltr'>sic</span> <span class='ocrx_word' id='word_1_574' title='bbox 1892 2120 2003 2158; x_wconf 89' lang='lat' dir='ltr'>cnim</span> <span class='ocrx_word' id='word_1_575' title='bbox 2034 2120 2117 2158; x_wconf 87' lang='lat' dir='ltr'>ait:</span> <span class='ocrx_word' id='word_1_576' title='bbox 2139 2119 2188 2160; x_wconf 84' lang='lat' dir='ltr'>Si</span> 
     </span>
     <span class='ocr_line' id='line_1_81' title="bbox 1140 2180 2188 2236; baseline -0.001 -15"><span class='ocrx_word' id='word_1_577' title='bbox 1140 2183 1230 2235; x_wconf 82' lang='lat' dir='ltr'>quis</span> <span class='ocrx_word' id='word_1_578' title='bbox 1263 2181 1501 2236; x_wconf 75' lang='lat' dir='ltr'>presbyteris</span> <span class='ocrx_word' id='word_1_579' title='bbox 1531 2180 1702 2220; x_wconf 81' lang='lat' dir='ltr'>voluerit</span> <span class='ocrx_word' id='word_1_580' title='bbox 1739 2185 1914 2233; x_wconf 83' lang='lat' dir='ltr'>nepotem</span> <span class='ocrx_word' id='word_1_581' title='bbox 1945 2194 2077 2225; x_wconf 88' lang='lat' dir='ltr'>suum,</span> <span class='ocrx_word' id='word_1_582' title='bbox 2119 2187 2188 2220; x_wconf 89' lang='lat' dir='ltr'>aut</span> 
     </span>
     <span class='ocr_line' id='line_1_82' title="bbox 1139 2242 2181 2297; baseline -0.002 -13"><span class='ocrx_word' id='word_1_583' title='bbox 1139 2244 1314 2297; x_wconf 80' lang='lat' dir='ltr'>aliquem</span> <span class='ocrx_word' id='word_1_584' title='bbox 1333 2243 1670 2296; x_wconf 70' lang='lat' dir='ltr'>consanquineum</span> <span class='ocrx_word' id='word_1_585' title='bbox 1703 2242 1756 2282; x_wconf 88' lang='lat' dir='ltr'>ad</span> <span class='ocrx_word' id='word_1_586' title='bbox 1783 2242 1936 2283; x_wconf 76' lang='lat' dir='ltr'>scholas</span> <span class='ocrx_word' id='word_1_587' title='bbox 1954 2244 2108 2282; x_wconf 84' lang='lat' dir='ltr'>mittere</span> <span class='ocrx_word' id='word_1_588' title='bbox 2136 2244 2181 2282; x_wconf 87' lang='lat' dir='ltr'>in</span> 
     </span>
     <span class='ocr_line' id='line_1_83' title="bbox 1140 2305 2185 2358; baseline -0.002 -12"><span class='ocrx_word' id='word_1_589' title='bbox 1140 2305 1183 2345; x_wconf 86' lang='lat' dir='ltr'><em>E</em></span> <span class='ocrx_word' id='word_1_590' title='bbox 1184 2306 1336 2346; x_wconf 86' lang='lat' dir='ltr'>cclesiis</span> <span class='ocrx_word' id='word_1_591' title='bbox 1352 2311 1591 2349; x_wconf 84' lang='lat' dir='ltr'>sanctorum.</span> <span class='ocrx_word' id='word_1_592' title='bbox 1613 2311 1683 2345; x_wconf 88' lang='lat' dir='ltr'>aut</span> <span class='ocrx_word' id='word_1_593' title='bbox 1703 2306 1746 2344; x_wconf 86' lang='lat' dir='ltr'>in</span> <span class='ocrx_word' id='word_1_594' title='bbox 1773 2306 1971 2355; x_wconf 77' lang='lat' dir='ltr'>coenobiis,</span> <span class='ocrx_word' id='word_1_595' title='bbox 2004 2318 2093 2358; x_wconf 81' lang='lat' dir='ltr'>quoe</span> <span class='ocrx_word' id='word_1_596' title='bbox 2112 2318 2185 2344; x_wconf 87' lang='lat' dir='ltr'>no-</span> 
     </span>
     <span class='ocr_line' id='line_1_84' title="bbox 1139 2366 2187 2421; baseline 0 -13"><span class='ocrx_word' id='word_1_597' title='bbox 1139 2368 1196 2408; x_wconf 83' lang='lat' dir='ltr'>bis</span> <span class='ocrx_word' id='word_1_598' title='bbox 1215 2368 1267 2408; x_wconf 86' lang='lat' dir='ltr'>ad</span> <span class='ocrx_word' id='word_1_599' title='bbox 1285 2366 1496 2421; x_wconf 62' lang='lat' dir='ltr'>regendum</span> <span class='ocrx_word' id='word_1_600' title='bbox 1523 2368 1728 2408; x_wconf 85' lang='lat' dir='ltr'>commissa</span> <span class='ocrx_word' id='word_1_601' title='bbox 1758 2374 1862 2412; x_wconf 86' lang='lat' dir='ltr'>sunt,</span> <span class='ocrx_word' id='word_1_602' title='bbox 1900 2369 2103 2407; x_wconf 83' lang='lat' dir='ltr'>licentiam</span> <span class='ocrx_word' id='word_1_603' title='bbox 2134 2367 2187 2408; x_wconf 89' lang='lat' dir='ltr'>ad</span> 
     </span>
     <span class='ocr_line' id='line_1_85' title="bbox 1140 2428 2186 2482; baseline -0.001 -13"><span class='ocrx_word' id='word_1_604' title='bbox 1140 2429 1183 2470; x_wconf 88' lang='lat' dir='ltr'>id</span> <span class='ocrx_word' id='word_1_605' title='bbox 1214 2429 1442 2482; x_wconf 84' lang='lat' dir='ltr'>faciendum</span> <span class='ocrx_word' id='word_1_606' title='bbox 1474 2428 1733 2469; x_wconf 83' lang='lat' dir='ltr'>concedimus.</span> <span class='ocrx_word' id='word_1_607' title='bbox 1768 2430 1815 2468; x_wconf 87' lang='lat' dir='ltr'>In</span> <span class='ocrx_word' id='word_1_608' title='bbox 1846 2429 2028 2469; x_wconf 87' lang='lat' dir='ltr'>Concilio</span> <span class='ocrx_word' id='word_1_609' title='bbox 2061 2428 2186 2468; x_wconf 85' lang='lat' dir='ltr'>etiam</span> 
     </span>
     <span class='ocr_line' id='line_1_86' title="bbox 1141 2491 2184 2543; baseline -0.002 -12"><span class='ocrx_word' id='word_1_610' title='bbox 1141 2492 1484 2543; x_wconf 84' lang='lat' dir='ltr'>Aquisgranensi,</span> <span class='ocrx_word' id='word_1_611' title='bbox 1506 2491 1583 2531; x_wconf 91' lang='lat' dir='ltr'>sub</span> <span class='ocrx_word' id='word_1_612' title='bbox 1606 2491 1815 2530; x_wconf 88' lang='lat' dir='ltr'>Ludovico</span> <span class='ocrx_word' id='word_1_613' title='bbox 1834 2491 1866 2539; x_wconf 91' lang='lat' dir='ltr'>I,</span> <span class='ocrx_word' id='word_1_614' title='bbox 1890 2503 1981 2542; x_wconf 85' lang='lat' dir='ltr'>cap.</span> <span class='ocrx_word' id='word_1_615' title='bbox 2010 2491 2184 2530; x_wconf 86' lang='lat' dir='ltr'>centesi-</span> 
     </span>
     <span class='ocr_line' id='line_1_87' title="bbox 1135 2552 2185 2605; baseline -0.001 -13"><span class='ocrx_word' id='word_1_616' title='bbox 1135 2566 1204 2593; x_wconf 89' lang='lat' dir='ltr'>mo</span> <span class='ocrx_word' id='word_1_617' title='bbox 1239 2555 1455 2605; x_wconf 86' lang='lat' dir='ltr'>trigesimo</span> <span class='ocrx_word' id='word_1_618' title='bbox 1496 2554 1643 2605; x_wconf 89' lang='lat' dir='ltr'>quinto</span> <span class='ocrx_word' id='word_1_619' title='bbox 1658 2583 1669 2603; x_wconf 90' lang='lat'>,</span> <span class='ocrx_word' id='word_1_620' title='bbox 1709 2553 1888 2591; x_wconf 86' lang='lat' dir='ltr'>habetur</span> <span class='ocrx_word' id='word_1_621' title='bbox 1903 2583 1915 2597; x_wconf 93' lang='lat'>,</span> <span class='ocrx_word' id='word_1_622' title='bbox 1956 2552 2185 2592; x_wconf 85' lang='lat' dir='ltr'>Canonicos</span> 
     </span>
     <span class='ocr_line' id='line_1_88' title="bbox 1137 2615 2184 2667; baseline -0.001 -12"><span class='ocrx_word' id='word_1_623' title='bbox 1137 2616 1264 2655; x_wconf 87' lang='lat' dir='ltr'>etiam</span> <span class='ocrx_word' id='word_1_624' title='bbox 1282 2616 1497 2667; x_wconf 81' lang='lat' dir='ltr'>regulares</span> <span class='ocrx_word' id='word_1_625' title='bbox 1516 2615 1784 2665; x_wconf 87' lang='lat' dir='ltr'>assumpsisse</span> <span class='ocrx_word' id='word_1_626' title='bbox 1800 2626 1944 2652; x_wconf 88' lang='lat' dir='ltr'>curam</span> <span class='ocrx_word' id='word_1_627' title='bbox 1969 2615 2184 2654; x_wconf 85' lang='lat' dir='ltr'>instruen-</span> 
     </span>
     <span class='ocr_line' id='line_1_89' title="bbox 1136 2676 2185 2728; baseline 0 -12"><span class='ocrx_word' id='word_1_628' title='bbox 1136 2678 1179 2716; x_wconf 86' lang='lat' dir='ltr'>di</span> <span class='ocrx_word' id='word_1_629' title='bbox 1197 2682 1238 2717; x_wconf 85' lang='lat' dir='ltr'>et</span> <span class='ocrx_word' id='word_1_630' title='bbox 1256 2678 1431 2717; x_wconf 88' lang='lat' dir='ltr'>docendi</span> <span class='ocrx_word' id='word_1_631' title='bbox 1449 2689 1602 2728; x_wconf 87' lang='lat' dir='ltr'>pueros</span> <span class='ocrx_word' id='word_1_632' title='bbox 1634 2681 1675 2715; x_wconf 90' lang='lat' dir='ltr'>et</span> <span class='ocrx_word' id='word_1_633' title='bbox 1705 2677 1999 2720; x_wconf 90' lang='lat' dir='ltr'>adolescentes,</span> <span class='ocrx_word' id='word_1_634' title='bbox 2036 2676 2185 2716; x_wconf 88' lang='lat' dir='ltr'>saltem</span> 
     </span>
     <span class='ocr_line' id='line_1_90' title="bbox 1139 2739 2181 2791; baseline 0 -12"><span class='ocrx_word' id='word_1_635' title='bbox 1139 2752 1222 2789; x_wconf 85' lang='grc'>605,</span> <span class='ocrx_word' id='word_1_636' title='bbox 1255 2740 1327 2791; x_wconf 89' lang='lat' dir='ltr'>qui</span> <span class='ocrx_word' id='word_1_637' title='bbox 1346 2740 1399 2779; x_wconf 90' lang='lat' dir='ltr'>ad</span> <span class='ocrx_word' id='word_1_638' title='bbox 1419 2739 1610 2779; x_wconf 80' lang='lat' dir='ltr'>Ecclesiae</span> <span class='ocrx_word' id='word_1_639' title='bbox 1628 2739 1861 2777; x_wconf 88' lang='lat' dir='ltr'>ministeria</span> <span class='ocrx_word' id='word_1_640' title='bbox 1878 2739 2181 2779; x_wconf 78' lang='lat' dir='ltr'>educabantur.</span> 
     </span>
     <span class='ocr_line' id='line_1_91' title="bbox 1137 2799 2183 2852; baseline -0.002 -11"><span class='ocrx_word' id='word_1_641' title='bbox 1137 2802 1252 2842; x_wconf 90' lang='lat' dir='ltr'>Idem</span> <span class='ocrx_word' id='word_1_642' title='bbox 1296 2802 1539 2852; x_wconf 84' lang='lat' dir='ltr'>gravissime</span> <span class='ocrx_word' id='word_1_643' title='bbox 1573 2801 1889 2840; x_wconf 88' lang='lat' dir='ltr'>commendatur</span> <span class='ocrx_word' id='word_1_644' title='bbox 1926 2801 1971 2839; x_wconf 91' lang='lat' dir='ltr'>in</span> <span class='ocrx_word' id='word_1_645' title='bbox 2000 2799 2183 2840; x_wconf 89' lang='lat' dir='ltr'>Concilio</span> 
     </span>
     <span class='ocr_line' id='line_1_92' title="bbox 1138 2862 2179 2913; baseline -0.001 -11"><span class='ocrx_word' id='word_1_646' title='bbox 1138 2863 1360 2902; x_wconf 89' lang='lat' dir='ltr'>Parisiensi</span> <span class='ocrx_word' id='word_1_647' title='bbox 1379 2863 1455 2901; x_wconf 89' lang='lat' dir='ltr'>sub</span> <span class='ocrx_word' id='word_1_648' title='bbox 1481 2862 1628 2902; x_wconf 89' lang='lat' dir='ltr'>eodem</span> <span class='ocrx_word' id='word_1_649' title='bbox 1660 2862 1886 2906; x_wconf 86' lang='lat' dir='ltr'>Ludovico,</span> <span class='ocrx_word' id='word_1_650' title='bbox 1910 2862 1982 2901; x_wconf 92' lang='lat' dir='ltr'>lib.</span> <span class='ocrx_word' id='word_1_651' title='bbox 2016 2863 2054 2905; x_wconf 85' lang='grc'>1,</span> <span class='ocrx_word' id='word_1_652' title='bbox 2087 2873 2179 2913; x_wconf 89' lang='lat' dir='ltr'>cap.</span> 
     </span>
     <span class='ocr_line' id='line_1_93' title="bbox 1137 2922 2184 2974; baseline -0.002 -11"><span class='ocrx_word' id='word_1_653' title='bbox 1137 2925 1202 2963; x_wconf 88' lang='lat'>30.</span> <span class='ocrx_word' id='word_1_654' title='bbox 1227 2924 1346 2970; x_wconf 87' lang='lat' dir='ltr'>Quod</span> <span class='ocrx_word' id='word_1_655' title='bbox 1365 2924 1491 2962; x_wconf 88' lang='lat' dir='ltr'>etiam</span> <span class='ocrx_word' id='word_1_656' title='bbox 1510 2926 1699 2974; x_wconf 81' lang='lat' dir='ltr'>tempore</span> <span class='ocrx_word' id='word_1_657' title='bbox 1718 2924 1766 2962; x_wconf 91' lang='lat' dir='ltr'>D.</span> <span class='ocrx_word' id='word_1_658' title='bbox 1787 2922 1929 2961; x_wconf 86' lang='lat' dir='ltr'>Basilii</span> <span class='ocrx_word' id='word_1_659' title='bbox 1948 2922 2027 2961; x_wconf 88' lang='lat' dir='ltr'>hoc</span> <span class='ocrx_word' id='word_1_660' title='bbox 2044 2922 2184 2961; x_wconf 89' lang='lat' dir='ltr'>obser-</span> 
     </span>
     <span class='ocr_line' id='line_1_94' title="bbox 1135 2984 2182 3036; baseline -0.002 -11"><span class='ocrx_word' id='word_1_661' title='bbox 1135 2990 1280 3025; x_wconf 77' lang='lat' dir='ltr'>vatum</span> <span class='ocrx_word' id='word_1_662' title='bbox 1310 2986 1451 3033; x_wconf 88' lang='lat' dir='ltr'>fuerit,</span> <span class='ocrx_word' id='word_1_663' title='bbox 1486 2985 1627 3036; x_wconf 78' lang='lat' dir='ltr'>colligi</span> <span class='ocrx_word' id='word_1_664' title='bbox 1658 2988 1795 3036; x_wconf 88' lang='lat' dir='ltr'>potest</span> <span class='ocrx_word' id='word_1_665' title='bbox 1814 2997 1865 3023; x_wconf 82' lang='lat' dir='ltr'>ex</span> <span class='ocrx_word' id='word_1_666' title='bbox 1884 2984 2032 3023; x_wconf 84' lang='lat' dir='ltr'>eodem</span> <span class='ocrx_word' id='word_1_667' title='bbox 2050 2984 2096 3023; x_wconf 90' lang='lat' dir='ltr'>in</span> <span class='ocrx_word' id='word_1_668' title='bbox 2113 2996 2182 3023; x_wconf 89' lang='lat' dir='ltr'>re-</span> 
     </span>
     <span class='ocr_line' id='line_1_95' title="bbox 1138 3047 2181 3100; baseline -0.002 -12"><span class='ocrx_word' id='word_1_669' title='bbox 1138 3049 1246 3100; x_wconf 85' lang='lat' dir='ltr'>gulis</span> <span class='ocrx_word' id='word_1_670' title='bbox 1258 3049 1533 3098; x_wconf 89' lang='lat' dir='ltr'>brevioribus,</span> <span class='ocrx_word' id='word_1_671' title='bbox 1555 3051 1596 3097; x_wconf 76' lang='grc'>2,</span> <span class='ocrx_word' id='word_1_672' title='bbox 1611 3061 1653 3100; x_wconf 89' lang='lat' dir='ltr'>q.</span> <span class='ocrx_word' id='word_1_673' title='bbox 1665 3051 1705 3097; x_wconf 80' lang='lat'>2,</span> <span class='ocrx_word' id='word_1_674' title='bbox 1721 3049 1795 3087; x_wconf 90' lang='lat' dir='ltr'>ubi</span> <span class='ocrx_word' id='word_1_675' title='bbox 1815 3048 1891 3086; x_wconf 90' lang='lat' dir='ltr'>sub</span> <span class='ocrx_word' id='word_1_676' title='bbox 1911 3048 1976 3086; x_wconf 90' lang='lat' dir='ltr'>his</span> <span class='ocrx_word' id='word_1_677' title='bbox 1991 3047 2181 3087; x_wconf 88' lang='lat' dir='ltr'>terminis</span> 
     </span>
     <span class='ocr_line' id='line_1_96' title="bbox 1137 3109 2179 3164; baseline -0.003 -13"><span class='ocrx_word' id='word_1_678' title='bbox 1137 3112 1309 3164; x_wconf 83' lang='lat' dir='ltr'>quaestio</span> <span class='ocrx_word' id='word_1_679' title='bbox 1329 3115 1520 3150; x_wconf 75' lang='lat' dir='ltr'>movetur</span> <span class='ocrx_word' id='word_1_680' title='bbox 1537 3125 1546 3150; x_wconf 72' lang='grc' dir='ltr'>ε</span> <span class='ocrx_word' id='word_1_681' title='bbox 1568 3109 1778 3162; x_wconf 81' lang='lat' dir='ltr'>Numquid</span> <span class='ocrx_word' id='word_1_682' title='bbox 1797 3110 2001 3149; x_wconf 82' lang='lat' dir='ltr'>conveniat</span> <span class='ocrx_word' id='word_1_683' title='bbox 2021 3115 2064 3148; x_wconf 89' lang='lat' dir='ltr'>ut</span> <span class='ocrx_word' id='word_1_684' title='bbox 2077 3110 2179 3148; x_wconf 86' lang='lat' dir='ltr'>inter</span> 
     </span>
     <span class='ocr_line' id='line_1_97' title="bbox 1133 3172 2179 3226; baseline -0.003 -13"><span class='ocrx_word' id='word_1_685' title='bbox 1133 3173 1280 3226; x_wconf 83' lang='lat' dir='ltr'>fratres</span> <span class='ocrx_word' id='word_1_686' title='bbox 1305 3174 1495 3226; x_wconf 75' lang='lat' dir='ltr'>maqister</span> <span class='ocrx_word' id='word_1_687' title='bbox 1511 3173 1564 3212; x_wconf 84' lang='lat' dir='ltr'>sit</span> <span class='ocrx_word' id='word_1_688' title='bbox 1583 3185 1801 3226; x_wconf 85' lang='lat' dir='ltr'>puerorum</span> <span class='ocrx_word' id='word_1_689' title='bbox 1819 3172 2090 3212; x_wconf 82' lang='lat' dir='ltr'>secularium?</span> <span class='ocrx_word' id='word_1_690' title='bbox 2107 3173 2179 3210; x_wconf 82' lang='lat' dir='ltr'>Est</span> 
     </span>
     <span class='ocr_line' id='line_1_98' title="bbox 1134 3232 2181 3292; baseline -0.004 -17"><span class='ocrx_word' id='word_1_691' title='bbox 1134 3240 1274 3275; x_wconf 88' lang='lat' dir='ltr'>autem</span> <span class='ocrx_word' id='word_1_692' title='bbox 1315 3236 1529 3287; x_wconf 88' lang='lat' dir='ltr'>responsio</span> <span class='ocrx_word' id='word_1_693' title='bbox 1571 3235 1780 3274; x_wconf 83' lang='lat' dir='ltr'>notanda:</span> <span class='ocrx_word' id='word_1_694' title='bbox 1828 3235 1926 3274; x_wconf 86' lang='lat' dir='ltr'>Cum</span> <span class='ocrx_word' id='word_1_695' title='bbox 1965 3233 1996 3272; x_wconf 85' lang='lat' dir='ltr'><strong><em>A</em></strong></span> <span class='ocrx_word' id='word_1_696' title='bbox 1997 3232 2181 3292; x_wconf 57' lang='lat' dir='ltr'>postolat·¹⁴</span> 
     </span>
     <span class='ocr_line' id='line_1_99' title="bbox 1137 3295 2182 3347; baseline -0.006 -10"><span class='ocrx_word' id='word_1_697' title='bbox 1137 3297 1316 3337; x_wconf 67' lang='lat' dir='ltr'>dixerit.-</span> <span class='ocrx_word' id='word_1_698' title='bbox 1337 3298 1486 3342; x_wconf 81' lang='lat' dir='ltr'>Patres,</span> <span class='ocrx_word' id='word_1_699' title='bbox 1522 3296 1647 3337; x_wconf 86' lang='lat' dir='ltr'>nolite</span> <span class='ocrx_word' id='word_1_700' title='bbox 1677 3296 1731 3336; x_wconf 91' lang='lat' dir='ltr'>ad</span> <span class='ocrx_word' id='word_1_701' title='bbox 1761 3295 2015 3336; x_wconf 81' lang='lat' dir='ltr'>iracundiam</span> <span class='ocrx_word' id='word_1_702' title='bbox 2031 3298 2182 3347; x_wconf 66' lang='lat' dir='ltr'>provo-³</span> 
     </span>
     <span class='ocr_line' id='line_1_100' title="bbox 1138 3354 2175 3416; baseline -0.008 -15"><span class='ocrx_word' id='word_1_703' title='bbox 1138 3374 1227 3401; x_wconf 88' lang='lat' dir='ltr'>care</span> <span class='ocrx_word' id='word_1_704' title='bbox 1244 3361 1355 3416; x_wconf 78' lang='lat' dir='ltr'>filios</span> <span class='ocrx_word' id='word_1_705' title='bbox 1373 3366 1527 3410; x_wconf 86' lang='lat' dir='ltr'>vestros,</span> <span class='ocrx_word' id='word_1_706' title='bbox 1547 3360 1614 3401; x_wconf 86' lang='lat' dir='ltr'>sed</span> <span class='ocrx_word' id='word_1_707' title='bbox 1632 3360 1792 3400; x_wconf 89' lang='lat' dir='ltr'>educate</span> <span class='ocrx_word' id='word_1_708' title='bbox 1811 3360 1906 3399; x_wconf 87' lang='lat' dir='ltr'>illos</span> <span class='ocrx_word' id='word_1_709' title='bbox 1925 3360 1969 3398; x_wconf 90' lang='lat' dir='ltr'>in</span> <span class='ocrx_word' id='word_1_710' title='bbox 1989 3354 2175 3408; x_wconf 86' lang='lat' dir='ltr'>discipli-</span> 
     </span>
     <span class='ocr_line' id='line_1_101' title="bbox 1130 3417 2169 3474; baseline -0.009 -11"><span class='ocrx_word' id='word_1_711' title='bbox 1130 3435 1198 3473; x_wconf 86' lang='lat' dir='ltr'>na,</span> <span class='ocrx_word' id='word_1_712' title='bbox 1220 3428 1257 3463; x_wconf 85' lang='lat' dir='ltr'>ct</span> <span class='ocrx_word' id='word_1_713' title='bbox 1272 3423 1510 3463; x_wconf 84' lang='lat' dir='ltr'>correctione</span> <span class='ocrx_word' id='word_1_714' title='bbox 1522 3421 1715 3468; x_wconf 79' lang='lat' dir='ltr'>Domini,-</span> <span class='ocrx_word' id='word_1_715' title='bbox 1731 3423 1768 3462; x_wconf 87' lang='lat' dir='ltr'>si</span> <span class='ocrx_word' id='word_1_716' title='bbox 1785 3422 1857 3474; x_wconf 85' lang='lat' dir='ltr'>qui</span> <span class='ocrx_word' id='word_1_717' title='bbox 1874 3432 1935 3459; x_wconf 86' lang='lat' dir='ltr'>eos</span> <span class='ocrx_word' id='word_1_718' title='bbox 1953 3417 2169 3467; x_wconf 80' lang='lat' dir='ltr'>adducunt,</span> 
     </span>
    </p>
   </div>
   <div class='ocr_carea' id='block_1_6' title="bbox 0 3476 2175 3662">
    <p class='ocr_par' dir='ltr' id='par_1_10' title="bbox 0 3476 2174 3662">
     <span class='ocr_line' id='line_1_102' title="bbox 7 3476 2174 3542; baseline -0.004 -19"><span class='ocrx_word' id='word_1_719' title='bbox 7 3524 33 3542; x_wconf 44' lang='grc' dir='ltr'>,Ι</span> <span class='ocrx_word' id='word_1_720' title='bbox 75 3535 77 3538; x_wconf 20' lang='lat'><strong><em>¹</em></strong></span> <span class='ocrx_word' id='word_1_721' title='bbox 122 3483 198 3523; x_wconf 81' lang='lat' dir='ltr'>iter</span> <span class='ocrx_word' id='word_1_722' title='bbox 213 3483 282 3524; x_wconf 83' lang='lat' dir='ltr'>sub</span> <span class='ocrx_word' id='word_1_723' title='bbox 299 3481 469 3535; x_wconf 77' lang='lat' dir='ltr'>artificis</span> <span class='ocrx_word' id='word_1_724' title='bbox 502 3494 624 3522; x_wconf 83' lang='lat' dir='ltr'>manu</span> <span class='ocrx_word' id='word_1_725' title='bbox 655 3483 865 3523; x_wconf 81' lang='lat' dir='ltr'>constituta</span> <span class='ocrx_word' id='word_1_726' title='bbox 901 3482 1081 3521; x_wconf 74' lang='lat' dir='ltr'>ornatior</span> <span class='ocrx_word' id='word_1_727' title='bbox 1134 3484 1207 3525; x_wconf 82' lang='lat' dir='ltr'>hac</span> <span class='ocrx_word' id='word_1_728' title='bbox 1236 3491 1362 3525; x_wconf 84' lang='lat' dir='ltr'>mente</span> <span class='ocrx_word' id='word_1_729' title='bbox 1392 3483 1608 3534; x_wconf 84' lang='lat' dir='ltr'>adducunt,</span> <span class='ocrx_word' id='word_1_730' title='bbox 1641 3490 1677 3524; x_wconf 87' lang='lat' dir='ltr'>et</span> <span class='ocrx_word' id='word_1_731' title='bbox 1707 3483 1779 3536; x_wconf 83' lang='lat' dir='ltr'>qui</span> <span class='ocrx_word' id='word_1_732' title='bbox 1808 3480 2042 3532; x_wconf 73' lang='lat' dir='ltr'>suscipiunt,</span> <span class='ocrx_word' id='word_1_733' title='bbox 2076 3476 2174 3517; x_wconf 80' lang='lat' dir='ltr'>tales</span> 
     </span>
     <span class='ocr_line' id='line_1_103' title="bbox 0 3538 2172 3603; baseline -0.003 -18.984"><span class='ocrx_word' id='word_1_734' title='bbox 0 3545 46 3603; x_wconf 36' lang='lat' dir='ltr'>4*ss</span> <span class='ocrx_word' id='word_1_735' title='bbox 75 3548 105 3598; x_wconf 24' lang='grc' dir='ltr'>,η’</span> <span class='ocrx_word' id='word_1_736' title='bbox 108 3543 207 3585; x_wconf 82' lang='lat' dir='ltr'>dies</span> <span class='ocrx_word' id='word_1_737' title='bbox 222 3543 415 3594; x_wconf 84' lang='lat' dir='ltr'>evadebat,</span> <span class='ocrx_word' id='word_1_738' title='bbox 443 3545 714 3598; x_wconf 75' lang='lat' dir='ltr'>inqentemque</span> <span class='ocrx_word' id='word_1_739' title='bbox 744 3545 879 3583; x_wconf 81' lang='lat' dir='ltr'>animo</span> <span class='ocrx_word' id='word_1_740' title='bbox 905 3543 1078 3585; x_wconf 73' lang='lat' dir='ltr'>decor-mn</span> <span class='ocrx_word' id='word_1_741' title='bbox 1129 3552 1233 3591; x_wconf 85' lang='lat' dir='ltr'>sunt,</span> <span class='ocrx_word' id='word_1_742' title='bbox 1255 3560 1324 3600; x_wconf 79' lang='lat' dir='ltr'>qui</span> <span class='ocrx_word' id='word_1_743' title='bbox 1320 3547 1576 3600; x_wconf 83' lang='lat' dir='ltr'>planissime</span> <span class='ocrx_word' id='word_1_744' title='bbox 1594 3544 1797 3598; x_wconf 75' lang='lat' dir='ltr'>confidant</span> <span class='ocrx_word' id='word_1_745' title='bbox 1812 3553 1920 3594; x_wconf 87' lang='lat' dir='ltr'>posse</span> <span class='ocrx_word' id='word_1_746' title='bbox 1931 3552 1982 3588; x_wconf 88' lang='lat' dir='ltr'>sc,</span> <span class='ocrx_word' id='word_1_747' title='bbox 2011 3538 2172 3592; x_wconf 84' lang='lat' dir='ltr'>quisibi</span> 
     </span>
     <span class='ocr_line' id='line_1_104' title="bbox 0 3599 2175 3662; baseline -0.004 -13"><span class='ocrx_word' id='word_1_748' title='bbox 0 3605 34 3636; x_wconf 49' lang='grc'>19</span> <span class='ocrx_word' id='word_1_749' title='bbox 32 3602 203 3650; x_wconf 48' lang='lat' dir='ltr'>fidae</span> <span class='ocrx_word' id='word_1_750' title='bbox 218 3606 444 3662; x_wconf 61' lang='lat' dir='ltr'>adficiebat.</span> <span class='ocrx_word' id='word_1_751' title='bbox 465 3607 518 3647; x_wconf 86' lang='lat' dir='ltr'>Et</span> <span class='ocrx_word' id='word_1_752' title='bbox 534 3606 708 3647; x_wconf 86' lang='lat' dir='ltr'>inferius</span> <span class='ocrx_word' id='word_1_753' title='bbox 724 3606 932 3647; x_wconf 88' lang='lat' dir='ltr'>concludit</span> <span class='ocrx_word' id='word_1_754' title='bbox 949 3605 1076 3661; x_wconf 76' lang='lat' dir='ltr'>Chry·</span> <span class='ocrx_word' id='word_1_755' title='bbox 1128 3606 1427 3660; x_wconf 84' lang='lat' dir='ltr'>adducantur,</span> <span class='ocrx_word' id='word_1_756' title='bbox 1410 3621 1455 3648; x_wconf 77' lang='grc' dir='ltr'>ιη</span> <span class='ocrx_word' id='word_1_757' title='bbox 1465 3606 1686 3660; x_wconf 79' lang='lat' dir='ltr'>disciplina</span> <span class='ocrx_word' id='word_1_758' title='bbox 1699 3609 1735 3644; x_wconf 88' lang='lat' dir='ltr'>et</span> <span class='ocrx_word' id='word_1_759' title='bbox 1753 3602 1990 3643; x_wconf 74' lang='lat' dir='ltr'>correctione</span> <span class='ocrx_word' id='word_1_760' title='bbox 2004 3599 2175 3641; x_wconf 82' lang='lat' dir='ltr'>Domini</span> 
     </span>
    </p>
   </div>
   <div class='ocr_carea' id='block_1_7' title="bbox 0 3627 75 3880">
    <p class='ocr_par' dir='ltr' id='par_1_11' title="bbox 0 3627 93 3880">
     <span class='ocr_line' id='line_1_105' title="bbox 0 3627 75 3880; baseline 0 -76"><span class='ocrx_word' id='word_1_761' title='bbox 0 3627 75 3880; x_wconf 17' lang='lat'>{-</span> 
     </span>
    </p>
   </div>
   <div class='ocr_carea' id='block_1_8' title="bbox 8 3442 121 3596">
    <p class='ocr_par' dir='ltr' id='par_1_12' title="bbox 8 3442 121 3596">
     <span class='ocr_line' id='line_1_106' title="bbox 8 3442 121 3596; baseline 0 284"><span class='ocrx_word' id='word_1_762' title='bbox 8 3442 121 3596; x_wconf 95' lang='lat' dir='ltr'> </span> 
     </span>
    </p>
   </div>
  </div>
 </body>
</html>
