<?xml version="1.0" encoding="UTF-8"?>
<!DOCTYPE html PUBLIC "-//W3C//DTD XHTML 1.0 Transitional//EN"
    "http://www.w3.org/TR/xhtml1/DTD/xhtml1-transitional.dtd">
<html xmlns="http://www.w3.org/1999/xhtml" xml:lang="en" lang="en">
 <head>
  <title>
</title>
<meta http-equiv="Content-Type" content="text/html;charset=utf-8" />
  <meta name='ocr-system' content='tesseract 3.04.00' />
  <meta name='ocr-capabilities' content='ocr_page ocr_carea ocr_par ocr_line ocrx_word'/>
</head>
<body>
  <div class='ocr_page' id='page_1' title='image "./operaomnia16suaauoft_0461.png"; bbox 0 0 2352 3880; ppageno 0'>
   <div class='ocr_carea' id='block_1_1' title="bbox 0 0 61 3880">
    <p class='ocr_par' dir='ltr' id='par_1_1' title="bbox 0 0 61 3880">
     <span class='ocr_line' id='line_1_1' title="bbox 0 0 61 3880; baseline 0 0"><span class='ocrx_word' id='word_1_1' title='bbox 0 0 61 3880; x_wconf 95' lang='lat' dir='ltr'><strong> </strong></span> 
     </span>
    </p>
   </div>
   <div class='ocr_carea' id='block_1_2' title="bbox 755 116 773 131">
    <p class='ocr_par' dir='ltr' id='par_1_2' title="bbox 755 116 773 131">
     <span class='ocr_line' id='line_1_2' title="bbox 755 116 773 131; baseline 0 0"><span class='ocrx_word' id='word_1_2' title='bbox 755 116 773 131; x_wconf 53' lang='lat' dir='ltr'>S</span> 
     </span>
    </p>
   </div>
   <div class='ocr_carea' id='block_1_3' title="bbox 414 161 1883 216">
    <p class='ocr_par' dir='ltr' id='par_1_3' title="bbox 414 161 1883 216">
     <span class='ocr_line' id='line_1_3' title="bbox 414 161 1883 216; baseline 0.001 -9"><span class='ocrx_word' id='word_1_3' title='bbox 414 175 504 207; x_wconf 62' lang='lat' dir='ltr'><strong>ml).</strong></span> <span class='ocrx_word' id='word_1_4' title='bbox 527 172 612 206; x_wconf 83' lang='lat' dir='ltr'><strong>Vffl.</strong></span> <span class='ocrx_word' id='word_1_5' title='bbox 634 170 924 207; x_wconf 71' lang='lat' dir='ltr'>PRAEMITTITUR</span> <span class='ocrx_word' id='word_1_6' title='bbox 943 170 1171 207; x_wconf 66' lang='lat' dir='ltr'><strong>ommis</strong></span> <span class='ocrx_word' id='word_1_7' title='bbox 1190 170 1396 206; x_wconf 65' lang='lat' dir='ltr'><strong>noemma</strong></span> <span class='ocrx_word' id='word_1_8' title='bbox 1415 171 1769 216; x_wconf 70' lang='grc' dir='ltr'><strong>ΒΕΝῙΙΝΤΙΑΤΙΟΝΙΒ,</strong></span> <span class='ocrx_word' id='word_1_9' title='bbox 1790 161 1883 209; x_wconf 72' lang='lat' dir='ltr'><strong>Ere.</strong></span> 
     </span>
    </p>
   </div>
   <div class='ocr_carea' id='block_1_4' title="bbox 48 213 1142 3628">
    <p class='ocr_par' dir='ltr' id='par_1_4' title="bbox 62 213 111 230">
     <span class='ocr_line' id='line_1_4' title="bbox 62 213 111 230; baseline 0 0"><span class='ocrx_word' id='word_1_10' title='bbox 62 213 65 216; x_wconf 73' lang='grc'><strong>’</strong></span> <span class='ocrx_word' id='word_1_11' title='bbox 94 213 111 230; x_wconf 66' lang='lat'><strong>0¹</strong></span> 
     </span>
    </p>

    <p class='ocr_par' dir='ltr' id='par_1_5' title="bbox 59 234 1114 310">
     <span class='ocr_line' id='line_1_5' title="bbox 59 237 1114 310; baseline -0.005 -27"><span class='ocrx_word' id='word_1_12' title='bbox 59 244 139 310; x_wconf 46' lang='lat' dir='ltr'><strong>pt</strong></span> <span class='ocrx_word' id='word_1_13' title='bbox 159 252 246 283; x_wconf 89' lang='lat' dir='ltr'><strong>non</strong></span> <span class='ocrx_word' id='word_1_14' title='bbox 268 239 321 282; x_wconf 78' lang='lat' dir='ltr'><strong>sit</strong></span> <span class='ocrx_word' id='word_1_15' title='bbox 336 239 505 280; x_wconf 84' lang='lat' dir='ltr'><strong>moralis</strong></span> <span class='ocrx_word' id='word_1_16' title='bbox 532 250 624 293; x_wconf 79' lang='lat' dir='ltr'><strong>spes</strong></span> <span class='ocrx_word' id='word_1_17' title='bbox 648 237 900 293; x_wconf 87' lang='lat' dir='ltr'><strong>impediendi</strong></span> <span class='ocrx_word' id='word_1_18' title='bbox 921 237 1023 279; x_wconf 88' lang='lat' dir='ltr'><strong>illud</strong></span> <span class='ocrx_word' id='word_1_19' title='bbox 1041 249 1114 291; x_wconf 88' lang='lat' dir='ltr'><strong>per</strong></span> 
     </span>
    </p>

    <p class='ocr_par' dir='ltr' id='par_1_6' title="bbox 55 299 1114 1329">
     <span class='ocr_line' id='line_1_6' title="bbox 55 299 1113 353; baseline -0.001 -12"><span class='ocrx_word' id='word_1_20' title='bbox 55 299 61 341; x_wconf 73' lang='grc' dir='ltr'>ξ</span> <span class='ocrx_word' id='word_1_21' title='bbox 83 305 282 351; x_wconf 63' lang='lat' dir='ltr'><strong>⁴Decretum</strong></span> <span class='ocrx_word' id='word_1_22' title='bbox 301 301 599 353; x_wconf 83' lang='lat' dir='ltr'><strong>monitionem3</strong></span> <span class='ocrx_word' id='word_1_23' title='bbox 622 304 664 343; x_wconf 88' lang='lat' dir='ltr'><strong>et</strong></span> <span class='ocrx_word' id='word_1_24' title='bbox 680 304 781 341; x_wconf 91' lang='lat' dir='ltr'><strong>tunc</strong></span> <span class='ocrx_word' id='word_1_25' title='bbox 798 303 926 340; x_wconf 86' lang='lat' dir='ltr'><strong>cessat</strong></span> <span class='ocrx_word' id='word_1_26' title='bbox 947 299 1113 353; x_wconf 84' lang='lat' dir='ltr'><strong>quidem</strong></span> 
     </span>
     <span class='ocr_line' id='line_1_7' title="bbox 80 361 1114 416; baseline -0.007 -8"><span class='ocrx_word' id='word_1_27' title='bbox 80 363 282 416; x_wconf 66' lang='lat' dir='ltr'><strong>‘obligatio</strong></span> <span class='ocrx_word' id='word_1_28' title='bbox 300 362 575 415; x_wconf 68' lang='lat' dir='ltr'><strong>praemittendi</strong></span> <span class='ocrx_word' id='word_1_29' title='bbox 592 362 706 404; x_wconf 86' lang='lat' dir='ltr'><strong>illam</strong></span> <span class='ocrx_word' id='word_1_30' title='bbox 720 392 736 412; x_wconf 94' lang='lat'><strong>,</strong></span> <span class='ocrx_word' id='word_1_31' title='bbox 767 365 908 402; x_wconf 87' lang='lat' dir='ltr'><strong>tamen</strong></span> <span class='ocrx_word' id='word_1_32' title='bbox 925 361 1038 402; x_wconf 91' lang='lat' dir='ltr'><strong>idem</strong></span> <span class='ocrx_word' id='word_1_33' title='bbox 1054 363 1114 401; x_wconf 82' lang='lat' dir='ltr'><strong>est</strong></span> 
     </span>
     <span class='ocr_line' id='line_1_8' title="bbox 75 422 1112 481; baseline -0.004 -15"><span class='ocrx_word' id='word_1_34' title='bbox 75 424 252 481; x_wconf 67' lang='lat' dir='ltr'><strong>‚quando</strong></span> <span class='ocrx_word' id='word_1_35' title='bbox 280 429 494 477; x_wconf 86' lang='lat' dir='ltr'><strong>peccatum</strong></span> <span class='ocrx_word' id='word_1_36' title='bbox 511 424 650 465; x_wconf 85' lang='lat' dir='ltr'><strong>fratris</strong></span> <span class='ocrx_word' id='word_1_37' title='bbox 666 422 799 475; x_wconf 85' lang='lat' dir='ltr'><strong>vergit</strong></span> <span class='ocrx_word' id='word_1_38' title='bbox 816 423 861 462; x_wconf 93' lang='lat' dir='ltr'><strong>in</strong></span> <span class='ocrx_word' id='word_1_39' title='bbox 878 435 1017 463; x_wconf 89' lang='lat' dir='ltr'><strong>meum</strong></span> <span class='ocrx_word' id='word_1_40' title='bbox 1035 433 1112 462; x_wconf 92' lang='lat' dir='ltr'><strong>no-</strong></span> 
     </span>
     <span class='ocr_line' id='line_1_9' title="bbox 86 483 1114 538; baseline -0.008 -7"><span class='ocrx_word' id='word_1_41' title='bbox 86 490 336 535; x_wconf 73' lang='lat' dir='ltr'><strong>cumentum,</strong></span> <span class='ocrx_word' id='word_1_42' title='bbox 367 490 411 528; x_wconf 90' lang='lat' dir='ltr'><strong>et</strong></span> <span class='ocrx_word' id='word_1_43' title='bbox 432 486 601 538; x_wconf 87' lang='lat' dir='ltr'><strong>despero</strong></span> <span class='ocrx_word' id='word_1_44' title='bbox 627 497 694 526; x_wconf 89' lang='lat' dir='ltr'><strong>me</strong></span> <span class='ocrx_word' id='word_1_45' title='bbox 716 496 831 537; x_wconf 85' lang='lat' dir='ltr'><strong>posse</strong></span> <span class='ocrx_word' id='word_1_46' title='bbox 856 483 959 524; x_wconf 91' lang='lat' dir='ltr'><strong>illud</strong></span> <span class='ocrx_word' id='word_1_47' title='bbox 984 485 1114 537; x_wconf 82' lang='lat' dir='ltr'><strong>impe·</strong></span> 
     </span>
     <span class='ocr_line' id='line_1_10' title="bbox 84 542 1113 601; baseline -0.004 -11"><span class='ocrx_word' id='word_1_48' title='bbox 84 542 175 591; x_wconf 74' lang='lat' dir='ltr'><strong>&#39;dire</strong></span> <span class='ocrx_word' id='word_1_49' title='bbox 190 560 263 601; x_wconf 92' lang='lat' dir='ltr'><strong>per</strong></span> <span class='ocrx_word' id='word_1_50' title='bbox 279 559 415 588; x_wconf 90' lang='lat' dir='ltr'><strong>meam</strong></span> <span class='ocrx_word' id='word_1_51' title='bbox 433 546 716 595; x_wconf 88' lang='lat' dir='ltr'><strong>monitionem,</strong></span> <span class='ocrx_word' id='word_1_52' title='bbox 737 545 825 585; x_wconf 89' lang='lat' dir='ltr'><strong>sine</strong></span> <span class='ocrx_word' id='word_1_53' title='bbox 844 546 996 586; x_wconf 88' lang='lat' dir='ltr'><strong>auxilio</strong></span> <span class='ocrx_word' id='word_1_54' title='bbox 1012 547 1113 586; x_wconf 81' lang='lat' dir='ltr'><strong>Prae-</strong></span> 
     </span>
     <span class='ocr_line' id='line_1_11' title="bbox 82 606 1114 660; baseline -0.005 -9"><span class='ocrx_word' id='word_1_55' title='bbox 82 607 157 652; x_wconf 75' lang='lat' dir='ltr'><strong>lati</strong></span> <span class='ocrx_word' id='word_1_56' title='bbox 172 625 183 659; x_wconf 80' lang='lat'><em>3</em></span> <span class='ocrx_word' id='word_1_57' title='bbox 208 611 292 650; x_wconf 92' lang='lat' dir='ltr'><strong>imo</strong></span> <span class='ocrx_word' id='word_1_58' title='bbox 308 610 419 650; x_wconf 90' lang='lat' dir='ltr'><strong>idem</strong></span> <span class='ocrx_word' id='word_1_59' title='bbox 434 612 495 649; x_wconf 88' lang='lat' dir='ltr'><strong>est</strong></span> <span class='ocrx_word' id='word_1_60' title='bbox 507 608 603 648; x_wconf 90' lang='lat' dir='ltr'><strong>licet</strong></span> <span class='ocrx_word' id='word_1_61' title='bbox 618 610 827 660; x_wconf 86' lang='lat' dir='ltr'><strong>peccatum</strong></span> <span class='ocrx_word' id='word_1_62' title='bbox 840 607 944 646; x_wconf 91' lang='lat' dir='ltr'><strong>nulli</strong></span> <span class='ocrx_word' id='word_1_63' title='bbox 955 606 1114 647; x_wconf 90' lang='lat' dir='ltr'><strong>homini</strong></span> 
     </span>
     <span class='ocr_line' id='line_1_12' title="bbox 81 667 1110 720; baseline -0.005 -7"><span class='ocrx_word' id='word_1_64' title='bbox 81 674 379 714; x_wconf 79' lang='lat' dir='ltr'><strong>nocumentum</strong></span> <span class='ocrx_word' id='word_1_65' title='bbox 409 669 586 718; x_wconf 83' lang='lat' dir='ltr'><strong>inferat,</strong></span> <span class='ocrx_word' id='word_1_66' title='bbox 618 668 697 708; x_wconf 88' lang='lat' dir='ltr'><strong>nisi</strong></span> <span class='ocrx_word' id='word_1_67' title='bbox 724 667 888 720; x_wconf 81' lang='lat' dir='ltr'><strong>ipsimet</strong></span> <span class='ocrx_word' id='word_1_68' title='bbox 914 668 1110 720; x_wconf 84' lang='lat' dir='ltr'>peccanti,</span> 
     </span>
     <span class='ocr_line' id='line_1_13' title="bbox 81 729 1111 778; baseline -0.005 -5"><span class='ocrx_word' id='word_1_69' title='bbox 81 741 181 774; x_wconf 83' lang='lat' dir='ltr'><strong>nam</strong></span> <span class='ocrx_word' id='word_1_70' title='bbox 210 736 307 771; x_wconf 90' lang='lat' dir='ltr'><strong>tunc</strong></span> <span class='ocrx_word' id='word_1_71' title='bbox 336 730 461 771; x_wconf 90' lang='lat' dir='ltr'><strong>etiam</strong></span> <span class='ocrx_word' id='word_1_72' title='bbox 501 729 806 770; x_wconf 79' lang='lat' dir='ltr'><strong>denuntiandus</strong></span> <span class='ocrx_word' id='word_1_73' title='bbox 834 733 895 770; x_wconf 90' lang='lat' dir='ltr'><strong>est</strong></span> <span class='ocrx_word' id='word_1_74' title='bbox 924 730 1111 778; x_wconf 85' lang='lat' dir='ltr'><strong>Praelato,</strong></span> 
     </span>
     <span class='ocr_line' id='line_1_14' title="bbox 70 790 1112 850; baseline -0.003 -17"><span class='ocrx_word' id='word_1_75' title='bbox 70 793 352 850; x_wconf 71' lang='lat' dir='ltr'><strong>&#39;praetermissa</strong></span> <span class='ocrx_word' id='word_1_76' title='bbox 364 791 590 831; x_wconf 88' lang='lat' dir='ltr'><strong>monitione</strong></span> <span class='ocrx_word' id='word_1_77' title='bbox 609 795 778 839; x_wconf 77' lang='lat' dir='ltr'><strong>secreta,</strong></span> <span class='ocrx_word' id='word_1_78' title='bbox 796 790 846 831; x_wconf 89' lang='lat' dir='ltr'><strong>de</strong></span> <span class='ocrx_word' id='word_1_79' title='bbox 862 803 943 844; x_wconf 88' lang='lat' dir='ltr'><strong>qua</strong></span> <span class='ocrx_word' id='word_1_80' title='bbox 957 791 1112 831; x_wconf 83' lang='lat' dir='ltr'><strong>fructus</strong></span> 
     </span>
     <span class='ocr_line' id='line_1_15' title="bbox 81 853 1112 906; baseline -0.003 -11"><span class='ocrx_word' id='word_1_81' title='bbox 81 864 167 896; x_wconf 84' lang='lat' dir='ltr'><strong>non</strong></span> <span class='ocrx_word' id='word_1_82' title='bbox 194 857 396 906; x_wconf 84' lang='lat' dir='ltr'><strong>speratur,</strong></span> <span class='ocrx_word' id='word_1_83' title='bbox 418 853 514 905; x_wconf 86' lang='lat' dir='ltr'><strong>quia</strong></span> <span class='ocrx_word' id='word_1_84' title='bbox 541 853 629 892; x_wconf 85' lang='lat' dir='ltr'><strong>haec</strong></span> <span class='ocrx_word' id='word_1_85' title='bbox 657 861 761 892; x_wconf 90' lang='lat' dir='ltr'><strong>esset</strong></span> <span class='ocrx_word' id='word_1_86' title='bbox 781 856 880 892; x_wconf 91' lang='lat' dir='ltr'><strong>tunc</strong></span> <span class='ocrx_word' id='word_1_87' title='bbox 898 853 1042 901; x_wconf 81' lang='lat' dir='ltr'><strong>otiosa,</strong></span> <span class='ocrx_word' id='word_1_88' title='bbox 1071 855 1112 892; x_wconf 88' lang='lat' dir='ltr'><strong>et</strong></span> 
     </span>
     <span class='ocr_line' id='line_1_16' title="bbox 79 909 1112 967; baseline -0.002 -12"><span class='ocrx_word' id='word_1_89' title='bbox 79 909 246 957; x_wconf 68' lang='lat' dir='ltr'><strong>&#39;aliunde</strong></span> <span class='ocrx_word' id='word_1_90' title='bbox 261 914 468 967; x_wconf 80' lang='lat' dir='ltr'><strong>spirituale</strong></span> <span class='ocrx_word' id='word_1_91' title='bbox 484 914 639 954; x_wconf 91' lang='lat' dir='ltr'><strong>bonum</strong></span> <span class='ocrx_word' id='word_1_92' title='bbox 657 914 793 954; x_wconf 85' lang='lat' dir='ltr'><strong>fratris</strong></span> <span class='ocrx_word' id='word_1_93' title='bbox 810 914 1112 966; x_wconf 81' lang='lat' dir='ltr'><strong>praeferendum</strong></span> 
     </span>
     <span class='ocr_line' id='line_1_17' title="bbox 82 976 1111 1029; baseline 0.001 -13"><span class='ocrx_word' id='word_1_94' title='bbox 82 981 140 1017; x_wconf 89' lang='lat' dir='ltr'><strong>est</strong></span> <span class='ocrx_word' id='word_1_95' title='bbox 153 978 272 1017; x_wconf 86' lang='lat' dir='ltr'><strong>famae</strong></span> <span class='ocrx_word' id='word_1_96' title='bbox 286 978 398 1029; x_wconf 82' lang='lat' dir='ltr'><strong>ejus3</strong></span> <span class='ocrx_word' id='word_1_97' title='bbox 420 989 532 1028; x_wconf 84' lang='lat' dir='ltr'><strong>ergo,</strong></span> <span class='ocrx_word' id='word_1_98' title='bbox 550 976 776 1016; x_wconf 82' lang='lat' dir='ltr'><strong>formaliter</strong></span> <span class='ocrx_word' id='word_1_99' title='bbox 787 976 1007 1029; x_wconf 81' lang='lat' dir='ltr'><strong>loquendo,</strong></span> <span class='ocrx_word' id='word_1_100' title='bbox 1026 986 1111 1017; x_wconf 87' lang='lat' dir='ltr'><strong>non</strong></span> 
     </span>
     <span class='ocr_line' id='line_1_18' title="bbox 82 1037 1111 1081; baseline -0.003 -1"><span class='ocrx_word' id='word_1_101' title='bbox 82 1039 294 1081; x_wconf 81' lang='lat' dir='ltr'><strong>intercedit</strong></span> <span class='ocrx_word' id='word_1_102' title='bbox 313 1039 404 1079; x_wconf 89' lang='lat' dir='ltr'><strong>talis</strong></span> <span class='ocrx_word' id='word_1_103' title='bbox 422 1039 651 1079; x_wconf 85' lang='lat' dir='ltr'><strong>differentia</strong></span> <span class='ocrx_word' id='word_1_104' title='bbox 677 1039 785 1079; x_wconf 87' lang='lat' dir='ltr'><strong>inter</strong></span> <span class='ocrx_word' id='word_1_105' title='bbox 811 1039 901 1079; x_wconf 88' lang='lat' dir='ltr'><strong>illas</strong></span> <span class='ocrx_word' id='word_1_106' title='bbox 925 1038 1026 1077; x_wconf 89' lang='lat' dir='ltr'><strong>duas</strong></span> <span class='ocrx_word' id='word_1_107' title='bbox 1041 1037 1111 1078; x_wconf 81' lang='lat' dir='ltr'><strong>de-</strong></span> 
     </span>
     <span class='ocr_line' id='line_1_19' title="bbox 82 1099 1111 1154; baseline -0.002 -14"><span class='ocrx_word' id='word_1_108' title='bbox 82 1101 378 1150; x_wconf 83' lang='lat' dir='ltr'><strong>nuntiationes,</strong></span> <span class='ocrx_word' id='word_1_109' title='bbox 398 1113 491 1154; x_wconf 79' lang='lat' dir='ltr'><strong>quae</strong></span> <span class='ocrx_word' id='word_1_110' title='bbox 511 1101 756 1152; x_wconf 86' lang='lat' dir='ltr'><strong>Evangelica</strong></span> <span class='ocrx_word' id='word_1_111' title='bbox 774 1104 814 1140; x_wconf 89' lang='lat' dir='ltr'><strong>et</strong></span> <span class='ocrx_word' id='word_1_112' title='bbox 832 1099 1026 1139; x_wconf 87' lang='lat' dir='ltr'><strong>canonica</strong></span> <span class='ocrx_word' id='word_1_113' title='bbox 1042 1110 1111 1151; x_wconf 87' lang='lat' dir='ltr'><strong>ap-</strong></span> 
     </span>
     <span class='ocr_line' id='line_1_20' title="bbox 80 1162 1110 1217; baseline -0.004 -14"><span class='ocrx_word' id='word_1_114' title='bbox 80 1162 313 1217; x_wconf 85' lang='lat' dir='ltr'><strong>pellantur;</strong></span> <span class='ocrx_word' id='word_1_115' title='bbox 342 1175 439 1214; x_wconf 85' lang='lat' dir='ltr'><strong>ergo</strong></span> <span class='ocrx_word' id='word_1_116' title='bbox 457 1162 510 1202; x_wconf 89' lang='lat' dir='ltr'><strong>ob</strong></span> <span class='ocrx_word' id='word_1_117' title='bbox 528 1162 634 1202; x_wconf 86' lang='lat' dir='ltr'><strong>hanc</strong></span> <span class='ocrx_word' id='word_1_118' title='bbox 652 1162 854 1202; x_wconf 90' lang='lat' dir='ltr'><strong>rationem</strong></span> <span class='ocrx_word' id='word_1_119' title='bbox 871 1172 947 1200; x_wconf 92' lang='lat' dir='ltr'><strong>nec</strong></span> <span class='ocrx_word' id='word_1_120' title='bbox 962 1164 1023 1200; x_wconf 91' lang='lat' dir='ltr'><strong>est</strong></span> <span class='ocrx_word' id='word_1_121' title='bbox 1038 1172 1110 1200; x_wconf 91' lang='lat' dir='ltr'><strong>ne-</strong></span> 
     </span>
     <span class='ocr_line' id='line_1_21' title="bbox 79 1223 1111 1276; baseline -0.003 -10"><span class='ocrx_word' id='word_1_122' title='bbox 79 1226 254 1266; x_wconf 82' lang='lat' dir='ltr'><strong>cessaria</strong></span> <span class='ocrx_word' id='word_1_123' title='bbox 270 1225 341 1263; x_wconf 86' lang='lat' dir='ltr'><strong>illa</strong></span> <span class='ocrx_word' id='word_1_124' title='bbox 361 1224 581 1273; x_wconf 88' lang='lat' dir='ltr'><strong>distinctio,</strong></span> <span class='ocrx_word' id='word_1_125' title='bbox 603 1236 734 1276; x_wconf 87' lang='lat' dir='ltr'><strong>neque</strong></span> <span class='ocrx_word' id='word_1_126' title='bbox 749 1223 822 1263; x_wconf 86' lang='lat' dir='ltr'><strong>illa</strong></span> <span class='ocrx_word' id='word_1_127' title='bbox 835 1223 1006 1263; x_wconf 88' lang='lat' dir='ltr'><strong>nomina</strong></span> <span class='ocrx_word' id='word_1_128' title='bbox 1017 1223 1111 1264; x_wconf 82' lang='lat' dir='ltr'><strong>fun-</strong></span> 
     </span>
     <span class='ocr_line' id='line_1_22' title="bbox 80 1286 509 1329; baseline -0.005 -1"><span class='ocrx_word' id='word_1_129' title='bbox 80 1286 323 1329; x_wconf 83' lang='lat' dir='ltr'><strong>damentum</strong></span> <span class='ocrx_word' id='word_1_130' title='bbox 340 1286 509 1326; x_wconf 88' lang='lat' dir='ltr'><strong>habent.</strong></span> 
     </span>
    </p>

    <p class='ocr_par' dir='ltr' id='par_1_7' title="bbox 77 1346 1126 2816">
     <span class='ocr_line' id='line_1_23' title="bbox 134 1346 1115 1398; baseline 0.001 -10"><span class='ocrx_word' id='word_1_131' title='bbox 134 1350 174 1388; x_wconf 86' lang='lat'><strong>7.</strong></span> <span class='ocrx_word' id='word_1_132' title='bbox 207 1348 288 1396; x_wconf 77' lang='lat' dir='ltr'><strong>Quo</strong></span> <span class='ocrx_word' id='word_1_133' title='bbox 305 1359 422 1389; x_wconf 74' lang='lat' dir='ltr'><strong>sensu</strong></span> <span class='ocrx_word' id='word_1_134' title='bbox 440 1347 646 1398; x_wconf 77' lang='lat' dir='ltr'><strong>verificari</strong></span> <span class='ocrx_word' id='word_1_135' title='bbox 659 1346 794 1398; x_wconf 74' lang='lat' dir='ltr'><strong>possit</strong></span> <span class='ocrx_word' id='word_1_136' title='bbox 816 1346 1031 1387; x_wconf 74' lang='lat' dir='ltr'><strong>discrimen</strong></span> <span class='ocrx_word' id='word_1_137' title='bbox 1049 1358 1115 1390; x_wconf 73' lang='grc' dir='ltr'><strong>εω-</strong></span> 
     </span>
     <span class='ocr_line' id='line_1_24' title="bbox 77 1408 1111 1465; baseline -0.002 -14"><span class='ocrx_word' id='word_1_138' title='bbox 77 1413 317 1465; x_wconf 72' lang='lat' dir='ltr'><strong>puynatam.</strong></span> <span class='ocrx_word' id='word_1_139' title='bbox 331 1430 383 1440; x_wconf 95' lang='lat'>-</span> <span class='ocrx_word' id='word_1_140' title='bbox 397 1410 495 1448; x_wconf 85' lang='lat' dir='ltr'><strong>Dico</strong></span> <span class='ocrx_word' id='word_1_141' title='bbox 510 1411 648 1449; x_wconf 83' lang='lat' dir='ltr'><strong>autem</strong></span> <span class='ocrx_word' id='word_1_142' title='bbox 665 1408 894 1457; x_wconf 75' lang='lat' dir='ltr'><strong>formaliter</strong></span> <span class='ocrx_word' id='word_1_143' title='bbox 909 1408 1111 1461; x_wconf 67' lang='lat' dir='ltr'><strong>loquendo,</strong></span> 
     </span>
     <span class='ocr_line' id='line_1_25' title="bbox 80 1469 1112 1524; baseline -0.002 -13"><span class='ocrx_word' id='word_1_144' title='bbox 80 1472 178 1524; x_wconf 90' lang='lat' dir='ltr'><strong>quia</strong></span> <span class='ocrx_word' id='word_1_145' title='bbox 190 1471 354 1523; x_wconf 89' lang='lat' dir='ltr'><strong>quando</strong></span> <span class='ocrx_word' id='word_1_146' title='bbox 363 1473 572 1522; x_wconf 86' lang='lat' dir='ltr'><strong>peccatum</strong></span> <span class='ocrx_word' id='word_1_147' title='bbox 582 1470 716 1520; x_wconf 83' lang='lat' dir='ltr'><strong>vergit</strong></span> <span class='ocrx_word' id='word_1_148' title='bbox 726 1469 770 1508; x_wconf 91' lang='lat' dir='ltr'><strong>in</strong></span> <span class='ocrx_word' id='word_1_149' title='bbox 781 1469 978 1509; x_wconf 88' lang='lat' dir='ltr'><strong>damnum</strong></span> <span class='ocrx_word' id='word_1_150' title='bbox 988 1470 1112 1519; x_wconf 92' lang='lat' dir='ltr'><strong>tertii,</strong></span> 
     </span>
     <span class='ocr_line' id='line_1_26' title="bbox 81 1532 1114 1585; baseline -0.001 -13"><span class='ocrx_word' id='word_1_151' title='bbox 81 1533 286 1574; x_wconf 85' lang='lat' dir='ltr'><strong>difficilius</strong></span> <span class='ocrx_word' id='word_1_152' title='bbox 314 1533 463 1585; x_wconf 90' lang='lat' dir='ltr'><strong>poterit</strong></span> <span class='ocrx_word' id='word_1_153' title='bbox 483 1544 554 1585; x_wconf 89' lang='lat' dir='ltr'><strong>per</strong></span> <span class='ocrx_word' id='word_1_154' title='bbox 578 1532 705 1571; x_wconf 84' lang='lat' dir='ltr'><strong>solam</strong></span> <span class='ocrx_word' id='word_1_155' title='bbox 731 1532 1022 1571; x_wconf 84' lang='lat' dir='ltr'><strong>correctionem</strong></span> <span class='ocrx_word' id='word_1_156' title='bbox 1049 1544 1114 1571; x_wconf 89' lang='lat' dir='ltr'><strong>se-</strong></span> 
     </span>
     <span class='ocr_line' id='line_1_27' title="bbox 82 1593 1114 1645; baseline -0.001 -10"><span class='ocrx_word' id='word_1_157' title='bbox 82 1599 235 1635; x_wconf 84' lang='lat' dir='ltr'><strong>cretam</strong></span> <span class='ocrx_word' id='word_1_158' title='bbox 255 1595 478 1643; x_wconf 86' lang='lat' dir='ltr'><strong>emendari,</strong></span> <span class='ocrx_word' id='word_1_159' title='bbox 510 1605 635 1645; x_wconf 89' lang='lat' dir='ltr'><strong>quam</strong></span> <span class='ocrx_word' id='word_1_160' title='bbox 654 1596 881 1645; x_wconf 88' lang='lat' dir='ltr'><strong>peccatum,</strong></span> <span class='ocrx_word' id='word_1_161' title='bbox 911 1593 1019 1645; x_wconf 89' lang='lat' dir='ltr'><strong>quod</strong></span> <span class='ocrx_word' id='word_1_162' title='bbox 1038 1593 1114 1634; x_wconf 89' lang='lat' dir='ltr'><strong>soli</strong></span> 
     </span>
     <span class='ocr_line' id='line_1_28' title="bbox 81 1654 1114 1708; baseline -0.002 -11"><span class='ocrx_word' id='word_1_163' title='bbox 81 1662 200 1698; x_wconf 89' lang='lat' dir='ltr'><strong>nocet</strong></span> <span class='ocrx_word' id='word_1_164' title='bbox 218 1657 414 1708; x_wconf 86' lang='lat' dir='ltr'><strong>peccanti.</strong></span> <span class='ocrx_word' id='word_1_165' title='bbox 444 1657 546 1695; x_wconf 88' lang='lat' dir='ltr'><strong>ltem</strong></span> <span class='ocrx_word' id='word_1_166' title='bbox 563 1659 623 1694; x_wconf 91' lang='lat' dir='ltr'><strong>est</strong></span> <span class='ocrx_word' id='word_1_167' title='bbox 641 1655 721 1694; x_wconf 80' lang='lat' dir='ltr'><strong>alia</strong></span> <span class='ocrx_word' id='word_1_168' title='bbox 737 1654 980 1704; x_wconf 80' lang='lat' dir='ltr'><strong>differentia,</strong></span> <span class='ocrx_word' id='word_1_169' title='bbox 1003 1654 1114 1707; x_wconf 88' lang='lat' dir='ltr'><strong>quod</strong></span> 
     </span>
     <span class='ocr_line' id='line_1_29' title="bbox 82 1717 1117 1771; baseline -0.004 -11"><span class='ocrx_word' id='word_1_170' title='bbox 82 1731 178 1760; x_wconf 91' lang='lat' dir='ltr'><strong>cum</strong></span> <span class='ocrx_word' id='word_1_171' title='bbox 199 1723 408 1771; x_wconf 86' lang='lat' dir='ltr'><strong>peccatum</strong></span> <span class='ocrx_word' id='word_1_172' title='bbox 427 1721 546 1758; x_wconf 90' lang='lat' dir='ltr'><strong>nocet</strong></span> <span class='ocrx_word' id='word_1_173' title='bbox 565 1717 697 1765; x_wconf 89' lang='lat' dir='ltr'><strong>alteri,</strong></span> <span class='ocrx_word' id='word_1_174' title='bbox 719 1717 939 1756; x_wconf 82' lang='lat' dir='ltr'><strong>intervenit</strong></span> <span class='ocrx_word' id='word_1_175' title='bbox 956 1718 1021 1769; x_wconf 82' lang='lat' dir='ltr'><strong>J&#39;us</strong></span> <span class='ocrx_word' id='word_1_176' title='bbox 1038 1721 1117 1757; x_wconf 90' lang='lat' dir='ltr'><strong>ter-</strong></span> 
     </span>
     <span class='ocr_line' id='line_1_30' title="bbox 83 1779 1117 1832; baseline -0.004 -11"><span class='ocrx_word' id='word_1_177' title='bbox 83 1782 146 1830; x_wconf 85' lang='lat' dir='ltr'><strong>tii,</strong></span> <span class='ocrx_word' id='word_1_178' title='bbox 169 1782 234 1820; x_wconf 90' lang='lat' dir='ltr'><strong>cui</strong></span> <span class='ocrx_word' id='word_1_179' title='bbox 254 1793 336 1820; x_wconf 92' lang='lat' dir='ltr'><strong>non</strong></span> <span class='ocrx_word' id='word_1_180' title='bbox 356 1792 519 1832; x_wconf 89' lang='lat' dir='ltr'><strong>possum</strong></span> <span class='ocrx_word' id='word_1_181' title='bbox 540 1790 615 1831; x_wconf 87' lang='lat' dir='ltr'><strong>ego</strong></span> <span class='ocrx_word' id='word_1_182' title='bbox 636 1779 793 1827; x_wconf 85' lang='lat' dir='ltr'><strong>cedere,</strong></span> <span class='ocrx_word' id='word_1_183' title='bbox 815 1785 854 1817; x_wconf 89' lang='lat' dir='ltr'><strong>et</strong></span> <span class='ocrx_word' id='word_1_184' title='bbox 873 1779 963 1818; x_wconf 91' lang='lat' dir='ltr'><strong>ideo</strong></span> <span class='ocrx_word' id='word_1_185' title='bbox 983 1779 1117 1831; x_wconf 91' lang='lat' dir='ltr'><strong>requi-</strong></span> 
     </span>
     <span class='ocr_line' id='line_1_31' title="bbox 82 1840 1118 1893; baseline -0.005 -10"><span class='ocrx_word' id='word_1_186' title='bbox 82 1843 188 1883; x_wconf 86' lang='lat' dir='ltr'><strong>ritur</strong></span> <span class='ocrx_word' id='word_1_187' title='bbox 217 1855 306 1893; x_wconf 88' lang='lat' dir='ltr'><strong>spes</strong></span> <span class='ocrx_word' id='word_1_188' title='bbox 337 1842 466 1892; x_wconf 82' lang='lat' dir='ltr'><strong>magis</strong></span> <span class='ocrx_word' id='word_1_189' title='bbox 497 1845 617 1887; x_wconf 88' lang='lat' dir='ltr'><strong>certa,</strong></span> <span class='ocrx_word' id='word_1_190' title='bbox 655 1841 867 1891; x_wconf 78' lang='lat' dir='ltr'><strong>magisque</strong></span> <span class='ocrx_word' id='word_1_191' title='bbox 899 1840 1118 1879; x_wconf 86' lang='lat' dir='ltr'><strong>excludens</strong></span> 
     </span>
     <span class='ocr_line' id='line_1_32' title="bbox 82 1901 1119 1958; baseline -0.003 -15"><span class='ocrx_word' id='word_1_192' title='bbox 82 1904 311 1958; x_wconf 83' lang='lat' dir='ltr'><strong>periculum</strong></span> <span class='ocrx_word' id='word_1_193' title='bbox 325 1902 573 1948; x_wconf 85' lang='lat' dir='ltr'><strong>nocumenti,</strong></span> <span class='ocrx_word' id='word_1_194' title='bbox 586 1905 633 1940; x_wconf 91' lang='lat' dir='ltr'><strong>ut</strong></span> <span class='ocrx_word' id='word_1_195' title='bbox 644 1901 815 1939; x_wconf 89' lang='lat' dir='ltr'><strong>monitio</strong></span> <span class='ocrx_word' id='word_1_196' title='bbox 830 1902 990 1952; x_wconf 85' lang='lat' dir='ltr'><strong>privata</strong></span> <span class='ocrx_word' id='word_1_197' title='bbox 1001 1902 1119 1940; x_wconf 91' lang='lat' dir='ltr'><strong>omit-</strong></span> 
     </span>
     <span class='ocr_line' id='line_1_33' title="bbox 82 1961 1118 2015; baseline -0.007 -9"><span class='ocrx_word' id='word_1_198' title='bbox 82 1965 207 2006; x_wconf 84' lang='lat' dir='ltr'><strong>tenda</strong></span> <span class='ocrx_word' id='word_1_199' title='bbox 224 1976 308 2003; x_wconf 91' lang='lat' dir='ltr'><strong>non</strong></span> <span class='ocrx_word' id='word_1_200' title='bbox 330 1965 395 2012; x_wconf 90' lang='lat' dir='ltr'><strong>sit,</strong></span> <span class='ocrx_word' id='word_1_201' title='bbox 421 1974 544 2015; x_wconf 86' lang='lat' dir='ltr'><strong>quam</strong></span> <span class='ocrx_word' id='word_1_202' title='bbox 561 1973 653 2001; x_wconf 92' lang='lat' dir='ltr'><strong>cum</strong></span> <span class='ocrx_word' id='word_1_203' title='bbox 674 1966 887 2013; x_wconf 89' lang='lat' dir='ltr'><strong>peccatum</strong></span> <span class='ocrx_word' id='word_1_204' title='bbox 904 1962 968 2000; x_wconf 88' lang='lat' dir='ltr'><strong>vel</strong></span> <span class='ocrx_word' id='word_1_205' title='bbox 988 1961 1118 2001; x_wconf 89' lang='lat' dir='ltr'><strong>nemi-</strong></span> 
     </span>
     <span class='ocr_line' id='line_1_34' title="bbox 83 2023 1117 2075; baseline -0.006 -8"><span class='ocrx_word' id='word_1_206' title='bbox 83 2027 130 2068; x_wconf 91' lang='lat' dir='ltr'><strong>ni</strong></span> <span class='ocrx_word' id='word_1_207' title='bbox 142 2030 275 2074; x_wconf 90' lang='lat' dir='ltr'><strong>nocet,</strong></span> <span class='ocrx_word' id='word_1_208' title='bbox 290 2025 356 2064; x_wconf 88' lang='lat' dir='ltr'><strong>vel</strong></span> <span class='ocrx_word' id='word_1_209' title='bbox 369 2024 469 2063; x_wconf 88' lang='lat' dir='ltr'><strong>mihi</strong></span> <span class='ocrx_word' id='word_1_210' title='bbox 484 2026 661 2071; x_wconf 89' lang='lat' dir='ltr'><strong>tantum,</strong></span> <span class='ocrx_word' id='word_1_211' title='bbox 679 2023 750 2075; x_wconf 85' lang='lat' dir='ltr'><strong>qui</strong></span> <span class='ocrx_word' id='word_1_212' title='bbox 765 2023 814 2062; x_wconf 90' lang='lat' dir='ltr'><strong>de</strong></span> <span class='ocrx_word' id='word_1_213' title='bbox 830 2035 920 2061; x_wconf 91' lang='lat' dir='ltr'><strong>meo</strong></span> <span class='ocrx_word' id='word_1_214' title='bbox 937 2023 1117 2074; x_wconf 88' lang='lat' dir='ltr'><strong>periculo</strong></span> 
     </span>
     <span class='ocr_line' id='line_1_35' title="bbox 85 2085 1117 2137; baseline -0.003 -8"><span class='ocrx_word' id='word_1_215' title='bbox 85 2089 152 2130; x_wconf 84' lang='lat' dir='ltr'><strong>vel</strong></span> <span class='ocrx_word' id='word_1_216' title='bbox 182 2090 427 2128; x_wconf 89' lang='lat' dir='ltr'><strong>nocumento</strong></span> <span class='ocrx_word' id='word_1_217' title='bbox 456 2086 602 2126; x_wconf 87' lang='lat' dir='ltr'><strong>melius</strong></span> <span class='ocrx_word' id='word_1_218' title='bbox 630 2085 814 2137; x_wconf 85' lang='lat' dir='ltr'><strong>judicare</strong></span> <span class='ocrx_word' id='word_1_219' title='bbox 844 2097 1022 2137; x_wconf 86' lang='lat' dir='ltr'><strong>possum.</strong></span> <span class='ocrx_word' id='word_1_220' title='bbox 1059 2085 1117 2126; x_wconf 90' lang='lat' dir='ltr'><strong>Ob</strong></span> 
     </span>
     <span class='ocr_line' id='line_1_36' title="bbox 85 2147 1119 2200; baseline -0.006 -9"><span class='ocrx_word' id='word_1_221' title='bbox 85 2149 192 2192; x_wconf 86' lang='lat' dir='ltr'><strong>hanc</strong></span> <span class='ocrx_word' id='word_1_222' title='bbox 211 2162 308 2200; x_wconf 89' lang='lat' dir='ltr'><strong>ergo</strong></span> <span class='ocrx_word' id='word_1_223' title='bbox 324 2160 502 2197; x_wconf 88' lang='lat' dir='ltr'><strong>causam,</strong></span> <span class='ocrx_word' id='word_1_224' title='bbox 522 2148 566 2186; x_wconf 92' lang='lat' dir='ltr'><strong>in</strong></span> <span class='ocrx_word' id='word_1_225' title='bbox 586 2148 758 2199; x_wconf 83' lang='lat' dir='ltr'><strong>peccatis</strong></span> <span class='ocrx_word' id='word_1_226' title='bbox 775 2159 867 2198; x_wconf 83' lang='lat' dir='ltr'><strong>quae</strong></span> <span class='ocrx_word' id='word_1_227' title='bbox 885 2151 1060 2198; x_wconf 81' lang='lat' dir='ltr'><strong>vergunt</strong></span> <span class='ocrx_word' id='word_1_228' title='bbox 1075 2147 1119 2186; x_wconf 91' lang='lat' dir='ltr'><strong>in</strong></span> 
     </span>
     <span class='ocr_line' id='line_1_37' title="bbox 86 2207 1119 2260; baseline -0.004 -8"><span class='ocrx_word' id='word_1_229' title='bbox 86 2212 284 2252; x_wconf 90' lang='lat' dir='ltr'><strong>damnum</strong></span> <span class='ocrx_word' id='word_1_230' title='bbox 313 2210 439 2259; x_wconf 90' lang='lat' dir='ltr'><strong>tertii,</strong></span> <span class='ocrx_word' id='word_1_231' title='bbox 466 2208 719 2260; x_wconf 86' lang='lat' dir='ltr'><strong>frequentius</strong></span> <span class='ocrx_word' id='word_1_232' title='bbox 747 2207 885 2247; x_wconf 88' lang='lat' dir='ltr'><strong>licebit</strong></span> <span class='ocrx_word' id='word_1_233' title='bbox 913 2220 937 2246; x_wconf 90' lang='lat' dir='ltr'><strong>a</strong></span> <span class='ocrx_word' id='word_1_234' title='bbox 962 2209 1119 2248; x_wconf 91' lang='lat' dir='ltr'><strong>denun-</strong></span> 
     </span>
     <span class='ocr_line' id='line_1_38' title="bbox 86 2269 1120 2323; baseline -0.006 -9"><span class='ocrx_word' id='word_1_235' title='bbox 86 2274 259 2315; x_wconf 86' lang='lat' dir='ltr'><strong>tiatione</strong></span> <span class='ocrx_word' id='word_1_236' title='bbox 286 2272 465 2323; x_wconf 88' lang='lat' dir='ltr'><strong>incipere</strong></span> <span class='ocrx_word' id='word_1_237' title='bbox 484 2300 493 2318; x_wconf 93' lang='lat'><strong>,</strong></span> <span class='ocrx_word' id='word_1_238' title='bbox 526 2270 587 2310; x_wconf 89' lang='lat' dir='ltr'><strong>vel</strong></span> <span class='ocrx_word' id='word_1_239' title='bbox 612 2282 717 2321; x_wconf 87' lang='lat' dir='ltr'><strong>saepe</strong></span> <span class='ocrx_word' id='word_1_240' title='bbox 738 2269 861 2308; x_wconf 87' lang='lat' dir='ltr'><strong>etiam</strong></span> <span class='ocrx_word' id='word_1_241' title='bbox 882 2270 961 2308; x_wconf 85' lang='lat' dir='ltr'><strong>erit</strong></span> <span class='ocrx_word' id='word_1_242' title='bbox 980 2281 1120 2309; x_wconf 85' lang='lat' dir='ltr'><strong>neces-</strong></span> 
     </span>
     <span class='ocr_line' id='line_1_39' title="bbox 87 2330 1119 2384; baseline -0.008 -8"><span class='ocrx_word' id='word_1_243' title='bbox 87 2335 255 2384; x_wconf 81' lang='lat' dir='ltr'><strong>sarium,</strong></span> <span class='ocrx_word' id='word_1_244' title='bbox 274 2334 451 2373; x_wconf 83' lang='lat' dir='ltr'><strong>maxime</strong></span> <span class='ocrx_word' id='word_1_245' title='bbox 463 2331 628 2384; x_wconf 88' lang='lat' dir='ltr'><strong>quando</strong></span> <span class='ocrx_word' id='word_1_246' title='bbox 642 2330 796 2370; x_wconf 87' lang='lat' dir='ltr'><strong>bonum</strong></span> <span class='ocrx_word' id='word_1_247' title='bbox 814 2343 1030 2370; x_wconf 90' lang='lat' dir='ltr'><strong>commune</strong></span> <span class='ocrx_word' id='word_1_248' title='bbox 1049 2343 1119 2382; x_wconf 89' lang='lat' dir='ltr'><strong>pe-</strong></span> 
     </span>
     <span class='ocr_line' id='line_1_40' title="bbox 89 2393 1119 2445; baseline -0.004 -9"><span class='ocrx_word' id='word_1_249' title='bbox 89 2396 288 2437; x_wconf 86' lang='lat' dir='ltr'><strong>riclitatur</strong></span> <span class='ocrx_word' id='word_1_250' title='bbox 302 2426 315 2444; x_wconf 94' lang='lat'><strong>,</strong></span> <span class='ocrx_word' id='word_1_251' title='bbox 347 2398 393 2433; x_wconf 91' lang='lat' dir='ltr'><strong>ut</strong></span> <span class='ocrx_word' id='word_1_252' title='bbox 410 2397 469 2433; x_wconf 87' lang='lat' dir='ltr'><strong>est</strong></span> <span class='ocrx_word' id='word_1_253' title='bbox 486 2394 529 2432; x_wconf 91' lang='lat' dir='ltr'><strong>in</strong></span> <span class='ocrx_word' id='word_1_254' title='bbox 548 2396 709 2445; x_wconf 85' lang='lat' dir='ltr'><strong>peccato</strong></span> <span class='ocrx_word' id='word_1_255' title='bbox 729 2393 906 2442; x_wconf 82' lang='lat' dir='ltr'><strong>haeresis,</strong></span> <span class='ocrx_word' id='word_1_256' title='bbox 927 2393 1119 2444; x_wconf 88' lang='lat' dir='ltr'><strong>proditio-</strong></span> 
     </span>
     <span class='ocr_line' id='line_1_41' title="bbox 90 2450 1120 2506; baseline -0.003 -8"><span class='ocrx_word' id='word_1_257' title='bbox 90 2458 171 2506; x_wconf 89' lang='lat' dir='ltr'><strong>nis,</strong></span> <span class='ocrx_word' id='word_1_258' title='bbox 193 2462 268 2497; x_wconf 86' lang='lat' dir='ltr'><strong>etc.</strong></span> <span class='ocrx_word' id='word_1_259' title='bbox 291 2457 403 2496; x_wconf 88' lang='lat' dir='ltr'><strong>Hanc</strong></span> <span class='ocrx_word' id='word_1_260' title='bbox 420 2450 559 2494; x_wconf 85' lang='lat' dir='ltr'><strong>autem</strong></span> <span class='ocrx_word' id='word_1_261' title='bbox 578 2454 852 2494; x_wconf 83' lang='lat' dir='ltr'><strong>differentiam</strong></span> <span class='ocrx_word' id='word_1_262' title='bbox 873 2455 1120 2495; x_wconf 79' lang='lat' dir='ltr'><strong>materialem</strong></span> 
     </span>
     <span class='ocr_line' id='line_1_42' title="bbox 91 2515 1123 2570; baseline -0.006 -10"><span class='ocrx_word' id='word_1_263' title='bbox 91 2531 206 2568; x_wconf 83' lang='lat' dir='ltr'><strong>voco,</strong></span> <span class='ocrx_word' id='word_1_264' title='bbox 238 2518 335 2570; x_wconf 88' lang='lat' dir='ltr'><strong>quia</strong></span> <span class='ocrx_word' id='word_1_265' title='bbox 361 2520 607 2569; x_wconf 84' lang='lat' dir='ltr'><strong>praeceptum</strong></span> <span class='ocrx_word' id='word_1_266' title='bbox 634 2515 843 2555; x_wconf 87' lang='lat' dir='ltr'><strong>charitatis</strong></span> <span class='ocrx_word' id='word_1_267' title='bbox 872 2526 1031 2566; x_wconf 87' lang='lat' dir='ltr'><strong>semper</strong></span> <span class='ocrx_word' id='word_1_268' title='bbox 1064 2519 1123 2555; x_wconf 88' lang='lat' dir='ltr'><strong>est</strong></span> 
     </span>
     <span class='ocr_line' id='line_1_43' title="bbox 92 2576 1125 2630; baseline -0.006 -9"><span class='ocrx_word' id='word_1_269' title='bbox 92 2581 201 2621; x_wconf 85' lang='lat' dir='ltr'><strong>idern</strong></span> <span class='ocrx_word' id='word_1_270' title='bbox 221 2610 231 2628; x_wconf 94' lang='lat'><strong>,</strong></span> <span class='ocrx_word' id='word_1_271' title='bbox 268 2579 338 2618; x_wconf 88' lang='lat' dir='ltr'><strong>sed</strong></span> <span class='ocrx_word' id='word_1_272' title='bbox 373 2579 469 2630; x_wconf 88' lang='lat' dir='ltr'><strong>quia</strong></span> <span class='ocrx_word' id='word_1_273' title='bbox 501 2577 793 2617; x_wconf 86' lang='lat' dir='ltr'><strong>affirmativum</strong></span> <span class='ocrx_word' id='word_1_274' title='bbox 829 2580 886 2617; x_wconf 89' lang='lat' dir='ltr'><strong>est</strong></span> <span class='ocrx_word' id='word_1_275' title='bbox 900 2607 913 2626; x_wconf 94' lang='lat'><strong>,</strong></span> <span class='ocrx_word' id='word_1_276' title='bbox 952 2576 1125 2628; x_wconf 87' lang='lat' dir='ltr'><strong>requirit</strong></span> 
     </span>
     <span class='ocr_line' id='line_1_44' title="bbox 94 2638 1125 2692; baseline -0.007 -9"><span class='ocrx_word' id='word_1_277' title='bbox 94 2653 211 2683; x_wconf 90' lang='lat' dir='ltr'><strong>suam</strong></span> <span class='ocrx_word' id='word_1_278' title='bbox 227 2639 571 2692; x_wconf 81' lang='lat' dir='ltr'><strong>opportunitatem</strong></span> <span class='ocrx_word' id='word_1_279' title='bbox 588 2653 598 2687; x_wconf 82' lang='lat'><em>3</em></span> <span class='ocrx_word' id='word_1_280' title='bbox 620 2639 705 2677; x_wconf 87' lang='lat' dir='ltr'><strong>haec</strong></span> <span class='ocrx_word' id='word_1_281' title='bbox 719 2649 816 2677; x_wconf 87' lang='lat' dir='ltr'><strong>vero</strong></span> <span class='ocrx_word' id='word_1_282' title='bbox 835 2638 879 2676; x_wconf 91' lang='lat' dir='ltr'><strong>in</strong></span> <span class='ocrx_word' id='word_1_283' title='bbox 896 2649 980 2677; x_wconf 89' lang='lat' dir='ltr'><strong>una</strong></span> <span class='ocrx_word' id='word_1_284' title='bbox 998 2642 1125 2677; x_wconf 89' lang='lat' dir='ltr'><strong>mate-</strong></span> 
     </span>
     <span class='ocr_line' id='line_1_45' title="bbox 94 2699 1126 2753; baseline -0.005 -9"><span class='ocrx_word' id='word_1_285' title='bbox 94 2705 170 2753; x_wconf 85' lang='lat' dir='ltr'><strong>ria,</strong></span> <span class='ocrx_word' id='word_1_286' title='bbox 194 2702 259 2742; x_wconf 92' lang='lat' dir='ltr'><strong>vel</strong></span> <span class='ocrx_word' id='word_1_287' title='bbox 277 2714 361 2741; x_wconf 89' lang='lat' dir='ltr'><strong>uno</strong></span> <span class='ocrx_word' id='word_1_288' title='bbox 379 2713 528 2752; x_wconf 89' lang='lat' dir='ltr'><strong>genere</strong></span> <span class='ocrx_word' id='word_1_289' title='bbox 548 2700 701 2752; x_wconf 89' lang='lat' dir='ltr'><strong>peccati</strong></span> <span class='ocrx_word' id='word_1_290' title='bbox 717 2699 971 2751; x_wconf 88' lang='lat' dir='ltr'><strong>frequentius</strong></span> <span class='ocrx_word' id='word_1_291' title='bbox 991 2711 1126 2740; x_wconf 88' lang='lat' dir='ltr'><strong>occur-</strong></span> 
     </span>
     <span class='ocr_line' id='line_1_46' title="bbox 95 2763 490 2816; baseline -0.013 -10"><span class='ocrx_word' id='word_1_292' title='bbox 95 2767 168 2814; x_wconf 89' lang='lat' dir='ltr'><strong>rit,</strong></span> <span class='ocrx_word' id='word_1_293' title='bbox 191 2776 315 2816; x_wconf 89' lang='lat' dir='ltr'><strong>quam</strong></span> <span class='ocrx_word' id='word_1_294' title='bbox 332 2763 376 2802; x_wconf 90' lang='lat' dir='ltr'><strong>in</strong></span> <span class='ocrx_word' id='word_1_295' title='bbox 395 2763 490 2802; x_wconf 85' lang='lat' dir='ltr'><strong>alio.</strong></span> 
     </span>
    </p>

    <p class='ocr_par' dir='ltr' id='par_1_8' title="bbox 90 2822 1131 3183">
     <span class='ocr_line' id='line_1_47' title="bbox 158 2822 1129 2877; baseline -0.005 -10"><span class='ocrx_word' id='word_1_296' title='bbox 158 2829 196 2868; x_wconf 88' lang='lat'><strong>8.</strong></span> <span class='ocrx_word' id='word_1_297' title='bbox 230 2826 409 2866; x_wconf 73' lang='lat' dir='ltr'><strong>Eventus</strong></span> <span class='ocrx_word' id='word_1_298' title='bbox 432 2823 556 2875; x_wconf 70' lang='lat' dir='ltr'><strong>alius,</strong></span> <span class='ocrx_word' id='word_1_299' title='bbox 579 2822 625 2864; x_wconf 75' lang='lat' dir='ltr'><strong>in</strong></span> <span class='ocrx_word' id='word_1_300' title='bbox 646 2834 720 2876; x_wconf 75' lang='lat' dir='ltr'><strong>quo</strong></span> <span class='ocrx_word' id='word_1_301' title='bbox 739 2823 912 2877; x_wconf 78' lang='lat' dir='ltr'><strong>amplias</strong></span> <span class='ocrx_word' id='word_1_302' title='bbox 931 2823 1129 2876; x_wconf 78' lang='lat' dir='ltr'><strong>verificari</strong></span> 
     </span>
     <span class='ocr_line' id='line_1_48' title="bbox 90 2885 1131 2942; baseline -0.006 -11"><span class='ocrx_word' id='word_1_303' title='bbox 90 2891 240 2942; x_wconf 75' lang='lat' dir='ltr'><strong>posset.</strong></span> <span class='ocrx_word' id='word_1_304' title='bbox 275 2907 327 2916; x_wconf 94' lang='lat'>-</span> <span class='ocrx_word' id='word_1_305' title='bbox 362 2886 443 2934; x_wconf 73' lang='lat' dir='ltr'><strong>Quo</strong></span> <span class='ocrx_word' id='word_1_306' title='bbox 479 2897 598 2927; x_wconf 76' lang='lat' dir='ltr'><strong>sensu</strong></span> <span class='ocrx_word' id='word_1_307' title='bbox 629 2885 835 2935; x_wconf 76' lang='lat' dir='ltr'><strong>verificari</strong></span> <span class='ocrx_word' id='word_1_308' title='bbox 864 2886 994 2937; x_wconf 76' lang='lat' dir='ltr'><strong>possit</strong></span> <span class='ocrx_word' id='word_1_309' title='bbox 1028 2885 1131 2938; x_wconf 79' lang='lat' dir='ltr'><em>quod</em></span> 
     </span>
     <span class='ocr_line' id='line_1_49' title="bbox 104 2946 1129 3000; baseline -0.007 -8"><span class='ocrx_word' id='word_1_310' title='bbox 104 2950 202 2992; x_wconf 73' lang='lat' dir='ltr'><strong>Solo</strong></span> <span class='ocrx_word' id='word_1_311' title='bbox 222 2948 326 2990; x_wconf 65' lang='lat' dir='ltr'><strong>dimit</strong></span> <span class='ocrx_word' id='word_1_312' title='bbox 352 2948 396 2989; x_wconf 74' lang='lat' dir='ltr'><strong>do</strong></span> <span class='ocrx_word' id='word_1_313' title='bbox 414 2946 709 2988; x_wconf 75' lang='lat' dir='ltr'><strong>denuntiatione</strong></span> <span class='ocrx_word' id='word_1_314' title='bbox 726 2947 918 3000; x_wconf 61' lang='lat' dir='ltr'><strong>regulari.</strong></span> <span class='ocrx_word' id='word_1_315' title='bbox 944 2967 996 2976; x_wconf 88' lang='lat'><strong>—</strong></span> <span class='ocrx_word' id='word_1_316' title='bbox 1014 2947 1129 2986; x_wconf 89' lang='lat' dir='ltr'><strong>Addo</strong></span> 
     </span>
     <span class='ocr_line' id='line_1_50' title="bbox 102 3008 1129 3063; baseline -0.003 -12"><span class='ocrx_word' id='word_1_317' title='bbox 102 3012 268 3063; x_wconf 84' lang='lat' dir='ltr'><strong>insuper</strong></span> <span class='ocrx_word' id='word_1_318' title='bbox 287 3008 450 3061; x_wconf 87' lang='lat' dir='ltr'><strong>quando</strong></span> <span class='ocrx_word' id='word_1_319' title='bbox 475 3008 534 3047; x_wconf 87' lang='lat' dir='ltr'><strong>ita</strong></span> <span class='ocrx_word' id='word_1_320' title='bbox 555 3008 721 3047; x_wconf 88' lang='lat' dir='ltr'><strong>timetur</strong></span> <span class='ocrx_word' id='word_1_321' title='bbox 740 3013 1032 3048; x_wconf 89' lang='lat' dir='ltr'><strong>nocumentum</strong></span> <span class='ocrx_word' id='word_1_322' title='bbox 1052 3013 1129 3048; x_wconf 87' lang='lat' dir='ltr'><strong>ter-</strong></span> 
     </span>
     <span class='ocr_line' id='line_1_51' title="bbox 95 3069 1131 3120; baseline -0.004 -8"><span class='ocrx_word' id='word_1_323' title='bbox 95 3073 167 3120; x_wconf 74' lang='lat' dir='ltr'><strong>tii,</strong></span> <span class='ocrx_word' id='word_1_324' title='bbox 199 3071 264 3111; x_wconf 87' lang='lat' dir='ltr'><strong>vel</strong></span> <span class='ocrx_word' id='word_1_325' title='bbox 290 3071 387 3109; x_wconf 81' lang='lat' dir='ltr'><strong>boni</strong></span> <span class='ocrx_word' id='word_1_326' title='bbox 413 3069 659 3119; x_wconf 88' lang='lat' dir='ltr'><strong>communis,</strong></span> <span class='ocrx_word' id='word_1_327' title='bbox 688 3073 734 3108; x_wconf 90' lang='lat' dir='ltr'><strong>ut</strong></span> <span class='ocrx_word' id='word_1_328' title='bbox 757 3070 940 3109; x_wconf 91' lang='lat' dir='ltr'><strong>nondum</strong></span> <span class='ocrx_word' id='word_1_329' title='bbox 966 3069 1131 3109; x_wconf 88' lang='lat' dir='ltr'><strong>inchoa-</strong></span> 
     </span>
     <span class='ocr_line' id='line_1_52' title="bbox 100 3125 1131 3183; baseline -0.004 -8"><span class='ocrx_word' id='word_1_330' title='bbox 100 3125 195 3175; x_wconf 76' lang='lat' dir='ltr'><strong>¹tum</strong></span> <span class='ocrx_word' id='word_1_331' title='bbox 214 3135 290 3182; x_wconf 89' lang='lat' dir='ltr'><strong>sit,</strong></span> <span class='ocrx_word' id='word_1_332' title='bbox 316 3145 390 3172; x_wconf 89' lang='lat' dir='ltr'><strong>nec</strong></span> <span class='ocrx_word' id='word_1_333' title='bbox 415 3135 620 3183; x_wconf 88' lang='lat' dir='ltr'><strong>peccatum</strong></span> <span class='ocrx_word' id='word_1_334' title='bbox 651 3131 815 3183; x_wconf 85' lang='lat' dir='ltr'><strong>aliquod</strong></span> <span class='ocrx_word' id='word_1_335' title='bbox 842 3131 892 3170; x_wconf 91' lang='lat' dir='ltr'><strong>sit</strong></span> <span class='ocrx_word' id='word_1_336' title='bbox 912 3135 1007 3171; x_wconf 87' lang='lat' dir='ltr'><strong>actu</strong></span> <span class='ocrx_word' id='word_1_337' title='bbox 1025 3144 1131 3171; x_wconf 91' lang='lat' dir='ltr'><strong>com-</strong></span> 
     </span>
    </p>

    <p class='ocr_par' dir='ltr' id='par_1_9' title="bbox 73 3193 1136 3492">
     <span class='ocr_line' id='line_1_53' title="bbox 78 3193 1133 3246; baseline -0.006 -7"><span class='ocrx_word' id='word_1_338' title='bbox 78 3231 81 3239; x_wconf 89' lang='lat'><strong>.</strong></span> <span class='ocrx_word' id='word_1_339' title='bbox 107 3198 278 3237; x_wconf 88' lang='lat' dir='ltr'><strong>missum</strong></span> <span class='ocrx_word' id='word_1_340' title='bbox 294 3207 318 3234; x_wconf 90' lang='lat' dir='ltr'><strong>a</strong></span> <span class='ocrx_word' id='word_1_341' title='bbox 335 3195 536 3246; x_wconf 86' lang='lat' dir='ltr'><strong>proximo,</strong></span> <span class='ocrx_word' id='word_1_342' title='bbox 556 3206 605 3234; x_wconf 85' lang='lat' dir='ltr'><strong>ex</strong></span> <span class='ocrx_word' id='word_1_343' title='bbox 623 3206 703 3246; x_wconf 88' lang='lat' dir='ltr'><strong>quo</strong></span> <span class='ocrx_word' id='word_1_344' title='bbox 723 3193 822 3233; x_wconf 91' lang='lat' dir='ltr'><strong>illud</strong></span> <span class='ocrx_word' id='word_1_345' title='bbox 840 3194 1066 3245; x_wconf 89' lang='lat' dir='ltr'><strong>periculum</strong></span> <span class='ocrx_word' id='word_1_346' title='bbox 1083 3195 1133 3233; x_wconf 86' lang='lat' dir='ltr'><strong>ti-</strong></span> 
     </span>
     <span class='ocr_line' id='line_1_54' title="bbox 73 3255 1134 3308; baseline -0.003 -10"><span class='ocrx_word' id='word_1_347' title='bbox 73 3302 76 3308; x_wconf 19' lang='lat'>*</span> <span class='ocrx_word' id='word_1_348' title='bbox 109 3261 270 3299; x_wconf 88' lang='lat' dir='ltr'><strong>meatur</strong></span> <span class='ocrx_word' id='word_1_349' title='bbox 283 3286 295 3305; x_wconf 92' lang='lat'><strong>,</strong></span> <span class='ocrx_word' id='word_1_350' title='bbox 325 3259 421 3294; x_wconf 92' lang='lat' dir='ltr'><strong>tunc</strong></span> <span class='ocrx_word' id='word_1_351' title='bbox 442 3256 484 3294; x_wconf 91' lang='lat' dir='ltr'><strong>in</strong></span> <span class='ocrx_word' id='word_1_352' title='bbox 501 3255 634 3307; x_wconf 84' lang='lat' dir='ltr'><strong>rigore</strong></span> <span class='ocrx_word' id='word_1_353' title='bbox 654 3256 931 3295; x_wconf 86' lang='lat' dir='ltr'><strong>necessarium</strong></span> <span class='ocrx_word' id='word_1_354' title='bbox 950 3267 1034 3294; x_wconf 90' lang='lat' dir='ltr'><strong>non</strong></span> <span class='ocrx_word' id='word_1_355' title='bbox 1049 3267 1134 3295; x_wconf 90' lang='lat' dir='ltr'><strong>esse</strong></span> 
     </span>
     <span class='ocr_line' id='line_1_55' title="bbox 84 3316 1135 3369; baseline -0.003 -9"><span class='ocrx_word' id='word_1_356' title='bbox 84 3355 93 3363; x_wconf 30' lang='grc' dir='ltr'><strong>ι</strong></span> <span class='ocrx_word' id='word_1_357' title='bbox 111 3319 380 3360; x_wconf 88' lang='lat' dir='ltr'><strong>monitionem</strong></span> <span class='ocrx_word' id='word_1_358' title='bbox 407 3321 601 3358; x_wconf 82' lang='lat' dir='ltr'><strong>secretam</strong></span> <span class='ocrx_word' id='word_1_359' title='bbox 629 3318 901 3369; x_wconf 69' lang='lat' dir='ltr'><strong>praemittere,</strong></span> <span class='ocrx_word' id='word_1_360' title='bbox 933 3316 1005 3357; x_wconf 88' lang='lat' dir='ltr'><strong>sed</strong></span> <span class='ocrx_word' id='word_1_361' title='bbox 1022 3329 1135 3368; x_wconf 86' lang='lat' dir='ltr'><strong>posse</strong></span> 
     </span>
     <span class='ocr_line' id='line_1_56' title="bbox 79 3377 1136 3430; baseline -0.003 -8"><span class='ocrx_word' id='word_1_362' title='bbox 79 3405 95 3422; x_wconf 47' lang='grc' dir='ltr'><strong>,ν</strong></span> <span class='ocrx_word' id='word_1_363' title='bbox 113 3380 350 3422; x_wconf 86' lang='lat' dir='ltr'><strong>immediate</strong></span> <span class='ocrx_word' id='word_1_364' title='bbox 383 3378 617 3418; x_wconf 88' lang='lat' dir='ltr'><strong>denuntiari</strong></span> <span class='ocrx_word' id='word_1_365' title='bbox 652 3391 740 3418; x_wconf 90' lang='lat' dir='ltr'><strong>rem</strong></span> <span class='ocrx_word' id='word_1_366' title='bbox 760 3409 770 3427; x_wconf 93' lang='lat'><strong>,</strong></span> <span class='ocrx_word' id='word_1_367' title='bbox 809 3390 880 3418; x_wconf 91' lang='lat' dir='ltr'><strong>seu</strong></span> <span class='ocrx_word' id='word_1_368' title='bbox 908 3377 1136 3430; x_wconf 89' lang='lat' dir='ltr'><strong>periculum</strong></span> 
     </span>
     <span class='ocr_line' id='line_1_57' title="bbox 91 3438 1136 3492; baseline -0.001 -13"><span class='ocrx_word' id='word_1_369' title='bbox 91 3442 288 3483; x_wconf 44' lang='lat' dir='ltr'><strong>tlh-celato</strong></span> <span class='ocrx_word' id='word_1_370' title='bbox 303 3453 313 3488; x_wconf 82' lang='lat'>3</span> <span class='ocrx_word' id='word_1_371' title='bbox 337 3440 433 3492; x_wconf 89' lang='lat' dir='ltr'><strong>quia</strong></span> <span class='ocrx_word' id='word_1_372' title='bbox 447 3443 545 3479; x_wconf 89' lang='lat' dir='ltr'><strong>tunc</strong></span> <span class='ocrx_word' id='word_1_373' title='bbox 563 3450 648 3480; x_wconf 90' lang='lat' dir='ltr'><strong>non</strong></span> <span class='ocrx_word' id='word_1_374' title='bbox 663 3439 887 3479; x_wconf 82' lang='lat' dir='ltr'><strong>infamatur</strong></span> <span class='ocrx_word' id='word_1_375' title='bbox 904 3438 1136 3492; x_wconf 85' lang='lat' dir='ltr'><strong>proximus,</strong></span> 
     </span>
    </p>

    <p class='ocr_par' dir='ltr' id='par_1_10' title="bbox 48 3501 1142 3628">
     <span class='ocr_line' id='line_1_58' title="bbox 48 3501 1138 3556; baseline -0.002 -12"><span class='ocrx_word' id='word_1_376' title='bbox 48 3535 52 3538; x_wconf 84' lang='lat'><strong>.</strong></span> <span class='ocrx_word' id='word_1_377' title='bbox 117 3514 249 3556; x_wconf 88' lang='lat' dir='ltr'><strong>neque</strong></span> <span class='ocrx_word' id='word_1_378' title='bbox 267 3502 490 3542; x_wconf 89' lang='lat' dir='ltr'><strong>intervenit</strong></span> <span class='ocrx_word' id='word_1_379' title='bbox 503 3502 666 3554; x_wconf 89' lang='lat' dir='ltr'><strong>propria</strong></span> <span class='ocrx_word' id='word_1_380' title='bbox 680 3501 850 3541; x_wconf 82' lang='lat' dir='ltr'><strong>materia</strong></span> <span class='ocrx_word' id='word_1_381' title='bbox 863 3501 1138 3552; x_wconf 87' lang='lat' dir='ltr'><strong>correctionis,</strong></span> 
     </span>
     <span class='ocr_line' id='line_1_59' title="bbox 94 3563 1142 3628; baseline 0.002 -24"><span class='ocrx_word' id='word_1_382' title='bbox 94 3616 97 3618; x_wconf 11' lang='grc' dir='ltr'>ς</span> <span class='ocrx_word' id='word_1_383' title='bbox 115 3563 190 3628; x_wconf 62' lang='lat' dir='ltr'><strong>ped</strong></span> <span class='ocrx_word' id='word_1_384' title='bbox 202 3564 324 3605; x_wconf 84' lang='lat' dir='ltr'><strong>solius</strong></span> <span class='ocrx_word' id='word_1_385' title='bbox 340 3563 601 3615; x_wconf 83' lang='lat' dir='ltr'><strong>defensionis,</strong></span> <span class='ocrx_word' id='word_1_386' title='bbox 620 3566 661 3605; x_wconf 87' lang='lat' dir='ltr'><strong>et</strong></span> <span class='ocrx_word' id='word_1_387' title='bbox 675 3563 768 3605; x_wconf 87' lang='lat' dir='ltr'><strong>ideo</strong></span> <span class='ocrx_word' id='word_1_388' title='bbox 780 3567 907 3604; x_wconf 83' lang='lat' dir='ltr'><strong>cessat</strong></span> <span class='ocrx_word' id='word_1_389' title='bbox 920 3563 1026 3606; x_wconf 86' lang='lat' dir='ltr'><strong>ratio</strong></span> <span class='ocrx_word' id='word_1_390' title='bbox 1039 3574 1142 3619; x_wconf 70' lang='lat' dir='ltr'><strong>1³1·ae-</strong></span> 
     </span>
    </p>
   </div>
   <div class='ocr_carea' id='block_1_5' title="bbox 1165 236 2227 3617">
    <p class='ocr_par' dir='ltr' id='par_1_11' title="bbox 1165 236 2208 1149">
     <span class='ocr_line' id='line_1_60' title="bbox 1166 236 2191 297; baseline 0.008 -19"><span class='ocrx_word' id='word_1_391' title='bbox 1166 236 1265 279; x_wconf 87' lang='lat' dir='ltr'><strong>dicti</strong></span> <span class='ocrx_word' id='word_1_392' title='bbox 1283 239 1450 280; x_wconf 86' lang='lat' dir='ltr'><strong>ordinis.</strong></span> <span class='ocrx_word' id='word_1_393' title='bbox 1470 240 1558 282; x_wconf 87' lang='lat' dir='ltr'><strong>Hoc</strong></span> <span class='ocrx_word' id='word_1_394' title='bbox 1573 243 1714 283; x_wconf 86' lang='lat' dir='ltr'><strong>autem</strong></span> <span class='ocrx_word' id='word_1_395' title='bbox 1728 240 1788 282; x_wconf 84' lang='lat' dir='ltr'><strong>ita</strong></span> <span class='ocrx_word' id='word_1_396' title='bbox 1804 251 1951 283; x_wconf 84' lang='lat' dir='ltr'><strong>verum</strong></span> <span class='ocrx_word' id='word_1_397' title='bbox 1969 244 2030 284; x_wconf 78' lang='lat' dir='ltr'><strong>est</strong></span> <span class='ocrx_word' id='word_1_398' title='bbox 2045 241 2092 284; x_wconf 92' lang='lat' dir='ltr'><strong>in</strong></span> <span class='ocrx_word' id='word_1_399' title='bbox 2106 256 2191 297; x_wconf 83' lang='lat' dir='ltr'><strong>pec·</strong></span> 
     </span>
     <span class='ocr_line' id='line_1_61' title="bbox 1166 300 2192 358; baseline 0.006 -18"><span class='ocrx_word' id='word_1_400' title='bbox 1166 302 1280 351; x_wconf 86' lang='lat' dir='ltr'><strong>cato,</strong></span> <span class='ocrx_word' id='word_1_401' title='bbox 1306 300 1416 354; x_wconf 89' lang='lat' dir='ltr'><strong>quod</strong></span> <span class='ocrx_word' id='word_1_402' title='bbox 1433 301 1500 342; x_wconf 87' lang='lat' dir='ltr'><strong>vel</strong></span> <span class='ocrx_word' id='word_1_403' title='bbox 1516 301 1675 343; x_wconf 89' lang='lat' dir='ltr'><strong>nemini</strong></span> <span class='ocrx_word' id='word_1_404' title='bbox 1693 313 1839 344; x_wconf 88' lang='lat' dir='ltr'><strong>nocere</strong></span> <span class='ocrx_word' id='word_1_405' title='bbox 1856 306 1988 356; x_wconf 82' lang='lat' dir='ltr'><strong>potest</strong></span> <span class='ocrx_word' id='word_1_406' title='bbox 2008 303 2090 345; x_wconf 89' lang='lat' dir='ltr'><strong>nisi</strong></span> <span class='ocrx_word' id='word_1_407' title='bbox 2105 317 2192 358; x_wconf 84' lang='lat' dir='ltr'><strong>pec·</strong></span> 
     </span>
     <span class='ocr_line' id='line_1_62' title="bbox 1166 361 2198 419; baseline 0.006 -18"><span class='ocrx_word' id='word_1_408' title='bbox 1166 361 1290 412; x_wconf 87' lang='lat' dir='ltr'><strong>canti,</strong></span> <span class='ocrx_word' id='word_1_409' title='bbox 1312 362 1379 403; x_wconf 84' lang='lat' dir='ltr'><strong>vel</strong></span> <span class='ocrx_word' id='word_1_410' title='bbox 1395 362 1528 404; x_wconf 89' lang='lat' dir='ltr'><strong>solum</strong></span> <span class='ocrx_word' id='word_1_411' title='bbox 1552 363 1631 416; x_wconf 90' lang='lat' dir='ltr'><strong>ipsi</strong></span> <span class='ocrx_word' id='word_1_412' title='bbox 1651 364 1903 414; x_wconf 86' lang='lat' dir='ltr'><strong>emendanti,</strong></span> <span class='ocrx_word' id='word_1_413' title='bbox 1925 365 2029 406; x_wconf 83' lang='lat' dir='ltr'><strong>sieut</strong></span> <span class='ocrx_word' id='word_1_414' title='bbox 2045 365 2091 406; x_wconf 89' lang='lat' dir='ltr'><strong>in</strong></span> <span class='ocrx_word' id='word_1_415' title='bbox 2107 377 2198 419; x_wconf 84' lang='lat' dir='ltr'><strong>pec··</strong></span> 
     </span>
     <span class='ocr_line' id='line_1_63' title="bbox 1170 423 2196 476; baseline 0.008 -14"><span class='ocrx_word' id='word_1_416' title='bbox 1170 423 1270 464; x_wconf 86' lang='lat' dir='ltr'><strong>catis</strong></span> <span class='ocrx_word' id='word_1_417' title='bbox 1285 435 1377 476; x_wconf 83' lang='lat' dir='ltr'><strong>quae</strong></span> <span class='ocrx_word' id='word_1_418' title='bbox 1393 423 1484 464; x_wconf 87' lang='lat' dir='ltr'><strong>aliis</strong></span> <span class='ocrx_word' id='word_1_419' title='bbox 1501 429 1665 467; x_wconf 88' lang='lat' dir='ltr'><strong>nocent.</strong></span> <span class='ocrx_word' id='word_1_420' title='bbox 1699 426 1802 475; x_wconf 86' lang='lat' dir='ltr'><strong>Quia</strong></span> <span class='ocrx_word' id='word_1_421' title='bbox 1819 426 1854 466; x_wconf 89' lang='lat' dir='ltr'><strong>si</strong></span> <span class='ocrx_word' id='word_1_422' title='bbox 1868 426 1996 468; x_wconf 83' lang='lat' dir='ltr'><strong>frater</strong></span> <span class='ocrx_word' id='word_1_423' title='bbox 2013 428 2196 471; x_wconf 86' lang='lat' dir='ltr'><strong>nondum</strong></span> 
     </span>
     <span class='ocr_line' id='line_1_64' title="bbox 1165 486 2197 538; baseline 0.007 -14"><span class='ocrx_word' id='word_1_424' title='bbox 1165 486 1368 536; x_wconf 86' lang='lat' dir='ltr'><strong>peccavit,</strong></span> <span class='ocrx_word' id='word_1_425' title='bbox 1391 497 1467 526; x_wconf 91' lang='lat' dir='ltr'><strong>nec</strong></span> <span class='ocrx_word' id='word_1_426' title='bbox 1482 486 1587 526; x_wconf 91' lang='lat' dir='ltr'><strong>mihi</strong></span> <span class='ocrx_word' id='word_1_427' title='bbox 1605 489 1770 538; x_wconf 88' lang='lat' dir='ltr'><strong>nocuit,</strong></span> <span class='ocrx_word' id='word_1_428' title='bbox 1791 493 1977 529; x_wconf 86' lang='lat' dir='ltr'><strong>versatur</strong></span> <span class='ocrx_word' id='word_1_429' title='bbox 1993 493 2133 530; x_wconf 85' lang='lat' dir='ltr'><strong>autem</strong></span> <span class='ocrx_word' id='word_1_430' title='bbox 2153 489 2197 532; x_wconf 82' lang='lat' dir='ltr'><strong>in</strong></span> 
     </span>
     <span class='ocr_line' id='line_1_65' title="bbox 1165 546 2197 605; baseline 0.008 -20"><span class='ocrx_word' id='word_1_431' title='bbox 1165 546 1346 599; x_wconf 88' lang='lat' dir='ltr'><strong>periculo</strong></span> <span class='ocrx_word' id='word_1_432' title='bbox 1364 547 1550 597; x_wconf 86' lang='lat' dir='ltr'><strong>cadendi,</strong></span> <span class='ocrx_word' id='word_1_433' title='bbox 1576 552 1647 588; x_wconf 88' lang='lat' dir='ltr'><strong>aut</strong></span> <span class='ocrx_word' id='word_1_434' title='bbox 1664 549 1769 589; x_wconf 91' lang='lat' dir='ltr'><strong>mihi</strong></span> <span class='ocrx_word' id='word_1_435' title='bbox 1788 551 1976 601; x_wconf 90' lang='lat' dir='ltr'><strong>nocendi,</strong></span> <span class='ocrx_word' id='word_1_436' title='bbox 1997 551 2091 592; x_wconf 88' lang='lat' dir='ltr'><strong>licet</strong></span> <span class='ocrx_word' id='word_1_437' title='bbox 2109 563 2197 605; x_wconf 80' lang='lat' dir='ltr'><strong>spe-</strong></span> 
     </span>
     <span class='ocr_line' id='line_1_66' title="bbox 1165 609 2197 664; baseline 0.008 -17"><span class='ocrx_word' id='word_1_438' title='bbox 1165 619 1255 648; x_wconf 89' lang='lat' dir='ltr'><strong>rem</strong></span> <span class='ocrx_word' id='word_1_439' title='bbox 1273 620 1347 660; x_wconf 91' lang='lat' dir='ltr'><strong>per</strong></span> <span class='ocrx_word' id='word_1_440' title='bbox 1365 620 1502 649; x_wconf 87' lang='lat' dir='ltr'><strong>meam</strong></span> <span class='ocrx_word' id='word_1_441' title='bbox 1519 609 1841 651; x_wconf 82' lang='lat' dir='ltr'><strong>admonitionem</strong></span> <span class='ocrx_word' id='word_1_442' title='bbox 1862 624 1978 664; x_wconf 91' lang='lat' dir='ltr'><strong>posse</strong></span> <span class='ocrx_word' id='word_1_443' title='bbox 1995 614 2197 656; x_wconf 65' lang='lat' dir='ltr'><strong>sufficiens</strong></span> 
     </span>
     <span class='ocr_line' id='line_1_67' title="bbox 1166 669 2198 726; baseline 0.005 -16"><span class='ocrx_word' id='word_1_444' title='bbox 1166 669 1395 710; x_wconf 88' lang='lat' dir='ltr'><strong>remedium</strong></span> <span class='ocrx_word' id='word_1_445' title='bbox 1427 669 1640 719; x_wconf 88' lang='lat' dir='ltr'><strong>adhibere,</strong></span> <span class='ocrx_word' id='word_1_446' title='bbox 1669 682 1754 711; x_wconf 92' lang='lat' dir='ltr'><strong>non</strong></span> <span class='ocrx_word' id='word_1_447' title='bbox 1781 675 1938 722; x_wconf 71' lang='lat' dir='ltr'><strong>teneor,</strong></span> <span class='ocrx_word' id='word_1_448' title='bbox 1969 685 2043 726; x_wconf 90' lang='lat' dir='ltr'><strong>per</strong></span> <span class='ocrx_word' id='word_1_449' title='bbox 2070 686 2112 715; x_wconf 87' lang='lat' dir='ltr'><strong>se</strong></span> <span class='ocrx_word' id='word_1_450' title='bbox 2139 674 2198 715; x_wconf 91' lang='lat' dir='ltr'><strong>lo-</strong></span> 
     </span>
     <span class='ocr_line' id='line_1_68' title="bbox 1166 731 2200 785; baseline 0.006 -15"><span class='ocrx_word' id='word_1_451' title='bbox 1166 731 1344 783; x_wconf 88' lang='lat' dir='ltr'><strong>quendo,</strong></span> <span class='ocrx_word' id='word_1_452' title='bbox 1380 731 1451 772; x_wconf 85' lang='lat' dir='ltr'><strong>sed</strong></span> <span class='ocrx_word' id='word_1_453' title='bbox 1482 743 1650 785; x_wconf 84' lang='lat' dir='ltr'><strong>possum</strong></span> <span class='ocrx_word' id='word_1_454' title='bbox 1683 731 1920 773; x_wconf 87' lang='lat' dir='ltr'><strong>immediate</strong></span> <span class='ocrx_word' id='word_1_455' title='bbox 1947 735 2010 774; x_wconf 91' lang='lat' dir='ltr'><strong>uti</strong></span> <span class='ocrx_word' id='word_1_456' title='bbox 2045 735 2200 777; x_wconf 88' lang='lat' dir='ltr'><strong>auxilio</strong></span> 
     </span>
     <span class='ocr_line' id='line_1_69' title="bbox 1167 793 2198 846; baseline 0.005 -14"><span class='ocrx_word' id='word_1_457' title='bbox 1167 793 1329 833; x_wconf 81' lang='lat' dir='ltr'><strong>Praelati</strong></span> <span class='ocrx_word' id='word_1_458' title='bbox 1344 823 1355 841; x_wconf 92' lang='lat'><strong>,</strong></span> <span class='ocrx_word' id='word_1_459' title='bbox 1388 793 1486 846; x_wconf 87' lang='lat' dir='ltr'><strong>quia</strong></span> <span class='ocrx_word' id='word_1_460' title='bbox 1505 793 1610 834; x_wconf 90' lang='lat' dir='ltr'><strong>ratio</strong></span> <span class='ocrx_word' id='word_1_461' title='bbox 1636 793 1745 834; x_wconf 87' lang='lat' dir='ltr'><strong>facta</strong></span> <span class='ocrx_word' id='word_1_462' title='bbox 1762 793 1831 834; x_wconf 91' lang='lat' dir='ltr'><strong>hic</strong></span> <span class='ocrx_word' id='word_1_463' title='bbox 1847 794 1972 833; x_wconf 89' lang='lat' dir='ltr'><strong>etiam</strong></span> <span class='ocrx_word' id='word_1_464' title='bbox 1994 795 2120 836; x_wconf 87' lang='lat' dir='ltr'><strong>habet</strong></span> <span class='ocrx_word' id='word_1_465' title='bbox 2141 796 2198 837; x_wconf 91' lang='lat' dir='ltr'><strong>lo·</strong></span> 
     </span>
     <span class='ocr_line' id='line_1_70' title="bbox 1167 855 2200 904; baseline 0.004 -11"><span class='ocrx_word' id='word_1_466' title='bbox 1167 866 1281 904; x_wconf 85' lang='lat' dir='ltr'><strong>cum;</strong></span> <span class='ocrx_word' id='word_1_467' title='bbox 1299 867 1384 894; x_wconf 90' lang='lat' dir='ltr'><strong>non</strong></span> <span class='ocrx_word' id='word_1_468' title='bbox 1403 857 1514 896; x_wconf 92' lang='lat' dir='ltr'><strong>enim</strong></span> <span class='ocrx_word' id='word_1_469' title='bbox 1531 855 1757 895; x_wconf 81' lang='lat' dir='ltr'><strong>infamatur</strong></span> <span class='ocrx_word' id='word_1_470' title='bbox 1770 855 1911 902; x_wconf 85' lang='lat' dir='ltr'><strong>frater,</strong></span> <span class='ocrx_word' id='word_1_471' title='bbox 1932 868 2026 894; x_wconf 89' lang='lat' dir='ltr'><strong>cum</strong></span> <span class='ocrx_word' id='word_1_472' title='bbox 2038 857 2200 898; x_wconf 89' lang='lat' dir='ltr'><strong>nullum</strong></span> 
     </span>
     <span class='ocr_line' id='line_1_71' title="bbox 1165 915 2201 970; baseline 0.004 -16"><span class='ocrx_word' id='word_1_473' title='bbox 1165 915 1254 966; x_wconf 85' lang='lat' dir='ltr'><strong>ejus</strong></span> <span class='ocrx_word' id='word_1_474' title='bbox 1283 916 1478 957; x_wconf 91' lang='lat' dir='ltr'><strong>delictum</strong></span> <span class='ocrx_word' id='word_1_475' title='bbox 1511 917 1811 966; x_wconf 82' lang='lat' dir='ltr'><strong>manifestetur,</strong></span> <span class='ocrx_word' id='word_1_476' title='bbox 1844 929 1979 970; x_wconf 90' lang='lat' dir='ltr'><strong>neque</strong></span> <span class='ocrx_word' id='word_1_477' title='bbox 2001 917 2106 956; x_wconf 90' lang='lat' dir='ltr'><strong>actio</strong></span> <span class='ocrx_word' id='word_1_478' title='bbox 2130 917 2201 959; x_wconf 78' lang='lat' dir='ltr'><strong>illa</strong></span> 
     </span>
     <span class='ocr_line' id='line_1_72' title="bbox 1166 977 2202 1032; baseline 0.002 -15"><span class='ocrx_word' id='word_1_479' title='bbox 1166 977 1378 1017; x_wconf 89' lang='lat' dir='ltr'><strong>ordinatur</strong></span> <span class='ocrx_word' id='word_1_480' title='bbox 1408 979 1460 1018; x_wconf 89' lang='lat' dir='ltr'><strong>ad</strong></span> <span class='ocrx_word' id='word_1_481' title='bbox 1491 980 1579 1032; x_wconf 89' lang='lat' dir='ltr'><strong>ejus</strong></span> <span class='ocrx_word' id='word_1_482' title='bbox 1608 979 1918 1027; x_wconf 89' lang='lat' dir='ltr'><strong>correctionem,</strong></span> <span class='ocrx_word' id='word_1_483' title='bbox 1948 982 1994 1018; x_wconf 94' lang='lat' dir='ltr'><strong>ut</strong></span> <span class='ocrx_word' id='word_1_484' title='bbox 2016 978 2202 1019; x_wconf 90' lang='lat' dir='ltr'><strong>ordinem</strong></span> 
     </span>
     <span class='ocr_line' id='line_1_73' title="bbox 1165 1029 2208 1088; baseline 0.001 -10"><span class='ocrx_word' id='word_1_485' title='bbox 1165 1039 1425 1079; x_wconf 87' lang='lat' dir='ltr'><strong>correctionis</strong></span> <span class='ocrx_word' id='word_1_486' title='bbox 1444 1040 1660 1080; x_wconf 87' lang='lat' dir='ltr'><strong>observare</strong></span> <span class='ocrx_word' id='word_1_487' title='bbox 1679 1052 1845 1080; x_wconf 88' lang='lat' dir='ltr'><strong>necesse</strong></span> <span class='ocrx_word' id='word_1_488' title='bbox 1859 1040 1937 1088; x_wconf 87' lang='lat' dir='ltr'><strong>sit;</strong></span> <span class='ocrx_word' id='word_1_489' title='bbox 1960 1044 2001 1080; x_wconf 90' lang='lat' dir='ltr'><strong>et</strong></span> <span class='ocrx_word' id='word_1_490' title='bbox 2016 1040 2074 1080; x_wconf 89' lang='lat' dir='ltr'><strong>ita</strong></span> <span class='ocrx_word' id='word_1_491' title='bbox 2086 1029 2208 1080; x_wconf 66' lang='lat' dir='ltr'><strong>nullo*</strong></span> 
     </span>
     <span class='ocr_line' id='line_1_74' title="bbox 1167 1100 2187 1149; baseline 0.001 -9"><span class='ocrx_word' id='word_1_492' title='bbox 1167 1100 1288 1140; x_wconf 91' lang='lat' dir='ltr'><strong>modo</strong></span> <span class='ocrx_word' id='word_1_493' title='bbox 1306 1102 1637 1141; x_wconf 85' lang='lat' dir='ltr'><strong>accommodatur</strong></span> <span class='ocrx_word' id='word_1_494' title='bbox 1654 1101 1726 1140; x_wconf 89' lang='lat' dir='ltr'><strong>illa</strong></span> <span class='ocrx_word' id='word_1_495' title='bbox 1746 1101 1991 1149; x_wconf 84' lang='lat' dir='ltr'><strong>differentia,</strong></span> <span class='ocrx_word' id='word_1_496' title='bbox 2014 1102 2093 1140; x_wconf 89' lang='lat' dir='ltr'><strong>nisi</strong></span> <span class='ocrx_word' id='word_1_497' title='bbox 2111 1105 2187 1142; x_wconf 85' lang='lat' dir='ltr'><strong>tan</strong></span> 
     </span>
    </p>

    <p class='ocr_par' dir='ltr' id='par_1_12' title="bbox 1167 1163 2215 2431">
     <span class='ocr_line' id='line_1_75' title="bbox 1168 1163 2204 1215; baseline 0.002 -14"><span class='ocrx_word' id='word_1_498' title='bbox 1168 1164 1256 1202; x_wconf 90' lang='lat' dir='ltr'><strong>tum</strong></span> <span class='ocrx_word' id='word_1_499' title='bbox 1270 1163 1552 1212; x_wconf 78' lang='lat' dir='ltr'><strong>materialiter,</strong></span> <span class='ocrx_word' id='word_1_500' title='bbox 1565 1166 1612 1202; x_wconf 89' lang='lat' dir='ltr'><strong>ut</strong></span> <span class='ocrx_word' id='word_1_501' title='bbox 1630 1175 1746 1202; x_wconf 91' lang='lat' dir='ltr'><strong>num.</strong></span> <span class='ocrx_word' id='word_1_502' title='bbox 1760 1163 1936 1215; x_wconf 81' lang='lat' dir='ltr'><strong>praeced.</strong></span> <span class='ocrx_word' id='word_1_503' title='bbox 1956 1163 2056 1203; x_wconf 85' lang='lat' dir='ltr'><strong>dixi.</strong></span> <span class='ocrx_word' id='word_1_504' title='bbox 2072 1164 2204 1214; x_wconf 85' lang='lat' dir='ltr'><strong>Igitur</strong></span> 
     </span>
     <span class='ocr_line' id='line_1_76' title="bbox 1167 1223 2204 1275; baseline 0.002 -12"><span class='ocrx_word' id='word_1_505' title='bbox 1167 1223 1239 1263; x_wconf 89' lang='lat' dir='ltr'><strong>illa</strong></span> <span class='ocrx_word' id='word_1_506' title='bbox 1264 1223 1496 1264; x_wconf 84' lang='lat' dir='ltr'><strong>differentia</strong></span> <span class='ocrx_word' id='word_1_507' title='bbox 1526 1225 1634 1264; x_wconf 89' lang='lat' dir='ltr'><strong>inter</strong></span> <span class='ocrx_word' id='word_1_508' title='bbox 1657 1224 1947 1275; x_wconf 85' lang='lat' dir='ltr'><strong>Evangelicam</strong></span> <span class='ocrx_word' id='word_1_509' title='bbox 1971 1228 2012 1265; x_wconf 88' lang='lat' dir='ltr'><strong>et</strong></span> <span class='ocrx_word' id='word_1_510' title='bbox 2037 1224 2204 1265; x_wconf 89' lang='lat' dir='ltr'><strong>canoni-</strong></span> 
     </span>
     <span class='ocr_line' id='line_1_77' title="bbox 1167 1285 2206 1339; baseline 0.002 -14"><span class='ocrx_word' id='word_1_511' title='bbox 1167 1297 1257 1325; x_wconf 87' lang='lat' dir='ltr'><strong>cam</strong></span> <span class='ocrx_word' id='word_1_512' title='bbox 1272 1285 1627 1326; x_wconf 89' lang='lat' dir='ltr'><strong>denuntiationem</strong></span> <span class='ocrx_word' id='word_1_513' title='bbox 1641 1299 1691 1326; x_wconf 86' lang='lat' dir='ltr'><strong>ex</strong></span> <span class='ocrx_word' id='word_1_514' title='bbox 1707 1286 1788 1325; x_wconf 91' lang='lat' dir='ltr'><strong>illis</strong></span> <span class='ocrx_word' id='word_1_515' title='bbox 1806 1286 1956 1325; x_wconf 88' lang='lat' dir='ltr'><strong>finibus</strong></span> <span class='ocrx_word' id='word_1_516' title='bbox 1974 1287 2206 1339; x_wconf 77' lang='lat' dir='ltr'><strong>desumpta,</strong></span> 
     </span>
     <span class='ocr_line' id='line_1_78' title="bbox 1167 1347 2204 1400; baseline 0 -14"><span class='ocrx_word' id='word_1_517' title='bbox 1167 1347 1286 1400; x_wconf 86' lang='lat' dir='ltr'><strong>parvi</strong></span> <span class='ocrx_word' id='word_1_518' title='bbox 1302 1348 1502 1388; x_wconf 88' lang='lat' dir='ltr'><strong>momenti</strong></span> <span class='ocrx_word' id='word_1_519' title='bbox 1520 1351 1594 1397; x_wconf 87' lang='lat' dir='ltr'><strong>est,</strong></span> <span class='ocrx_word' id='word_1_520' title='bbox 1611 1359 1746 1399; x_wconf 89' lang='lat' dir='ltr'><strong>neque</strong></span> <span class='ocrx_word' id='word_1_521' title='bbox 1759 1351 1918 1400; x_wconf 89' lang='lat' dir='ltr'><strong>oportet</strong></span> <span class='ocrx_word' id='word_1_522' title='bbox 1933 1347 1985 1386; x_wconf 89' lang='lat' dir='ltr'><strong>ob</strong></span> <span class='ocrx_word' id='word_1_523' title='bbox 2003 1359 2094 1386; x_wconf 88' lang='lat' dir='ltr'><strong>eam</strong></span> <span class='ocrx_word' id='word_1_524' title='bbox 2110 1358 2204 1387; x_wconf 89' lang='lat' dir='ltr'><strong>cau-</strong></span> 
     </span>
     <span class='ocr_line' id='line_1_79' title="bbox 1169 1409 2206 1462; baseline -0.001 -13"><span class='ocrx_word' id='word_1_525' title='bbox 1169 1422 1256 1449; x_wconf 89' lang='lat' dir='ltr'><strong>sam</strong></span> <span class='ocrx_word' id='word_1_526' title='bbox 1302 1409 1487 1450; x_wconf 86' lang='lat' dir='ltr'><strong>membra</strong></span> <span class='ocrx_word' id='word_1_527' title='bbox 1536 1409 1810 1461; x_wconf 89' lang='lat' dir='ltr'><strong>multiplicare</strong></span> <span class='ocrx_word' id='word_1_528' title='bbox 1826 1422 1838 1458; x_wconf 82' lang='lat'><em>3</em></span> <span class='ocrx_word' id='word_1_529' title='bbox 1878 1412 2073 1462; x_wconf 81' lang='lat' dir='ltr'><strong>quartum</strong></span> <span class='ocrx_word' id='word_1_530' title='bbox 2109 1417 2206 1448; x_wconf 88' lang='lat' dir='ltr'><strong>vero</strong></span> 
     </span>
     <span class='ocr_line' id='line_1_80' title="bbox 1171 1468 2208 1521; baseline -0.001 -11"><span class='ocrx_word' id='word_1_531' title='bbox 1171 1470 1404 1510; x_wconf 86' lang='lat' dir='ltr'><strong>membrum</strong></span> <span class='ocrx_word' id='word_1_532' title='bbox 1445 1470 1495 1510; x_wconf 90' lang='lat' dir='ltr'><strong>de</strong></span> <span class='ocrx_word' id='word_1_533' title='bbox 1534 1470 1843 1510; x_wconf 87' lang='lat' dir='ltr'><strong>denuntiatione</strong></span> <span class='ocrx_word' id='word_1_534' title='bbox 1880 1470 2074 1521; x_wconf 82' lang='lat' dir='ltr'><strong>regulari,</strong></span> <span class='ocrx_word' id='word_1_535' title='bbox 2097 1468 2208 1520; x_wconf 85' lang='lat' dir='ltr'><strong>quod</strong></span> 
     </span>
     <span class='ocr_line' id='line_1_81' title="bbox 1169 1530 2206 1583; baseline -0.003 -12"><span class='ocrx_word' id='word_1_536' title='bbox 1169 1532 1288 1572; x_wconf 92' lang='lat' dir='ltr'><strong>Sotus</strong></span> <span class='ocrx_word' id='word_1_537' title='bbox 1301 1562 1314 1581; x_wconf 89' lang='lat'><strong>,</strong></span> <span class='ocrx_word' id='word_1_538' title='bbox 1339 1545 1381 1572; x_wconf 91' lang='lat' dir='ltr'><strong>n.</strong></span> <span class='ocrx_word' id='word_1_539' title='bbox 1402 1533 1427 1571; x_wconf 77' lang='lat'><strong>2</strong></span> <span class='ocrx_word' id='word_1_540' title='bbox 1447 1532 1609 1581; x_wconf 88' lang='lat' dir='ltr'><strong>allatus,</strong></span> <span class='ocrx_word' id='word_1_541' title='bbox 1630 1531 1767 1583; x_wconf 89' lang='lat' dir='ltr'><strong>posuit</strong></span> <span class='ocrx_word' id='word_1_542' title='bbox 1784 1543 1879 1570; x_wconf 90' lang='lat' dir='ltr'><strong>cum</strong></span> <span class='ocrx_word' id='word_1_543' title='bbox 1896 1530 2206 1579; x_wconf 89' lang='lat' dir='ltr'><strong>Panormitano,</strong></span> 
     </span>
     <span class='ocr_line' id='line_1_82' title="bbox 1169 1591 2205 1646; baseline -0.005 -12"><span class='ocrx_word' id='word_1_544' title='bbox 1169 1594 1299 1646; x_wconf 85' lang='lat' dir='ltr'><strong>magis</strong></span> <span class='ocrx_word' id='word_1_545' title='bbox 1315 1593 1468 1634; x_wconf 88' lang='lat' dir='ltr'><strong>habere</strong></span> <span class='ocrx_word' id='word_1_546' title='bbox 1486 1594 1623 1633; x_wconf 90' lang='lat' dir='ltr'><strong>locum</strong></span> <span class='ocrx_word' id='word_1_547' title='bbox 1641 1596 1772 1644; x_wconf 89' lang='lat' dir='ltr'><strong>potest</strong></span> <span class='ocrx_word' id='word_1_548' title='bbox 1785 1593 1903 1644; x_wconf 79' lang='lat' dir='ltr'><strong>juxta</strong></span> <span class='ocrx_word' id='word_1_549' title='bbox 1923 1591 2032 1631; x_wconf 88' lang='lat' dir='ltr'><strong>dicta</strong></span> <span class='ocrx_word' id='word_1_550' title='bbox 2050 1592 2093 1630; x_wconf 90' lang='lat' dir='ltr'><strong>in</strong></span> <span class='ocrx_word' id='word_1_551' title='bbox 2112 1602 2205 1643; x_wconf 89' lang='lat' dir='ltr'><strong>cap.</strong></span> 
     </span>
     <span class='ocr_line' id='line_1_83' title="bbox 1168 1652 2208 1709; baseline -0.005 -13"><span class='ocrx_word' id='word_1_552' title='bbox 1168 1656 1359 1709; x_wconf 67' lang='lat' dir='ltr'><strong>praeced„</strong></span> <span class='ocrx_word' id='word_1_553' title='bbox 1379 1668 1553 1695; x_wconf 92' lang='lat' dir='ltr'><strong>numero</strong></span> <span class='ocrx_word' id='word_1_554' title='bbox 1571 1655 1728 1695; x_wconf 88' lang='lat' dir='ltr'><strong>decimo</strong></span> <span class='ocrx_word' id='word_1_555' title='bbox 1747 1659 1904 1701; x_wconf 85' lang='lat' dir='ltr'><strong>octavo,</strong></span> <span class='ocrx_word' id='word_1_556' title='bbox 1926 1653 1976 1693; x_wconf 90' lang='lat' dir='ltr'><strong>de</strong></span> <span class='ocrx_word' id='word_1_557' title='bbox 1998 1652 2208 1692; x_wconf 88' lang='lat' dir='ltr'><strong>renuntia-</strong></span> 
     </span>
     <span class='ocr_line' id='line_1_84' title="bbox 1170 1713 2209 1769; baseline -0.004 -12"><span class='ocrx_word' id='word_1_558' title='bbox 1170 1718 1283 1758; x_wconf 90' lang='lat' dir='ltr'><strong>tione</strong></span> <span class='ocrx_word' id='word_1_559' title='bbox 1297 1718 1419 1769; x_wconf 84' lang='lat' dir='ltr'><strong>juris,</strong></span> <span class='ocrx_word' id='word_1_560' title='bbox 1442 1717 1642 1769; x_wconf 84' lang='lat' dir='ltr'><strong>siquidem</strong></span> <span class='ocrx_word' id='word_1_561' title='bbox 1660 1720 1759 1755; x_wconf 89' lang='lat' dir='ltr'><strong>tunc</strong></span> <span class='ocrx_word' id='word_1_562' title='bbox 1777 1715 1975 1767; x_wconf 81' lang='lat' dir='ltr'><strong>regularis</strong></span> <span class='ocrx_word' id='word_1_563' title='bbox 1991 1713 2209 1753; x_wconf 87' lang='lat' dir='ltr'><strong>denuntia-</strong></span> 
     </span>
     <span class='ocr_line' id='line_1_85' title="bbox 1172 1776 2205 1831; baseline -0.004 -13"><span class='ocrx_word' id='word_1_564' title='bbox 1172 1779 1230 1818; x_wconf 91' lang='lat' dir='ltr'><strong>tio</strong></span> <span class='ocrx_word' id='word_1_565' title='bbox 1254 1779 1398 1831; x_wconf 85' lang='lat' dir='ltr'><strong>incipit</strong></span> <span class='ocrx_word' id='word_1_566' title='bbox 1424 1791 1449 1818; x_wconf 87' lang='lat' dir='ltr'><strong>a</strong></span> <span class='ocrx_word' id='word_1_567' title='bbox 1476 1778 1652 1818; x_wconf 91' lang='lat' dir='ltr'><strong>secundo</strong></span> <span class='ocrx_word' id='word_1_568' title='bbox 1682 1781 1788 1827; x_wconf 89' lang='lat' dir='ltr'><strong>actu,</strong></span> <span class='ocrx_word' id='word_1_569' title='bbox 1823 1789 1917 1817; x_wconf 91' lang='lat' dir='ltr'><strong>cum</strong></span> <span class='ocrx_word' id='word_1_570' title='bbox 1946 1776 2205 1826; x_wconf 79' lang='lat' dir='ltr'><strong>Evangelica,</strong></span> 
     </span>
     <span class='ocr_line' id='line_1_86' title="bbox 1173 1837 2207 1892; baseline -0.004 -13"><span class='ocrx_word' id='word_1_571' title='bbox 1173 1852 1244 1892; x_wconf 90' lang='lat' dir='ltr'><strong>per</strong></span> <span class='ocrx_word' id='word_1_572' title='bbox 1275 1853 1318 1879; x_wconf 88' lang='lat' dir='ltr'><strong>se</strong></span> <span class='ocrx_word' id='word_1_573' title='bbox 1350 1840 1557 1892; x_wconf 89' lang='lat' dir='ltr'><strong>loquendo</strong></span> <span class='ocrx_word' id='word_1_574' title='bbox 1574 1870 1587 1888; x_wconf 94' lang='lat'><strong>,</strong></span> <span class='ocrx_word' id='word_1_575' title='bbox 1621 1839 1804 1891; x_wconf 87' lang='lat' dir='ltr'><strong>requirat</strong></span> <span class='ocrx_word' id='word_1_576' title='bbox 1842 1838 1965 1878; x_wconf 87' lang='lat' dir='ltr'><strong>etiam</strong></span> <span class='ocrx_word' id='word_1_577' title='bbox 2002 1837 2207 1888; x_wconf 91' lang='lat' dir='ltr'><strong>primum,</strong></span> 
     </span>
     <span class='ocr_line' id='line_1_87' title="bbox 1174 1898 2207 1953; baseline -0.006 -12"><span class='ocrx_word' id='word_1_578' title='bbox 1174 1914 1426 1953; x_wconf 83' lang='lat' dir='ltr'><strong>quamquam</strong></span> <span class='ocrx_word' id='word_1_579' title='bbox 1457 1902 1552 1941; x_wconf 82' lang='lat' dir='ltr'><strong>Soto</strong></span> <span class='ocrx_word' id='word_1_580' title='bbox 1576 1901 1685 1940; x_wconf 85' lang='lat' dir='ltr'><strong>hunc</strong></span> <span class='ocrx_word' id='word_1_581' title='bbox 1707 1911 1871 1939; x_wconf 86' lang='lat' dir='ltr'><strong>sensum</strong></span> <span class='ocrx_word' id='word_1_582' title='bbox 1890 1911 1974 1937; x_wconf 91' lang='lat' dir='ltr'><strong>non</strong></span> <span class='ocrx_word' id='word_1_583' title='bbox 2003 1898 2207 1947; x_wconf 87' lang='lat' dir='ltr'><strong>intendit,</strong></span> 
     </span>
     <span class='ocr_line' id='line_1_88' title="bbox 1171 1957 2213 2014; baseline -0.004 -12"><span class='ocrx_word' id='word_1_584' title='bbox 1171 1962 1454 2014; x_wconf 88' lang='lat' dir='ltr'><strong>improbamus</strong></span> <span class='ocrx_word' id='word_1_585' title='bbox 1476 1966 1616 2000; x_wconf 87' lang='lat' dir='ltr'><strong>autem</strong></span> <span class='ocrx_word' id='word_1_586' title='bbox 1645 1972 1768 2012; x_wconf 86' lang='lat' dir='ltr'><strong>quem</strong></span> <span class='ocrx_word' id='word_1_587' title='bbox 1795 1959 1986 1998; x_wconf 87' lang='lat' dir='ltr'><strong>intendit.</strong></span> <span class='ocrx_word' id='word_1_588' title='bbox 2019 1959 2121 1998; x_wconf 90' lang='lat' dir='ltr'><strong>Nam</strong></span> <span class='ocrx_word' id='word_1_589' title='bbox 2141 1957 2213 1998; x_wconf 84' lang='lat' dir='ltr'><strong>illa</strong></span> 
     </span>
     <span class='ocr_line' id='line_1_89' title="bbox 1173 2020 2212 2074; baseline -0.004 -11"><span class='ocrx_word' id='word_1_590' title='bbox 1173 2024 1295 2064; x_wconf 86' lang='lat' dir='ltr'><strong>etiam</strong></span> <span class='ocrx_word' id='word_1_591' title='bbox 1324 2023 1581 2063; x_wconf 88' lang='lat' dir='ltr'><strong>denuntiatio</strong></span> <span class='ocrx_word' id='word_1_592' title='bbox 1601 2022 1815 2074; x_wconf 83' lang='lat' dir='ltr'><strong>regularis,</strong></span> <span class='ocrx_word' id='word_1_593' title='bbox 1844 2033 1968 2072; x_wconf 89' lang='lat' dir='ltr'><strong>quam</strong></span> <span class='ocrx_word' id='word_1_594' title='bbox 1984 2020 2117 2070; x_wconf 84' lang='lat' dir='ltr'><strong>affert,</strong></span> <span class='ocrx_word' id='word_1_595' title='bbox 2147 2032 2212 2060; x_wconf 91' lang='lat' dir='ltr'><strong>so-</strong></span> 
     </span>
     <span class='ocr_line' id='line_1_90' title="bbox 1172 2081 2212 2135; baseline -0.003 -12"><span class='ocrx_word' id='word_1_596' title='bbox 1172 2083 1260 2123; x_wconf 91' lang='lat' dir='ltr'><strong>lum</strong></span> <span class='ocrx_word' id='word_1_597' title='bbox 1279 2088 1340 2124; x_wconf 91' lang='lat' dir='ltr'><strong>est</strong></span> <span class='ocrx_word' id='word_1_598' title='bbox 1360 2084 1596 2131; x_wconf 77' lang='lat' dir='ltr'><strong>materialis,</strong></span> <span class='ocrx_word' id='word_1_599' title='bbox 1627 2096 1675 2123; x_wconf 90' lang='lat' dir='ltr'><strong>eo</strong></span> <span class='ocrx_word' id='word_1_600' title='bbox 1694 2083 1802 2135; x_wconf 83' lang='lat' dir='ltr'><strong>quod</strong></span> <span class='ocrx_word' id='word_1_601' title='bbox 1822 2082 2078 2123; x_wconf 84' lang='lat' dir='ltr'><strong>denuntiatio</strong></span> <span class='ocrx_word' id='word_1_602' title='bbox 2097 2081 2143 2121; x_wconf 85' lang='lat' dir='ltr'><strong>fit</strong></span> <span class='ocrx_word' id='word_1_603' title='bbox 2166 2082 2212 2120; x_wconf 90' lang='lat' dir='ltr'><strong>in</strong></span> 
     </span>
     <span class='ocr_line' id='line_1_91' title="bbox 1175 2142 2214 2195; baseline -0.004 -11"><span class='ocrx_word' id='word_1_604' title='bbox 1175 2145 1388 2195; x_wconf 82' lang='lat' dir='ltr'><strong>religione,</strong></span> <span class='ocrx_word' id='word_1_605' title='bbox 1414 2149 1452 2184; x_wconf 90' lang='lat' dir='ltr'><strong>et</strong></span> <span class='ocrx_word' id='word_1_606' title='bbox 1478 2144 1704 2184; x_wconf 89' lang='lat' dir='ltr'><strong>secundum</strong></span> <span class='ocrx_word' id='word_1_607' title='bbox 1730 2143 1891 2194; x_wconf 84' lang='lat' dir='ltr'><strong>regulas</strong></span> <span class='ocrx_word' id='word_1_608' title='bbox 1916 2142 1981 2182; x_wconf 85' lang='lat' dir='ltr'><strong>vel</strong></span> <span class='ocrx_word' id='word_1_609' title='bbox 2007 2142 2214 2181; x_wconf 86' lang='lat' dir='ltr'><strong>Constitu-</strong></span> 
     </span>
     <span class='ocr_line' id='line_1_92' title="bbox 1174 2204 2213 2257; baseline -0.005 -11"><span class='ocrx_word' id='word_1_610' title='bbox 1174 2207 1308 2246; x_wconf 87' lang='lat' dir='ltr'><strong>tiones</strong></span> <span class='ocrx_word' id='word_1_611' title='bbox 1325 2207 1428 2257; x_wconf 86' lang='lat' dir='ltr'><strong>ejus;</strong></span> <span class='ocrx_word' id='word_1_612' title='bbox 1443 2214 1584 2246; x_wconf 88' lang='lat' dir='ltr'><strong>tamen</strong></span> <span class='ocrx_word' id='word_1_613' title='bbox 1601 2205 1686 2254; x_wconf 90' lang='lat' dir='ltr'><strong>illa,</strong></span> <span class='ocrx_word' id='word_1_614' title='bbox 1705 2204 1866 2245; x_wconf 90' lang='lat' dir='ltr'><strong>etiamsi</strong></span> <span class='ocrx_word' id='word_1_615' title='bbox 1879 2204 2106 2243; x_wconf 89' lang='lat' dir='ltr'><strong>necessario</strong></span> <span class='ocrx_word' id='word_1_616' title='bbox 2124 2213 2213 2254; x_wconf 85' lang='lat' dir='ltr'><strong>pos-</strong></span> 
     </span>
     <span class='ocr_line' id='line_1_93' title="bbox 1174 2266 2212 2319; baseline -0.002 -13"><span class='ocrx_word' id='word_1_617' title='bbox 1174 2268 1277 2307; x_wconf 91' lang='lat' dir='ltr'><strong>tulet</strong></span> <span class='ocrx_word' id='word_1_618' title='bbox 1292 2268 1500 2319; x_wconf 84' lang='lat' dir='ltr'><strong>integrum</strong></span> <span class='ocrx_word' id='word_1_619' title='bbox 1520 2267 1721 2317; x_wconf 89' lang='lat' dir='ltr'><strong>ordinem,</strong></span> <span class='ocrx_word' id='word_1_620' title='bbox 1741 2278 1901 2318; x_wconf 88' lang='lat' dir='ltr'><strong>semper</strong></span> <span class='ocrx_word' id='word_1_621' title='bbox 1915 2269 1975 2305; x_wconf 83' lang='lat' dir='ltr'><strong>est</strong></span> <span class='ocrx_word' id='word_1_622' title='bbox 1992 2270 2063 2304; x_wconf 88' lang='lat' dir='ltr'><strong>aut</strong></span> <span class='ocrx_word' id='word_1_623' title='bbox 2079 2266 2212 2304; x_wconf 86' lang='lat' dir='ltr'><strong>Evan-</strong></span> 
     </span>
     <span class='ocr_line' id='line_1_94' title="bbox 1174 2326 2215 2381; baseline -0.004 -12"><span class='ocrx_word' id='word_1_624' title='bbox 1174 2330 1304 2381; x_wconf 86' lang='lat' dir='ltr'><strong>gelica</strong></span> <span class='ocrx_word' id='word_1_625' title='bbox 1334 2341 1407 2370; x_wconf 90' lang='lat' dir='ltr'><strong>seu</strong></span> <span class='ocrx_word' id='word_1_626' title='bbox 1438 2333 1607 2381; x_wconf 86' lang='lat' dir='ltr'><strong>paterna</strong></span> <span class='ocrx_word' id='word_1_627' title='bbox 1619 2361 1630 2377; x_wconf 94' lang='lat'><strong>,</strong></span> <span class='ocrx_word' id='word_1_628' title='bbox 1662 2333 1734 2369; x_wconf 88' lang='lat' dir='ltr'><strong>aut</strong></span> <span class='ocrx_word' id='word_1_629' title='bbox 1760 2327 1965 2380; x_wconf 83' lang='lat' dir='ltr'><strong>judicialis</strong></span> <span class='ocrx_word' id='word_1_630' title='bbox 1994 2326 2215 2366; x_wconf 88' lang='lat' dir='ltr'><strong>denuntia-</strong></span> 
     </span>
     <span class='ocr_line' id='line_1_95' title="bbox 1174 2391 1245 2431; baseline -0.014 0"><span class='ocrx_word' id='word_1_631' title='bbox 1174 2391 1245 2431; x_wconf 88' lang='lat' dir='ltr'><strong>tio.</strong></span> 
     </span>
    </p>

    <p class='ocr_par' dir='ltr' id='par_1_13' title="bbox 1177 2447 2227 3617">
     <span class='ocr_line' id='line_1_96' title="bbox 1228 2447 2225 2505; baseline -0.002 -12"><span class='ocrx_word' id='word_1_632' title='bbox 1228 2452 1267 2493; x_wconf 84' lang='grc'><strong>9.</strong></span> <span class='ocrx_word' id='word_1_633' title='bbox 1296 2451 1557 2505; x_wconf 76' lang='lat' dir='ltr'><strong>Approbatur</strong></span> <span class='ocrx_word' id='word_1_634' title='bbox 1573 2449 1716 2491; x_wconf 76' lang='lat' dir='ltr'><strong>divisio</strong></span> <span class='ocrx_word' id='word_1_635' title='bbox 1734 2449 2054 2491; x_wconf 73' lang='lat' dir='ltr'><strong>denuntiationis</strong></span> <span class='ocrx_word' id='word_1_636' title='bbox 2069 2449 2115 2491; x_wconf 80' lang='lat' dir='ltr'><strong>in</strong></span> <span class='ocrx_word' id='word_1_637' title='bbox 2137 2447 2225 2491; x_wconf 66' lang='lat' dir='ltr'><strong>duo&#39;</strong></span> 
     </span>
     <span class='ocr_line' id='line_1_97' title="bbox 1177 2510 2215 2563; baseline -0.006 -8"><span class='ocrx_word' id='word_1_638' title='bbox 1177 2513 1372 2561; x_wconf 81' lang='lat' dir='ltr'><strong>membra,</strong></span> <span class='ocrx_word' id='word_1_639' title='bbox 1394 2517 1431 2554; x_wconf 78' lang='lat' dir='ltr'><strong>et</strong></span> <span class='ocrx_word' id='word_1_640' title='bbox 1448 2523 1582 2553; x_wconf 75' lang='lat' dir='ltr'><strong>eorum</strong></span> <span class='ocrx_word' id='word_1_641' title='bbox 1600 2510 1836 2553; x_wconf 76' lang='lat' dir='ltr'><strong>discrimina</strong></span> <span class='ocrx_word' id='word_1_642' title='bbox 1853 2512 2139 2563; x_wconf 72' lang='lat' dir='ltr'><strong>expenduntur.</strong></span> <span class='ocrx_word' id='word_1_643' title='bbox 2160 2530 2215 2544; x_wconf 85' lang='lat'><strong>-·</strong></span> 
     </span>
     <span class='ocr_line' id='line_1_98' title="bbox 1178 2571 2215 2626; baseline -0.003 -11"><span class='ocrx_word' id='word_1_644' title='bbox 1178 2576 1247 2619; x_wconf 88' lang='lat' dir='ltr'><strong>Est</strong></span> <span class='ocrx_word' id='word_1_645' title='bbox 1264 2586 1360 2626; x_wconf 82' lang='lat' dir='ltr'><strong>ergo</strong></span> <span class='ocrx_word' id='word_1_646' title='bbox 1383 2573 1620 2626; x_wconf 88' lang='lat' dir='ltr'><strong>simpliciter</strong></span> <span class='ocrx_word' id='word_1_647' title='bbox 1643 2571 1848 2613; x_wconf 87' lang='lat' dir='ltr'><strong>sufficiens</strong></span> <span class='ocrx_word' id='word_1_648' title='bbox 1876 2573 1947 2612; x_wconf 85' lang='lat' dir='ltr'><strong>illa</strong></span> <span class='ocrx_word' id='word_1_649' title='bbox 1974 2572 2215 2612; x_wconf 86' lang='lat' dir='ltr'><strong>bimembris</strong></span> 
     </span>
     <span class='ocr_line' id='line_1_99' title="bbox 1180 2634 2211 2685; baseline -0.003 -8"><span class='ocrx_word' id='word_1_650' title='bbox 1180 2636 1324 2677; x_wconf 90' lang='lat' dir='ltr'><strong>divisio</strong></span> <span class='ocrx_word' id='word_1_651' title='bbox 1343 2634 1668 2676; x_wconf 87' lang='lat' dir='ltr'><strong>denuntiationis</strong></span> <span class='ocrx_word' id='word_1_652' title='bbox 1682 2663 1696 2684; x_wconf 93' lang='lat'><strong>,</strong></span> <span class='ocrx_word' id='word_1_653' title='bbox 1725 2635 1770 2674; x_wconf 90' lang='lat' dir='ltr'><strong>in</strong></span> <span class='ocrx_word' id='word_1_654' title='bbox 1783 2634 2071 2685; x_wconf 83' lang='lat' dir='ltr'><strong>Evangelicam</strong></span> <span class='ocrx_word' id='word_1_655' title='bbox 2091 2638 2130 2673; x_wconf 93' lang='lat' dir='ltr'><strong>et</strong></span> <span class='ocrx_word' id='word_1_656' title='bbox 2145 2634 2211 2685; x_wconf 85' lang='lat' dir='ltr'><strong>ju-</strong></span> 
     </span>
     <span class='ocr_line' id='line_1_100' title="bbox 1180 2696 2214 2750; baseline -0.004 -11"><span class='ocrx_word' id='word_1_657' title='bbox 1180 2698 1370 2740; x_wconf 82' lang='lat' dir='ltr'><strong>dicialem</strong></span> <span class='ocrx_word' id='word_1_658' title='bbox 1392 2699 1533 2750; x_wconf 83' lang='lat' dir='ltr'><strong>(quam</strong></span> <span class='ocrx_word' id='word_1_659' title='bbox 1561 2697 1673 2737; x_wconf 90' lang='lat' dir='ltr'><strong>enim</strong></span> <span class='ocrx_word' id='word_1_660' title='bbox 1697 2696 1935 2736; x_wconf 88' lang='lat' dir='ltr'><strong>admisimus</strong></span> <span class='ocrx_word' id='word_1_661' title='bbox 1962 2696 2214 2747; x_wconf 68' lang='lat' dir='ltr'><strong>reliqiosam,</strong></span> 
     </span>
     <span class='ocr_line' id='line_1_101' title="bbox 1180 2757 2216 2809; baseline -0.003 -9"><span class='ocrx_word' id='word_1_662' title='bbox 1180 2760 1390 2801; x_wconf 86' lang='lat' dir='ltr'><strong>charitatis</strong></span> <span class='ocrx_word' id='word_1_663' title='bbox 1411 2759 1596 2800; x_wconf 89' lang='lat' dir='ltr'><strong>terminis</strong></span> <span class='ocrx_word' id='word_1_664' title='bbox 1615 2758 1857 2809; x_wconf 89' lang='lat' dir='ltr'><strong>continetur)</strong></span> <span class='ocrx_word' id='word_1_665' title='bbox 1876 2791 1885 2806; x_wconf 88' lang='lat'>‚</span> <span class='ocrx_word' id='word_1_666' title='bbox 1914 2769 2005 2809; x_wconf 79' lang='lat' dir='ltr'><strong>quae</strong></span> <span class='ocrx_word' id='word_1_667' title='bbox 2030 2757 2216 2797; x_wconf 86' lang='lat' dir='ltr'><strong>membra</strong></span> 
     </span>
     <span class='ocr_line' id='line_1_102' title="bbox 1181 2819 2218 2875; baseline -0.003 -13"><span class='ocrx_word' id='word_1_668' title='bbox 1181 2822 1383 2875; x_wconf 87' lang='lat' dir='ltr'><strong>imprimis</strong></span> <span class='ocrx_word' id='word_1_669' title='bbox 1402 2821 1564 2861; x_wconf 79' lang='lat' dir='ltr'><strong>differre</strong></span> <span class='ocrx_word' id='word_1_670' title='bbox 1586 2824 1802 2860; x_wconf 85' lang='lat' dir='ltr'><strong>censentur</strong></span> <span class='ocrx_word' id='word_1_671' title='bbox 1822 2832 1872 2859; x_wconf 82' lang='lat' dir='ltr'><strong>ex</strong></span> <span class='ocrx_word' id='word_1_672' title='bbox 1891 2819 1996 2869; x_wconf 69' lang='lat' dir='ltr'><strong>fine&#39;;</strong></span> <span class='ocrx_word' id='word_1_673' title='bbox 2025 2831 2122 2858; x_wconf 89' lang='lat' dir='ltr'><strong>nam</strong></span> <span class='ocrx_word' id='word_1_674' title='bbox 2144 2830 2218 2870; x_wconf 87' lang='lat' dir='ltr'><strong>per</strong></span> 
     </span>
     <span class='ocr_line' id='line_1_103' title="bbox 1182 2880 2216 2934; baseline -0.005 -11"><span class='ocrx_word' id='word_1_675' title='bbox 1182 2883 1470 2934; x_wconf 83' lang='lat' dir='ltr'><strong>Evangelicam</strong></span> <span class='ocrx_word' id='word_1_676' title='bbox 1499 2894 1583 2921; x_wconf 88' lang='lat' dir='ltr'><strong>non</strong></span> <span class='ocrx_word' id='word_1_677' title='bbox 1608 2882 1836 2922; x_wconf 87' lang='lat' dir='ltr'><strong>intenditur</strong></span> <span class='ocrx_word' id='word_1_678' title='bbox 1864 2881 2043 2920; x_wconf 89' lang='lat' dir='ltr'><strong>vindicta</strong></span> <span class='ocrx_word' id='word_1_679' title='bbox 2061 2880 2216 2929; x_wconf 88' lang='lat' dir='ltr'><strong>delicti,</strong></span> 
     </span>
     <span class='ocr_line' id='line_1_104' title="bbox 1180 2941 2217 2992; baseline -0.007 -6"><span class='ocrx_word' id='word_1_680' title='bbox 1180 2946 1254 2987; x_wconf 79' lang='lat' dir='ltr'><strong>sed</strong></span> <span class='ocrx_word' id='word_1_681' title='bbox 1272 2945 1502 2985; x_wconf 86' lang='lat' dir='ltr'><strong>emendatio</strong></span> <span class='ocrx_word' id='word_1_682' title='bbox 1521 2944 1672 2992; x_wconf 87' lang='lat' dir='ltr'><strong>fratris,</strong></span> <span class='ocrx_word' id='word_1_683' title='bbox 1694 2947 1734 2982; x_wconf 91' lang='lat' dir='ltr'><strong>et</strong></span> <span class='ocrx_word' id='word_1_684' title='bbox 1747 2943 1798 2982; x_wconf 86' lang='lat' dir='ltr'><strong>ad</strong></span> <span class='ocrx_word' id='word_1_685' title='bbox 1812 2954 2020 2982; x_wconf 87' lang='lat' dir='ltr'><strong>summum</strong></span> <span class='ocrx_word' id='word_1_686' title='bbox 2035 2941 2217 2981; x_wconf 85' lang='lat' dir='ltr'><strong>extendi-</strong></span> 
     </span>
     <span class='ocr_line' id='line_1_105' title="bbox 1184 3003 2218 3054; baseline -0.008 -6"><span class='ocrx_word' id='word_1_687' title='bbox 1184 3011 1250 3048; x_wconf 89' lang='lat' dir='ltr'><strong>tur</strong></span> <span class='ocrx_word' id='word_1_688' title='bbox 1283 3008 1335 3046; x_wconf 87' lang='lat' dir='ltr'><strong>ad</strong></span> <span class='ocrx_word' id='word_1_689' title='bbox 1370 3006 1559 3046; x_wconf 88' lang='lat' dir='ltr'><strong>evitanda</strong></span> <span class='ocrx_word' id='word_1_690' title='bbox 1590 3005 1764 3046; x_wconf 87' lang='lat' dir='ltr'><strong>aliorum</strong></span> <span class='ocrx_word' id='word_1_691' title='bbox 1792 3008 2039 3044; x_wconf 90' lang='lat' dir='ltr'><strong>nocumenta</strong></span> <span class='ocrx_word' id='word_1_692' title='bbox 2055 3033 2064 3051; x_wconf 90' lang='lat'>‚</span> <span class='ocrx_word' id='word_1_693' title='bbox 2099 3003 2218 3054; x_wconf 82' lang='lat' dir='ltr'><strong>juxta</strong></span> 
     </span>
     <span class='ocr_line' id='line_1_106' title="bbox 1184 3061 2218 3123; baseline -0.009 -14"><span class='ocrx_word' id='word_1_694' title='bbox 1184 3069 1371 3123; x_wconf 85' lang='lat' dir='ltr'><strong>proxime</strong></span> <span class='ocrx_word' id='word_1_695' title='bbox 1395 3068 1502 3108; x_wconf 82' lang='lat' dir='ltr'><strong>dicta</strong></span> <span class='ocrx_word' id='word_1_696' title='bbox 1524 3080 1549 3107; x_wconf 89' lang='lat' dir='ltr'><strong>a</strong></span> <span class='ocrx_word' id='word_1_697' title='bbox 1570 3080 1686 3107; x_wconf 91' lang='lat' dir='ltr'><strong>num.</strong></span> <span class='ocrx_word' id='word_1_698' title='bbox 1708 3068 1746 3107; x_wconf 79' lang='lat'><strong>4.</strong></span> <span class='ocrx_word' id='word_1_699' title='bbox 1778 3066 1986 3108; x_wconf 82' lang='lat' dir='ltr'><strong>Judicialis</strong></span> <span class='ocrx_word' id='word_1_700' title='bbox 2008 3068 2143 3103; x_wconf 88' lang='lat' dir='ltr'><strong>autem</strong></span> <span class='ocrx_word' id='word_1_701' title='bbox 2164 3061 2218 3101; x_wconf 87' lang='lat' dir='ltr'><strong>ad</strong></span> 
     </span>
     <span class='ocr_line' id='line_1_107' title="bbox 1185 3128 2218 3180; baseline -0.011 -9"><span class='ocrx_word' id='word_1_702' title='bbox 1185 3133 1262 3172; x_wconf 90' lang='lat' dir='ltr'><strong>hoc</strong></span> <span class='ocrx_word' id='word_1_703' title='bbox 1279 3130 1409 3171; x_wconf 88' lang='lat' dir='ltr'><strong>tendit</strong></span> <span class='ocrx_word' id='word_1_704' title='bbox 1428 3134 1473 3169; x_wconf 92' lang='lat' dir='ltr'><strong>ut</strong></span> <span class='ocrx_word' id='word_1_705' title='bbox 1488 3129 1683 3169; x_wconf 87' lang='lat' dir='ltr'><strong>delictum</strong></span> <span class='ocrx_word' id='word_1_706' title='bbox 1702 3128 1913 3180; x_wconf 82' lang='lat' dir='ltr'><strong>puniatur,</strong></span> <span class='ocrx_word' id='word_1_707' title='bbox 1935 3128 2134 3176; x_wconf 87' lang='lat' dir='ltr'><strong>quatenus</strong></span> <span class='ocrx_word' id='word_1_708' title='bbox 2148 3134 2218 3162; x_wconf 84' lang='lat' dir='ltr'><strong>ex-</strong></span> 
     </span>
     <span class='ocr_line' id='line_1_108' title="bbox 1186 3185 2218 3248; baseline -0.009 -14"><span class='ocrx_word' id='word_1_709' title='bbox 1186 3194 1299 3248; x_wconf 89' lang='lat' dir='ltr'><strong>pedit</strong></span> <span class='ocrx_word' id='word_1_710' title='bbox 1316 3193 1424 3232; x_wconf 89' lang='lat' dir='ltr'><strong>bono</strong></span> <span class='ocrx_word' id='word_1_711' title='bbox 1445 3191 1669 3239; x_wconf 87' lang='lat' dir='ltr'><strong>communi,</strong></span> <span class='ocrx_word' id='word_1_712' title='bbox 1696 3203 1748 3230; x_wconf 91' lang='lat' dir='ltr'><strong>ne</strong></span> <span class='ocrx_word' id='word_1_713' title='bbox 1767 3190 1912 3229; x_wconf 85' lang='lat' dir='ltr'><strong>delicta</strong></span> <span class='ocrx_word' id='word_1_714' title='bbox 1932 3189 2125 3225; x_wconf 83' lang='lat' dir='ltr'><strong>maneant</strong></span> <span class='ocrx_word' id='word_1_715' title='bbox 2141 3185 2218 3225; x_wconf 89' lang='lat' dir='ltr'><strong>im-</strong></span> 
     </span>
     <span class='ocr_line' id='line_1_109' title="bbox 1189 3247 2214 3309; baseline -0.012 -14"><span class='ocrx_word' id='word_1_716' title='bbox 1189 3255 1353 3309; x_wconf 80' lang='lat' dir='ltr'><strong>punita3</strong></span> <span class='ocrx_word' id='word_1_717' title='bbox 1373 3254 1442 3294; x_wconf 90' lang='lat' dir='ltr'><strong>sed</strong></span> <span class='ocrx_word' id='word_1_718' title='bbox 1460 3255 1538 3294; x_wconf 85' lang='lat' dir='ltr'><strong>hoc</strong></span> <span class='ocrx_word' id='word_1_719' title='bbox 1555 3265 1654 3292; x_wconf 90' lang='lat' dir='ltr'><strong>sano</strong></span> <span class='ocrx_word' id='word_1_720' title='bbox 1674 3252 1795 3291; x_wconf 89' lang='lat' dir='ltr'><strong>modo</strong></span> <span class='ocrx_word' id='word_1_721' title='bbox 1812 3247 2124 3299; x_wconf 82' lang='lat' dir='ltr'><strong>intelligendum</strong></span> <span class='ocrx_word' id='word_1_722' title='bbox 2140 3248 2214 3293; x_wconf 87' lang='lat' dir='ltr'><strong>est,</strong></span> 
     </span>
     <span class='ocr_line' id='line_1_110' title="bbox 1189 3306 2218 3363; baseline -0.013 -6"><span class='ocrx_word' id='word_1_723' title='bbox 1189 3329 1286 3357; x_wconf 84' lang='lat' dir='ltr'><strong>nam</strong></span> <span class='ocrx_word' id='word_1_724' title='bbox 1305 3317 1430 3356; x_wconf 90' lang='lat' dir='ltr'><strong>etiam</strong></span> <span class='ocrx_word' id='word_1_725' title='bbox 1448 3314 1702 3355; x_wconf 90' lang='lat' dir='ltr'><strong>denuntiatio</strong></span> <span class='ocrx_word' id='word_1_726' title='bbox 1716 3309 1917 3363; x_wconf 86' lang='lat' dir='ltr'><strong>judicialis</strong></span> <span class='ocrx_word' id='word_1_727' title='bbox 1936 3321 2008 3360; x_wconf 91' lang='lat' dir='ltr'><strong>per</strong></span> <span class='ocrx_word' id='word_1_728' title='bbox 2028 3320 2068 3346; x_wconf 88' lang='lat' dir='ltr'><strong>se</strong></span> <span class='ocrx_word' id='word_1_729' title='bbox 2085 3306 2218 3358; x_wconf 90' lang='lat' dir='ltr'><strong>primo</strong></span> 
     </span>
     <span class='ocr_line' id='line_1_111' title="bbox 1192 3365 2227 3426; baseline -0.014 -8"><span class='ocrx_word' id='word_1_730' title='bbox 1192 3379 1404 3418; x_wconf 88' lang='lat' dir='ltr'><strong>ordinatur</strong></span> <span class='ocrx_word' id='word_1_731' title='bbox 1423 3378 1475 3417; x_wconf 89' lang='lat' dir='ltr'><strong>ad</strong></span> <span class='ocrx_word' id='word_1_732' title='bbox 1496 3377 1651 3416; x_wconf 88' lang='lat' dir='ltr'><strong>bonum</strong></span> <span class='ocrx_word' id='word_1_733' title='bbox 1670 3373 1828 3418; x_wconf 86' lang='lat' dir='ltr'><strong>fratris,</strong></span> <span class='ocrx_word' id='word_1_734' title='bbox 1853 3376 1898 3410; x_wconf 90' lang='lat' dir='ltr'><strong>ut</strong></span> <span class='ocrx_word' id='word_1_735' title='bbox 1923 3382 1972 3409; x_wconf 82' lang='lat' dir='ltr'><strong>ex</strong></span> <span class='ocrx_word' id='word_1_736' title='bbox 1998 3365 2227 3426; x_wconf 33' lang='lat' dir='ltr'><strong>Evangelio:</strong></span> 
     </span>
     <span class='ocr_line' id='line_1_112' title="bbox 1194 3425 2227 3483; baseline -0.013 -3"><span class='ocrx_word' id='word_1_737' title='bbox 1194 3443 1350 3480; x_wconf 87' lang='lat' dir='ltr'><strong>constat</strong></span> <span class='ocrx_word' id='word_1_738' title='bbox 1367 3450 1378 3479; x_wconf 88' lang='lat'>:</span> <span class='ocrx_word' id='word_1_739' title='bbox 1398 3439 1600 3480; x_wconf 77' lang='lat' dir='ltr'><strong>Lucratus</strong></span> <span class='ocrx_word' id='word_1_740' title='bbox 1619 3436 1699 3477; x_wconf 75' lang='lat' dir='ltr'><strong>eris</strong></span> <span class='ocrx_word' id='word_1_741' title='bbox 1717 3435 1890 3483; x_wconf 76' lang='lat' dir='ltr'><strong>fratrem</strong></span> <span class='ocrx_word' id='word_1_742' title='bbox 1907 3435 2018 3471; x_wconf 77' lang='lat' dir='ltr'><strong>taum</strong></span> <span class='ocrx_word' id='word_1_743' title='bbox 2026 3445 2043 3475; x_wconf 89' lang='lat'><em>;</em></span> <span class='ocrx_word' id='word_1_744' title='bbox 2063 3431 2103 3467; x_wconf 88' lang='lat' dir='ltr'><strong>et</strong></span> <span class='ocrx_word' id='word_1_745' title='bbox 2121 3425 2227 3468; x_wconf 80' lang='lat' dir='ltr'><strong>defi-¹</strong></span> 
     </span>
     <span class='ocr_line' id='line_1_113' title="bbox 1196 3486 2220 3550; baseline -0.016 -8"><span class='ocrx_word' id='word_1_746' title='bbox 1196 3502 1327 3542; x_wconf 86' lang='lat' dir='ltr'><strong>ciente</strong></span> <span class='ocrx_word' id='word_1_747' title='bbox 1342 3499 1420 3541; x_wconf 90' lang='lat' dir='ltr'><strong>hoc</strong></span> <span class='ocrx_word' id='word_1_748' title='bbox 1437 3500 1535 3549; x_wconf 88' lang='lat' dir='ltr'><strong>fine,</strong></span> <span class='ocrx_word' id='word_1_749' title='bbox 1558 3494 1790 3550; x_wconf 83' lang='lat' dir='ltr'><strong>praecipitur</strong></span> <span class='ocrx_word' id='word_1_750' title='bbox 1810 3489 2064 3533; x_wconf 89' lang='lat' dir='ltr'><strong>denuntiatio</strong></span> <span class='ocrx_word' id='word_1_751' title='bbox 2083 3486 2220 3528; x_wconf 84' lang='lat' dir='ltr'><strong>Eccle-</strong></span> 
     </span>
     <span class='ocr_line' id='line_1_114' title="bbox 1196 3551 2220 3617; baseline -0.016 -11"><span class='ocrx_word' id='word_1_752' title='bbox 1196 3562 1282 3613; x_wconf 78' lang='lat' dir='ltr'><strong>siae,</strong></span> <span class='ocrx_word' id='word_1_753' title='bbox 1301 3574 1426 3617; x_wconf 88' lang='lat' dir='ltr'><strong>quam</strong></span> <span class='ocrx_word' id='word_1_754' title='bbox 1444 3572 1530 3603; x_wconf 90' lang='lat' dir='ltr'><strong>esse</strong></span> <span class='ocrx_word' id='word_1_755' title='bbox 1546 3556 1782 3612; x_wconf 74' lang='lat' dir='ltr'><strong>,iudicialem</strong></span> <span class='ocrx_word' id='word_1_756' title='bbox 1797 3566 1848 3595; x_wconf 88' lang='lat' dir='ltr'><strong>ex</strong></span> <span class='ocrx_word' id='word_1_757' title='bbox 1867 3551 2046 3594; x_wconf 88' lang='lat' dir='ltr'><strong>dicendis</strong></span> <span class='ocrx_word' id='word_1_758' title='bbox 2063 3553 2220 3592; x_wconf 85' lang='lat' dir='ltr'><strong>consta-</strong></span> 
     </span>
    </p>
   </div>
  </div>
 </body>
</html>
