2352 3880
72 343 137 390 ter
157 336 430 380 submiserint.
462 336 565 379 Etsi
598 339 702 379 enim
734 335 1035 378 irrationabiles
1059 345 1109 376 ae

71 401 175 443 nuti
190 399 256 439 illi
275 401 447 449 fuerint,
475 413 501 440 a
521 401 662 453 quibus
677 399 864 453 petimus,
894 397 933 437 is
958 399 1104 444 tamen,

69 462 142 517 qui
156 461 347 512 loquitur,
375 461 659 502 immaterialis
686 463 759 509 est,
786 459 909 512 atque*
924 457 1106 498 invisibi—

72 522 153 570 lis,·
174 523 330 574 inqenti
349 522 578 563 bumilitate
604 522 717 575 pleni
731 524 848 569 sunt,
872 519 942 572 qui
959 519 1107 560 dictam

70 583 251 638 requiam
269 583 377 623 nibil
396 583 629 623 boesitantes
645 585 880 634 sequuntwr.

122 645 164 684 9.
197 645 301 684 Item
325 644 469 692 Nilus,
490 643 731 691 Dorotheus,
754 647 896 681 etc.—
910 642 1108 682 Eamdem

71 702 303 745 doctrinam
333 703 457 743 habet
488 704 529 743 S.
551 704 685 750 Nilus,
707 703 752 742 in
770 703 877 743 libro
905 703 1105 750 Ascetico,

71 766 148 806 col.
170 766 246 814 20,
265 766 309 805 in
326 769 440 805 tomo
466 769 579 804 sexto
596 765 878 814 Bibliothecae,
898 765 971 804 ubi
988 776 1107 804 veros

70 838 116 867 ac
135 827 334 878 perfectos
362 826 598 866 obedientes
627 830 839 878 comparat
869 826 1107 866 inanimatis

70 888 318 940 corporibus,
336 892 376 928 et
392 889 576 928 materiae
597 899 689 940 quae
703 888 847 928 artifici
866 888 919 927 ad
934 900 1108 940 operan-

71 950 168 989 dum
186 950 428 1002 proponitur
438 960 451 1000 ;
467 951 564 1001 quia
579 951 623 989 in
640 962 806 1001 corpore
822 950 996 988 inanimi
1012 949 1108 988 facit

69 1010 195 1051 homo
214 1012 414 1063 quidquid
439 1012 543 1060 vult,
562 1011 634 1050 illo
651 1011 757 1050 nihil
774 1015 1047 1062 repugnante,
1065 1014 1108 1050 et

69 1073 218 1112 artifex
240 1074 284 1112 in
307 1073 481 1113 materia
508 1073 717 1124 propriam
745 1077 875 1111 artem
911 1072 1105 1120 ostendit,

0 1166 1 1183 2
70 1138 111 1173 et
130 1134 236 1173 nihil
254 1134 306 1173 ab
325 1146 372 1174 ea
391 1135 614 1186 impeditur
635 1148 644 1172 :
667 1134 741 1174 Ita
758 1133 931 1184 (inquit)
952 1135 1107 1184 maqis-

71 1200 132 1238 ter
150 1197 382 1248 spiritualis
403 1198 448 1236 in
469 1195 681 1246 discipulis
697 1196 785 1235 suis
802 1196 969 1235 virtutis
987 1196 1108 1235 scien-

70 1259 172 1299 tiam
191 1259 399 1309 capo-imit,
421 1257 682 1297 obedientibus
699 1256 788 1296 illis
816 1260 851 1296 et
870 1255 975 1296 nibil
989 1268 1109 1307 pror-

70 1331 140 1360 sus
159 1319 485 1364 adversantibus;
498 1318 566 1370 qni
582 1318 685 1357 enim
703 1314 885 1358 curiosus
905 1321 963 1357 est
982 1319 1026 1356 in
1045 1329 1109 1357 ea-

69 1383 278 1434 plorandis
298 1381 480 1422 consiliis
497 1381 771 1431 praeceptoris,
789 1384 930 1432 quique
949 1380 1109 1420 sedulus

70 1445 291 1492 escaminat,
314 1447 349 1482 et
369 1443 552 1493 expendit
584 1453 629 1480 ea
658 1453 745 1493 quoe
773 1441 821 1481 ab
848 1441 933 1491 ipso
963 1442 1108 1494 proeci-

67 1504 250 1556 piantur,
285 1505 322 1543 is
347 1504 425 1543 sibi
451 1504 548 1554 ipse,
585 1504 792 1554 quominus
820 1504 1108 1554 proyrediatur

67 1570 186 1619 atque
202 1567 408 1617 proficiat,
431 1569 487 1604 est
506 1565 826 1616 impedimentum
846 1581 861 1605 .·
883 1565 984 1615 quod
1003 1565 1107 1603 enim

67 1621 295 1668 ‘conveniens
320 1632 355 1667 et
386 1630 684 1667 consentaneum
718 1627 764 1666 ab
793 1627 976 1676 imperito
990 1627 1108 1676 judi-

73 1693 207 1738 catur,
230 1701 307 1728 non
325 1700 411 1728 vere
431 1689 656 1729 conveniens
675 1691 710 1726 et
734 1691 1028 1727 consentaneum
1047 1690 1111 1727 cst

74 1753 182 1802 apud
207 1752 402 1800 artificem
416 1781 427 1798 ‚
450 1751 588 1790 horum
610 1751 710 1789 enim
723 1751 885 1800 judicia
906 1755 1001 1789 sunt
1021 1763 1110 1789 oon-

74 1815 233 1859 traria,·
252 1814 399 1860 artifea
431 1813 564 1851 utitur
595 1812 788 1857 scz‘entia,·
810 1812 913 1852 artis
941 1813 1110 1864 iqnarus

74 1876 328 1925 conjectura,·
353 1886 471 1925 porro
500 1874 727 1922 conjectura
755 1885 849 1911 raro
882 1876 1110 1924 assequitur

73 1940 291 1979 veritatem.
329 1938 441 1985 Quod
479 1937 657 1976 declarat
690 1937 877 1987 exemplo
912 1938 1109 1987 navigan-

72 2001 201 2049 tium,
235 2000 308 2052 qui
346 2000 608 2050 gubernatori
642 2011 757 2038 navis
794 1998 1101 2049 obtemperant,

73 2062 258 2114 quamvis
276 2062 518 2112 conjecturae
538 2061 649 2100 aliud
676 2061 844 2099 suadere
867 2061 1105 2108 videantur;

45 2121 47 2123 ’
74 2128 115 2163 et
144 2123 347 2163 concludit
369 2134 379 2162 z
404 2123 476 2163 Sic
499 2124 632 2173 iyitur
661 2123 730 2174 qui
763 2122 931 2162 salutem
963 2124 1108 2162 animae

74 2197 158 2227 suoe
177 2187 275 2227 aliis
295 2186 562 2231 crediderunt,
581 2184 739 2224 omissis
753 2185 936 2235 propriis
956 2185 1108 2235 opinio-

76 2247 194 2288 nibus
211 2251 247 2287 et
260 2248 513 2297 conjecturis,
527 2247 654 2298 periti
671 2248 837 2286 rectoris
853 2245 936 2285 arti
952 2247 1105 2292 cedant,

77 2312 115 2350 et
135 2309 336 2349 scientiam
364 2307 477 2348 iltius
501 2309 810 2360 coqitationz'bus
834 2308 920 2347 suis
953 2311 1109 2356 antepo-

76 2375 189 2410 nant.
210 2363 405 2409 Similiter
422 2370 463 2409 S.
491 2369 739 2417 Dorotheus,
759 2373 935 2407 tractatu
955 2368 1004 2407 de
1025 2368 1109 2407 vita

75 2435 182 2471 recte
203 2435 242 2470 et
259 2431 324 2483 pie
342 2431 596 2478 instruenda,
618 2430 804 2469 doctrina
819 2442 890 2469 seu
908 2442 1031 2468 serm.
1051 2442 1110 2469 se-

76 2493 227 2540 cundo,
247 2492 292 2531 in
311 2492 393 2531 fine
417 2492 519 2531 tomi
539 2492 703 2530 secundi
727 2491 1010 2537 Bibliothecae,
1032 2490 1111 2529 hu-

74 2553 140 2605 jus
171 2554 413 2593 obedientiae
450 2553 656 2602 meminit,
690 2564 813 2603 quam
846 2552 1108 2591 indiscretam

75 2614 266 2665 appellat,
292 2615 461 2653 dicens:
497 2614 572 2657 Vos
604 2617 734 2653 autem
766 2614 920 2653 omuino
955 2615 1111 2662 fratres

76 2676 204 2717 adnuo
235 2679 412 2726 expertes
443 2676 552 2715 video
586 2674 854 2726 hujuscemodi
887 2675 1111 2714 obedientiae

76 2738 314 2785 indiscretoe,
334 2749 401 2777 nee
429 2749 542 2777 nosse
572 2741 723 2789 quanta
742 2737 829 2787 ejus
862 2738 919 2776 sit
936 2737 1107 2788 requies.

77 2798 125 2839 Et
142 2798 249 2838 infra
263 2812 277 2839 ,·
295 2799 510 2839 Assuescat
531 2801 706 2848 seipsum
733 2801 826 2849 post
846 2798 973 2837 Deum
994 2798 1110 2850 patri

78 2861 224 2908 dedere,
247 2865 363 2912 atque
380 2860 427 2900 ab
451 2872 491 2900 eo
509 2860 624 2900 nulla
639 2861 683 2900 in
705 2872 748 2900 re
761 2861 1010 2911 postmodum
1031 2858 1110 2898 dis-

78 2922 236 2970 sentire,
250 2923 320 2963 sed
336 2922 471 2962 omnia
486 2923 616 2974 ipsius
634 2922 807 2961 arbitrio
826 2922 956 2970 faciat
976 2933 1020 2961 ea
1031 2921 1110 2971 fide

78 2994 125 3023 ac
140 2985 390 3031 certitudine,
407 2995 453 3023 ac
469 2984 507 3023 si
525 2984 606 3023 Deo
622 2983 667 3023 in
685 2982 850 3031 cunctis,
863 2994 940 3022 non
956 2983 1108 3022 homini

80 3049 232 3096 pareret
239 3062 255 3093 ;
278 3049 320 3085 et
339 3045 419 3084 alia
446 3044 571 3084 habet
597 3045 642 3083 in
671 3056 792 3083 serm.
815 3045 974 3095 quinto.
1006 3045 1108 3083 Item

80 3103 275 3145 Caesarius
292 3106 554 3155 Arelatensis,
572 3110 672 3145 tom.
695 3106 870 3145 secundo
887 3105 1109 3145 Bibliothe-

80 3177 152 3214 cae,
172 3167 219 3206 in
241 3166 355 3207 hom.
379 3169 404 3207 8
427 3167 480 3206 ad
510 3167 732 3207 monachos
753 3177 764 3205 ι
789 3167 990 3218 Quidquid
1015 3168 1108 3215 tibi,

79 3226 232 3278 inquit,
251 3239 277 3268 a
305 3228 523 3269 senioribus
552 3229 676 3279 fuerit
696 3229 956 3280 imperatum,
979 3230 1112 3282 accipe

80 3291 274 3341 tanquam
292 3288 338 3328 de
367 3289 475 3334 coeto,
494 3289 599 3330 sicut
617 3291 662 3331 de
683 3302 748 3330 ore
774 3290 853 3330 Dei
876 3289 1081 3341 prolatum
1092 3305 1113 3337 ‚-

74 3347 190 3413 {niltil
203 3349 478 3402 reprehendas,
492 3350 596 3390 nibil
620 3352 831 3400 discutias,
849 3351 894 3391 in
911 3351 1021 3390 nullo
1044 3363 1109 3403 pe·

75 3412 194 3452 mitus
220 3422 473 3451 murmurare
499 3422 744 3463 praesumas,
778 3417 906 3454 totum
933 3413 1109 3464 justum,

83 3477 208 3515 totum
225 3477 406 3514 sanetum
425 3477 462 3514 et
489 3473 588 3513 utile
596 3475 755 3525 judica,
783 3475 978 3527 quidquid
994 3476 1113 3517 tibia

83 3534 262 3576 Proelato
278 3536 428 3575 videris
445 3534 651 3588 imperari.
673 3535 739 3574 Sic
765 3535 890 3574 etiam
907 3536 952 3575 in
970 3537 1113 3577 eodem

60 3595 263 3652 ‘secundo
291 3599 404 3635 tomo
435 3596 539 3635 dixit
570 3595 797 3635 Antiochus
821 3595 972 3644 Abbas,
998 3596 1110 3638 hom.

54 3662 65 3712 j·
87 3655 140 3696 39
154 3665 167 3696 ι
183 3655 303 3710 Sana
320 3657 537 3699 obedientia
548 3659 624 3706 est,
637 3667 718 3710 qua
734 3657 825 3709 quis
833 3658 1114 3709 persuadetur,

547 269 641 308 cAP.
660 270 731 307 XV.
754 269 809 306 DE
827 264 1174 304 rssnrssc‘nomnns
1194 267 1252 305 Ex
1271 265 1408 306 mmm
1427 265 1720 310 mmmmm}

1160 337 1204 378 et
1226 335 1353 378 obedit
1372 338 1478 378 citra
1503 338 1629 380 ullam
1648 340 1946 383 dubitationem.
1967 339 2197 386 obedientia

1161 400 1198 437 et
1214 398 1462 438 renuntiatio
1469 401 1647 451 propria·
1661 402 1899 453 voluntatis,
1913 402 2028 444 nulla
2040 415 2116 443 non
2128 403 2198 446 sui

1156 462 1277 512 parte
1299 461 1485 510 perfecta,
1504 472 1592 513 quoe
1615 463 1696 502 solo
1715 465 1979 507 moderatoris
1996 467 2062 507 sui
2078 470 2200 518 nutu,

1162 521 1217 561 ad
1229 521 1389 573 quidvis
1402 523 1642 572 operandum
1652 523 1758 563 nibil
1771 526 1992 568 turbulente
2005 531 2194 568 movetur.

1160 581 1403 622 Laurentius
1434 583 1558 622 etiam
1587 584 1854 632 Justinianus,
1878 587 1922 626 in
1946 589 2069 628 citato
2092 589 2199 629 libro

1161 644 1213 684 de
1230 644 1485 692 Obedientia,
1515 656 1604 696 cap.
1633 649 1764 693 sexto,
1782 650 1875 697 post
1907 649 2086 698 primum
2105 662 2200 701 gra-

1162 704 1262 744 dum
1284 705 1544 754 obedientiae,
1563 706 1635 757 qui
1654 710 1715 744 est
1731 705 1908 746 libenter
1927 707 2106 758 obedire,
2127 710 2200 750 ad-

1160 765 1222 804 dit
1240 767 1489 816 secundum,
1516 766 1589 818 qui
1611 770 1672 806 est
1701 766 1867 806 obedire
1885 767 2139 819 simpliciter,
2156 771 2201 811 id

1160 831 1222 866 est
1248 829 1310 877 (ut
1328 827 1546 877 declarat),
1566 828 1704 869 nullas
1736 829 1919 868 movendo
1950 831 2200 881 quaestiones,

1159 889 1262 929 unde
1285 889 1356 929 noo
1384 891 1550 936 veniret,
1574 890 1665 941 quis
1695 890 1766 930 boc
1802 890 1951 930 dederit
1975 891 2200 940 consilium,

1162 955 1239 991 etc.
1258 951 1309 991 Et
1336 950 1418 990 huc
1444 955 1601 1002 spectat
1631 951 1741 1002 qnod
1764 951 1902 990 Sancti
1933 942 2200 998 annotarunt,

1161 1012 1532 1063 interrogationem
1568 1012 1682 1052 illam
1714 1024 1726 1052 ε
1759 1011 1840 1054 Cur
1870 1015 2064 1064 praecepit
2095 1014 2205 1054 vobis

1162 1074 1304 1114 Deus?
1338 1086 1362 1113 a
1388 1074 1574 1114 daemone
1613 1076 1796 1126 primum
1833 1074 1984 1113 factam
2016 1086 2128 1122 esse,
2164 1078 2206 1113 et

1161 1135 1290 1174 Evam
1321 1135 1642 1186 reprehendunt,
1664 1136 1774 1186 quod
1802 1147 1887 1174 non
1920 1135 2057 1174 statim
2090 1134 2207 1174 illam

1163 1201 1349 1235 aversata
1382 1197 1534 1236 fuerit:
1555 1197 1883 1248 Chrysostomus,
1905 1195 2050 1235 homil.
2074 1197 2125 1236 16
2159 1196 2206 1236 in

1162 1258 1374 1305 Genesim;
1398 1259 1643 1305 Bernardus,
1665 1270 1787 1297 serm.
1809 1257 1859 1296 de
1879 1258 1922 1296 S.
1943 1258 2124 1297 Andrea.

1217 1321 1282 1358 10.
1314 1320 1420 1360 Item
1451 1320 1751 1360 Bonaoentura.
1768 1339 1820 1348 —-
1838 1319 2046 1358 Praeterea
2068 1320 2109 1358 S.
2130 1319 2208 1358 Bo-

1163 1385 1410 1427 naventura,
1428 1381 1474 1419 in
1497 1381 1582 1419 suis
1600 1379 1830 1431 Opusculis,
1852 1391 1960 1431 saepe
1976 1379 2053 1418 hoc
2077 1392 2209 1430 genus

1162 1442 1406 1482 obedientiae
1424 1442 1583 1491 docuit,
1604 1453 1703 1480 nam
1720 1446 1833 1480 tomo
1854 1441 2047 1489 secundo,
2062 1454 2102 1492 p.
2118 1444 2156 1489 1,
2169 1454 2205 1481 c.

1162 1506 1189 1544 Δ·
1211 1516 1221 1543 :
1244 1504 1388 1552 Illum,
1403 1503 1556 1554 inquit,
1577 1503 1769 1553 optimum
1790 1502 1962 1542 dixerim
1983 1503 2210 1543 obedientiae

1162 1567 1350 1618 yradum,
1371 1578 1456 1605 oum
1480 1577 1519 1605 eo
1540 1566 1675 1604 animo
1695 1576 1791 1615 opus
1815 1565 2042 1614 injunctum
2063 1565 2210 1617 recipi-

1164 1631 1248 1674 tur,
1270 1639 1343 1679 quo
1364 1632 1399 1667 et
1420 1628 1676 1678 praecipitur,
1698 1639 1784 1666 cum
1811 1637 1860 1666 ea:
1871 1627 2054 1676 jubentis
2069 1628 2210 1677 pendet

1162 1688 1327 1728 intentio
1349 1689 1575 1740 eoeeq'uentis
1593 1706 1606 1726 .·
1623 1700 1825 1739 nunquam
1842 1688 1886 1727 de
1908 1688 2108 1739 majorum
2124 1700 2210 1728 sen-

1165 1752 1294 1790 tentia
1313 1750 1513 1801 judicent,
1544 1762 1710 1802 quorum
1733 1750 1860 1796 officii
1886 1753 1943 1789 est
1974 1750 2136 1788 obedire.
2159 1750 2210 1788 Et

1164 1811 1207 1850 in
1226 1814 1250 1850 2
1271 1824 1311 1862 p.
1331 1812 1563 1862 principali,
1581 1823 1617 1850 c.
1642 1813 1691 1850 3:
1717 1810 1950 1850 obedientiae
1970 1823 2009 1850 se
2030 1812 2103 1850 toti
2121 1812 2210 1850 sub-

1155 1873 1326 1924 jiciant.
1355 1875 1404 1912 Et
1433 1874 1573 1911 infra:
1603 1872 1778 1912 Credant
1811 1873 1989 1911 salutare
2018 1873 2212 1923 quidquid

1164 1935 1234 1974 ille
1252 1937 1501 1986 praeceperit.
1523 1935 1712 1982 Perfecta
1742 1934 1958 1973 obedientia
1987 1938 2045 1973 est
2067 1934 2132 1985 (in
2149 1936 2211 1974 in-

1165 1996 1331 2046 cipiente
1350 1996 1536 2044 maxime)
1555 1996 1786 2040 indiscreta,
1809 1996 1853 2033 id
1877 1999 1949 2042 est,
1971 2007 2047 2034 non
2067 1996 2211 2035 discer-

1163 2069 1254 2098 nere
1270 2058 1369 2110 quid
1384 2057 1444 2096 vel
1464 2056 1579 2108 quale
1596 2057 1876 2106 prseeipiatur,
1892 2057 1962 2096 sed
1979 2060 2137 2096 tantum
2158 2058 2214 2098 ad

1165 2119 1236 2159 noc
1254 2120 1353 2165 niti,
1381 2122 1427 2158 ut
1450 2119 1622 2167 fideliter
1641 2121 1679 2158 et
1709 2118 1917 2157 humiliter
1944 2119 2033 2165 fiat,
2064 2120 2210 2169 quoda

1164 2181 1314 2232 majori
1330 2182 1572 2231 praecipitur
1583 2196 1598 2227 ,·
1613 2190 1749 2219 secure
1766 2191 1841 2230 per
1861 2179 1993 2219 omnia
2012 2180 2207 2229 obeditur,

1162 2242 1232 2283 ubi
1263 2245 1401 2281 contra
1423 2242 1551 2280 Deum
1581 2240 1687 2279 nihil
1705 2241 1961 2293 praecipitur.
1995 2242 2044 2279 Et
2063 2242 2106 2280 in
2132 2243 2208 2282 Re-

1164 2303 1261 2355 gula
1280 2304 1553 2349 Novitiornm,
1572 2314 1661 2353 cap.
1677 2301 1837 2340 decimo
1859 2302 1993 2350 tertio,
2010 2302 2097 2341 haec
2118 2316 2208 2343 ver-

1162 2364 1215 2404 ba
1235 2365 1360 2404 refert
1379 2376 1428 2403 ex
1451 2363 1647 2414 Gregorio
1671 2373 1682 2401 :
1707 2363 1805 2405 Non
1824 2363 1914 2403 licet
1934 2365 2106 2404 subditis
2125 2366 2208 2405 dis-

1165 2439 1336 2473 cernere,
1365 2427 1435 2466 sed
1462 2427 1603 2466 statim
1634 2425 1874 2478 simpliciter
1904 2427 2081 2471 obedire,·
2099 2431 2139 2466 et
2160 2428 2206 2467 in

1163 2488 1341 2529 Stimulo
1371 2488 1506 2528 divini
1537 2488 1703 2535 amoris,
1733 2499 1772 2538 p.
1793 2489 1834 2535 2,
1857 2499 1947 2539 cap.
1970 2488 2202 2537 undecimo,

1164 2562 1290 2601 agens
1311 2550 1360 2589 de
1381 2550 1558 2600 perfecta
1577 2549 1810 2588 obedientia
1830 2550 2011 2600 priorum
2042 2551 2205 2601 religio-

1165 2624 1318 2660 sorum,
1340 2612 1477 2650 subdit
1494 2612 1618 2653 :Non
1640 2613 1744 2651 enim
1764 2613 1870 2652 sicut
1888 2614 2065 2652 moderni
2082 2626 2200 2662 nunc,

1163 2674 1245 2724 ipsi
1265 2676 1357 2714 tunc
1375 2674 1580 2713 librabant
1597 2673 1666 2713 lzoc
1692 2673 1834 2713 melius
1853 2685 1933 2713 esse
1950 2675 2035 2723 illo,
2056 2676 2125 2716 boc
2144 2688 2202 2716 se-

1165 2736 1317 2782 curius,
1343 2736 1412 2775 boc
1430 2734 1693 2780 laudabilius,
1715 2735 1784 2774 noo
1809 2735 1996 2784 facilius,
2016 2737 2086 2776 sed
2105 2748 2203 2778 eun-

1166 2800 1245 2843 eta,
1276 2809 1363 2848 quoe
1395 2798 1602 2838 cernebant
1627 2809 1707 2837 esse
1737 2797 2010 2837 Praelatorum
2038 2811 2200 2839 suorum

1164 2858 1407 2911 beneplacita
1444 2859 1644 2899 voluntati
1662 2888 1673 2905 ‚
1712 2859 1916 2898 dummodo
1958 2871 2036 2899 non
2072 2864 2201 2901 essent

1164 2925 1304 2962 contra
1334 2921 1458 2960 Deum
1471 2950 1481 2967 ‚
1502 2924 1857 2972 quantumcumque
1875 2922 2004 2961 ardua
2030 2934 2076 2962 ac
2097 2923 2199 2964 vilia

1161 2984 1311 3032 forent,
1331 2983 1527 3022 aviditate
1546 2983 1726 3022 maccima
1744 2982 2023 3033 adimplebant.
2042 2984 2093 3022 Et
2118 2989 2199 3024 sta-

1162 3044 1239 3082 tim
1259 3044 1424 3082 adducit
1443 3043 1630 3094 exempla
1656 3043 1816 3092 Mauri,
1843 3044 1914 3094 qui
1932 3045 2046 3095 jussu
2070 3045 2199 3085 sancti

1163 3105 1374 3145 Benedicti
1393 3118 1512 3157 super
1532 3117 1659 3156 aquas
1682 3105 1897 3156 discurritff,
1916 3117 1966 3144 ex
1985 3106 2198 3158 Gregorio,

1164 3167 1344 3206 secundo
1372 3168 1540 3218 Dialogo
1555 3197 1565 3215 ‚
1584 3179 1619 3206 c.
1641 3166 1828 3218 septimo,
1850 3171 1891 3206 et
1913 3167 2080 3207 alterius
2110 3168 2200 3220 qui,

1160 3229 1297 3280 jussus
1325 3241 1350 3268 a
1381 3229 1624 3281 Superiora,
1649 3228 1810 3268 leonem
1842 3230 1949 3281 cepit
1968 3234 2009 3270 et
2027 3231 2151 3270 traxit
2168 3230 2197 3269 ¹.

1164 3290 1266 3329 Item
1284 3289 1449 3330 adducit
1461 3291 1478 3314 ²
1497 3290 1732 3341 exemplum
1747 3291 1931 3338 Joannis‚
1947 3292 2055 3342 quod
2078 3301 2202 3341 supra

1164 3363 1216 3391 ex
1235 3352 1425 3391 Cassiano
1445 3352 1678 3400 retulimus,
1696 3356 1737 3391 et
1755 3354 1800 3391 in
1819 3353 1904 3392 vita
1921 3353 1962 3392 S.
1982 3350 2199 3398 Francisci‚

1165 3424 1203 3453 c.
1218 3414 1259 3461 6,
1286 3413 1411 3453 refert
1428 3414 1468 3454 S.
1499 3414 1761 3454 Franciscum
1780 3426 1923 3454 verum
1943 3412 2199 3451 obedientem

1165 3474 1435 3516 similitudine
1454 3477 1635 3529 corporis
1650 3476 1803 3515 mortui
1819 3474 2037 3526 explicasse
2054 3483 2066 3510 ε
2087 3472 2201 3516 Nam

1218 3604 1237 3626 ¹
1264 3599 1457 3640 Refertur
1474 3600 1519 3640 in
1543 3599 1650 3639 Vitis
1675 3600 1857 3638 Patrum.

1220 3657 1240 3685 ⁸
1263 3660 1420 3711 Tertia,
1438 3663 1556 3712 parte
1570 3658 1666 3699 libri
1683 3659 1735 3698 de
1751 3656 2007 3699 Obedientia.
