2352 3880
168 287 220 332 σι’
232 285 397 341 propria
415 289 457 326 et
474 285 650 338 speciali.
669 286 754 325 Hoc
781 284 1008 324 secundum
1026 282 1106 323 dici

84 395 98 409 ί
114 355 126 385 ἱ
147 351 326 402 potest,
346 347 443 396 quia
460 344 778 387 Constitutiones
796 346 1005 385 Societatis
1021 356 1104 384 non

77 411 280 451 ducunt
313 408 437 447 talem
467 407 777 458 obligationem,
806 410 853 445 ut
883 419 988 458 saepe
1018 417 1104 445 mo-

37 465 256 521 jjuimus.
280 470 333 507 De
353 469 482 520 primo
506 472 643 508 autem
668 471 808 519 patet,
839 468 936 519 quia
957 479 1004 506 ex
1032 466 1102 506 illo

40 526 196 581 311qu
228 530 328 570 solet
353 530 451 568 oriri
474 530 517 568 in
547 529 637 568 aliis
669 529 869 579 religiosis
908 527 1102 579 obligatio

39 571 235 642 §fiffintum
257 590 454 629 recitandi
472 590 652 628 officium
672 590 915 630 canonicum
938 620 950 638 ,
981 590 1102 641 idque

46 654 128 697 fex
155 652 403 701 obligatione
423 650 467 689 in
486 650 571 689 sola
588 651 885 690 consuetudine
915 651 1100 699 fundata,

40 702 124 763 ‘nt
141 717 260 751 tract.
282 714 321 758 4,
339 711 410 750 lib.
433 712 470 757 4,
494 711 543 749 de
565 711 682 749 Horis
702 724 867 758 canon.‚
886 725 971 764 cap.
994 711 1103 751 deci-

36 766 144 841 ῇμιο
161 773 348 824 septimo,
371 784 543 810 numero
564 776 677 810 sexto
692 801 704 820 ,
726 773 994 822 tradidimus;
1018 773 1105 812 haec

40 852 44 854 ⁷
61 827 210 888 iintem
230 834 274 872 in
298 834 445 872 nostris
468 833 668 883 religiosis
696 833 831 873 locum
852 847 934 874 non
964 834 1101 873 habet.

56 891 187 945 sQuod
214 894 380 945 quidem
405 894 454 933 de
481 895 786 945 coadjutoribus
811 895 1102 946 temporalibus

71 960 133 998 est
157 968 231 1007 per
258 968 298 994 se
318 960 476 1004 notum,
509 957 605 1006 quia
627 969 711 995 non
730 961 790 996 est
816 957 1010 1006 obligatio
1028 967 1103 995 suo

72 1018 234 1060 muneri
266 1022 563 1065 consentanea;
587 1018 698 1058 unde
729 1019 866 1057 necin
888 1017 978 1056 aliis
1005 1017 1102 1057 reli-

71 1079 260 1134 gionibus
290 1079 462 1130 professi
498 1080 589 1118 laici
624 1092 695 1119 seu
723 1079 910 1118 conversi
940 1078 991 1118 ad
1022 1078 1102 1119 hoc

72 1141 322 1190 obligantur,
356 1146 401 1180 ut
437 1140 606 1189 ibidem,
630 1141 673 1180 in
701 1152 874 1180 numero
908 1140 1097 1189 secundo,

73 1202 322 1249 notavimus,
338 1206 377 1240 et
390 1215 415 1241 a
431 1202 590 1240 fortiori
603 1214 736 1252 neque
748 1202 970 1241 novitii.De
986 1201 1101 1241 scho-

71 1261 225 1304 laribus
246 1275 339 1302 vero
361 1275 547 1314 expresse
573 1263 724 1301 dicitur
754 1263 799 1302 in
818 1266 963 1313 quarta
987 1266 1101 1314 parte

71 1325 431 1371 Constitutionum‚
454 1337 488 1364 c.
512 1325 553 1371 4,
573 1324 619 1363 in
635 1323 934 1371 declaratione,
956 1324 1018 1362 lit.
1044 1324 1099 1364 B:

72 1383 138 1429 Ad
155 1386 358 1425 dicendum
380 1385 562 1434 officium.
593 1385 771 1425 divinum
799 1397 877 1424 non
902 1389 1098 1425 tenentur.

70 1446 237 1488 Professi
254 1458 350 1485 vero
370 1451 410 1485 et
429 1446 681 1498 coadjutores
699 1445 928 1497 spirituales
943 1457 1102 1496 semper

70 1511 166 1549 eunt
185 1507 433 1554 Sacerdotes,
457 1511 497 1547 et
517 1508 606 1547 ideo
625 1508 742 1546 titulo
756 1507 974 1546 sacerdotis
988 1511 1102 1546 tene-

70 1565 238 1608 buntur.
251 1570 313 1607 An
332 1580 443 1614 vero,
457 1569 490 1607 si
507 1569 579 1620 qui
598 1573 693 1607 sunt
713 1568 878 1619 professi
894 1580 979 1607 non
996 1568 1102 1608 ordi·

71 1629 156 1670 nuti
172 1629 214 1666 in
237 1629 372 1675 sacris,
395 1629 645 1680 obligentur,
664 1630 801 1668 statim
817 1630 966 1668 dicam.

124 1691 163 1728 9..
206 1690 360 1732 Vocant·
379 1691 506 1730 oratio
538 1692 653 1731 intra
689 1691 825 1732 hoo-am
857 1689 1101 1743 quotidiam

72 1750 266 1791 orationis
291 1762 369 1790 non
400 1753 451 1802 fit
483 1751 626 1803 absque
659 1751 822 1802 speciali
858 1752 1033 1793 licentia.
1047 1774 1099 1783 --

70 1809 183 1851 Circa
199 1811 370 1851 alteram
383 1817 554 1863 partem,
570 1813 621 1851 ad
635 1813 927 1863 obligationem
946 1814 1100 1864 regulae

68 1871 359 1924 pertinentem,
379 1873 675 1912 advertendum
695 1878 755 1912 est
774 1874 904 1912 solum
925 1874 1099 1924 obligari

67 1937 255 1974 nostrum
274 1933 513 1984 religiosum
530 1946 580 1973 ex
596 1935 636 1972 vi
662 1935 1023 1981 Constitutionum‚
1047 1935 1099 1975 ad

66 1995 378 2046 expendendum
399 1995 580 2045 quotidie
605 1996 730 2035 unius
748 1996 859 2036 horae
876 2001 1039 2047 tempus
1051 1996 1097 2037 in

67 2056 265 2104 oratione,
286 2060 434 2109 praeter
467 2057 648 2105 missam,
682 2066 723 2096 et
745 2062 892 2108 praeter
914 2057 1098 2096 officium

66 2120 325 2166 canonicum,
347 2119 382 2158 si
402 2118 504 2158 illud
523 2119 624 2159 alias
656 2131 709 2158 ex
727 2119 978 2169 obligatione
996 2118 1097 2158 reci·

66 2183 211 2220 tavei-it
224 2195 235 2227 ;
256 2184 295 2219 ct
316 2183 465 2230 praeter
489 2179 679 2219 examina
699 2180 980 2227 conscientiae;
1002 2180 1097 2220 licet

66 2241 176 2282 enim
196 2240 272 2280 hoo.
288 2245 538 2291 postremum
562 2240 605 2279 in
626 2239 991 2280 Constitutionibus
1012 2252 1096 2282 non

66 2305 338 2347 contineatur,
358 2304 464 2342 sicut
481 2303 604 2341 etiam
637 2303 684 2342 ia
702 2303 834 2353 prima
866 2302 1095 2355 (longi-ega<

66 2364 190 2409 tione,
209 2375 298 2403 can.
324 2363 390 2412 94,
412 2366 600 2402 notatum
628 2363 721 2411 fuit,
744 2363 928 2403 additum
966 2368 1027 2404 est
1043 2362 1100 2404 ab

66 2424 154 2479 ipsa
171 2426 371 2465 Societate
401 2428 442 2463 et
472 2429 669 2476 perpetua
700 2425 998 2464 consuetudine
1016 2438 1098 2465 scr-

66 2491 209 2527 vatum
228 2499 252 2525 a
266 2491 449 2537 tempore
475 2486 662 2525 secundae
685 2487 1035 2535 Congregationis,
1056 2490 1097 2526 et

66 2548 293 2599 specialiter
310 2548 354 2586 in
378 2552 538 2598 quarta,
560 2547 722 2586 decreto
742 2549 878 2595 tertio,
905 2547 983 2586 fuit
1002 2559 1096 2588 con-

65 2607 291 2658 firmatum,
328 2609 437 2647 lilius
477 2612 614 2647 autem
648 2608 761 2648 horae
786 2613 948 2660 tempus
979 2621 1031 2651 cx
1055 2608 1099 2652 vi

67 2670 408 2710 Constitutionum
427 2681 510 2709 non
528 2671 586 2709 ita
605 2670 778 2709 mentali
798 2671 976 2711 orationi
1008 2671 1098 2712 des-

66 2724 234 2779 tinatur,
253 2736 298 2770 ut
314 2744 395 2770 non
415 2731 539 2782 possit
562 2731 605 2770 in
624 2742 678 2769 eo
693 2732 759 2771 vol
779 2732 1012 2780 Rosarium,
1031 2732 1096 2773 vel

68 2793 245 2832 officium
269 2793 312 2831 B.
338 2793 517 2842 Virginis
556 2793 735 2843 recitari,
772 2805 845 2845 pro
879 2794 1094 2834 devotione

66 2853 133 2893 vel
168 2853 314 2905 majori
346 2853 482 2892 fructu
522 2855 745 2900 orantium,
782 2858 830 2894 ut
866 2854 1093 2894 declaratur

68 2918 212 2966 quarta
234 2918 346 2966 parte
361 2915 722 2964 Constitutionum,
738 2927 773 2954 c.
794 2916 835 2963 4,
852 2915 876 2968 ξ
898 2917 922 2954 3
940 2920 980 2955 et
995 2917 1035 2964 4,
1055 2919 1096 2956 et

54 2970 128 3018 iit.
163 2975 209 3022 B,
231 2980 324 3022 etc.‚
347 2980 388 3014 et
423 2976 467 3015 in
495 2976 591 3015 dict.
617 2989 706 3016 can.
729 2978 848 3016 tertio
869 2979 1095 3028 Congrega-

66 3035 189 3075 tionis
214 3037 241 3075 4
279 3036 495 3087 generalis,
517 3037 613 3076 licet
644 3038 818 3087 dicatur,
852 3042 899 3079 ut
937 3041 1094 3079 omnino

64 3098 289 3137 retineatur
308 3099 540 3139 consuetudo
576 3099 717 3140 orandi
738 3111 814 3150 per
843 3097 979 3139 horam
997 3099 1094 3141 inte-

34 3166 47 3177 *
67 3167 200 3211 yram,
214 3165 307 3204 etc.‚
328 3170 413 3197 non
432 3164 570 3198 tamen
587 3161 820 3200 declaratur
846 3164 892 3199 ut
911 3160 980 3199 illa
1005 3173 1092 3200 ora-

68 3218 127 3256 tio
146 3220 232 3255 tota
248 3218 436 3257 mentalis
457 3220 520 3259 sit.
544 3221 814 3260 Nihilominus
834 3225 973 3259 tamen
1001 3233 1095 3273 pra-

63 3276 132 3317 xis
149 3281 190 3317 et
207 3279 454 3318 consuetudo
482 3281 689 3322 Societatis
707 3282 942 3330 declaravit,
960 3285 1007 3320 ut
1024 3282 1095 3323 illa

53 3335 172 3380 diora
191 3339 392 3378 matutina
410 3343 495 3379 tota
520 3343 695 3383 orationi
716 3344 884 3383 mentali
904 3355 976 3382 seu
1012 3354 1095 3384 me-

62 3391 276 3447 ditationi,
298 3403 339 3439 et
367 3403 699 3453 contemplationi
730 3406 950 3454 tribuatur,
973 3407 1095 3456 atque

62 3455 131 3499 ita
144 3458 222 3499 hoc
240 3461 393 3500 censeri
410 3461 531 3501 debet
552 3464 620 3514 jus
647 3465 902 3505 ordinarium
923 3465 1094 3505 Societa-

34 3531 37 3533 ·
68 3515 138 3567 fis,
156 3531 183 3559 a
214 3533 296 3573 quo
315 3522 402 3562 sine
424 3523 652 3575 Superioris
680 3524 871 3566 facultate
892 3539 963 3566 seu
982 3539 1092 3567 com-

71 3581 297 3626 mutatione
332 3582 536 3627 discedere
566 3597 651 3628 non
684 3585 792 3628 licet.
814 3588 933 3630 Unde
959 3589 1027 3642 pia
1045 3601 1092 3630 ac

281 3660 365 3691 171.

307 201 311 203 >
355 221 446 257 cAP.
469 221 510 257 n.
532 221 589 255 AN
607 220 811 256 RELIGIOSI
831 216 1064 255 socmrmts
1084 217 1144 254 Ab
1161 219 1339 261 ALIQUAS
1359 222 1589 257 ammonas
1608 222 1804 263 vocatas,
1825 221 1918 255 mc.

1408 107 1465 133 ³⁸

2112 219 2195 263 929

1159 282 1244 324 fere
1278 285 1461 336 generali
1480 286 1775 326 consuetudine
1794 285 2076 327 introductum
2112 291 2188 338 est,

1159 348 1206 383 ut
1224 357 1380 391 omnes,
1400 347 1625 396 praesertim
1642 360 1726 386 non
1745 347 1986 396 sacerdotes,
2002 347 2191 389 ultra-in-

1157 408 1317 455 tegram
1349 406 1492 445 horam
1541 408 1730 447 mentalis
1766 409 1975 457 orationis,
2010 409 2192 460 Virginis

1157 466 1336 505 officium
1368 470 1440 505 aut
1471 467 1688 506 Rosarium
1722 470 1908 515 recitent,
1935 482 2054 510 suum
2097 483 2192 524 pro-

1156 527 1292 578 prium
1319 530 1478 578 tempus
1509 527 1606 566 huic
1647 528 1852 568 devotioni
1887 531 2132 580 tribuendo,
2166 543 2192 575 a

1156 600 1239 639 qua
1259 587 1565 636 consuetudine,
1586 589 1658 639 qui
1677 589 1890 640 discrepat,
1915 593 2012 631 satis
2042 593 2191 645 imper-

1155 647 1259 688 fecte
1278 649 1379 699 agit,
1399 649 1473 688 etsi
1504 649 1549 688 in
1580 648 1740 688 decreto
1761 652 1982 690 centesimo
2013 655 2191 697 secundo

1157 714 1281 749 sextae
1303 701 1642 761 Congregationi's
1663 711 1838 763 propriae
1856 713 2010 763 regulae
2033 715 2191 767 obliga-

1157 771 1216 813 tio
1236 783 1321 810 non
1343 771 1395 810 sit
1414 772 1558 822 posita.

1211 833 1252 873 3.
1285 831 1471 873 Secunda
1499 831 1669 875 assertio
1698 833 1822 875 etiam
1846 836 2036 888 neqatz'va
2065 837 2194 888 quoad

1158 897 1285 935 totam
1305 893 1638 934 communitatem.
1658 915 1710 925 --
1733 895 1907 935 Dubium
1930 897 1974 935 de
1996 896 2189 947 Litaniis,

1154 966 1244 1009 quoe
1259 955 1484 995 recitantur
1501 968 1528 995 a
1546 956 1839 996 communitate.
1855 978 1908 986 -
1934 958 2054 1003 Usus,
2073 959 2191 1000 etiam

1154 1017 1266 1069 pius,
1289 1027 1369 1055 non
1381 1017 1614 1066 praescribit
1632 1020 1771 1057 contra
1797 1018 2035 1059 institutum
2056 1018 2192 1060 Socie-

1157 1077 1442 1119 tatis.—Haec
1459 1082 1596 1117 autem
1619 1079 1758 1118 omnia
1777 1079 1827 1117 de
1857 1080 2024 1131 privatis
2046 1081 2192 1120 oratio-

1158 1138 1279 1178 nibus
1309 1142 1350 1178 et
1382 1140 1663 1191 personalibus
1697 1139 2018 1190 obligationibus
2052 1154 2190 1192 proce-

1157 1200 1275 1248 dunt,
1295 1203 1342 1239 ut
1359 1200 1404 1239 in
1428 1202 1647 1240 assertione
1670 1201 1905 1252 tetigimus;
1924 1203 2012 1253 jam
2032 1203 2082 1242 de
2101 1216 2191 1244 ora·

1157 1262 1268 1301 tione
1294 1261 1458 1313 publica
1479 1266 1520 1301 et
1540 1263 1750 1301 communi
1767 1263 1989 1303 dicendum
2012 1265 2192 1307 secundo

1158 1322 1316 1362 nullam
1335 1334 1419 1362 esse
1435 1323 1478 1362 in
1494 1323 1691 1362 Societate
1711 1324 1810 1362 certi
1829 1326 2025 1376 temporis
2039 1326 2191 1377 obliga-

1156 1384 1326 1432 tionem,
1352 1383 1424 1423 ubi
1446 1384 1685 1424 occurrebat
1705 1386 1875 1435 quaestio
1889 1386 1938 1425 de
1954 1387 2096 1435 choro,
2118 1399 2192 1428 cur

1154 1442 1336 1484 Societas
1352 1445 1471 1484 illum
1498 1458 1584 1484 non
1613 1445 1867 1496 profiteatur,
1890 1447 1957 1486 scd
1989 1447 2075 1486 haec
2095 1448 2191 1488 satis

1155 1504 1326 1545 tractata
1361 1510 1424 1547 est
1449 1506 1556 1546 libro
1578 1508 1724 1557 primo,
1748 1519 1835 1558 cap.
1860 1512 2017 1556 octavo,
2040 1511 2080 1547 et
2100 1509 2191 1550 ideo

1151 1566 1275 1617 ‘plura
1292 1567 1358 1607 hic
1394 1567 1531 1608 dicere
1563 1579 1724 1607 necesse
1747 1580 1831 1607 non
1850 1573 1925 1607 est.
1947 1570 2001 1608 De
2020 1570 2191 1611 Litaniis

1155 1628 1280 1666 etiam
1300 1627 1479 1668 dubitari
1499 1634 1647 1680 potest,
1666 1630 1763 1680 quia
1780 1630 1944 1669 videtur
1978 1643 2062 1671 esse
2083 1631 2191 1671 anti·

1155 1699 1239 1740 qua
1265 1690 1515 1729 consuetudo
1534 1692 1758 1739 Societatis,
1781 1695 1827 1730 ut
1847 1704 1870 1730 a
1889 1695 1976 1731 tota
2007 1704 2191 1732 commu·

1154 1750 1280 1790 nitate
1302 1751 1483 1801 quotidie
1500 1752 1543 1790 iu
1563 1753 1753 1791 domibus
1774 1757 1815 1792 et
1835 1753 2015 1803 collegiis
2049 1754 2189 1794 dican—

1153 1814 1242 1861 tur3
1271 1823 1370 1862 ergo
1398 1812 1477 1852 erit
1507 1814 1631 1852 etiam
1664 1814 1739 1852 sub
1758 1814 2023 1864 obligatione.
2044 1816 2188 1855 Dicen-

1155 1873 1254 1912 dum
1282 1878 1342 1913 est
1379 1878 1517 1913 autem
1554 1876 1758 1925 imprimis
1799 1876 1904 1914 hanc
1943 1877 2190 1927 orationem,

1153 1934 1312 1973 etiamsi
1332 1934 1401 1985 pia
1430 1940 1471 1974 et
1498 1940 1641 1974 sancta
1659 1937 1726 1977 sit,
1749 1936 1862 1975 nulla
1891 1936 2189 1979 Constitutione

1148 1994 1217 2034 vel
1237 1995 1381 2044 regula
1412 2006 1497 2034 esse
1530 1995 1821 2045 praescriptam.
1856 1997 2007 2037 Deinde
2041 1999 2188 2040 dicitur

1148 2066 1237 2095 nou
1257 2056 1312 2092 ita
1331 2065 1416 2093 esse
1449 2056 1743 2095 consuetudine
1773 2061 1992 2108 receptam,
2015 2063 2061 2098 ut
2079 2073 2187 2110 praa-

1151 2112 1257 2166 eepti
1273 2114 1567 2165 obligationem
1588 2117 1869 2163 inducat,tum
1884 2119 1978 2169 quia
1996 2121 2186 2162 existimo

1150 2176 1307 2215 nullam
1329 2177 1668 2217 consuetudinem
1690 2179 1902 2218 Societatis
1918 2183 2123 2232 propriam
2145 2187 2187 2224 et

1151 2237 1368 2289 specialem
1389 2237 1540 2278 habere
1570 2238 1679 2278 hanc
1706 2240 1806 2288 vim,
1824 2253 1899 2279 nec
1918 2241 1994 2280 sub
2015 2243 2091 2282 hoc
2114 2256 2185 2296 ge·

1151 2309 1251 2338 nere
1279 2299 1540 2349 obligationis
1577 2312 1694 2351 posse
1726 2302 1952 2352 introduci,
1990 2306 2088 2355 quia
2124 2310 2186 2348 est

1150 2364 1293 2400 contra
1306 2373 1538 2412 expressam
1552 2362 1909 2412 Constitutionem,
1923 2369 2035 2405 sexta
2052 2372 2180 2418 parte,

1149 2433 1187 2459 c.
1209 2420 1248 2468 5,
1270 2421 1328 2459 ibi
1350 2434 1358 2459 :
1392 2422 1529 2465 Visum
1551 2428 1611 2464 cst
1641 2425 1752 2464 nobis
1776 2425 1821 2465 in
1840 2427 2010 2467 Domino
2029 2429 2182 2470 nullam

1154 2480 1501 2532 Constitutionem,
1540 2486 1845 2527 declarationem
1861 2518 1872 2534 ‚
1905 2489 1966 2529 vet
2006 2491 2182 2531 ordinem

1151 2544 1282 2583 ullum
1312 2545 1467 2585 vivendi
1491 2557 1608 2596 posse
1642 2548 1916 2599 obliqationem
1955 2551 2010 2590 ad
2041 2563 2182 2603 pecca·

1154 2608 1238 2645 tum
1267 2606 1437 2645 mortale
1467 2609 1539 2646 aut
1566 2608 1717 2648 veniale
1746 2609 1956 2655 inducere;
1981 2623 2077 2650 narn
2106 2613 2182 2653 sub

1151 2664 1222 2704 illa
1253 2666 1469 2716 particula,
1508 2669 1686 2708 ordinem
1716 2669 1888 2718 vivendi,
1925 2673 2181 2712 consuetudi·

1150 2738 1223 2766 nes
1245 2739 1388 2766 omnes
1403 2730 1690 2779 comprehendi
1708 2742 1873 2781 cense03
1889 2744 1973 2771 non
1993 2745 2090 2785 ergo
2109 2746 2182 2786 po-

1150 2791 1228 2827 test
1269 2790 1516 2828 consuetudo
1555 2790 1847 2841 obligationem
1886 2793 1946 2831 illi
1978 2796 2180 2835 Constitu-

1147 2848 1251 2888 tioni
1282 2855 1582 2901 repugnantem
1617 2852 1841 2901 inducere3
1874 2866 1971 2893 nam
2009 2868 2057 2894 eo
2093 2856 2179 2907 ipso

1146 2922 1232 2950 non
1252 2916 1356 2950 esset
1382 2913 1527 2950 nostris
1548 2913 1784 2953 hominibus
1800 2915 1868 2966 pia
1887 2927 1962 2955 nec
1991 2917 2178 2968 religiosa

1148 2974 1414 3021 consuetudo,
1436 2979 1575 3025 utpote
1596 2976 1884 3016 Constitutioni
1917 2990 2175 3030 repugnan33

1147 3037 1236 3073 tum
1257 3036 1381 3073 etiam
1400 3036 1498 3087 quia
1516 3037 1585 3075 illa
1604 3050 1686 3076 non
1708 3043 1767 3077 est
1786 3041 1951 3091 propria
1966 3045 2177 3080 consuetu·

1148 3095 1199 3134 de
1220 3095 1417 3135 inducens
1439 3097 1747 3149 obligationem,
1770 3112 1841 3139 seu
1861 3113 1911 3140 ex
1929 3102 2175 3151 obligatione

1149 3157 1396 3205 introducta,
1419 3161 1513 3209 quia
1533 3165 1691 3198 constat
1709 3173 1758 3199 ex
1776 3163 1940 3213 speciali
1959 3163 2096 3213 aliqua
2113 3174 2175 3201 or-

1148 3219 1355 3259 dinatione
1382 3222 1586 3272 praepositi
1610 3223 1811 3273 generalis
1829 3225 2064 3263 inchoatam
2078 3224 2175 3262 fuis-

1148 3292 1204 3329 se,
1226 3286 1266 3320 et
1285 3293 1334 3320 ex
1356 3282 1499 3321 eadem
1519 3285 1734 3323 continuar
1774 3297 1946 3337 emper,
1967 3298 2040 3324 nec
2060 3286 2101 3322 in
2127 3293 2175 3323 ea

1147 3343 1344 3392 majorem
1361 3343 1651 3395 obligationem
1678 3347 1859 3395 agnosci,
1883 3358 2003 3396 quam
2027 3346 2067 3382 in
2090 3344 2175 3394 ipsa

1149 3404 1421 3452 ordinatione,
1442 3407 1485 3443 in
1505 3418 1586 3456 qua
1607 3406 1831 3445 fundatur:
1853 3407 1923 3444 illa
1940 3412 2074 3444 autem
2093 3415 2174 3443 uon

1146 3466 1306 3504 inducit
1325 3467 1616 3517 obligationem
1650 3468 1853 3519 praecepti,
1878 3467 1947 3504 sed
1983 3465 2175 3506 obedien-

1145 3527 1213 3566 tiae
1234 3527 1440 3578 simplicis,
1463 3532 1509 3567 ut
1521 3529 1620 3567 alias
1642 3529 1832 3567 diximus
1859 3526 2058 3573 Quamdiu
2077 3538 2174 3579 ergo

1144 3588 1216 3628 illa
1234 3588 1423 3629 voluntas
1437 3590 1703 3641 Superiorum
1718 3588 1939 3627 duraverit.
1964 3590 2175 3630 tenebitur

1905 3657 1959 3700 59
