2352 3880
1019 232 1149 272 max
1167 230 1322 272 RERUM.

100 306 277 350 Quaenam
288 304 336 341 sit
347 303 476 340 electio
492 306 574 348 post
584 303 814 340 collationem
827 301 1011 344 facienda,
1029 308 1076 337 an
1094 300 1144 336 sit

146 356 194 392 de
219 355 421 391 substantia
444 358 487 392 ut
510 355 631 391 statim
655 358 736 398 post
754 352 985 395 collationem
1007 349 1081 394 fiat,
1104 353 1142 385 et

147 406 332 449 quomodo
345 407 393 442 sit
410 405 592 446 facienda,
608 405 658 439 ib.

103 454 187 492 Post
202 457 416 491 electionem
431 458 716 490 consummatam
733 452 931 496 requiritur
945 451 1137 487 conflrma-

146 506 197 540 tio
220 507 331 540 illius.
358 506 411 541 Ad
433 514 541 548 quem
562 508 695 549 spectet
712 504 789 538 haec
807 502 1043 542 confirmatio,
1065 507 1138 544 qua

146 557 357 591 necessitate
378 555 581 598 requiratur
595 582 605 598 ,
626 557 663 589 et
681 562 729 587 an
750 561 892 595 semper
912 552 1040 587 debeat
1059 556 1136 585 esse

145 605 325 648 specialis,
348 605 397 639 ib.

102 653 299 692 Electionis
315 656 543 689 Praelatorum
557 653 672 688 forma
682 652 763 695 iure
775 651 960 687 communi
976 649 1136 695 praescri·

146 710 207 750 pta
219 706 396 740 servanda
410 709 462 738 cst
473 713 494 738 a
508 703 698 746 religiosis,
723 703 793 737 nisi
808 704 911 738 aliter
925 703 1135 745 disponatur

145 763 210 797 per
230 762 355 789 eorum
377 754 652 789 constitutiones
669 763 692 788 a
709 753 858 789 Summo
878 753 1048 788 pontifice
1067 760 1134 796 ap-

144 805 322 847 probatas,
340 805 388 840 ib.

101 853 258 890 Potestas
278 856 435 900 eligendi
455 855 637 895 Praelatos.
659 858 733 890 tam
752 853 933 898 regulares
953 860 1062 896 quam
1076 859 1134 888 se-

144 905 295 948 culareS,
315 916 337 941 a
350 906 498 941 Summo
511 904 680 940 pontifice
696 908 830 946 manat,
847 912 879 938 c.
895 907 927 938 6.

103 955 144 993 tu
173 956 350 992 electione
378 955 593 990 monialium
620 962 702 998 quae
728 955 845 989 forma
869 952 1043 989 servanda
1070 952 1134 995 sit,

146 1003 195 1039 ib.

105 1054 170 1091 Pro
191 1056 366 1092 electione
384 1055 592 1098 Abbatissae,
610 1055 695 1091 vide
711 1055 909 1092 Abbatissa.

103 1105 236 1142 Electio
258 1108 490 1150 superiorum
514 1107 701 1142 societatis
728 1107 823 1140 infra
844 1106 1051 1140 Generalem
1071 1112 1135 1147 per

142 1157 260 1191 solum
279 1158 506 1192 definitivum
521 1157 703 1192 Generalis
715 1156 893 1199 judicium
908 1156 1134 1198 paucissimis

144 1206 385 1243 incommodis
403 1209 611 1251 expositam,
632 1212 668 1242 et
682 1207 893 1249 simpliciter
909 1207 1133 1243 convenien-

143 1257 319 1292 tissimam
341 1265 429 1299 esse,
449 1262 495 1292 tr.
516 1262 568 1299 to,
586 1258 609 1291 l.
626 1260 679 1298 to,
702 1265 734 1291 c.
752 1260 783 1289 s.

101 1306 192 1347 Quot
210 1309 339 1342 habeat
357 1307 544 1344 commoda
561 1306 766 1350 hujusmodi
782 1305 919 1346 electio,
936 1306 986 1342 ib.

103 1357 235 1393 Electio
262 1359 495 1400 superiorum
523 1357 710 1400 religionis
734 1357 830 1390 infra
853 1357 1063 1392 Generalem
1088 1358 1135 1393 ad

143 1407 248 1451 plura
265 1408 430 1451 suffragia
448 1407 718 1443 communitatis
732 1411 821 1450 quot
833 1407 963 1444 habeat
976 1408 1136 1451 pericula

143 1460 179 1491 et
194 1458 434 1499 incommoda,
455 1463 505 1493 ιο.

100 1506 187 1542 item
201 1508 328 1542 electio
343 1509 553 1543 eorumdem
564 1507 797 1550 Superiorum
812 1515 876 1550 per
889 1506 1058 1550 suffragia
1072 1508 1137 1542 ali-

141 1565 296 1600 quorum
323 1562 463 1593 tantum
495 1558 726 1592 definitorum
759 1565 833 1591 non
866 1557 914 1591 ita
942 1558 1138 1600 expediens

141 1610 206 1647 est,
223 1612 264 1642 ut
281 1608 543 1651 aequiparanda
561 1607 608 1641 sit
625 1607 791 1642 electioni
813 1614 876 1650 per
893 1608 1010 1642 solum
1026 1608 1136 1643 Gene-

142 1657 228 1692 ralis
241 1658 420 1699 judicium
437 1669 446 1698 ς
463 1658 648 1700 multaque
664 1658 771 1693 habet
785 1658 1027 1699 incommoda,
1048 1666 1138 1701 prae-

140 1707 265 1741 sertim
282 1707 321 1742 in
340 1708 525 1746 societate,
550 1707 599 1742 ib.

101 1756 279 1793 Electores
301 1757 483 1801 Praepositi
502 1757 685 1793 Generalis
701 1757 886 1791 societatis
903 1757 971 1792 sub
993 1766 1136 1793 excom-

143 1807 389 1843 municatione
411 1807 491 1842 latae
506 1807 694 1842 sententiae
715 1807 946 1841 manifestare
964 1807 1139 1848 jubentur

143 1865 392 1900 quoscumque
405 1857 577 1891 sciverint
590 1855 783 1898 affectasse,
800 1857 854 1891 vel
872 1861 958 1891 tunc
974 1857 1139 1891 affectare

145 1915 278 1942 munus
297 1907 489 1947 Generalis,
515 1907 604 1942 illud
623 1907 758 1942 directe
779 1907 835 1941 vel
859 1907 1034 1942 indirecte
1054 1915 1139 1950 pro-

144 1957 316 1991 curando.
338 1958 380 1992 Et
398 1957 581 2000 quomodo
602 1958 672 1993 hoc
692 1961 910 2000 praeceptum
931 1958 979 1992 sit
1000 1958 1139 1994 intelli-

142 2007 317 2051 gendum,
333 2006 358 2041 l.
375 2010 407 2049 s,
429 2015 462 2041 c.
485 2011 537 2041 ιο.

507 2091 727 2120 attexosrtu.

103 2153 354 2198 Eleemosynae
368 2154 499 2197 facere,
521 2160 697 2199 quantum
712 2156 824 2198 possit
839 2160 877 2191 et
893 2155 1023 2192 debeat
1042 2156 1139 2192 Prae·

144 2205 240 2292 ἓῑὲιέ
267 2205 444 2249 regularis
470 2205 518 2240 de
547 2205 656 2241 bonis
682 2207 907 2250 monasterii,
927 2212 972 2243 tr.
999 2210 1034 2249 8,
1059 2207 1084 2241 l.
1106 2211 1141 2250 2,

570 2329 679 2359 {HAS-

102 2405 199 2444 Elias
217 2406 327 2443 vitam
342 2407 494 2444 activam
513 2411 550 2443 et
569 2407 881 2451 contemplativam
895 2409 1066 2449 exercuit,
1079 2416 1140 2444 se·

146 2458 302 2500 demque
330 2458 368 2493 iu
392 2463 515 2494 monte
541 2459 703 2494 carmelo
725 2458 830 2493 fixam
857 2459 1024 2494 habuisse
1054 2468 1140 2503 pro·

146 2507 278 2547 babile,
292 2512 336 2542 tr.
352 2512 386 2549 9,
397 2509 420 2542 l.
436 2513 469 2548 2,
483 2516 514 2542 c.
530 2511 584 2542 1ο.

145 2556 393 2592 successorem
410 2561 482 2592 tam
497 2558 536 2592 in
549 2557 634 2595 sede
646 2565 757 2601 quam
778 2557 818 2592 in
836 2557 976 2593 ratione
990 2559 1139 2595 vivendi

147 2606 273 2640 habuit
288 2607 467 2644 Elisaeum,
484 2607 534 2641 ib.

106 2655 305 2692 AEdiculam
333 2657 409 2692 sive
423 2656 620 2693 oratorium
645 2657 760 2692 fertur
776 2656 817 2692 in
837 2657 1000 2695 carmelo
1020 2658 1139 2695 aedifi-

146 2714 257 2748 casse,
270 2706 319 2741 ib.

145 2754 234 2791 vide
248 2756 519 2792 carmelitarum
541 2755 645 2793 ordo.

434 2842 564 2875 turno,
588 2842 628 2868 n
647 2842 816 2870 vzunmo.

106 2905 248 2948 Emptio
268 2908 303 2940 et
316 2905 477 2940 venditio
493 2906 684 2941 mobilium
706 2907 886 2942 bonorum
912 2914 990 2942 non
1011 2907 1140 2951 prohi-

147 2955 252 2990 betur
274 2955 463 2997 religiosis,
479 2956 542 2990 sed
555 2960 693 2991 tantum
709 2965 752 2992 ea
765 2966 847 3000 quae
862 2957 902 2992 tit
915 2966 979 3001 per
990 2958 1139 2994 modum

149 3005 415 3049 negotiationis,
427 3008 470 3039 tr.
483 3008 515 3041 8.
528 3005 554 3040 l.
566 3008 601 3047 2,
610 3014 641 3041 c.
653 3009 706 3040 26.

376 3089 602 3125 tuscorum,
624 3071 860 3120 trhiscorua.

105 3153 364 3197 Episcoporum
386 3157 538 3197 potestas
561 3154 747 3191 ordinaria
767 3155 815 3192 ad
832 3154 1000 3200 quaenam
1013 3160 1139 3195 exten-

149 3204 264 3243 datur,
285 3208 329 3237 tr.
354 3207 385 3244 8,
403 3203 427 3237 l.
449 3207 593 3245 2,c.12.

147 3253 235 3287 Eam
253 3260 328 3287 non
341 3261 418 3287 esse
432 3253 478 3287 de
490 3254 571 3296 jure
585 3254 724 3295 divino,
740 3262 773 3290 c.
787 3258 842 3291 22.

101 3301 283 3346 Episcopo
298 3303 456 3346 subjecta
469 3305 554 3338 sunt
565 3305 688 3339 omnia
702 3305 780 3340 loca
797 3313 898 3341 sacra
917 3306 974 3341 sui
994 3307 1139 3344 territo-

149 3351 210 3393 rii,
226 3352 295 3386 nisi
320 3353 557 3396 prohibentur
577 3358 751 3398 exempta,
774 3359 818 3390 tr.
837 3358 872 3398 ⁹,
887 3355 912 3390 l.
930 3358 963 3398 1,
977 3363 1010 3392 c.
1025 3360 1077 3392 10.

103 3401 274 3445 Episcopi
295 3406 418 3437 utrum
439 3403 478 3437 in
497 3403 618 3446 aliquo
633 3413 717 3439 casu
732 3405 870 3448 possint
883 3406 1068 3443 absolvere
1078 3413 1139 3444 re-

150 3452 297 3496 ligiosos
317 3457 511 3497 exemptos,
529 3458 572 3489 tr.
589 3458 621 3497 8,
634 3455 658 3489 l.
670 3459 702 3496 2,
714 3464 746 3490 c.
761 3459 814 3490 28.

107 3501 304 3546 Episcopus
326 3503 514 3546 religiosus
536 3509 657 3539 manet
675 3505 838 3541 astrictus
850 3506 943 3541 votis
956 3507 1138 3550 castitatis,

150 3553 370 3595 paupertatis
390 3557 426 3587 et
451 3554 682 3598 obedientiae,
703 3559 740 3590 et
757 3564 851 3599 quos
872 3556 1020 3592 effectus
1036 3558 1075 3591 in
1095 3566 1140 3593 eo

151 3602 319 3643 habeant,
335 3602 360 3637 l.
379 3605 411 3644 3,
428 3610 458 3637 c.
476 3606 529 3636 16.

110 3651 308 3695 Episcopus
321 3653 497 3696 regularis
516 3654 657 3689 violans
675 3658 797 3690 votum
812 3656 981 3691 castitatis
997 3657 1142 3699 gravius

2117 222 2220 273 1181

1236 303 1361 345 peccat
1371 308 1480 344 quam
1493 299 1648 344 quilibet
1668 298 1762 335 alius
1771 297 1939 335 sacerdos
1950 296 2137 343 regularis,
2147 307 2223 335 nou

1234 355 1355 386 tamen
1375 352 1424 386 ita
1443 351 1600 395 gravius.
1614 353 1655 385 ut
1666 351 1715 385 sit
1733 349 2004 385 circumstantia
2020 348 2226 384 necessario

1232 401 1429 444 aperienda
1450 401 1488 435 in
1512 400 1752 442 confessione,
1776 399 1828 435 ib.

1232 449 1360 485 Votum
1381 451 1600 494 paupertatis
1627 450 1747 493 quoad
1767 449 1956 484 vinculum
1984 456 2059 484 non
2087 451 2223 492 pugnat

1233 507 1316 533 curn
1343 505 1438 535 statu
1462 500 1679 544 Episcopali,
1702 500 1778 534 imo
1804 500 1924 543 polius
1942 499 2045 533 illum
2071 498 2222 542 perficit,

1232 549 1283 583 ib.

1188 598 1387 642 Episcopus
1403 599 1593 642 religiosus
1608 608 1683 634 non
1698 598 1815 634 solum
1831 602 1952 633 manet
1964 599 2128 633 astrictus
2140 601 2221 634 voto

1231 650 1450 693 paupertatis
1467 650 1588 692 quoad
1600 650 1800 690 yinculum,
1820 650 1884 684 sed
1897 649 2005 682 etiam
2021 649 2140 691 quoad
2153 648 2221 684 ali-

1228 708 1339 742 quem
1354 708 1459 735 usum
1477 699 1608 743 regulae
1625 707 1699 732 suae
1714 699 2034 739 accommodatum,
2052 699 2101 732 ib.

1186 748 1386 793 Episcopus
1403 750 1593 793 religiosus
1614 757 1697 792 quae
1727 749 1824 783 bona
1846 749 1956 791 possit
1981 749 2164 792 possidere
2187 753 2222 784 el

1229 801 1429 842 acquirere,
1444 801 1493 834 ib.

1187 849 1384 893 Episcopus
1399 851 1589 894 religiosus
1603 848 1712 884 habet
1733 847 1790 890 ius
1815 848 2032 882 succedendi
2056 849 2093 881 in
2116 849 2222 884 bonis

1231 901 1402 943 paternis,
1422 906 1457 935 et
1478 900 1624 943 quaudo
1642 899 1689 934 de
1719 898 1812 932 facto
1828 898 1866 931 in
1887 897 1960 931 illis
1979 899 2154 940 succedat,
2171 899 2221 935 ib.

1188 949 1386 993 Episcopus
1400 951 1590 994 religiosus
1610 948 1766 992 acquirit
1779 956 1852 983 suae
1866 947 2045 989 Ecclesiae,
2062 949 2111 982 ib.

1187 998 1385 1044 Episcopus
1402 1005 1541 1035 tantum
1556 999 1712 1035 titularis
1730 1000 1790 1034 cui
1809 998 1983 1040 acquirat,
1997 1005 2028 1032 c.
2047 1001 2099 1031 17.

1187 1049 1386 1094 Episcopus
1403 1051 1592 1094 religiosus
1622 1050 1777 1084 retinere
1800 1056 1874 1083 non
1890 1051 2007 1090 potest
2029 1047 2225 1092 peculium,

1231 1110 1300 1137 nec
1315 1109 1442 1137 caetera
1456 1111 1537 1145 quae
1555 1102 1593 1135 in
1610 1101 1786 1142 religione
1803 1099 2007 1142 acquisivit,
2024 1100 2088 1135 sed
2103 1101 2227 1136 omnia

1230 1153 1397 1195 religioni
1412 1159 1497 1188 sunt
1510 1151 1762 1194 relinquenda,
1780 1158 1811 1183 c.
1826 1153 1878 1183 16.

1187 1202 1384 1247 Episcopus
1397 1203 1572 1245 regularis
1584 1201 1764 1235 transiens
1776 1200 1822 1234 ad
1835 1199 1948 1233 alium
1960 1199 2225 1242 Episcopatum,

1228 1261 1275 1287 an
1301 1253 1441 1288 deferre
1466 1252 1579 1296 possit
1601 1251 1701 1286 bona
1719 1258 1801 1294 quae
1820 1250 1859 1283 in
1882 1250 1995 1292 priori
2015 1251 2226 1293 Episcopatu

1229 1303 1433 1345 acquisivit,
1449 1303 1499 1337 ib.

1189 1351 1387 1396 Episcopus
1406 1352 1581 1395 regularis
1602 1351 1784 1385 minorem
1810 1350 2014 1384 facultatem
2037 1349 2142 1384 habet
2164 1359 2227 1386 ex·

1231 1403 1404 1437 tendendi
1427 1404 1524 1437 bona
1552 1410 1633 1444 quae
1655 1401 1692 1434 in
1708 1401 1922 1442 Episcopatu
1938 1400 2103 1442 acquirit,
2118 1410 2228 1443 quam

1231 1452 1427 1496 Episcopus
1468 1452 1661 1492 secularis,
1689 1451 1894 1493 saepiusque
1924 1453 1960 1484 et
1993 1451 2138 1492 gravius
2167 1451 2229 1487 illo

1192 1509 1314 1547 peccat
1333 1506 1371 1539 in
1392 1504 1516 1539 multis
1538 1504 1693 1543 casibus,
1711 1507 1745 1536 et
1758 1503 1909 1544 quinam
1924 1501 1977 1534 illi
1994 1502 2077 1542 sint,
2095 1502 2144 1537 ib.

1230 1555 1392 1589 Facultas
1409 1554 1626 1588 extendendi
1646 1554 1741 1587 bona
1765 1552 1940 1594 Episcopo
1965 1551 2134 1593 regulari,
2150 1553 2233 1587 sine

1233 1612 1338 1639 causa
1354 1609 1390 1639 et
1407 1605 1534 1638 illicite
1549 1613 1570 1638 a
1584 1605 1731 1638 Summo
1748 1601 1919 1636 Pontifice
1934 1609 2114 1642 concessa,
2130 1603 2231 1637 nulla

1232 1658 1303 1695 θεῖς
1327 1663 1430 1689 secus
1448 1655 1477 1688 si
1502 1655 1548 1688 sit
1566 1661 1734 1687 concessa
1755 1652 1931 1694 Episcopo
1947 1651 2112 1692 seculari,
2137 1652 2186 1685 ib.

1192 1706 1390 1750 Episcopus
1408 1706 1583 1749 regularis
1610 1714 1674 1748 per
1698 1704 1835 1738 nullam
1864 1703 2151 1740 cnsuetudinem
2169 1713 2231 1738 ac-

1234 1757 1378 1799 quirere
1392 1762 1507 1800 potest
1523 1758 1582 1799 jus
1600 1755 1753 1789 testandi
1773 1755 1818 1788 de
1836 1754 1942 1787 nonis
1955 1762 2035 1796 quae
2051 1753 2231 1796 possidet;

1235 1816 1338 1841 secus
1352 1808 1548 1842 dicendum
1565 1807 1608 1840 dc
1623 1806 1798 1848 Episcopo
1813 1804 1990 1844 saeculari,
2007 1804 2055 1837 ib.

1233 1857 1419 1897 Quomodo
1442 1858 1479 1890 in
1504 1857 1677 1899 Episcopo
1708 1855 1861 1897 regulari
1881 1857 2024 1887 maneat
2045 1853 2233 1888 vinculum

1234 1908 1306 1941 voti
1326 1907 1544 1950 paupertatis
1558 1915 1639 1940 cum
1656 1906 1771 1939 libero
1787 1914 1855 1938 usu
1870 1913 2003 1945 rerum,
2019 1903 2066 1936 ib.

1192 1954 1391 2000 Episcopus
1410 1956 1585 1998 regularis
1607 1955 1737 1989 retinet
1758 1954 1945 1987 vinculum
1964 1954 2035 1987 voti
2056 1953 2233 1987 obedien-

1234 2006 1307 2046 tiae,
1322 2010 1358 2040 at
1370 2006 1437 2040 soli
1453 2007 1600 2040 Summo
1620 2004 1783 2039 Pontifici
1801 1999 1950 2038 obedire
1971 2006 2114 2036 tenetur
2132 2011 2175 2037 ex
2199 2003 2232 2038 vi

1236 2054 1347 2095 illius,
1370 2063 1402 2090 c.
1428 2058 1480 2089 17.

1192 2106 1247 2141 An
1267 2109 1431 2140 teneatur
1452 2104 1499 2140 ad
1523 2103 1683 2146 aliquam
1705 2102 1969 2138 observantiam
1996 2102 2147 2144 regulae,
2170 2111 2233 2138 seu

1236 2157 1355 2189 statuti
1379 2163 1443 2189 seu
1465 2154 1666 2197 religionis,
1684 2153 1734 2187 ib.

1195 2204 1235 2239 ln
1252 2206 1426 2248 Episcopo
1446 2205 1616 2248 regulari,
1641 2208 1770 2247 praeter
1785 2205 1866 2236 vota
1881 2202 2130 2236 substantialia
2147 2203 2234 2237 reli-

1237 2255 1357 2297 gionis
1372 2258 1522 2288 manent
1536 2254 1644 2288 etiam
1666 2254 1737 2288 alia
1758 2252 1928 2295 specialia
1943 2260 2017 2286 suae
2034 2252 2233 2295 religionis,

1236 2312 1320 2347 quae
1347 2304 1454 2339 statui
1481 2303 1683 2347 Episcopali
1720 2311 1792 2337 non
1817 2307 2030 2345 repugnant.
2058 2303 2100 2337 Et
2125 2312 2234 2346 quem

1238 2355 1403 2389 effectum
1426 2354 1661 2396 obligationis
1682 2354 1719 2387 in
1737 2362 1779 2388 eo
1794 2354 1959 2388 habeant.
1977 2354 2024 2387 ib.

1193 2404 1393 2450 Episcopus
1415 2405 1591 2448 regularis
1605 2408 1746 2439 tenetur
1762 2404 1807 2439 ad
1824 2405 1984 2438 habitum
1998 2411 2073 2438 suae
2086 2405 2235 2448 religio-

1238 2456 1296 2490 nis
1308 2456 1534 2498 gestandum.
1553 2455 1601 2489 ib.

1235 2505 1358 2540 Utrum
1376 2505 1443 2538 sub
1461 2504 1847 2543 excommunicatione,
1862 2507 1903 2538 ut
1923 2503 1985 2538 alii
2010 2504 2181 2547 religiosi,
2199 2507 2236 2539 et

1235 2555 1316 2589 sine
1331 2556 1489 2590 rocheto.
1505 2554 1554 2587 ib.

1195 2604 1391 2648 Episcopus
1410 2604 1585 2647 regularis
1604 2611 1678 2638 non
1694 2607 1837 2637 tenetur
1848 2603 1894 2638 ad
1907 2604 2046 2646 jejunia
2058 2608 2095 2638 et
2111 2605 2232 2647 poeni-

1235 2655 1366 2688 tentias
1388 2655 1521 2696 regulae
1543 2662 1617 2688 suae
1638 2654 1839 2696 religionis,
1859 2654 1910 2687 ib.

1192 2703 1389 2748 Episcopus
1419 2704 1595 2746 regularis
1626 2712 1673 2738 an
1707 2704 1861 2746 gaudeat
1883 2703 2084 2746 privilegiis
2114 2707 2151 2738 et
2172 2705 2231 2740 in-

1235 2754 1431 2796 dulgentiis
1452 2761 1526 2788 suae
1546 2753 1753 2795 religionis,
1772 2756 1822 2786 18.

1193 2803 1451 2848 Episcoporum
1471 2806 1524 2837 est
1543 2803 1729 2845 proprium
1753 2803 1908 2837 aliorum
1929 2803 2126 2846 profectum
2146 2812 2230 2847 pro-

1236 2862 1373 2888 curare.
1398 2854 1439 2887 Et
1459 2861 1532 2896 qua
1550 2853 1680 2890 virtute
1700 2852 1746 2887 ad
1766 2854 1834 2887 hoc
1860 2862 1993 2887 munus
2012 2853 2147 2895 pollere
2166 2855 2231 2889 de-

1235 2904 1355 2945 beant,
1376 2903 1427 2937 ib.

1192 2952 1359 2998 Episcopi
1379 2955 1490 2988 status
1505 2959 1571 2988 cur
1587 2952 1635 2986 sit
1653 2952 1886 2996 perfectionis
1907 2952 2092 2995 acquisitas
2106 2957 2141 2988 et
2155 2962 2229 2988 non

1235 3005 1478 3047 acquirendae,
1495 3006 1536 3038 ut
1551 3003 1722 3046 religiosi,
1740 3008 1782 3037 tr.
1799 3007 1850 3044 1⁰,
1869 3003 1892 3036 l.
1910 3006 1940 3041 1,
1957 3011 1987 3037 c.
2003 3006 2035 3038 ⁷.

1188 3055 1315 3090 Utrum
1339 3057 1486 3098 peccent
1500 3054 1698 3088 mortaliter
1716 3054 1881 3097 Episcopi
1903 3061 1976 3087 non
2002 3052 2227 3088 intendentes

1234 3105 1494 3149 perfectionem
1528 3104 1713 3138 charitatis
1745 3112 1810 3147 per
1837 3112 1946 3146 opera
1972 3102 2225 3144 consiliorum,

1233 3158 1278 3189 tr.
1293 3158 1325 3195 8,
1341 3155 1364 3188 l.
1381 3157 1414 3196 1,
1428 3162 1458 3188 c.
1476 3155 1508 3186 Ιι.

1187 3203 1390 3248 Episcopus
1418 3212 1491 3247 qua
1518 3204 1659 3239 ratione
1690 3202 1931 3238 ministerium
1962 3210 2068 3236 suum
2091 3202 2226 3245 optime

1232 3255 1361 3295 obibit,
1378 3258 1421 3290 tr.
1438 3258 1492 3296 10,
1508 3254 1531 3288 l.
1545 3258 1576 3295 6,
1591 3263 1622 3289 c.
1639 3258 1671 3288 9.

1188 3305 1388 3349 Episcopus
1404 3304 1451 3339 ad
1477 3304 1629 3347 gradum
1645 3301 1938 3337 scholasticorum
1962 3300 2144 3335 societatis
2161 3310 2223 3343 per

1233 3359 1315 3391 vota
1339 3354 1522 3398 simplicia
1540 3353 1680 3388 admitti
1700 3359 1774 3386 non
1803 3353 1918 3394 potest
1940 3350 2020 3385 sine
2042 3349 2222 3386 Pontifici·

1233 3405 1391 3447 licentia,
1412 3405 1438 3439 l.
1452 3408 1485 3446 ⁴,
1500 3412 1530 3438 c.
1550 3406 1581 3437 ¹0.

1190 3456 1443 3499 Episcopatum
1462 3459 1654 3497 procurare
1675 3458 1722 3484 an
1739 3450 1786 3484 sit
1807 3449 1958 3489 licitum,
1974 3450 1998 3484 l.
2018 3453 2050 3488 8,
2069 3457 2100 3484 c.
2115 3452 2150 3487 ⁶1.

1192 3505 1444 3548 Episcopatum
1468 3504 1599 3536 habere
1624 3503 1774 3542 possunt
1800 3499 1957 3541 religiosi
1983 3499 2117 3541 absque
2138 3507 2221 3542 spe·

1236 3555 1318 3589 ciali
1338 3553 1619 3598 dispensatione,
1639 3554 1679 3584 tr.
1698 3554 1730 3591 8,
1745 3550 1769 3584 l.
1789 3553 1821 3591 s,
1836 3558 1867 3583 c.
1884 3554 1933 3582 19.

1193 3605 1443 3650 Episcopatum
1463 3612 1536 3638 non
1557 3606 1753 3644 acceptare,
1777 3608 1840 3643 per
1868 3609 1905 3634 sc
1929 3600 2121 3643 loquendo,
2137 3599 2221 3635 lici-

1236 3659 1312 3692 tum
1331 3659 1366 3690 et
1379 3651 1559 3691 laudabile
1571 3653 1694 3694 estur.
1710 3653 1764 3692 1ο,
1782 3649 1807 3684 l.
1825 3652 1904 3692 7,c.
1919 3653 1952 3684 8.
