<?xml version="1.0" encoding="UTF-8"?>
<!DOCTYPE html PUBLIC "-//W3C//DTD XHTML 1.0 Transitional//EN"
    "http://www.w3.org/TR/xhtml1/DTD/xhtml1-transitional.dtd">
<html xmlns="http://www.w3.org/1999/xhtml" xml:lang="en" lang="en">
 <head>
  <title>
</title>
<meta http-equiv="Content-Type" content="text/html;charset=utf-8" />
  <meta name='ocr-system' content='tesseract 3.04.00' />
  <meta name='ocr-capabilities' content='ocr_page ocr_carea ocr_par ocr_line ocrx_word'/>
</head>
<body>
  <div class='ocr_page' id='page_1' title='image "./operaomnia16suaauoft_0120.png"; bbox 0 0 2352 3880; ppageno 0'>
   <div class='ocr_carea' id='block_1_1' title="bbox 134 299 1188 2752">
    <p class='ocr_par' dir='ltr' id='par_1_1' title="bbox 134 299 1188 2752">
     <span class='ocr_line' id='line_1_1' title="bbox 148 299 1188 359; baseline -0.006 -8"><span class='ocrx_word' id='word_1_1' title='bbox 148 299 333 351; x_wconf 72' lang='lat' dir='ltr'><strong>&#39;nationis</strong></span> <span class='ocrx_word' id='word_1_2' title='bbox 349 321 434 350; x_wconf 86' lang='lat' dir='ltr'><strong>nou</strong></span> <span class='ocrx_word' id='word_1_3' title='bbox 455 307 696 359; x_wconf 83' lang='lat' dir='ltr'><strong>impediant,</strong></span> <span class='ocrx_word' id='word_1_4' title='bbox 711 318 789 346; x_wconf 88' lang='lat' dir='ltr'><strong>nec</strong></span> <span class='ocrx_word' id='word_1_5' title='bbox 807 306 897 354; x_wconf 87' lang='lat' dir='ltr'>fini,</span> <span class='ocrx_word' id='word_1_6' title='bbox 917 319 995 346; x_wconf 89' lang='lat' dir='ltr'><strong>nec</strong></span> <span class='ocrx_word' id='word_1_7' title='bbox 1014 318 1188 358; x_wconf 85' lang='lat' dir='ltr'><strong>pauper-</strong></span> 
     </span>
     <span class='ocr_line' id='line_1_2' title="bbox 155 358 1187 421; baseline -0.006 -8"><span class='ocrx_word' id='word_1_8' title='bbox 155 358 231 413; x_wconf 74' lang='lat' dir='ltr'><strong>‘tati</strong></span> <span class='ocrx_word' id='word_1_9' title='bbox 251 384 394 413; x_wconf 92' lang='lat' dir='ltr'><strong>eorum</strong></span> <span class='ocrx_word' id='word_1_10' title='bbox 417 368 721 421; x_wconf 88' lang='lat' dir='ltr'><strong>repugnabunt.</strong></span> <span class='ocrx_word' id='word_1_11' title='bbox 746 368 915 420; x_wconf 83' lang='lat' dir='ltr'>Propter</span> <span class='ocrx_word' id='word_1_12' title='bbox 943 368 1087 407; x_wconf 91' lang='lat' dir='ltr'><strong>eadem</strong></span> <span class='ocrx_word' id='word_1_13' title='bbox 1112 379 1187 407; x_wconf 85' lang='lat' dir='ltr'><strong>au-</strong></span> 
     </span>
     <span class='ocr_line' id='line_1_3' title="bbox 153 429 1187 484; baseline -0.005 -11"><span class='ocrx_word' id='word_1_14' title='bbox 153 438 239 474; x_wconf 88' lang='lat' dir='ltr'><strong>tem</strong></span> <span class='ocrx_word' id='word_1_15' title='bbox 257 432 552 484; x_wconf 89' lang='lat' dir='ltr'><strong>impedimenta</strong></span> <span class='ocrx_word' id='word_1_16' title='bbox 568 429 735 468; x_wconf 85' lang='lat' dir='ltr'><strong>vitanda</strong></span> <span class='ocrx_word' id='word_1_17' title='bbox 750 429 795 468; x_wconf 92' lang='lat' dir='ltr'><strong>in</strong></span> <span class='ocrx_word' id='word_1_18' title='bbox 809 429 996 469; x_wconf 86' lang='lat' dir='ltr'><strong>Ecclesiis</strong></span> <span class='ocrx_word' id='word_1_19' title='bbox 1012 429 1187 469; x_wconf 88' lang='lat' dir='ltr'><strong>Societa-</strong></span> 
     </span>
     <span class='ocr_line' id='line_1_4' title="bbox 156 491 1186 543; baseline -0.003 -10"><span class='ocrx_word' id='word_1_20' title='bbox 156 494 222 542; x_wconf 87' lang='lat' dir='ltr'><strong>tis,</strong></span> <span class='ocrx_word' id='word_1_21' title='bbox 245 505 320 532; x_wconf 88' lang='lat' dir='ltr'><strong>nec</strong></span> <span class='ocrx_word' id='word_1_22' title='bbox 346 493 516 539; x_wconf 88' lang='lat' dir='ltr'><strong>funera,</strong></span> <span class='ocrx_word' id='word_1_23' title='bbox 544 502 617 530; x_wconf 90' lang='grc'>5011</span> <span class='ocrx_word' id='word_1_24' title='bbox 636 491 838 530; x_wconf 88' lang='lat' dir='ltr'><strong>funeralia</strong></span> <span class='ocrx_word' id='word_1_25' title='bbox 856 491 1081 543; x_wconf 86' lang='lat' dir='ltr'><strong>stipendia,</strong></span> <span class='ocrx_word' id='word_1_26' title='bbox 1110 502 1186 529; x_wconf 81' lang='lat' dir='ltr'><strong>nec</strong></span> 
     </span>
     <span class='ocr_line' id='line_1_5' title="bbox 153 551 1187 605; baseline -0.002 -12"><span class='ocrx_word' id='word_1_27' title='bbox 153 553 389 605; x_wconf 80' lang='lat' dir='ltr'><strong>capellaniae</strong></span> <span class='ocrx_word' id='word_1_28' title='bbox 404 582 419 602; x_wconf 93' lang='lat'><strong>,</strong></span> <span class='ocrx_word' id='word_1_29' title='bbox 450 551 748 601; x_wconf 81' lang='lat' dir='ltr'><strong>anniversaria,</strong></span> <span class='ocrx_word' id='word_1_30' title='bbox 785 557 826 592; x_wconf 89' lang='lat' dir='ltr'><strong>et</strong></span> <span class='ocrx_word' id='word_1_31' title='bbox 859 552 1009 592; x_wconf 83' lang='lat' dir='ltr'><strong>similia</strong></span> <span class='ocrx_word' id='word_1_32' title='bbox 1042 552 1187 592; x_wconf 89' lang='lat' dir='ltr'><strong>haberi</strong></span> 
     </span>
     <span class='ocr_line' id='line_1_6' title="bbox 151 614 1184 667; baseline 0.001 -14"><span class='ocrx_word' id='word_1_33' title='bbox 151 618 335 667; x_wconf 85' lang='lat' dir='ltr'><strong>possunt.</strong></span> <span class='ocrx_word' id='word_1_34' title='bbox 357 614 473 654; x_wconf 85' lang='lat' dir='ltr'><strong>Unde</strong></span> <span class='ocrx_word' id='word_1_35' title='bbox 491 614 712 665; x_wconf 81' lang='lat' dir='ltr'><strong>Gregorius</strong></span> <span class='ocrx_word' id='word_1_36' title='bbox 729 614 831 661; x_wconf 91' lang='lat' dir='ltr'>XIII,</span> <span class='ocrx_word' id='word_1_37' title='bbox 846 614 891 653; x_wconf 90' lang='lat' dir='ltr'><strong>in</strong></span> <span class='ocrx_word' id='word_1_38' title='bbox 906 626 978 653; x_wconf 89' lang='lat' dir='ltr'><strong>sua</strong></span> <span class='ocrx_word' id='word_1_39' title='bbox 987 615 1104 653; x_wconf 89' lang='lat' dir='ltr'><strong>Bulla</strong></span> <span class='ocrx_word' id='word_1_40' title='bbox 1118 615 1184 663; x_wconf 75' lang='lat'><strong>10,</strong></span> 
     </span>
     <span class='ocr_line' id='line_1_7' title="bbox 151 676 1187 729; baseline 0.001 -14"><span class='ocrx_word' id='word_1_41' title='bbox 151 688 241 728; x_wconf 83' lang='lat' dir='ltr'><strong>quae</strong></span> <span class='ocrx_word' id='word_1_42' title='bbox 258 676 402 728; x_wconf 88' lang='lat' dir='ltr'><strong>incipit</strong></span> <span class='ocrx_word' id='word_1_43' title='bbox 419 676 665 724; x_wconf 61' lang='lat' dir='ltr'><strong>Salinatoris,</strong></span> <span class='ocrx_word' id='word_1_44' title='bbox 686 676 782 715; x_wconf 90' lang='lat' dir='ltr'><strong>hinc</strong></span> <span class='ocrx_word' id='word_1_45' title='bbox 797 677 999 716; x_wconf 89' lang='lat' dir='ltr'><strong>rationem</strong></span> <span class='ocrx_word' id='word_1_46' title='bbox 1014 678 1187 729; x_wconf 83' lang='lat' dir='ltr'><strong>sumpsit</strong></span> 
     </span>
     <span class='ocr_line' id='line_1_8' title="bbox 149 737 1188 790; baseline 0.002 -13"><span class='ocrx_word' id='word_1_47' title='bbox 149 737 399 778; x_wconf 84' lang='lat' dir='ltr'><strong>concedendi</strong></span> <span class='ocrx_word' id='word_1_48' title='bbox 422 737 686 790; x_wconf 90' lang='lat' dir='ltr'><strong>privilegium</strong></span> <span class='ocrx_word' id='word_1_49' title='bbox 703 737 932 777; x_wconf 80' lang='lat' dir='ltr'><strong>aedificandi</strong></span> <span class='ocrx_word' id='word_1_50' title='bbox 951 739 1061 777; x_wconf 87' lang='lat' dir='ltr'><strong>intra</strong></span> <span class='ocrx_word' id='word_1_51' title='bbox 1080 740 1188 779; x_wconf 88' lang='lat' dir='ltr'><strong>Can-</strong></span> 
     </span>
     <span class='ocr_line' id='line_1_9' title="bbox 148 799 1187 851; baseline 0.001 -12"><span class='ocrx_word' id='word_1_52' title='bbox 148 811 240 846; x_wconf 90' lang='lat' dir='ltr'><strong>nas,</strong></span> <span class='ocrx_word' id='word_1_53' title='bbox 260 799 356 851; x_wconf 89' lang='lat' dir='ltr'><strong>quia</strong></span> <span class='ocrx_word' id='word_1_54' title='bbox 376 811 425 839; x_wconf 87' lang='lat' dir='ltr'><strong>ex</strong></span> <span class='ocrx_word' id='word_1_55' title='bbox 455 799 532 839; x_wconf 90' lang='grc'>1100</span> <span class='ocrx_word' id='word_1_56' title='bbox 552 799 715 838; x_wconf 87' lang='lat' dir='ltr'><strong>nullum</strong></span> <span class='ocrx_word' id='word_1_57' title='bbox 734 799 820 839; x_wconf 88' lang='lat' dir='ltr'><strong>fere</strong></span> <span class='ocrx_word' id='word_1_58' title='bbox 839 799 1123 850; x_wconf 83' lang='lat' dir='ltr'><strong>praejudicium</strong></span> <span class='ocrx_word' id='word_1_59' title='bbox 1143 802 1187 841; x_wconf 87' lang='lat' dir='ltr'><strong>in</strong></span> 
     </span>
     <span class='ocr_line' id='line_1_10' title="bbox 150 860 1187 913; baseline 0.004 -14"><span class='ocrx_word' id='word_1_60' title='bbox 150 860 252 900; x_wconf 89' lang='lat' dir='ltr'><strong>alios</strong></span> <span class='ocrx_word' id='word_1_61' title='bbox 277 860 490 911; x_wconf 88' lang='lat' dir='ltr'><strong>religiosos</strong></span> <span class='ocrx_word' id='word_1_62' title='bbox 510 860 734 909; x_wconf 81' lang='lat' dir='ltr'><strong>redundat,</strong></span> <span class='ocrx_word' id='word_1_63' title='bbox 761 873 800 900; x_wconf 83' lang='lat' dir='ltr'><strong>eo</strong></span> <span class='ocrx_word' id='word_1_64' title='bbox 826 863 928 912; x_wconf 83' lang='lat' dir='ltr'><strong>quod</strong></span> <span class='ocrx_word' id='word_1_65' title='bbox 947 866 1110 913; x_wconf 84' lang='lat' dir='ltr'><strong>propter</strong></span> <span class='ocrx_word' id='word_1_66' title='bbox 1127 863 1187 903; x_wconf 79' lang='lat' dir='ltr'><strong>di-</strong></span> 
     </span>
     <span class='ocr_line' id='line_1_11' title="bbox 148 923 1185 978; baseline 0.003 -16"><span class='ocrx_word' id='word_1_67' title='bbox 148 934 302 963; x_wconf 81' lang='lat' dir='ltr'><strong>versam</strong></span> <span class='ocrx_word' id='word_1_68' title='bbox 321 923 575 972; x_wconf 83' lang='lat' dir='ltr'><strong>functionum</strong></span> <span class='ocrx_word' id='word_1_69' title='bbox 591 926 629 963; x_wconf 81' lang='lat' dir='ltr'><strong>et</strong></span> <span class='ocrx_word' id='word_1_70' title='bbox 645 923 827 962; x_wconf 82' lang='lat' dir='ltr'><strong>instituti</strong></span> <span class='ocrx_word' id='word_1_71' title='bbox 844 923 1039 978; x_wconf 85' lang='lat' dir='ltr'><strong>rationem</strong></span> <span class='ocrx_word' id='word_1_72' title='bbox 1052 923 1185 965; x_wconf 81' lang='lat' dir='ltr'><strong>Socie-</strong></span> 
     </span>
     <span class='ocr_line' id='line_1_12' title="bbox 148 983 1186 1035; baseline 0 -10"><span class='ocrx_word' id='word_1_73' title='bbox 148 987 215 1025; x_wconf 73' lang='lat' dir='ltr'><strong>tas</strong></span> <span class='ocrx_word' id='word_1_74' title='bbox 247 995 318 1023; x_wconf 85' lang='lat' dir='ltr'><strong>neo</strong></span> <span class='ocrx_word' id='word_1_75' title='bbox 353 984 464 1023; x_wconf 79' lang='lat' dir='ltr'><strong>elzeri</strong></span> <span class='ocrx_word' id='word_1_76' title='bbox 497 995 615 1023; x_wconf 85' lang='lat' dir='ltr'><strong>usum</strong></span> <span class='ocrx_word' id='word_1_77' title='bbox 647 983 784 1032; x_wconf 74' lang='lat' dir='ltr'><strong>habet,</strong></span> <span class='ocrx_word' id='word_1_78' title='bbox 814 995 883 1024; x_wconf 85' lang='lat' dir='ltr'><strong>nec</strong></span> <span class='ocrx_word' id='word_1_79' title='bbox 911 985 966 1024; x_wconf 81' lang='lat' dir='ltr'><strong>ad</strong></span> <span class='ocrx_word' id='word_1_80' title='bbox 981 985 1186 1035; x_wconf 71' lang='lat' dir='ltr'><strong>funeratos</strong></span> 
     </span>
     <span class='ocr_line' id='line_1_13' title="bbox 147 1044 1183 1096; baseline 0.003 -12"><span class='ocrx_word' id='word_1_81' title='bbox 147 1044 430 1084; x_wconf 79' lang='lat' dir='ltr'><strong>associationes</strong></span> <span class='ocrx_word' id='word_1_82' title='bbox 448 1044 614 1093; x_wconf 84' lang='lat' dir='ltr'><strong>aceedit,</strong></span> <span class='ocrx_word' id='word_1_83' title='bbox 639 1055 710 1084; x_wconf 87' lang='lat' dir='ltr'><strong>nec</strong></span> <span class='ocrx_word' id='word_1_84' title='bbox 734 1045 1006 1094; x_wconf 83' lang='lat' dir='ltr'><strong>defunctorum</strong></span> <span class='ocrx_word' id='word_1_85' title='bbox 1020 1047 1183 1096; x_wconf 78' lang='lat' dir='ltr'><strong>funera,</strong></span> 
     </span>
     <span class='ocr_line' id='line_1_14' title="bbox 140 1105 1186 1159; baseline 0.004 -15"><span class='ocrx_word' id='word_1_86' title='bbox 140 1105 232 1145; x_wconf 75' lang='lat' dir='ltr'><strong>misi</strong></span> <span class='ocrx_word' id='word_1_87' title='bbox 249 1118 350 1146; x_wconf 87' lang='lat' dir='ltr'><strong>rara</strong></span> <span class='ocrx_word' id='word_1_88' title='bbox 361 1123 376 1151; x_wconf 93' lang='lat'><strong>‚·</strong></span> <span class='ocrx_word' id='word_1_89' title='bbox 397 1106 510 1146; x_wconf 81' lang='lat' dir='ltr'><strong>nulla</strong></span> <span class='ocrx_word' id='word_1_90' title='bbox 529 1106 624 1145; x_wconf 82' lang='lat' dir='ltr'><strong>item.</strong></span> <span class='ocrx_word' id='word_1_91' title='bbox 645 1106 864 1146; x_wconf 85' lang='lat' dir='ltr'><strong>missarum</strong></span> <span class='ocrx_word' id='word_1_92' title='bbox 879 1106 939 1146; x_wconf 80' lang='lat' dir='ltr'><strong>vel</strong></span> <span class='ocrx_word' id='word_1_93' title='bbox 957 1107 1186 1159; x_wconf 75' lang='lat' dir='ltr'><strong>sepulchra·</strong></span> 
     </span>
     <span class='ocr_line' id='line_1_15' title="bbox 146 1166 1186 1220; baseline 0.004 -14"><span class='ocrx_word' id='word_1_94' title='bbox 146 1166 205 1206; x_wconf 85' lang='lat' dir='ltr'><strong>Zia</strong></span> <span class='ocrx_word' id='word_1_95' title='bbox 221 1166 434 1218; x_wconf 85' lang='lat' dir='ltr'><strong>stipendia,</strong></span> <span class='ocrx_word' id='word_1_96' title='bbox 455 1166 590 1207; x_wconf 81' lang='lat' dir='ltr'><strong>nullas</strong></span> <span class='ocrx_word' id='word_1_97' title='bbox 608 1166 912 1219; x_wconf 71' lang='lat' dir='ltr'><strong>sepulchrorum</strong></span> <span class='ocrx_word' id='word_1_98' title='bbox 933 1167 995 1209; x_wconf 79' lang='lat' dir='ltr'><strong>vel</strong></span> <span class='ocrx_word' id='word_1_99' title='bbox 1013 1169 1186 1220; x_wconf 79' lang='lat' dir='ltr'><strong>capella-</strong></span> 
     </span>
     <span class='ocr_line' id='line_1_16' title="bbox 146 1228 1187 1282; baseline 0.005 -15"><span class='ocrx_word' id='word_1_100' title='bbox 146 1229 311 1268; x_wconf 84' lang='lat' dir='ltr'><strong>niarum</strong></span> <span class='ocrx_word' id='word_1_101' title='bbox 335 1228 612 1277; x_wconf 78' lang='lat' dir='ltr'><strong>fundationes,</strong></span> <span class='ocrx_word' id='word_1_102' title='bbox 645 1229 799 1268; x_wconf 80' lang='lat' dir='ltr'><strong>nullam</strong></span> <span class='ocrx_word' id='word_1_103' title='bbox 830 1230 996 1281; x_wconf 78' lang='lat' dir='ltr'><strong>denique</strong></span> <span class='ocrx_word' id='word_1_104' title='bbox 1014 1242 1187 1282; x_wconf 77' lang='lat' dir='ltr'><strong>prorsus</strong></span> 
     </span>
     <span class='ocr_line' id='line_1_17' title="bbox 146 1289 1187 1343; baseline 0.006 -15"><span class='ocrx_word' id='word_1_105' title='bbox 146 1289 444 1340; x_wconf 71' lang='lat' dir='ltr'><strong>eleemosynam,</strong></span> <span class='ocrx_word' id='word_1_106' title='bbox 455 1302 543 1342; x_wconf 84' lang='lat' dir='ltr'><strong>quoe</strong></span> <span class='ocrx_word' id='word_1_107' title='bbox 561 1291 614 1330; x_wconf 85' lang='lat' dir='ltr'><strong>ad</strong></span> <span class='ocrx_word' id='word_1_108' title='bbox 630 1291 795 1343; x_wconf 75' lang='lat' dir='ltr'><strong>quodvis</strong></span> <span class='ocrx_word' id='word_1_109' title='bbox 811 1291 945 1343; x_wconf 86' lang='lat' dir='ltr'><strong>ipsius</strong></span> <span class='ocrx_word' id='word_1_110' title='bbox 967 1290 1187 1334; x_wconf 81' lang='lat' dir='ltr'><strong>Societatz&#39;s</strong></span> 
     </span>
     <span class='ocr_line' id='line_1_18' title="bbox 144 1350 1185 1404; baseline 0.006 -15"><span class='ocrx_word' id='word_1_111' title='bbox 144 1350 417 1392; x_wconf 80' lang='lat' dir='ltr'><strong>ministerium</strong></span> <span class='ocrx_word' id='word_1_112' title='bbox 445 1352 505 1392; x_wconf 79' lang='lat' dir='ltr'><strong>vel</strong></span> <span class='ocrx_word' id='word_1_113' title='bbox 533 1363 630 1404; x_wconf 88' lang='lat' dir='ltr'><strong>opus</strong></span> <span class='ocrx_word' id='word_1_114' title='bbox 652 1352 783 1402; x_wconf 73' lang='lat' dir='ltr'><strong>diriqi</strong></span> <span class='ocrx_word' id='word_1_115' title='bbox 815 1351 1082 1403; x_wconf 63' lang='lat' dir='ltr'><strong>intelligatur,</strong></span> <span class='ocrx_word' id='word_1_116' title='bbox 1114 1354 1185 1395; x_wconf 86' lang='lat' dir='ltr'><strong>ad-</strong></span> 
     </span>
     <span class='ocr_line' id='line_1_19' title="bbox 144 1412 1185 1463; baseline 0.003 -12"><span class='ocrx_word' id='word_1_117' title='bbox 144 1412 289 1453; x_wconf 79' lang='lat' dir='ltr'><strong>mittit.</strong></span> <span class='ocrx_word' id='word_1_118' title='bbox 319 1413 364 1451; x_wconf 91' lang='lat' dir='ltr'><strong>In</strong></span> <span class='ocrx_word' id='word_1_119' title='bbox 383 1413 449 1452; x_wconf 88' lang='lat' dir='ltr'><strong>his</strong></span> <span class='ocrx_word' id='word_1_120' title='bbox 466 1424 565 1463; x_wconf 90' lang='lat' dir='ltr'><strong>ergo</strong></span> <span class='ocrx_word' id='word_1_121' title='bbox 583 1413 775 1452; x_wconf 89' lang='lat' dir='ltr'><strong>omnibus</strong></span> <span class='ocrx_word' id='word_1_122' title='bbox 794 1414 1047 1453; x_wconf 73' lang='lat' dir='ltr'><strong>convenIunt</strong></span> <span class='ocrx_word' id='word_1_123' title='bbox 1065 1413 1185 1455; x_wconf 88' lang='lat' dir='ltr'><strong>colle-</strong></span> 
     </span>
     <span class='ocr_line' id='line_1_20' title="bbox 144 1472 1184 1526; baseline 0.008 -15"><span class='ocrx_word' id='word_1_124' title='bbox 144 1472 215 1522; x_wconf 85' lang='lat' dir='ltr'><strong>gia</strong></span> <span class='ocrx_word' id='word_1_125' title='bbox 234 1485 328 1512; x_wconf 88' lang='lat' dir='ltr'><strong>cum</strong></span> <span class='ocrx_word' id='word_1_126' title='bbox 340 1474 540 1514; x_wconf 86' lang='lat' dir='ltr'><strong>Societate</strong></span> <span class='ocrx_word' id='word_1_127' title='bbox 553 1474 773 1526; x_wconf 84' lang='lat' dir='ltr'><strong>professa¹.</strong></span> <span class='ocrx_word' id='word_1_128' title='bbox 786 1476 836 1514; x_wconf 90' lang='lat' dir='ltr'><strong>Et</strong></span> <span class='ocrx_word' id='word_1_129' title='bbox 852 1487 995 1516; x_wconf 91' lang='lat' dir='ltr'><strong>eorum</strong></span> <span class='ocrx_word' id='word_1_130' title='bbox 1014 1476 1119 1515; x_wconf 89' lang='lat' dir='ltr'><strong>ratio</strong></span> <span class='ocrx_word' id='word_1_131' title='bbox 1132 1488 1184 1519; x_wconf 75' lang='lat' dir='ltr'><strong>ex</strong></span> 
     </span>
     <span class='ocr_line' id='line_1_21' title="bbox 145 1533 1178 1587; baseline 0.005 -15"><span class='ocrx_word' id='word_1_132' title='bbox 145 1533 264 1572; x_wconf 80' lang='lat' dir='ltr'><strong>dictis</strong></span> <span class='ocrx_word' id='word_1_133' title='bbox 284 1536 329 1574; x_wconf 92' lang='lat' dir='ltr'><strong>in</strong></span> <span class='ocrx_word' id='word_1_134' title='bbox 345 1547 434 1586; x_wconf 88' lang='lat' dir='ltr'><strong>cap.</strong></span> <span class='ocrx_word' id='word_1_135' title='bbox 452 1537 477 1575; x_wconf 87' lang='lat'>7</span> <span class='ocrx_word' id='word_1_136' title='bbox 494 1537 671 1587; x_wconf 89' lang='lat' dir='ltr'><strong>petenda</strong></span> <span class='ocrx_word' id='word_1_137' title='bbox 690 1540 774 1586; x_wconf 82' lang='lat' dir='ltr'><strong>est3</strong></span> <span class='ocrx_word' id='word_1_138' title='bbox 793 1542 835 1576; x_wconf 90' lang='lat' dir='ltr'><strong>et</strong></span> <span class='ocrx_word' id='word_1_139' title='bbox 850 1537 960 1577; x_wconf 87' lang='lat' dir='ltr'><strong>ultra</strong></span> <span class='ocrx_word' id='word_1_140' title='bbox 978 1537 1035 1576; x_wconf 88' lang='lat' dir='ltr'><strong>ibi</strong></span> <span class='ocrx_word' id='word_1_141' title='bbox 1055 1538 1178 1586; x_wconf 80' lang='lat' dir='ltr'><strong>dicta,</strong></span> 
     </span>
     <span class='ocr_line' id='line_1_22' title="bbox 143 1594 1184 1649; baseline 0.005 -16"><span class='ocrx_word' id='word_1_142' title='bbox 143 1594 287 1634; x_wconf 86' lang='lat' dir='ltr'><strong>omnia</strong></span> <span class='ocrx_word' id='word_1_143' title='bbox 306 1607 355 1634; x_wconf 91' lang='lat' dir='ltr'><strong>eo</strong></span> <span class='ocrx_word' id='word_1_144' title='bbox 370 1596 572 1644; x_wconf 89' lang='lat' dir='ltr'><strong>tendunt,</strong></span> <span class='ocrx_word' id='word_1_145' title='bbox 602 1601 650 1635; x_wconf 90' lang='lat' dir='ltr'><strong>ut</strong></span> <span class='ocrx_word' id='word_1_146' title='bbox 677 1597 881 1637; x_wconf 79' lang='lat' dir='ltr'><strong>scholares</strong></span> <span class='ocrx_word' id='word_1_147' title='bbox 901 1598 1078 1649; x_wconf 82' lang='lat' dir='ltr'><strong>quietius</strong></span> <span class='ocrx_word' id='word_1_148' title='bbox 1093 1610 1184 1649; x_wconf 88' lang='lat' dir='ltr'><strong>pos-</strong></span> 
     </span>
     <span class='ocr_line' id='line_1_23' title="bbox 143 1654 1185 1708; baseline 0.005 -13"><span class='ocrx_word' id='word_1_149' title='bbox 143 1654 226 1695; x_wconf 87' lang='lat' dir='ltr'><strong>sint</strong></span> <span class='ocrx_word' id='word_1_150' title='bbox 245 1656 329 1694; x_wconf 87' lang='lat' dir='ltr'><strong>suis</strong></span> <span class='ocrx_word' id='word_1_151' title='bbox 344 1656 490 1696; x_wconf 85' lang='lat' dir='ltr'><strong>litteris</strong></span> <span class='ocrx_word' id='word_1_152' title='bbox 506 1661 546 1697; x_wconf 85' lang='lat' dir='ltr'><strong>et</strong></span> <span class='ocrx_word' id='word_1_153' title='bbox 565 1658 766 1708; x_wconf 87' lang='lat' dir='ltr'><strong>profectui</strong></span> <span class='ocrx_word' id='word_1_154' title='bbox 778 1671 940 1698; x_wconf 88' lang='lat' dir='ltr'><strong>vacare.</strong></span> <span class='ocrx_word' id='word_1_155' title='bbox 955 1661 1014 1699; x_wconf 82' lang='lat' dir='ltr'><strong>Ex</strong></span> <span class='ocrx_word' id='word_1_156' title='bbox 1025 1672 1073 1699; x_wconf 87' lang='lat' dir='ltr'><strong>eo</strong></span> <span class='ocrx_word' id='word_1_157' title='bbox 1086 1661 1185 1700; x_wconf 91' lang='lat' dir='ltr'><strong>item</strong></span> 
     </span>
     <span class='ocr_line' id='line_1_24' title="bbox 145 1717 1186 1773; baseline 0.008 -19"><span class='ocrx_word' id='word_1_158' title='bbox 145 1717 363 1768; x_wconf 87' lang='lat' dir='ltr'><strong>principio,</strong></span> <span class='ocrx_word' id='word_1_159' title='bbox 397 1718 509 1770; x_wconf 89' lang='lat' dir='ltr'><strong>quod</strong></span> <span class='ocrx_word' id='word_1_160' title='bbox 539 1719 725 1761; x_wconf 78' lang='lat' dir='ltr'><strong>Societas</strong></span> <span class='ocrx_word' id='word_1_161' title='bbox 747 1732 820 1771; x_wconf 85' lang='lat' dir='ltr'><strong>pro</strong></span> <span class='ocrx_word' id='word_1_162' title='bbox 843 1720 1086 1762; x_wconf 83' lang='lat' dir='ltr'><strong>ministeriis</strong></span> <span class='ocrx_word' id='word_1_163' title='bbox 1101 1723 1186 1773; x_wconf 83' lang='lat' dir='ltr'><strong>spi-</strong></span> 
     </span>
     <span class='ocr_line' id='line_1_25' title="bbox 142 1779 1185 1834; baseline 0.004 -16"><span class='ocrx_word' id='word_1_164' title='bbox 142 1779 364 1819; x_wconf 80' lang='lat' dir='ltr'><strong>ritualibus</strong></span> <span class='ocrx_word' id='word_1_165' title='bbox 383 1780 589 1831; x_wconf 85' lang='lat' dir='ltr'><strong>stipendia</strong></span> <span class='ocrx_word' id='word_1_166' title='bbox 610 1793 688 1821; x_wconf 82' lang='lat' dir='ltr'><strong>non</strong></span> <span class='ocrx_word' id='word_1_167' title='bbox 711 1782 872 1834; x_wconf 81' lang='lat' dir='ltr'><strong>recipit,</strong></span> <span class='ocrx_word' id='word_1_168' title='bbox 893 1781 940 1821; x_wconf 88' lang='lat' dir='ltr'><strong>fit</strong></span> <span class='ocrx_word' id='word_1_169' title='bbox 957 1786 1104 1822; x_wconf 84' lang='lat' dir='ltr'><strong>utnon</strong></span> <span class='ocrx_word' id='word_1_170' title='bbox 1120 1794 1185 1822; x_wconf 90' lang='lat' dir='ltr'><strong>so-</strong></span> 
     </span>
     <span class='ocr_line' id='line_1_26' title="bbox 142 1837 1184 1891; baseline 0.006 -14"><span class='ocrx_word' id='word_1_171' title='bbox 142 1837 233 1877; x_wconf 92' lang='lat' dir='ltr'><strong>lum</strong></span> <span class='ocrx_word' id='word_1_172' title='bbox 251 1840 294 1877; x_wconf 91' lang='lat' dir='ltr'><strong>in</strong></span> <span class='ocrx_word' id='word_1_173' title='bbox 306 1840 495 1880; x_wconf 91' lang='lat' dir='ltr'><strong>Ecclesiis</strong></span> <span class='ocrx_word' id='word_1_174' title='bbox 513 1841 748 1891; x_wconf 89' lang='lat' dir='ltr'><strong>domorum,</strong></span> <span class='ocrx_word' id='word_1_175' title='bbox 762 1854 906 1881; x_wconf 83' lang='lat' dir='ltr'><strong>verum</strong></span> <span class='ocrx_word' id='word_1_176' title='bbox 921 1843 1044 1883; x_wconf 90' lang='lat' dir='ltr'><strong>etiam</strong></span> <span class='ocrx_word' id='word_1_177' title='bbox 1064 1843 1184 1883; x_wconf 88' lang='grc'>00110-</span> 
     </span>
     <span class='ocr_line' id='line_1_27' title="bbox 143 1899 1184 1955; baseline 0.006 -17"><span class='ocrx_word' id='word_1_178' title='bbox 143 1899 336 1950; x_wconf 87' lang='lat' dir='ltr'><strong>giorum,</strong></span> <span class='ocrx_word' id='word_1_179' title='bbox 367 1914 453 1941; x_wconf 90' lang='lat' dir='ltr'><strong>esse</strong></span> <span class='ocrx_word' id='word_1_180' title='bbox 481 1914 567 1941; x_wconf 91' lang='lat' dir='ltr'><strong>non</strong></span> <span class='ocrx_word' id='word_1_181' title='bbox 593 1904 751 1954; x_wconf 87' lang='lat' dir='ltr'><strong>possint</strong></span> <span class='ocrx_word' id='word_1_182' title='bbox 776 1915 880 1943; x_wconf 86' lang='lat' dir='ltr'><strong>arcae</strong></span> <span class='ocrx_word' id='word_1_183' title='bbox 912 1904 1086 1955; x_wconf 84' lang='lat' dir='ltr'><strong>puhlieae</strong></span> <span class='ocrx_word' id='word_1_184' title='bbox 1113 1917 1184 1944; x_wconf 80' lang='lat' dir='ltr'><strong>ex-</strong></span> 
     </span>
     <span class='ocr_line' id='line_1_28' title="bbox 143 1960 1183 2013; baseline 0.008 -16"><span class='ocrx_word' id='word_1_185' title='bbox 143 1960 285 2011; x_wconf 84' lang='lat' dir='ltr'><strong>positae</strong></span> <span class='ocrx_word' id='word_1_186' title='bbox 297 1961 349 2000; x_wconf 87' lang='lat' dir='ltr'><strong>ad</strong></span> <span class='ocrx_word' id='word_1_187' title='bbox 363 1961 611 2012; x_wconf 88' lang='lat' dir='ltr'><strong>colligendas</strong></span> <span class='ocrx_word' id='word_1_188' title='bbox 622 1962 917 2013; x_wconf 82' lang='lat' dir='ltr'><strong>eleemosynas,</strong></span> <span class='ocrx_word' id='word_1_189' title='bbox 930 1968 975 2002; x_wconf 89' lang='lat' dir='ltr'><strong>ut</strong></span> <span class='ocrx_word' id='word_1_190' title='bbox 989 1965 1183 2006; x_wconf 84' lang='lat' dir='ltr'><strong>statuitur</strong></span> 
     </span>
     <span class='ocr_line' id='line_1_29' title="bbox 141 2023 1180 2077; baseline 0.005 -17"><span class='ocrx_word' id='word_1_191' title='bbox 141 2023 188 2060; x_wconf 90' lang='lat' dir='ltr'><strong>in</strong></span> <span class='ocrx_word' id='word_1_192' title='bbox 204 2027 316 2061; x_wconf 80' lang='lat' dir='ltr'><strong>sexta</strong></span> <span class='ocrx_word' id='word_1_193' title='bbox 333 2027 447 2072; x_wconf 88' lang='lat' dir='ltr'><strong>parte</strong></span> <span class='ocrx_word' id='word_1_194' title='bbox 465 2023 830 2072; x_wconf 83' lang='lat' dir='ltr'><strong>Constitutionum‚</strong></span> <span class='ocrx_word' id='word_1_195' title='bbox 843 2036 932 2075; x_wconf 88' lang='lat' dir='ltr'><strong>cap.</strong></span> <span class='ocrx_word' id='word_1_196' title='bbox 955 2026 995 2073; x_wconf 80' lang='lat'><strong>2,</strong></span> <span class='ocrx_word' id='word_1_197' title='bbox 1011 2025 1034 2077; x_wconf 64' lang='grc' dir='ltr'><strong>ἓ</strong></span> <span class='ocrx_word' id='word_1_198' title='bbox 1048 2026 1088 2074; x_wconf 88' lang='grc'><strong>8,</strong></span> <span class='ocrx_word' id='word_1_199' title='bbox 1109 2026 1180 2066; x_wconf 89' lang='grc'>11111</span> 
     </span>
     <span class='ocr_line' id='line_1_30' title="bbox 141 2082 1175 2138; baseline 0.005 -17"><span class='ocrx_word' id='word_1_200' title='bbox 141 2082 238 2122; x_wconf 86' lang='lat' dir='ltr'><strong>licet</strong></span> <span class='ocrx_word' id='word_1_201' title='bbox 256 2082 446 2123; x_wconf 74' lang='lat' dir='ltr'><strong>videatur</strong></span> <span class='ocrx_word' id='word_1_202' title='bbox 460 2096 544 2124; x_wconf 88' lang='lat' dir='ltr'><strong>esse</strong></span> <span class='ocrx_word' id='word_1_203' title='bbox 555 2097 690 2125; x_wconf 89' lang='lat' dir='ltr'><strong>sermo</strong></span> <span class='ocrx_word' id='word_1_204' title='bbox 703 2086 754 2125; x_wconf 90' lang='lat' dir='ltr'><strong>de</strong></span> <span class='ocrx_word' id='word_1_205' title='bbox 774 2086 961 2124; x_wconf 89' lang='lat' dir='ltr'><strong>domibus</strong></span> <span class='ocrx_word' id='word_1_206' title='bbox 971 2087 1175 2138; x_wconf 83' lang='lat' dir='ltr'><strong>professis,</strong></span> 
     </span>
     <span class='ocr_line' id='line_1_31' title="bbox 141 2145 1179 2199; baseline 0.007 -17"><span class='ocrx_word' id='word_1_207' title='bbox 141 2156 242 2183; x_wconf 91' lang='lat' dir='ltr'><strong>nam</strong></span> <span class='ocrx_word' id='word_1_208' title='bbox 262 2146 312 2183; x_wconf 90' lang='lat' dir='ltr'><strong>de</strong></span> <span class='ocrx_word' id='word_1_209' title='bbox 338 2145 418 2184; x_wconf 89' lang='lat' dir='ltr'><strong>illis</strong></span> <span class='ocrx_word' id='word_1_210' title='bbox 435 2145 480 2186; x_wconf 92' lang='lat' dir='ltr'><strong>in</strong></span> <span class='ocrx_word' id='word_1_211' title='bbox 499 2158 547 2185; x_wconf 93' lang='grc' dir='ltr'>οο</span> <span class='ocrx_word' id='word_1_212' title='bbox 567 2146 699 2197; x_wconf 88' lang='lat' dir='ltr'><strong>capite</strong></span> <span class='ocrx_word' id='word_1_213' title='bbox 722 2148 927 2198; x_wconf 75' lang='lat' dir='ltr'><strong>praecipue</strong></span> <span class='ocrx_word' id='word_1_214' title='bbox 943 2149 1095 2199; x_wconf 87' lang='lat' dir='ltr'><strong>agitur,</strong></span> <span class='ocrx_word' id='word_1_215' title='bbox 1116 2153 1179 2189; x_wconf 87' lang='lat' dir='ltr'><strong>ta-</strong></span> 
     </span>
     <span class='ocr_line' id='line_1_32' title="bbox 140 2208 1180 2261; baseline 0.005 -16"><span class='ocrx_word' id='word_1_216' title='bbox 140 2216 240 2245; x_wconf 90' lang='lat' dir='ltr'><strong>men</strong></span> <span class='ocrx_word' id='word_1_217' title='bbox 269 2210 310 2246; x_wconf 89' lang='lat' dir='ltr'><strong>et</strong></span> <span class='ocrx_word' id='word_1_218' title='bbox 330 2208 467 2258; x_wconf 87' lang='lat' dir='ltr'><strong>praxis</strong></span> <span class='ocrx_word' id='word_1_219' title='bbox 494 2212 535 2247; x_wconf 92' lang='lat' dir='ltr'><strong>et</strong></span> <span class='ocrx_word' id='word_1_220' title='bbox 560 2208 684 2247; x_wconf 87' lang='lat' dir='ltr'><strong>totius</strong></span> <span class='ocrx_word' id='word_1_221' title='bbox 711 2209 920 2248; x_wconf 87' lang='lat' dir='ltr'><strong>Societatis</strong></span> <span class='ocrx_word' id='word_1_222' title='bbox 943 2222 1085 2249; x_wconf 91' lang='grc'>50115115</span> <span class='ocrx_word' id='word_1_223' title='bbox 1104 2215 1180 2261; x_wconf 87' lang='lat' dir='ltr'><strong>est,</strong></span> 
     </span>
     <span class='ocr_line' id='line_1_33' title="bbox 142 2266 1178 2320; baseline 0.006 -15"><span class='ocrx_word' id='word_1_224' title='bbox 142 2271 193 2305; x_wconf 92' lang='lat' dir='ltr'><strong>ut</strong></span> <span class='ocrx_word' id='word_1_225' title='bbox 209 2266 259 2306; x_wconf 93' lang='lat' dir='ltr'><strong>de</strong></span> <span class='ocrx_word' id='word_1_226' title='bbox 277 2268 470 2307; x_wconf 85' lang='lat' dir='ltr'><strong>omnibus</strong></span> <span class='ocrx_word' id='word_1_227' title='bbox 488 2268 757 2320; x_wconf 83' lang='lat' dir='ltr'><strong>intelligatur.</strong></span> <span class='ocrx_word' id='word_1_228' title='bbox 780 2271 831 2309; x_wconf 90' lang='lat' dir='ltr'><strong>Et</strong></span> <span class='ocrx_word' id='word_1_229' title='bbox 853 2271 944 2310; x_wconf 90' lang='lat' dir='ltr'><strong>ideo</strong></span> <span class='ocrx_word' id='word_1_230' title='bbox 966 2272 1011 2311; x_wconf 89' lang='lat' dir='ltr'><strong>in</strong></span> <span class='ocrx_word' id='word_1_231' title='bbox 1030 2284 1178 2312; x_wconf 88' lang='lat' dir='ltr'><strong>canon.</strong></span> 
     </span>
     <span class='ocr_line' id='line_1_34' title="bbox 138 2328 1182 2383; baseline 0.007 -17"><span class='ocrx_word' id='word_1_232' title='bbox 138 2328 340 2378; x_wconf 84' lang='lat' dir='ltr'><strong>vigesimo</strong></span> <span class='ocrx_word' id='word_1_233' title='bbox 367 2330 488 2369; x_wconf 87' lang='lat' dir='ltr'><strong>tertio</strong></span> <span class='ocrx_word' id='word_1_234' title='bbox 516 2331 704 2370; x_wconf 82' lang='lat' dir='ltr'><strong>secundae</strong></span> <span class='ocrx_word' id='word_1_235' title='bbox 726 2331 1079 2383; x_wconf 85' lang='lat' dir='ltr'><strong>Congrcgationis,</strong></span> <span class='ocrx_word' id='word_1_236' title='bbox 1109 2333 1182 2373; x_wconf 82' lang='lat' dir='ltr'><strong>ab·</strong></span> 
     </span>
     <span class='ocr_line' id='line_1_35' title="bbox 134 2389 1181 2438; baseline 0.009 -11"><span class='ocrx_word' id='word_1_237' title='bbox 134 2389 271 2429; x_wconf 82' lang='lat' dir='ltr'><strong>‘solute</strong></span> <span class='ocrx_word' id='word_1_238' title='bbox 316 2390 467 2430; x_wconf 87' lang='lat' dir='ltr'><strong>dicitur</strong></span> <span class='ocrx_word' id='word_1_239' title='bbox 498 2403 507 2430; x_wconf 89' lang='lat'><strong>:</strong></span> <span class='ocrx_word' id='word_1_240' title='bbox 540 2392 591 2434; x_wconf 93' lang='lat' dir='ltr'><em>N</em></span> <span class='ocrx_word' id='word_1_241' title='bbox 590 2405 638 2433; x_wconf 83' lang='lat' dir='ltr'><strong>on</strong></span> <span class='ocrx_word' id='word_1_242' title='bbox 671 2393 729 2433; x_wconf 84' lang='lat' dir='ltr'><strong>sit</strong></span> <span class='ocrx_word' id='word_1_243' title='bbox 762 2394 903 2433; x_wconf 83' lang='lat' dir='ltr'><strong>arcula</strong></span> <span class='ocrx_word' id='word_1_244' title='bbox 940 2395 988 2434; x_wconf 83' lang='lat' dir='ltr'><strong>in</strong></span> <span class='ocrx_word' id='word_1_245' title='bbox 1028 2395 1181 2438; x_wconf 85' lang='lat' dir='ltr'><strong>nostris</strong></span> 
     </span>
     <span class='ocr_line' id='line_1_36' title="bbox 139 2450 1180 2507; baseline 0.006 -17"><span class='ocrx_word' id='word_1_246' title='bbox 139 2450 341 2492; x_wconf 80' lang='lat' dir='ltr'><strong>Ecclesiis</strong></span> <span class='ocrx_word' id='word_1_247' title='bbox 354 2464 429 2503; x_wconf 87' lang='lat' dir='ltr'><strong>pro</strong></span> <span class='ocrx_word' id='word_1_248' title='bbox 449 2453 701 2505; x_wconf 76' lang='lat' dir='ltr'><strong>eleemosynis</strong></span> <span class='ocrx_word' id='word_1_249' title='bbox 718 2454 971 2507; x_wconf 80' lang='lat' dir='ltr'><strong>accipiendis.</strong></span> <span class='ocrx_word' id='word_1_250' title='bbox 996 2456 1047 2495; x_wconf 86' lang='lat' dir='ltr'><strong>Et</strong></span> <span class='ocrx_word' id='word_1_251' title='bbox 1065 2456 1180 2496; x_wconf 86' lang='lat' dir='ltr'><strong>addi-</strong></span> 
     </span>
     <span class='ocr_line' id='line_1_37' title="bbox 138 2514 1178 2567; baseline 0.009 -17"><span class='ocrx_word' id='word_1_252' title='bbox 138 2516 223 2561; x_wconf 88' lang='lat' dir='ltr'><strong>tur,</strong></span> <span class='ocrx_word' id='word_1_253' title='bbox 250 2525 330 2553; x_wconf 86' lang='lat' dir='ltr'><strong>non</strong></span> <span class='ocrx_word' id='word_1_254' title='bbox 359 2514 488 2555; x_wconf 81' lang='lat' dir='ltr'><strong>solum</strong></span> <span class='ocrx_word' id='word_1_255' title='bbox 514 2527 590 2566; x_wconf 84' lang='lat' dir='ltr'><strong>pro</strong></span> <span class='ocrx_word' id='word_1_256' title='bbox 619 2514 746 2564; x_wconf 83' lang='lat' dir='ltr'><strong>nobis,</strong></span> <span class='ocrx_word' id='word_1_257' title='bbox 777 2517 885 2567; x_wconf 90' lang='lat' dir='ltr'><strong>quod</strong></span> <span class='ocrx_word' id='word_1_258' title='bbox 911 2518 1083 2557; x_wconf 88' lang='lat' dir='ltr'><strong>omnino</strong></span> <span class='ocrx_word' id='word_1_259' title='bbox 1110 2531 1178 2558; x_wconf 90' lang='lat' dir='ltr'><strong>ne-</strong></span> 
     </span>
     <span class='ocr_line' id='line_1_38' title="bbox 139 2576 1178 2629; baseline 0.007 -17"><span class='ocrx_word' id='word_1_260' title='bbox 139 2576 362 2613; x_wconf 87' lang='lat' dir='ltr'><strong>cessarium</strong></span> <span class='ocrx_word' id='word_1_261' title='bbox 383 2579 466 2624; x_wconf 90' lang='lat' dir='ltr'><strong>est,</strong></span> <span class='ocrx_word' id='word_1_262' title='bbox 493 2577 563 2616; x_wconf 92' lang='lat' dir='ltr'><strong>sed</strong></span> <span class='ocrx_word' id='word_1_263' title='bbox 582 2588 717 2629; x_wconf 87' lang='lat' dir='ltr'><strong>neque</strong></span> <span class='ocrx_word' id='word_1_264' title='bbox 742 2578 867 2617; x_wconf 91' lang='lat' dir='ltr'><strong>etiam</strong></span> <span class='ocrx_word' id='word_1_265' title='bbox 888 2590 961 2629; x_wconf 90' lang='lat' dir='ltr'><strong>pro</strong></span> <span class='ocrx_word' id='word_1_266' title='bbox 982 2579 1074 2618; x_wconf 89' lang='lat' dir='ltr'><strong>aliis</strong></span> <span class='ocrx_word' id='word_1_267' title='bbox 1093 2592 1178 2620; x_wconf 88' lang='lat' dir='ltr'><strong>esse</strong></span> 
     </span>
     <span class='ocr_line' id='line_1_39' title="bbox 137 2635 1178 2691; baseline 0.009 -18"><span class='ocrx_word' id='word_1_268' title='bbox 137 2635 473 2686; x_wconf 85' lang='lat' dir='ltr'><strong>permittendam,</strong></span> <span class='ocrx_word' id='word_1_269' title='bbox 494 2642 660 2689; x_wconf 89' lang='lat' dir='ltr'><strong>propter</strong></span> <span class='ocrx_word' id='word_1_270' title='bbox 688 2651 854 2679; x_wconf 90' lang='lat' dir='ltr'><strong>omnem</strong></span> <span class='ocrx_word' id='word_1_271' title='bbox 882 2641 1057 2691; x_wconf 84' lang='lat' dir='ltr'><strong>speciem</strong></span> <span class='ocrx_word' id='word_1_272' title='bbox 1084 2654 1178 2682; x_wconf 89' lang='lat' dir='ltr'><strong>ava-</strong></span> 
     </span>
     <span class='ocr_line' id='line_1_40' title="bbox 138 2698 1178 2752; baseline 0.008 -17"><span class='ocrx_word' id='word_1_273' title='bbox 138 2698 246 2736; x_wconf 85' lang='lat' dir='ltr'><strong>ritiae</strong></span> <span class='ocrx_word' id='word_1_274' title='bbox 267 2698 496 2747; x_wconf 86' lang='lat' dir='ltr'><strong>vitandam,</strong></span> <span class='ocrx_word' id='word_1_275' title='bbox 521 2699 626 2738; x_wconf 90' lang='lat' dir='ltr'><strong>sicut</strong></span> <span class='ocrx_word' id='word_1_276' title='bbox 642 2700 767 2739; x_wconf 87' lang='lat' dir='ltr'><strong>etiam</strong></span> <span class='ocrx_word' id='word_1_277' title='bbox 785 2701 830 2739; x_wconf 91' lang='lat' dir='ltr'><strong>in</strong></span> <span class='ocrx_word' id='word_1_278' title='bbox 852 2700 1178 2752; x_wconf 87' lang='lat' dir='ltr'><strong>Congregatione</strong></span> 
     </span>
    </p>
   </div>
   <div class='ocr_carea' id='block_1_2' title="bbox 137 2759 1208 2811">
    <p class='ocr_par' dir='ltr' id='par_1_2' title="bbox 137 2759 1208 2811">
     <span class='ocr_line' id='line_1_41' title="bbox 137 2759 1208 2811; baseline 0.007 -14"><span class='ocrx_word' id='word_1_279' title='bbox 137 2759 288 2809; x_wconf 87' lang='lat' dir='ltr'><strong>prima,</strong></span> <span class='ocrx_word' id='word_1_280' title='bbox 311 2772 458 2799; x_wconf 88' lang='lat' dir='ltr'><strong>canon.</strong></span> <span class='ocrx_word' id='word_1_281' title='bbox 478 2760 653 2808; x_wconf 92' lang='lat' dir='ltr'><strong>decimo,</strong></span> <span class='ocrx_word' id='word_1_282' title='bbox 673 2761 827 2800; x_wconf 90' lang='lat' dir='ltr'><strong>dictum</strong></span> <span class='ocrx_word' id='word_1_283' title='bbox 847 2762 982 2802; x_wconf 86' lang='lat' dir='ltr'><strong>fuerat</strong></span> <span class='ocrx_word' id='word_1_284' title='bbox 999 2775 1084 2803; x_wconf 89' lang='lat' dir='ltr'><strong>non</strong></span> <span class='ocrx_word' id='word_1_285' title='bbox 1105 2777 1178 2805; x_wconf 87' lang='lat' dir='ltr'><strong>ex·</strong></span> <span class='ocrx_word' id='word_1_286' title='bbox 1206 2808 1208 2811; x_wconf 49' lang='grc'>,</span> 
     </span>
    </p>
   </div>
   <div class='ocr_carea' id='block_1_3' title="bbox 136 2820 1177 3488">
    <p class='ocr_par' dir='ltr' id='par_1_3' title="bbox 136 2820 1177 3488">
     <span class='ocr_line' id='line_1_42' title="bbox 136 2820 1173 2875; baseline 0.007 -17"><span class='ocrx_word' id='word_1_287' title='bbox 136 2820 282 2870; x_wconf 86' lang='lat' dir='ltr'><strong>pedire</strong></span> <span class='ocrx_word' id='word_1_288' title='bbox 298 2821 343 2860; x_wconf 88' lang='lat' dir='ltr'><strong>in</strong></span> <span class='ocrx_word' id='word_1_289' title='bbox 361 2821 511 2860; x_wconf 86' lang='lat' dir='ltr'><strong>nostris</strong></span> <span class='ocrx_word' id='word_1_290' title='bbox 521 2822 713 2861; x_wconf 89' lang='lat' dir='ltr'><strong>Ecclesiis</strong></span> <span class='ocrx_word' id='word_1_291' title='bbox 733 2823 896 2862; x_wconf 86' lang='lat' dir='ltr'><strong>admitti</strong></span> <span class='ocrx_word' id='word_1_292' title='bbox 912 2824 1173 2875; x_wconf 85' lang='lat' dir='ltr'><strong>capellanias,</strong></span> 
     </span>
     <span class='ocr_line' id='line_1_43' title="bbox 140 2881 1175 2935; baseline 0.006 -16"><span class='ocrx_word' id='word_1_293' title='bbox 140 2881 267 2920; x_wconf 89' lang='lat' dir='ltr'><strong>etiam</strong></span> <span class='ocrx_word' id='word_1_294' title='bbox 286 2893 361 2932; x_wconf 90' lang='lat' dir='ltr'><strong>pro</strong></span> <span class='ocrx_word' id='word_1_295' title='bbox 381 2881 537 2921; x_wconf 85' lang='lat' dir='ltr'><strong>clericis</strong></span> <span class='ocrx_word' id='word_1_296' title='bbox 553 2883 830 2932; x_wconf 86' lang='lat' dir='ltr'><strong>saecularibus,</strong></span> <span class='ocrx_word' id='word_1_297' title='bbox 842 2896 943 2935; x_wconf 87' lang='lat' dir='ltr'><strong>quos</strong></span> <span class='ocrx_word' id='word_1_298' title='bbox 960 2886 1088 2924; x_wconf 86' lang='lat' dir='ltr'><strong>nostri</strong></span> <span class='ocrx_word' id='word_1_299' title='bbox 1104 2886 1175 2925; x_wconf 91' lang='lat' dir='ltr'><strong>eli-</strong></span> 
     </span>
     <span class='ocr_line' id='line_1_44' title="bbox 137 2943 1175 2995; baseline 0.007 -14"><span class='ocrx_word' id='word_1_300' title='bbox 137 2946 255 2992; x_wconf 86' lang='lat' dir='ltr'><strong>gant,</strong></span> <span class='ocrx_word' id='word_1_301' title='bbox 271 2943 440 2992; x_wconf 88' lang='lat' dir='ltr'><strong>scilicet,</strong></span> <span class='ocrx_word' id='word_1_302' title='bbox 458 2948 624 2995; x_wconf 88' lang='lat' dir='ltr'><strong>propter</strong></span> <span class='ocrx_word' id='word_1_303' title='bbox 638 2945 863 2985; x_wconf 90' lang='lat' dir='ltr'><strong>tollendam</strong></span> <span class='ocrx_word' id='word_1_304' title='bbox 880 2958 1046 2986; x_wconf 92' lang='lat' dir='ltr'><strong>omnem</strong></span> <span class='ocrx_word' id='word_1_305' title='bbox 1063 2959 1175 2988; x_wconf 89' lang='lat' dir='ltr'><strong>occa-</strong></span> 
     </span>
     <span class='ocr_line' id='line_1_45' title="bbox 138 3004 1176 3056; baseline 0.006 -13"><span class='ocrx_word' id='word_1_306' title='bbox 138 3004 299 3044; x_wconf 87' lang='lat' dir='ltr'><strong>sionem</strong></span> <span class='ocrx_word' id='word_1_307' title='bbox 331 3009 373 3044; x_wconf 90' lang='lat' dir='ltr'><strong>et</strong></span> <span class='ocrx_word' id='word_1_308' title='bbox 398 3006 576 3056; x_wconf 88' lang='lat' dir='ltr'><strong>speciem</strong></span> <span class='ocrx_word' id='word_1_309' title='bbox 603 3006 839 3047; x_wconf 87' lang='lat' dir='ltr'><strong>ambitionis</strong></span> <span class='ocrx_word' id='word_1_310' title='bbox 873 3013 944 3047; x_wconf 87' lang='lat' dir='ltr'><strong>aut</strong></span> <span class='ocrx_word' id='word_1_311' title='bbox 976 3009 1092 3048; x_wconf 90' lang='lat' dir='ltr'><strong>lucri.</strong></span> <span class='ocrx_word' id='word_1_312' title='bbox 1125 3011 1176 3050; x_wconf 87' lang='lat' dir='ltr'><strong>Et</strong></span> 
     </span>
     <span class='ocr_line' id='line_1_46' title="bbox 136 3066 1177 3122; baseline 0.007 -18"><span class='ocrx_word' id='word_1_313' title='bbox 136 3066 282 3105; x_wconf 87' lang='lat' dir='ltr'><strong>eadem</strong></span> <span class='ocrx_word' id='word_1_314' title='bbox 300 3067 461 3107; x_wconf 86' lang='lat' dir='ltr'><strong>ratione</strong></span> <span class='ocrx_word' id='word_1_315' title='bbox 491 3073 760 3119; x_wconf 86' lang='lat' dir='ltr'><strong>amputantur</strong></span> <span class='ocrx_word' id='word_1_316' title='bbox 788 3069 914 3109; x_wconf 89' lang='lat' dir='ltr'><strong>etiam</strong></span> <span class='ocrx_word' id='word_1_317' title='bbox 942 3082 969 3110; x_wconf 85' lang='lat' dir='ltr'><strong>a</strong></span> <span class='ocrx_word' id='word_1_318' title='bbox 995 3071 1177 3122; x_wconf 83' lang='lat' dir='ltr'><strong>collegiis</strong></span> 
     </span>
     <span class='ocr_line' id='line_1_47' title="bbox 136 3128 1175 3184; baseline 0.007 -19"><span class='ocrx_word' id='word_1_319' title='bbox 136 3137 280 3166; x_wconf 90' lang='lat' dir='ltr'><strong>omnes</strong></span> <span class='ocrx_word' id='word_1_320' title='bbox 298 3128 411 3166; x_wconf 92' lang='lat' dir='ltr'><strong>modi</strong></span> <span class='ocrx_word' id='word_1_321' title='bbox 438 3130 674 3181; x_wconf 85' lang='lat' dir='ltr'><strong>acquirendi</strong></span> <span class='ocrx_word' id='word_1_322' title='bbox 692 3131 848 3182; x_wconf 83' lang='lat' dir='ltr'><strong>aliquid</strong></span> <span class='ocrx_word' id='word_1_323' title='bbox 869 3131 1023 3171; x_wconf 89' lang='lat' dir='ltr'><strong>intuitu</strong></span> <span class='ocrx_word' id='word_1_324' title='bbox 1054 3134 1175 3184; x_wconf 90' lang='lat' dir='ltr'><strong>spiri-</strong></span> 
     </span>
     <span class='ocr_line' id='line_1_48' title="bbox 136 3188 1174 3244; baseline 0.007 -17"><span class='ocrx_word' id='word_1_325' title='bbox 136 3188 314 3228; x_wconf 87' lang='lat' dir='ltr'><strong>tualium</strong></span> <span class='ocrx_word' id='word_1_326' title='bbox 332 3201 486 3240; x_wconf 91' lang='lat' dir='ltr'><strong>rerum,</strong></span> <span class='ocrx_word' id='word_1_327' title='bbox 510 3191 576 3231; x_wconf 82' lang='lat' dir='ltr'><strong>vel</strong></span> <span class='ocrx_word' id='word_1_328' title='bbox 595 3191 852 3231; x_wconf 85' lang='lat' dir='ltr'><strong>oblationum</strong></span> <span class='ocrx_word' id='word_1_329' title='bbox 872 3205 962 3244; x_wconf 85' lang='lat' dir='ltr'><strong>quae</strong></span> <span class='ocrx_word' id='word_1_330' title='bbox 978 3195 1022 3232; x_wconf 91' lang='lat' dir='ltr'><strong>in</strong></span> <span class='ocrx_word' id='word_1_331' title='bbox 1041 3194 1174 3235; x_wconf 93' lang='lat' dir='ltr'><strong>Eccle-</strong></span> 
     </span>
     <span class='ocr_line' id='line_1_49' title="bbox 136 3250 1170 3306; baseline 0.006 -17"><span class='ocrx_word' id='word_1_332' title='bbox 136 3250 208 3289; x_wconf 80' lang='lat' dir='ltr'><strong>siis</strong></span> <span class='ocrx_word' id='word_1_333' title='bbox 225 3250 315 3290; x_wconf 90' lang='lat' dir='ltr'><strong>fieri</strong></span> <span class='ocrx_word' id='word_1_334' title='bbox 334 3251 481 3301; x_wconf 89' lang='lat' dir='ltr'><strong>solent,</strong></span> <span class='ocrx_word' id='word_1_335' title='bbox 503 3253 726 3292; x_wconf 87' lang='lat' dir='ltr'><strong>osculando</strong></span> <span class='ocrx_word' id='word_1_336' title='bbox 756 3254 963 3306; x_wconf 85' lang='lat' dir='ltr'><strong>reliquias,</strong></span> <span class='ocrx_word' id='word_1_337' title='bbox 989 3255 1055 3294; x_wconf 85' lang='lat' dir='ltr'><strong>vel</strong></span> <span class='ocrx_word' id='word_1_338' title='bbox 1079 3268 1170 3295; x_wconf 91' lang='lat' dir='ltr'><strong>cru-</strong></span> 
     </span>
     <span class='ocr_line' id='line_1_50' title="bbox 136 3313 1170 3367; baseline 0.006 -17"><span class='ocrx_word' id='word_1_339' title='bbox 136 3323 242 3360; x_wconf 85' lang='lat' dir='ltr'><strong>cem,</strong></span> <span class='ocrx_word' id='word_1_340' title='bbox 263 3317 357 3360; x_wconf 81' lang='lat' dir='ltr'><strong>etc.;</strong></span> <span class='ocrx_word' id='word_1_341' title='bbox 390 3313 441 3352; x_wconf 88' lang='lat' dir='ltr'><strong>de</strong></span> <span class='ocrx_word' id='word_1_342' title='bbox 474 3314 624 3364; x_wconf 88' lang='lat' dir='ltr'><strong>quibus</strong></span> <span class='ocrx_word' id='word_1_343' title='bbox 652 3314 783 3354; x_wconf 87' lang='lat' dir='ltr'><strong>videri</strong></span> <span class='ocrx_word' id='word_1_344' title='bbox 811 3319 943 3367; x_wconf 85' lang='lat' dir='ltr'><strong>potest</strong></span> <span class='ocrx_word' id='word_1_345' title='bbox 970 3315 1016 3354; x_wconf 88' lang='lat' dir='ltr'><strong>in</strong></span> <span class='ocrx_word' id='word_1_346' title='bbox 1045 3316 1170 3357; x_wconf 91' lang='lat' dir='ltr'><strong>simili</strong></span> 
     </span>
     <span class='ocr_line' id='line_1_51' title="bbox 136 3373 1166 3430; baseline 0.006 -18"><span class='ocrx_word' id='word_1_347' title='bbox 136 3373 349 3422; x_wconf 88' lang='lat' dir='ltr'><strong>Corduba,</strong></span> <span class='ocrx_word' id='word_1_348' title='bbox 377 3374 423 3414; x_wconf 90' lang='lat' dir='ltr'><strong>in</strong></span> <span class='ocrx_word' id='word_1_349' title='bbox 450 3375 712 3427; x_wconf 84' lang='lat' dir='ltr'><strong>Expositione</strong></span> <span class='ocrx_word' id='word_1_350' title='bbox 753 3389 837 3416; x_wconf 82' lang='lat' dir='ltr'><strong>suae</strong></span> <span class='ocrx_word' id='word_1_351' title='bbox 868 3376 1050 3428; x_wconf 76' lang='lat' dir='ltr'><strong>regulae,</strong></span> <span class='ocrx_word' id='word_1_352' title='bbox 1075 3389 1166 3430; x_wconf 87' lang='lat' dir='ltr'><strong>cap.</strong></span> 
     </span>
     <span class='ocr_line' id='line_1_52' title="bbox 136 3437 817 3488; baseline 0.006 -14"><span class='ocrx_word' id='word_1_353' title='bbox 136 3440 298 3485; x_wconf 85' lang='lat' dir='ltr'><strong>quarto,</strong></span> <span class='ocrx_word' id='word_1_354' title='bbox 318 3437 542 3488; x_wconf 81' lang='lat' dir='ltr'><strong>quaestione</strong></span> <span class='ocrx_word' id='word_1_355' title='bbox 560 3437 817 3478; x_wconf 86' lang='lat' dir='ltr'><strong>duodecima.</strong></span> 
     </span>
    </p>
   </div>
   <div class='ocr_carea' id='block_1_4' title="bbox 513 238 1924 286">
    <p class='ocr_par' dir='ltr' id='par_1_4' title="bbox 513 238 1924 286">
     <span class='ocr_line' id='line_1_53' title="bbox 513 238 1924 286; baseline 0.002 -10"><span class='ocrx_word' id='word_1_356' title='bbox 513 242 591 276; x_wconf 77' lang='lat' dir='ltr'><strong>Lm.</strong></span> <span class='ocrx_word' id='word_1_357' title='bbox 613 240 671 274; x_wconf 80' lang='lat' dir='ltr'><strong>tv.</strong></span> <span class='ocrx_word' id='word_1_358' title='bbox 693 239 748 274; x_wconf 79' lang='lat' dir='ltr'><strong>DE</strong></span> <span class='ocrx_word' id='word_1_359' title='bbox 768 238 889 286; x_wconf 80' lang='lat' dir='ltr'>VOTIS</span> <span class='ocrx_word' id='word_1_360' title='bbox 910 238 1165 274; x_wconf 71' lang='lat' dir='ltr'><strong>sxmucmns</strong></span> <span class='ocrx_word' id='word_1_361' title='bbox 1184 239 1424 275; x_wconf 60' lang='lat' dir='ltr'><strong>cssnuns</strong></span> <span class='ocrx_word' id='word_1_362' title='bbox 1442 241 1499 278; x_wconf 75' lang='grc' dir='ltr'><strong>ΕΤ</strong></span> <span class='ocrx_word' id='word_1_363' title='bbox 1518 241 1814 286; x_wconf 63' lang='lat' dir='ltr'><strong>muranum</strong></span> <span class='ocrx_word' id='word_1_364' title='bbox 1834 242 1924 279; x_wconf 70' lang='lat' dir='ltr'><strong>mc.</strong></span> 
     </span>
    </p>
   </div>
   <div class='ocr_carea' id='block_1_5' title="bbox 1238 307 2274 482">
    <p class='ocr_par' dir='ltr' id='par_1_5' title="bbox 1238 307 2274 482">
     <span class='ocr_line' id='line_1_54' title="bbox 1294 307 2273 360; baseline 0.007 -15"><span class='ocrx_word' id='word_1_365' title='bbox 1294 309 1313 346; x_wconf 84' lang='lat'><strong>1</strong></span> <span class='ocrx_word' id='word_1_366' title='bbox 1322 310 1339 345; x_wconf 85' lang='lat'><strong>1</strong></span> <span class='ocrx_word' id='word_1_367' title='bbox 1350 336 1359 345; x_wconf 93' lang='lat'><strong>.</strong></span> <span class='ocrx_word' id='word_1_368' title='bbox 1379 307 1574 354; x_wconf 82' lang='lat' dir='ltr'><strong>Quartum</strong></span> <span class='ocrx_word' id='word_1_369' title='bbox 1588 312 1802 357; x_wconf 86' lang='lat' dir='ltr'><strong>assertum,</strong></span> <span class='ocrx_word' id='word_1_370' title='bbox 1819 309 2021 360; x_wconf 72' lang='lat' dir='ltr'><strong>emplioans</strong></span> <span class='ocrx_word' id='word_1_371' title='bbox 2035 311 2273 352; x_wconf 77' lang='lat' dir='ltr'><strong>tertium.-</strong></span> 
     </span>
     <span class='ocr_line' id='line_1_55' title="bbox 1238 366 2273 423; baseline 0.005 -17"><span class='ocrx_word' id='word_1_372' title='bbox 1238 366 1422 406; x_wconf 85' lang='lat' dir='ltr'><strong>Tandem</strong></span> <span class='ocrx_word' id='word_1_373' title='bbox 1439 367 1708 419; x_wconf 86' lang='lat' dir='ltr'><strong>prohibentur</strong></span> <span class='ocrx_word' id='word_1_374' title='bbox 1723 367 1894 419; x_wconf 87' lang='lat' dir='ltr'><strong>collegia</strong></span> <span class='ocrx_word' id='word_1_375' title='bbox 1909 369 2033 408; x_wconf 89' lang='lat' dir='ltr'><strong>etiam</strong></span> <span class='ocrx_word' id='word_1_376' title='bbox 2049 370 2273 423; x_wconf 84' lang='lat' dir='ltr'><strong>eleemosy-</strong></span> 
     </span>
     <span class='ocr_line' id='line_1_56' title="bbox 1239 430 2274 482; baseline 0.006 -16"><span class='ocrx_word' id='word_1_377' title='bbox 1239 440 1313 467; x_wconf 92' lang='lat' dir='ltr'><strong>nas</strong></span> <span class='ocrx_word' id='word_1_378' title='bbox 1329 439 1606 481; x_wconf 83' lang='lat' dir='ltr'><strong>quascumque</strong></span> <span class='ocrx_word' id='word_1_379' title='bbox 1624 430 1824 482; x_wconf 83' lang='lat' dir='ltr'><strong>accipere,</strong></span> <span class='ocrx_word' id='word_1_380' title='bbox 1845 430 2011 481; x_wconf 81' lang='lat' dir='ltr'><strong>quando</strong></span> <span class='ocrx_word' id='word_1_381' title='bbox 2028 431 2274 472; x_wconf 83' lang='lat' dir='ltr'><strong>sufficientes</strong></span> 
     </span>
    </p>
   </div>
   <div class='ocr_carea' id='block_1_6' title="bbox 2249 0 2352 484">
    <p class='ocr_par' dir='ltr' id='par_1_6' title="bbox 2249 0 2352 484">
     <span class='ocr_line' id='line_1_57' title="bbox 2249 0 2352 386; baseline 0 -105"><span class='ocrx_word' id='word_1_382' title='bbox 2249 0 2352 386; x_wconf 95' lang='lat' dir='ltr'><strong>   </strong></span> 
     </span>
     <span class='ocr_line' id='line_1_58' title="bbox 2310 386 2352 484; baseline 0 3396"><span class='ocrx_word' id='word_1_383' title='bbox 2310 386 2352 484; x_wconf 95' lang='lat' dir='ltr'><strong> </strong></span> 
     </span>
    </p>
   </div>
   <div class='ocr_carea' id='block_1_7' title="bbox 1238 482 2352 534">
    <p class='ocr_par' dir='ltr' id='par_1_7' title="bbox 1238 482 2352 534">
     <span class='ocr_line' id='line_1_59' title="bbox 1238 482 2352 534; baseline 0.004 -5"><span class='ocrx_word' id='word_1_384' title='bbox 1238 489 1392 529; x_wconf 87' lang='lat' dir='ltr'><strong>habent</strong></span> <span class='ocrx_word' id='word_1_385' title='bbox 1434 490 1618 532; x_wconf 88' lang='lat' dir='ltr'><strong>redditus</strong></span> <span class='ocrx_word' id='word_1_386' title='bbox 1658 492 1709 531; x_wconf 90' lang='lat' dir='ltr'><strong>ad</strong></span> <span class='ocrx_word' id='word_1_387' title='bbox 1756 492 1974 533; x_wconf 81' lang='lat' dir='ltr'><strong>duodecim</strong></span> <span class='ocrx_word' id='word_1_388' title='bbox 2016 492 2275 534; x_wconf 82' lang='lat' dir='ltr'><strong>scholasticos</strong></span> <span class='ocrx_word' id='word_1_389' title='bbox 2335 482 2352 529; x_wconf 69' lang='grc' dir='ltr'><strong>ῗ</strong></span> 
     </span>
    </p>
   </div>
   <div class='ocr_carea' id='block_1_8' title="bbox 1234 551 2276 1887">
    <p class='ocr_par' dir='ltr' id='par_1_8' title="bbox 1234 551 2276 1887">
     <span class='ocr_line' id='line_1_60' title="bbox 1238 551 2274 606; baseline 0.004 -15"><span class='ocrx_word' id='word_1_390' title='bbox 1238 551 1419 601; x_wconf 87' lang='lat' dir='ltr'><strong>alendos,</strong></span> <span class='ocrx_word' id='word_1_391' title='bbox 1449 557 1597 602; x_wconf 83' lang='lat' dir='ltr'><strong>praeter</strong></span> <span class='ocrx_word' id='word_1_392' title='bbox 1622 558 1919 605; x_wconf 83' lang='lat' dir='ltr'><strong>praeceptores,</strong></span> <span class='ocrx_word' id='word_1_393' title='bbox 1948 553 2024 595; x_wconf 89' lang='lat' dir='ltr'><strong>sub</strong></span> <span class='ocrx_word' id='word_1_394' title='bbox 2043 554 2193 606; x_wconf 89' lang='lat' dir='ltr'><strong>quibus</strong></span> <span class='ocrx_word' id='word_1_395' title='bbox 2212 555 2274 595; x_wconf 92' lang='lat' dir='ltr'><strong>illi</strong></span> 
     </span>
     <span class='ocr_line' id='line_1_61' title="bbox 1239 613 2274 668; baseline 0.003 -15"><span class='ocrx_word' id='word_1_396' title='bbox 1239 613 1362 653; x_wconf 90' lang='lat' dir='ltr'><strong>etiam</strong></span> <span class='ocrx_word' id='word_1_397' title='bbox 1383 613 1557 665; x_wconf 86' lang='lat' dir='ltr'><strong>intelligi</strong></span> <span class='ocrx_word' id='word_1_398' title='bbox 1573 615 1738 664; x_wconf 85' lang='lat' dir='ltr'><strong>debent,</strong></span> <span class='ocrx_word' id='word_1_399' title='bbox 1755 616 1828 667; x_wconf 85' lang='lat' dir='ltr'><strong>qui</strong></span> <span class='ocrx_word' id='word_1_400' title='bbox 1840 616 1889 655; x_wconf 89' lang='lat' dir='ltr'><strong>ad</strong></span> <span class='ocrx_word' id='word_1_401' title='bbox 1905 616 2091 668; x_wconf 90' lang='lat' dir='ltr'><strong>regimen</strong></span> <span class='ocrx_word' id='word_1_402' title='bbox 2109 616 2274 668; x_wconf 88' lang='lat' dir='ltr'><strong>collegii</strong></span> 
     </span>
     <span class='ocr_line' id='line_1_62' title="bbox 1239 674 2274 728; baseline 0.003 -14"><span class='ocrx_word' id='word_1_403' title='bbox 1239 679 1280 714; x_wconf 87' lang='lat' dir='ltr'><strong>et</strong></span> <span class='ocrx_word' id='word_1_404' title='bbox 1297 674 1545 726; x_wconf 87' lang='lat' dir='ltr'><strong>scholarum,</strong></span> <span class='ocrx_word' id='word_1_405' title='bbox 1564 680 1605 715; x_wconf 89' lang='lat' dir='ltr'><strong>et</strong></span> <span class='ocrx_word' id='word_1_406' title='bbox 1623 676 1676 716; x_wconf 89' lang='lat' dir='ltr'><strong>ad</strong></span> <span class='ocrx_word' id='word_1_407' title='bbox 1693 677 1937 728; x_wconf 88' lang='lat' dir='ltr'><strong>temporalia</strong></span> <span class='ocrx_word' id='word_1_408' title='bbox 1955 677 2182 717; x_wconf 87' lang='lat' dir='ltr'><strong>ministeria</strong></span> <span class='ocrx_word' id='word_1_409' title='bbox 2201 689 2274 718; x_wconf 89' lang='lat' dir='ltr'><strong>ne-</strong></span> 
     </span>
     <span class='ocr_line' id='line_1_63' title="bbox 1239 737 2274 792; baseline 0.004 -17"><span class='ocrx_word' id='word_1_410' title='bbox 1239 737 1401 776; x_wconf 89' lang='lat' dir='ltr'><strong>cessarii</strong></span> <span class='ocrx_word' id='word_1_411' title='bbox 1419 741 1536 785; x_wconf 90' lang='lat' dir='ltr'><strong>sunt,</strong></span> <span class='ocrx_word' id='word_1_412' title='bbox 1558 743 1604 778; x_wconf 90' lang='lat' dir='ltr'><strong>ut</strong></span> <span class='ocrx_word' id='word_1_413' title='bbox 1622 739 1797 780; x_wconf 87' lang='lat' dir='ltr'><strong>habetur</strong></span> <span class='ocrx_word' id='word_1_414' title='bbox 1814 744 1963 791; x_wconf 88' lang='lat' dir='ltr'><strong>quarta</strong></span> <span class='ocrx_word' id='word_1_415' title='bbox 1984 745 2096 792; x_wconf 88' lang='lat' dir='ltr'><strong>parte</strong></span> <span class='ocrx_word' id='word_1_416' title='bbox 2117 741 2274 780; x_wconf 84' lang='lat' dir='ltr'><strong>Consti-</strong></span> 
     </span>
     <span class='ocr_line' id='line_1_64' title="bbox 1239 799 2274 853; baseline 0.006 -17"><span class='ocrx_word' id='word_1_417' title='bbox 1239 799 1463 847; x_wconf 87' lang='lat' dir='ltr'><strong>tutionum‚</strong></span> <span class='ocrx_word' id='word_1_418' title='bbox 1486 811 1575 850; x_wconf 89' lang='lat' dir='ltr'><strong>cap.</strong></span> <span class='ocrx_word' id='word_1_419' title='bbox 1596 802 1637 849; x_wconf 73' lang='lat'><strong>2,</strong></span> <span class='ocrx_word' id='word_1_420' title='bbox 1658 801 1683 853; x_wconf 64' lang='grc' dir='ltr'>ξ</span> <span class='ocrx_word' id='word_1_421' title='bbox 1701 800 1779 840; x_wconf 90' lang='lat' dir='ltr'><strong>ult.</strong></span> <span class='ocrx_word' id='word_1_422' title='bbox 1810 800 1916 851; x_wconf 85' lang='lat' dir='ltr'><strong>Quia</strong></span> <span class='ocrx_word' id='word_1_423' title='bbox 1942 813 2039 842; x_wconf 84' lang='lat' dir='ltr'><strong>vero</strong></span> <span class='ocrx_word' id='word_1_424' title='bbox 2064 802 2274 842; x_wconf 88' lang='lat' dir='ltr'><strong>interdum</strong></span> 
     </span>
     <span class='ocr_line' id='line_1_65' title="bbox 1238 860 2274 914; baseline 0.005 -16"><span class='ocrx_word' id='word_1_425' title='bbox 1238 863 1370 910; x_wconf 88' lang='lat' dir='ltr'><strong>potest</strong></span> <span class='ocrx_word' id='word_1_426' title='bbox 1388 860 1582 911; x_wconf 82' lang='lat' dir='ltr'><strong>expedire</strong></span> <span class='ocrx_word' id='word_1_427' title='bbox 1604 860 1656 900; x_wconf 92' lang='lat' dir='ltr'><strong>ad</strong></span> <span class='ocrx_word' id='word_1_428' title='bbox 1675 863 1808 913; x_wconf 81' lang='lat' dir='ltr'><strong>maJ&#39;us</strong></span> <span class='ocrx_word' id='word_1_429' title='bbox 1829 863 1900 902; x_wconf 91' lang='lat' dir='ltr'><strong>Dei</strong></span> <span class='ocrx_word' id='word_1_430' title='bbox 1917 863 2184 914; x_wconf 88' lang='lat' dir='ltr'><strong>obsequium,</strong></span> <span class='ocrx_word' id='word_1_431' title='bbox 2207 863 2274 903; x_wconf 88' lang='lat' dir='ltr'><strong>vel</strong></span> 
     </span>
     <span class='ocr_line' id='line_1_66' title="bbox 1238 921 2274 976; baseline 0.004 -17"><span class='ocrx_word' id='word_1_432' title='bbox 1238 921 1375 972; x_wconf 87' lang='lat' dir='ltr'><strong>plures</strong></span> <span class='ocrx_word' id='word_1_433' title='bbox 1402 921 1613 962; x_wconf 88' lang='lat' dir='ltr'><strong>studentes</strong></span> <span class='ocrx_word' id='word_1_434' title='bbox 1636 923 1759 970; x_wconf 90' lang='lat' dir='ltr'><strong>alere,</strong></span> <span class='ocrx_word' id='word_1_435' title='bbox 1787 924 1854 964; x_wconf 85' lang='lat' dir='ltr'><strong>vel</strong></span> <span class='ocrx_word' id='word_1_436' title='bbox 1877 936 2098 965; x_wconf 89' lang='lat' dir='ltr'><strong>numerum</strong></span> <span class='ocrx_word' id='word_1_437' title='bbox 2125 934 2274 976; x_wconf 68' lang='lat' dir='ltr'><strong>praece-</strong></span> 
     </span>
     <span class='ocr_line' id='line_1_67' title="bbox 1238 984 2274 1037; baseline 0.003 -15"><span class='ocrx_word' id='word_1_438' title='bbox 1238 986 1402 1034; x_wconf 89' lang='lat' dir='ltr'><strong>ptorum</strong></span> <span class='ocrx_word' id='word_1_439' title='bbox 1433 995 1600 1034; x_wconf 86' lang='lat' dir='ltr'><strong>augere,</strong></span> <span class='ocrx_word' id='word_1_440' title='bbox 1628 984 1695 1025; x_wconf 85' lang='lat' dir='ltr'><strong>vel</strong></span> <span class='ocrx_word' id='word_1_441' title='bbox 1726 984 1886 1037; x_wconf 78' lang='lat' dir='ltr'><strong>aliquos</strong></span> <span class='ocrx_word' id='word_1_442' title='bbox 1912 986 2038 1026; x_wconf 73' lang='lat' dir='ltr'><strong>etiam</strong></span> <span class='ocrx_word' id='word_1_443' title='bbox 2067 986 2274 1037; x_wconf 85' lang='lat' dir='ltr'><strong>operarios</strong></span> 
     </span>
     <span class='ocr_line' id='line_1_68' title="bbox 1237 1045 2274 1098; baseline 0.003 -14"><span class='ocrx_word' id='word_1_444' title='bbox 1237 1056 1312 1096; x_wconf 87' lang='lat' dir='ltr'><strong>pro</strong></span> <span class='ocrx_word' id='word_1_445' title='bbox 1330 1045 1610 1096; x_wconf 85' lang='lat' dir='ltr'><strong>spiritualibus</strong></span> <span class='ocrx_word' id='word_1_446' title='bbox 1625 1046 1864 1086; x_wconf 87' lang='lat' dir='ltr'><strong>ministeriis</strong></span> <span class='ocrx_word' id='word_1_447' title='bbox 1881 1047 2119 1098; x_wconf 76' lang='lat' dir='ltr'><strong>adiungere,</strong></span> <span class='ocrx_word' id='word_1_448' title='bbox 2137 1048 2191 1087; x_wconf 89' lang='lat' dir='ltr'><strong>ad</strong></span> <span class='ocrx_word' id='word_1_449' title='bbox 2206 1059 2274 1087; x_wconf 85' lang='lat' dir='ltr'><strong>ex-</strong></span> 
     </span>
     <span class='ocr_line' id='line_1_69' title="bbox 1237 1106 2275 1158; baseline 0.005 -14"><span class='ocrx_word' id='word_1_450' title='bbox 1237 1106 1444 1157; x_wconf 88' lang='lat' dir='ltr'><strong>cipiendas</strong></span> <span class='ocrx_word' id='word_1_451' title='bbox 1471 1108 1700 1158; x_wconf 82' lang='lat' dir='ltr'><strong>praesertim</strong></span> <span class='ocrx_word' id='word_1_452' title='bbox 1719 1107 2059 1149; x_wconf 82' lang='lat' dir='ltr'><strong>scholasticorum</strong></span> <span class='ocrx_word' id='word_1_453' title='bbox 2085 1113 2275 1151; x_wconf 82' lang='lat' dir='ltr'><strong>externo-</strong></span> 
     </span>
     <span class='ocr_line' id='line_1_70' title="bbox 1236 1167 2275 1222; baseline 0.004 -15"><span class='ocrx_word' id='word_1_454' title='bbox 1236 1179 1332 1207; x_wconf 89' lang='lat' dir='ltr'><strong>rum</strong></span> <span class='ocrx_word' id='word_1_455' title='bbox 1351 1167 1624 1208; x_wconf 84' lang='lat' dir='ltr'><strong>confessiones</strong></span> <span class='ocrx_word' id='word_1_456' title='bbox 1638 1199 1650 1218; x_wconf 93' lang='lat'><strong>,</strong></span> <span class='ocrx_word' id='word_1_457' title='bbox 1676 1173 1759 1212; x_wconf 85' lang='lat' dir='ltr'><strong>etc.</strong></span> <span class='ocrx_word' id='word_1_458' title='bbox 1773 1199 1785 1218; x_wconf 94' lang='lat'><strong>,</strong></span> <span class='ocrx_word' id='word_1_459' title='bbox 1814 1170 1907 1210; x_wconf 86' lang='lat' dir='ltr'><strong>ideo</strong></span> <span class='ocrx_word' id='word_1_460' title='bbox 1929 1180 2046 1222; x_wconf 81' lang='lat' dir='ltr'><strong>saepe</strong></span> <span class='ocrx_word' id='word_1_461' title='bbox 2065 1170 2172 1211; x_wconf 85' lang='lat' dir='ltr'><strong>circa</strong></span> <span class='ocrx_word' id='word_1_462' title='bbox 2196 1170 2275 1211; x_wconf 89' lang='grc'>1100</span> 
     </span>
     <span class='ocr_line' id='line_1_71' title="bbox 1237 1231 2274 1284; baseline 0.003 -15"><span class='ocrx_word' id='word_1_463' title='bbox 1237 1239 1325 1270; x_wconf 85' lang='grc'>0550</span> <span class='ocrx_word' id='word_1_464' title='bbox 1344 1233 1479 1280; x_wconf 86' lang='lat' dir='ltr'><strong>potest</strong></span> <span class='ocrx_word' id='word_1_465' title='bbox 1505 1231 1690 1270; x_wconf 81' lang='lat' dir='ltr'><strong>extensio</strong></span> <span class='ocrx_word' id='word_1_466' title='bbox 1718 1232 1858 1284; x_wconf 87' lang='lat' dir='ltr'><strong>aliqua</strong></span> <span class='ocrx_word' id='word_1_467' title='bbox 1881 1231 1949 1271; x_wconf 86' lang='lat' dir='ltr'><strong>vel</strong></span> <span class='ocrx_word' id='word_1_468' title='bbox 1967 1231 2185 1272; x_wconf 88' lang='lat' dir='ltr'><strong>declaratio</strong></span> <span class='ocrx_word' id='word_1_469' title='bbox 2205 1243 2274 1272; x_wconf 91' lang='lat' dir='ltr'><strong>ne-</strong></span> 
     </span>
     <span class='ocr_line' id='line_1_72' title="bbox 1238 1291 2275 1342; baseline 0.003 -13"><span class='ocrx_word' id='word_1_470' title='bbox 1238 1291 1426 1339; x_wconf 87' lang='lat' dir='ltr'><strong>cessaria,</strong></span> <span class='ocrx_word' id='word_1_471' title='bbox 1454 1303 1545 1342; x_wconf 84' lang='lat' dir='ltr'><strong>quae</strong></span> <span class='ocrx_word' id='word_1_472' title='bbox 1566 1292 1756 1333; x_wconf 88' lang='lat' dir='ltr'><strong>Generali</strong></span> <span class='ocrx_word' id='word_1_473' title='bbox 1774 1293 1994 1333; x_wconf 87' lang='lat' dir='ltr'><strong>commissa</strong></span> <span class='ocrx_word' id='word_1_474' title='bbox 2013 1297 2072 1333; x_wconf 89' lang='lat' dir='ltr'><strong>est</strong></span> <span class='ocrx_word' id='word_1_475' title='bbox 2090 1293 2134 1332; x_wconf 89' lang='lat' dir='ltr'><strong>in</strong></span> <span class='ocrx_word' id='word_1_476' title='bbox 2154 1293 2275 1333; x_wconf 88' lang='lat' dir='ltr'><strong>tertia</strong></span> 
     </span>
     <span class='ocr_line' id='line_1_73' title="bbox 1236 1351 2276 1407; baseline 0.003 -16"><span class='ocrx_word' id='word_1_477' title='bbox 1236 1351 1574 1404; x_wconf 88' lang='lat' dir='ltr'><strong>Congregatione,</strong></span> <span class='ocrx_word' id='word_1_478' title='bbox 1596 1366 1687 1395; x_wconf 89' lang='lat' dir='ltr'><strong>can.</strong></span> <span class='ocrx_word' id='word_1_479' title='bbox 1709 1356 1751 1395; x_wconf 90' lang='lat'><strong>7.</strong></span> <span class='ocrx_word' id='word_1_480' title='bbox 1783 1356 1835 1396; x_wconf 84' lang='lat' dir='ltr'><strong>Et</strong></span> <span class='ocrx_word' id='word_1_481' title='bbox 1861 1358 2058 1407; x_wconf 85' lang='lat' dir='ltr'><strong>praeterea</strong></span> <span class='ocrx_word' id='word_1_482' title='bbox 2086 1355 2276 1396; x_wconf 85' lang='lat' dir='ltr'><strong>existimo</strong></span> 
     </span>
     <span class='ocr_line' id='line_1_74' title="bbox 1235 1414 2275 1466; baseline 0.004 -13"><span class='ocrx_word' id='word_1_483' title='bbox 1235 1414 1529 1466; x_wconf 82' lang='lat' dir='ltr'><strong>obligationem</strong></span> <span class='ocrx_word' id='word_1_484' title='bbox 1542 1415 1651 1455; x_wconf 90' lang='grc'>1111115</span> <span class='ocrx_word' id='word_1_485' title='bbox 1662 1417 1971 1458; x_wconf 83' lang='lat' dir='ltr'><strong>Constitutionis</strong></span> <span class='ocrx_word' id='word_1_486' title='bbox 1983 1429 2067 1457; x_wconf 90' lang='lat' dir='ltr'><strong>non</strong></span> <span class='ocrx_word' id='word_1_487' title='bbox 2081 1417 2275 1457; x_wconf 87' lang='lat' dir='ltr'><strong>excedere</strong></span> 
     </span>
     <span class='ocr_line' id='line_1_75' title="bbox 1235 1475 2275 1530; baseline 0.003 -16"><span class='ocrx_word' id='word_1_488' title='bbox 1235 1475 1418 1516; x_wconf 89' lang='lat' dir='ltr'><strong>debitum</strong></span> <span class='ocrx_word' id='word_1_489' title='bbox 1437 1477 1700 1528; x_wconf 86' lang='lat' dir='ltr'><strong>perfectionis</strong></span> <span class='ocrx_word' id='word_1_490' title='bbox 1719 1508 1733 1527; x_wconf 89' lang='lat'><strong>,</strong></span> <span class='ocrx_word' id='word_1_491' title='bbox 1766 1491 1842 1519; x_wconf 89' lang='lat' dir='ltr'><strong>nec</strong></span> <span class='ocrx_word' id='word_1_492' title='bbox 1861 1491 1933 1530; x_wconf 88' lang='lat' dir='ltr'><strong>per</strong></span> <span class='ocrx_word' id='word_1_493' title='bbox 1952 1490 1996 1518; x_wconf 87' lang='lat' dir='ltr'><strong>se</strong></span> <span class='ocrx_word' id='word_1_494' title='bbox 2012 1490 2100 1518; x_wconf 90' lang='lat' dir='ltr'><strong>esse</strong></span> <span class='ocrx_word' id='word_1_495' title='bbox 2118 1478 2170 1517; x_wconf 90' lang='lat' dir='ltr'><strong>ad</strong></span> <span class='ocrx_word' id='word_1_496' title='bbox 2190 1478 2275 1517; x_wconf 90' lang='lat' dir='ltr'><strong>cul-</strong></span> 
     </span>
     <span class='ocr_line' id='line_1_76' title="bbox 1236 1539 2275 1592; baseline 0.003 -15"><span class='ocrx_word' id='word_1_497' title='bbox 1236 1549 1333 1590; x_wconf 89' lang='lat' dir='ltr'><strong>pam</strong></span> <span class='ocrx_word' id='word_1_498' title='bbox 1348 1568 1362 1588; x_wconf 92' lang='lat'><strong>,</strong></span> <span class='ocrx_word' id='word_1_499' title='bbox 1395 1539 1495 1590; x_wconf 81' lang='lat' dir='ltr'><strong>quia.</strong></span> <span class='ocrx_word' id='word_1_500' title='bbox 1518 1551 1605 1579; x_wconf 88' lang='lat' dir='ltr'><strong>non</strong></span> <span class='ocrx_word' id='word_1_501' title='bbox 1633 1540 1816 1580; x_wconf 88' lang='lat' dir='ltr'><strong>continet</strong></span> <span class='ocrx_word' id='word_1_502' title='bbox 1835 1541 2042 1592; x_wconf 87' lang='lat' dir='ltr'><strong>propriam</strong></span> <span class='ocrx_word' id='word_1_503' title='bbox 2059 1540 2275 1580; x_wconf 85' lang='lat' dir='ltr'><strong>materiam</strong></span> 
     </span>
     <span class='ocr_line' id='line_1_77' title="bbox 1236 1601 2275 1654; baseline 0.004 -16"><span class='ocrx_word' id='word_1_504' title='bbox 1236 1601 1506 1651; x_wconf 84' lang='lat' dir='ltr'><strong>paupertatis,</strong></span> <span class='ocrx_word' id='word_1_505' title='bbox 1524 1602 1560 1640; x_wconf 89' lang='lat' dir='ltr'><strong>si</strong></span> <span class='ocrx_word' id='word_1_506' title='bbox 1575 1602 1751 1653; x_wconf 88' lang='lat' dir='ltr'><strong>receptio</strong></span> <span class='ocrx_word' id='word_1_507' title='bbox 1767 1602 1831 1642; x_wconf 91' lang='lat' dir='ltr'><strong>vel</strong></span> <span class='ocrx_word' id='word_1_508' title='bbox 1847 1602 1989 1654; x_wconf 85' lang='lat' dir='ltr'><strong>petitio</strong></span> <span class='ocrx_word' id='word_1_509' title='bbox 2003 1602 2275 1652; x_wconf 71' lang='lat' dir='ltr'><strong>eleemosynae</strong></span> 
     </span>
     <span class='ocr_line' id='line_1_78' title="bbox 1234 1660 2272 1714; baseline 0.003 -14"><span class='ocrx_word' id='word_1_510' title='bbox 1234 1660 1288 1700; x_wconf 88' lang='lat' dir='ltr'><strong>ab</strong></span> <span class='ocrx_word' id='word_1_511' title='bbox 1314 1662 1402 1712; x_wconf 91' lang='lat' dir='ltr'><strong>ipso</strong></span> <span class='ocrx_word' id='word_1_512' title='bbox 1429 1662 1674 1714; x_wconf 89' lang='lat' dir='ltr'><strong>Superiore,</strong></span> <span class='ocrx_word' id='word_1_513' title='bbox 1703 1663 1769 1703; x_wconf 88' lang='lat' dir='ltr'><strong>vel</strong></span> <span class='ocrx_word' id='word_1_514' title='bbox 1795 1676 1846 1703; x_wconf 80' lang='lat' dir='ltr'><strong>ex</strong></span> <span class='ocrx_word' id='word_1_515' title='bbox 1870 1663 2062 1704; x_wconf 84' lang='lat' dir='ltr'><strong>facultate</strong></span> <span class='ocrx_word' id='word_1_516' title='bbox 2080 1664 2167 1714; x_wconf 81' lang='lat' dir='ltr'><strong>ejus</strong></span> <span class='ocrx_word' id='word_1_517' title='bbox 2185 1662 2272 1703; x_wconf 88' lang='lat' dir='ltr'><strong>fiat.</strong></span> 
     </span>
     <span class='ocr_line' id='line_1_79' title="bbox 1238 1724 2274 1774; baseline 0.003 -12"><span class='ocrx_word' id='word_1_518' title='bbox 1238 1724 1324 1774; x_wconf 89' lang='lat' dir='ltr'><strong>lpse</strong></span> <span class='ocrx_word' id='word_1_519' title='bbox 1343 1727 1480 1763; x_wconf 86' lang='lat' dir='ltr'><strong>autem</strong></span> <span class='ocrx_word' id='word_1_520' title='bbox 1497 1754 1508 1771; x_wconf 97' lang='lat'>‚</span> <span class='ocrx_word' id='word_1_521' title='bbox 1533 1725 1567 1762; x_wconf 91' lang='lat' dir='ltr'><strong>si</strong></span> <span class='ocrx_word' id='word_1_522' title='bbox 1587 1724 1772 1764; x_wconf 88' lang='lat' dir='ltr'><strong>debitum</strong></span> <span class='ocrx_word' id='word_1_523' title='bbox 1791 1725 1978 1765; x_wconf 88' lang='lat' dir='ltr'><strong>ordinem</strong></span> <span class='ocrx_word' id='word_1_524' title='bbox 2000 1725 2046 1763; x_wconf 90' lang='lat' dir='ltr'><strong>in</strong></span> <span class='ocrx_word' id='word_1_525' title='bbox 2063 1724 2142 1766; x_wconf 79' lang='lat' dir='ltr'><strong>hoc</strong></span> <span class='ocrx_word' id='word_1_526' title='bbox 2158 1735 2274 1765; x_wconf 87' lang='lat' dir='ltr'><strong>exce-</strong></span> 
     </span>
     <span class='ocr_line' id='line_1_80' title="bbox 1238 1784 2271 1837; baseline 0.002 -14"><span class='ocrx_word' id='word_1_527' title='bbox 1238 1784 1308 1823; x_wconf 89' lang='lat' dir='ltr'><strong>dat</strong></span> <span class='ocrx_word' id='word_1_528' title='bbox 1323 1814 1333 1832; x_wconf 95' lang='lat'><strong>,</strong></span> <span class='ocrx_word' id='word_1_529' title='bbox 1354 1789 1449 1835; x_wconf 87' lang='lat' dir='ltr'><strong>aget</strong></span> <span class='ocrx_word' id='word_1_530' title='bbox 1464 1785 1629 1837; x_wconf 88' lang='lat' dir='ltr'><strong>quidem</strong></span> <span class='ocrx_word' id='word_1_531' title='bbox 1648 1786 1885 1837; x_wconf 87' lang='lat' dir='ltr'><strong>imperfecte</strong></span> <span class='ocrx_word' id='word_1_532' title='bbox 1907 1790 2050 1825; x_wconf 88' lang='lat' dir='ltr'><strong>contra</strong></span> <span class='ocrx_word' id='word_1_533' title='bbox 2068 1786 2271 1837; x_wconf 89' lang='lat' dir='ltr'><strong>regulam,</strong></span> 
     </span>
     <span class='ocr_line' id='line_1_81' title="bbox 1236 1847 2274 1887; baseline 0.002 -3"><span class='ocrx_word' id='word_1_534' title='bbox 1236 1857 1320 1885; x_wconf 93' lang='lat' dir='ltr'><strong>non</strong></span> <span class='ocrx_word' id='word_1_535' title='bbox 1346 1850 1484 1885; x_wconf 88' lang='lat' dir='ltr'><strong>tamen</strong></span> <span class='ocrx_word' id='word_1_536' title='bbox 1514 1852 1657 1887; x_wconf 84' lang='lat' dir='ltr'><strong>contra</strong></span> <span class='ocrx_word' id='word_1_537' title='bbox 1676 1852 1830 1887; x_wconf 88' lang='lat' dir='ltr'><strong>votum.</strong></span> <span class='ocrx_word' id='word_1_538' title='bbox 1862 1848 1912 1887; x_wconf 88' lang='lat' dir='ltr'><strong>Et</strong></span> <span class='ocrx_word' id='word_1_539' title='bbox 1931 1847 2043 1887; x_wconf 88' lang='lat' dir='ltr'><strong>idem</strong></span> <span class='ocrx_word' id='word_1_540' title='bbox 2062 1859 2206 1887; x_wconf 87' lang='lat' dir='ltr'><strong>censeo</strong></span> <span class='ocrx_word' id='word_1_541' title='bbox 2223 1847 2274 1886; x_wconf 89' lang='lat' dir='ltr'><strong>de</strong></span> 
     </span>
    </p>
   </div>
   <div class='ocr_carea' id='block_1_9' title="bbox 1235 1905 2341 1959">
    <p class='ocr_par' dir='ltr' id='par_1_9' title="bbox 1235 1905 2341 1959">
     <span class='ocr_line' id='line_1_82' title="bbox 1235 1905 2341 1959; baseline 0.003 -15"><span class='ocrx_word' id='word_1_542' title='bbox 1235 1905 1328 1945; x_wconf 88' lang='lat' dir='ltr'><strong>aliis</strong></span> <span class='ocrx_word' id='word_1_543' title='bbox 1353 1907 1548 1956; x_wconf 88' lang='lat' dir='ltr'><strong>consiliis,</strong></span> <span class='ocrx_word' id='word_1_544' title='bbox 1577 1920 1649 1947; x_wconf 88' lang='lat' dir='ltr'><strong>seu</strong></span> <span class='ocrx_word' id='word_1_545' title='bbox 1667 1907 1834 1958; x_wconf 80' lang='lat' dir='ltr'><strong>regulis,</strong></span> <span class='ocrx_word' id='word_1_546' title='bbox 1869 1908 2026 1959; x_wconf 74' lang='lat' dir='ltr'><strong>quaein</strong></span> <span class='ocrx_word' id='word_1_547' title='bbox 2046 1907 2123 1948; x_wconf 84' lang='lat' dir='ltr'><strong>hac</strong></span> <span class='ocrx_word' id='word_1_548' title='bbox 2145 1911 2273 1947; x_wconf 86' lang='lat' dir='ltr'><strong>mate-</strong></span> <span class='ocrx_word' id='word_1_549' title='bbox 2337 1915 2341 1921; x_wconf 91' lang='grc'><strong>“</strong></span> 
     </span>
    </p>
   </div>
   <div class='ocr_carea' id='block_1_10' title="bbox 1233 1968 2273 2452">
    <p class='ocr_par' dir='ltr' id='par_1_10' title="bbox 1233 1968 2273 2452">
     <span class='ocr_line' id='line_1_83' title="bbox 1236 1968 2273 2020; baseline 0.002 -14"><span class='ocrx_word' id='word_1_550' title='bbox 1236 1968 1299 2007; x_wconf 90' lang='lat' dir='ltr'><strong>ria</strong></span> <span class='ocrx_word' id='word_1_551' title='bbox 1317 1968 1361 2007; x_wconf 90' lang='lat' dir='ltr'><strong>in</strong></span> <span class='ocrx_word' id='word_1_552' title='bbox 1381 1968 1581 2008; x_wconf 88' lang='lat' dir='ltr'><strong>Societate</strong></span> <span class='ocrx_word' id='word_1_553' title='bbox 1601 1969 1752 2009; x_wconf 86' lang='lat' dir='ltr'><strong>dantur</strong></span> <span class='ocrx_word' id='word_1_554' title='bbox 1764 1998 1779 2018; x_wconf 91' lang='lat'><strong>,</strong></span> <span class='ocrx_word' id='word_1_555' title='bbox 1813 1973 1860 2008; x_wconf 89' lang='lat' dir='ltr'><strong>ut</strong></span> <span class='ocrx_word' id='word_1_556' title='bbox 1884 1969 1935 2008; x_wconf 91' lang='lat' dir='ltr'><strong>de</strong></span> <span class='ocrx_word' id='word_1_557' title='bbox 1965 1969 2090 2009; x_wconf 91' lang='lat' dir='ltr'><strong>modo</strong></span> <span class='ocrx_word' id='word_1_558' title='bbox 2109 1969 2273 2020; x_wconf 84' lang='lat' dir='ltr'><strong>petendi</strong></span> 
     </span>
     <span class='ocr_line' id='line_1_84' title="bbox 1234 2027 2273 2082; baseline 0.004 -16"><span class='ocrx_word' id='word_1_559' title='bbox 1234 2027 1541 2080; x_wconf 82' lang='lat' dir='ltr'><strong>eleemosynas,</strong></span> <span class='ocrx_word' id='word_1_560' title='bbox 1573 2028 1639 2068; x_wconf 89' lang='lat' dir='ltr'><strong>vel</strong></span> <span class='ocrx_word' id='word_1_561' title='bbox 1669 2030 1761 2070; x_wconf 89' lang='lat' dir='ltr'><strong>illas</strong></span> <span class='ocrx_word' id='word_1_562' title='bbox 1789 2030 2065 2082; x_wconf 88' lang='lat' dir='ltr'><strong>impetrandi,</strong></span> <span class='ocrx_word' id='word_1_563' title='bbox 2096 2029 2273 2070; x_wconf 90' lang='lat' dir='ltr'><strong>habetur</strong></span> 
     </span>
     <span class='ocr_line' id='line_1_85' title="bbox 1234 2090 2272 2143; baseline 0.003 -15"><span class='ocrx_word' id='word_1_564' title='bbox 1234 2093 1348 2140; x_wconf 89' lang='lat' dir='ltr'><strong>parte</strong></span> <span class='ocrx_word' id='word_1_565' title='bbox 1365 2095 1480 2130; x_wconf 81' lang='lat' dir='ltr'><strong>sexta</strong></span> <span class='ocrx_word' id='word_1_566' title='bbox 1490 2091 1852 2140; x_wconf 88' lang='lat' dir='ltr'><strong>Constitutionum‚</strong></span> <span class='ocrx_word' id='word_1_567' title='bbox 1867 2103 1955 2143; x_wconf 88' lang='lat' dir='ltr'><strong>cap.</strong></span> <span class='ocrx_word' id='word_1_568' title='bbox 1972 2093 2015 2138; x_wconf 75' lang='lat'><strong>2,</strong></span> <span class='ocrx_word' id='word_1_569' title='bbox 2036 2090 2061 2143; x_wconf 65' lang='grc' dir='ltr'>ἓ</span> <span class='ocrx_word' id='word_1_570' title='bbox 2080 2092 2145 2140; x_wconf 84' lang='grc'><strong>10,</strong></span> <span class='ocrx_word' id='word_1_571' title='bbox 2158 2095 2199 2131; x_wconf 87' lang='lat' dir='ltr'><strong>et</strong></span> <span class='ocrx_word' id='word_1_572' title='bbox 2211 2103 2272 2131; x_wconf 89' lang='lat' dir='ltr'><strong>se-</strong></span> 
     </span>
     <span class='ocr_line' id='line_1_86' title="bbox 1234 2150 2271 2204; baseline 0.003 -16"><span class='ocrx_word' id='word_1_573' title='bbox 1234 2150 1369 2190; x_wconf 87' lang='lat' dir='ltr'><strong>cunda</strong></span> <span class='ocrx_word' id='word_1_574' title='bbox 1387 2152 1710 2204; x_wconf 86' lang='lat' dir='ltr'><strong>Congregatione</strong></span> <span class='ocrx_word' id='word_1_575' title='bbox 1730 2153 1927 2204; x_wconf 87' lang='lat' dir='ltr'><strong>generali,</strong></span> <span class='ocrx_word' id='word_1_576' title='bbox 1954 2165 2101 2193; x_wconf 88' lang='lat' dir='ltr'><strong>canon.</strong></span> <span class='ocrx_word' id='word_1_577' title='bbox 2122 2153 2271 2203; x_wconf 89' lang='lat' dir='ltr'><strong>vigesi-</strong></span> 
     </span>
     <span class='ocr_line' id='line_1_87' title="bbox 1234 2214 2270 2264; baseline 0.004 -14"><span class='ocrx_word' id='word_1_578' title='bbox 1234 2219 1302 2250; x_wconf 85' lang='lat' dir='ltr'><strong>mo</strong></span> <span class='ocrx_word' id='word_1_579' title='bbox 1333 2214 1512 2252; x_wconf 82' lang='lat' dir='ltr'><strong>secundo</strong></span> <span class='ocrx_word' id='word_1_580' title='bbox 1529 2225 1542 2264; x_wconf 83' lang='lat'>3</span> <span class='ocrx_word' id='word_1_581' title='bbox 1562 2214 1633 2252; x_wconf 86' lang='lat' dir='ltr'><strong>illa</strong></span> <span class='ocrx_word' id='word_1_582' title='bbox 1668 2215 1782 2255; x_wconf 89' lang='lat' dir='ltr'><strong>enim</strong></span> <span class='ocrx_word' id='word_1_583' title='bbox 1818 2215 1957 2254; x_wconf 83' lang='lat' dir='ltr'><strong>omnia</strong></span> <span class='ocrx_word' id='word_1_584' title='bbox 1989 2214 2041 2253; x_wconf 87' lang='lat' dir='ltr'><strong>ad</strong></span> <span class='ocrx_word' id='word_1_585' title='bbox 2071 2214 2270 2264; x_wconf 86' lang='lat' dir='ltr'><strong>majorem</strong></span> 
     </span>
     <span class='ocr_line' id='line_1_88' title="bbox 1233 2272 2269 2327; baseline 0.001 -15"><span class='ocrx_word' id='word_1_586' title='bbox 1233 2272 1543 2313; x_wconf 85' lang='lat' dir='ltr'><strong>aedificationem</strong></span> <span class='ocrx_word' id='word_1_587' title='bbox 1570 2279 1777 2326; x_wconf 85' lang='lat' dir='ltr'><strong>spectant,</strong></span> <span class='ocrx_word' id='word_1_588' title='bbox 1810 2288 1895 2315; x_wconf 92' lang='lat' dir='ltr'><strong>non</strong></span> <span class='ocrx_word' id='word_1_589' title='bbox 1917 2275 2083 2327; x_wconf 89' lang='lat' dir='ltr'><strong>proprie</strong></span> <span class='ocrx_word' id='word_1_590' title='bbox 2099 2275 2150 2315; x_wconf 89' lang='lat' dir='ltr'><strong>ad</strong></span> <span class='ocrx_word' id='word_1_591' title='bbox 2169 2287 2269 2326; x_wconf 88' lang='lat' dir='ltr'><strong>pau-</strong></span> 
     </span>
     <span class='ocr_line' id='line_1_89' title="bbox 1234 2335 2270 2390; baseline 0.005 -18"><span class='ocrx_word' id='word_1_592' title='bbox 1234 2335 1402 2385; x_wconf 87' lang='lat' dir='ltr'><strong>pertatis</strong></span> <span class='ocrx_word' id='word_1_593' title='bbox 1423 2336 1635 2376; x_wconf 87' lang='lat' dir='ltr'><strong>materiam</strong></span> <span class='ocrx_word' id='word_1_594' title='bbox 1652 2366 1668 2387; x_wconf 89' lang='lat'>‚</span> <span class='ocrx_word' id='word_1_595' title='bbox 1701 2337 1890 2388; x_wconf 87' lang='lat' dir='ltr'><strong>quamvis</strong></span> <span class='ocrx_word' id='word_1_596' title='bbox 1909 2338 1962 2377; x_wconf 90' lang='lat' dir='ltr'><strong>ad</strong></span> <span class='ocrx_word' id='word_1_597' title='bbox 1980 2337 2094 2378; x_wconf 90' lang='lat' dir='ltr'><strong>illam</strong></span> <span class='ocrx_word' id='word_1_598' title='bbox 2114 2336 2270 2390; x_wconf 83' lang='lat' dir='ltr'><strong>perfec-</strong></span> 
     </span>
     <span class='ocr_line' id='line_1_90' title="bbox 1233 2395 2048 2452; baseline 0.009 -19"><span class='ocrx_word' id='word_1_599' title='bbox 1233 2395 1316 2435; x_wconf 90' lang='lat' dir='ltr'><strong>tius</strong></span> <span class='ocrx_word' id='word_1_600' title='bbox 1334 2397 1657 2438; x_wconf 82' lang='lat' dir='ltr'><strong>conservandam</strong></span> <span class='ocrx_word' id='word_1_601' title='bbox 1675 2399 1858 2439; x_wconf 84' lang='lat' dir='ltr'><strong>conferre</strong></span> <span class='ocrx_word' id='word_1_602' title='bbox 1878 2400 2048 2452; x_wconf 88' lang='lat' dir='ltr'><strong>possint.</strong></span> 
     </span>
    </p>
   </div>
   <div class='ocr_carea' id='block_1_11' title="bbox 1608 2530 1891 2573">
    <p class='ocr_par' dir='ltr' id='par_1_11' title="bbox 1608 2530 1891 2573">
     <span class='ocr_line' id='line_1_91' title="bbox 1608 2530 1891 2573; baseline 0 -1"><span class='ocrx_word' id='word_1_603' title='bbox 1608 2530 1774 2572; x_wconf 88' lang='lat' dir='ltr'>CAPUT</span> <span class='ocrx_word' id='word_1_604' title='bbox 1801 2531 1891 2573; x_wconf 86' lang='lat' dir='ltr'>XII.</span> 
     </span>
    </p>
   </div>
   <div class='ocr_carea' id='block_1_12' title="bbox 1231 2654 2265 2807">
    <p class='ocr_par' dir='ltr' id='par_1_12' title="bbox 1231 2654 2265 2807">
     <span class='ocr_line' id='line_1_92' title="bbox 1231 2654 2265 2689; baseline 0.005 -6"><span class='ocrx_word' id='word_1_605' title='bbox 1231 2654 1366 2684; x_wconf 79' lang='lat' dir='ltr'><strong>UTRUM</strong></span> <span class='ocrx_word' id='word_1_606' title='bbox 1394 2655 1449 2686; x_wconf 77' lang='lat' dir='ltr'><strong>Ex</strong></span> <span class='ocrx_word' id='word_1_607' title='bbox 1476 2655 1578 2686; x_wconf 82' lang='lat' dir='ltr'>&#39;VOTO</span> <span class='ocrx_word' id='word_1_608' title='bbox 1611 2654 1858 2686; x_wconf 77' lang='lat' dir='ltr'>OBEDIENTIAE</span> <span class='ocrx_word' id='word_1_609' title='bbox 1892 2656 2074 2687; x_wconf 76' lang='lat' dir='ltr'>OBLIGARI</span> <span class='ocrx_word' id='word_1_610' title='bbox 2107 2658 2265 2689; x_wconf 75' lang='lat' dir='ltr'><strong>Possm‘r</strong></span> 
     </span>
     <span class='ocr_line' id='line_1_93' title="bbox 1283 2716 2262 2753; baseline 0.005 -7"><span class='ocrx_word' id='word_1_611' title='bbox 1283 2716 1471 2747; x_wconf 78' lang='lat' dir='ltr'>RELIGIOSI</span> <span class='ocrx_word' id='word_1_612' title='bbox 1506 2718 1729 2748; x_wconf 85' lang='lat' dir='ltr'>SOCIETATIS</span> <span class='ocrx_word' id='word_1_613' title='bbox 1755 2718 1797 2749; x_wconf 79' lang='lat' dir='ltr'><strong>IN</strong></span> <span class='ocrx_word' id='word_1_614' title='bbox 1823 2718 2057 2753; x_wconf 76' lang='lat' dir='ltr'><strong>QUAGUMQUE</strong></span> <span class='ocrx_word' id='word_1_615' title='bbox 2080 2719 2262 2751; x_wconf 74' lang='lat' dir='ltr'><strong>HONESTA</strong></span> 
     </span>
     <span class='ocr_line' id='line_1_94' title="bbox 1282 2778 1478 2807; baseline -0.005 0"><span class='ocrx_word' id='word_1_616' title='bbox 1282 2778 1478 2807; x_wconf 78' lang='lat' dir='ltr'><strong>MATERIA.</strong></span> 
     </span>
    </p>
   </div>
   <div class='ocr_carea' id='block_1_13' title="bbox 1222 2890 2263 3562">
    <p class='ocr_par' dir='ltr' id='par_1_13' title="bbox 1222 2890 2263 3562">
     <span class='ocr_line' id='line_1_95' title="bbox 1283 2890 2261 2945; baseline 0.009 -15"><span class='ocrx_word' id='word_1_617' title='bbox 1283 2891 1323 2929; x_wconf 71' lang='grc'><strong>4.</strong></span> <span class='ocrx_word' id='word_1_618' title='bbox 1355 2890 1561 2943; x_wconf 75' lang='lat' dir='ltr'><strong>Quousque</strong></span> <span class='ocrx_word' id='word_1_619' title='bbox 1587 2892 1653 2933; x_wconf 71' lang='lat' dir='ltr'><strong>aie</strong></span> <span class='ocrx_word' id='word_1_620' title='bbox 1679 2894 1873 2945; x_wconf 69' lang='lat' dir='ltr'><strong>aye-ndum</strong></span> <span class='ocrx_word' id='word_1_621' title='bbox 1892 2895 1939 2936; x_wconf 82' lang='lat' dir='ltr'><strong>de</strong></span> <span class='ocrx_word' id='word_1_622' title='bbox 1965 2895 2261 2943; x_wconf 82' lang='lat' dir='ltr'><strong>obedientia.—</strong></span> 
     </span>
     <span class='ocr_line' id='line_1_96' title="bbox 1228 2951 2259 3009; baseline 0.009 -19"><span class='ocrx_word' id='word_1_623' title='bbox 1228 2951 1283 2990; x_wconf 93' lang='lat' dir='ltr'><strong>De</strong></span> <span class='ocrx_word' id='word_1_624' title='bbox 1301 2956 1396 2991; x_wconf 86' lang='lat' dir='ltr'><strong>voto</strong></span> <span class='ocrx_word' id='word_1_625' title='bbox 1424 2952 1681 3002; x_wconf 86' lang='lat' dir='ltr'><strong>obedientiae,</strong></span> <span class='ocrx_word' id='word_1_626' title='bbox 1700 2963 1901 3005; x_wconf 86' lang='lat' dir='ltr'><strong>quantum</strong></span> <span class='ocrx_word' id='word_1_627' title='bbox 1930 2962 2083 3009; x_wconf 89' lang='lat' dir='ltr'><strong>spectat</strong></span> <span class='ocrx_word' id='word_1_628' title='bbox 2100 2959 2153 2998; x_wconf 86' lang='lat' dir='ltr'><strong>ad</strong></span> <span class='ocrx_word' id='word_1_629' title='bbox 2171 2971 2259 2999; x_wconf 87' lang='lat' dir='ltr'><strong>mo-</strong></span> 
     </span>
     <span class='ocr_line' id='line_1_97' title="bbox 1229 3013 2257 3069; baseline 0.009 -18"><span class='ocrx_word' id='word_1_630' title='bbox 1229 3013 1327 3051; x_wconf 92' lang='lat' dir='ltr'><strong>dum</strong></span> <span class='ocrx_word' id='word_1_631' title='bbox 1353 3013 1480 3064; x_wconf 88' lang='lat' dir='ltr'><strong>ipsius</strong></span> <span class='ocrx_word' id='word_1_632' title='bbox 1507 3016 1592 3054; x_wconf 89' lang='lat' dir='ltr'><strong>voti</strong></span> <span class='ocrx_word' id='word_1_633' title='bbox 1622 3015 1814 3067; x_wconf 87' lang='lat' dir='ltr'><strong>simplicis</strong></span> <span class='ocrx_word' id='word_1_634' title='bbox 1844 3018 1907 3057; x_wconf 91' lang='lat' dir='ltr'><strong>vel</strong></span> <span class='ocrx_word' id='word_1_635' title='bbox 1925 3019 2132 3069; x_wconf 90' lang='lat' dir='ltr'><strong>solemnis,</strong></span> <span class='ocrx_word' id='word_1_636' title='bbox 2153 3020 2257 3060; x_wconf 92' lang='lat' dir='ltr'><strong>nihil</strong></span> 
     </span>
     <span class='ocr_line' id='line_1_98' title="bbox 1228 3075 2263 3137; baseline 0.009 -24"><span class='ocrx_word' id='word_1_637' title='bbox 1228 3075 1398 3126; x_wconf 86' lang='lat' dir='ltr'><strong>speciale</strong></span> <span class='ocrx_word' id='word_1_638' title='bbox 1417 3076 1484 3115; x_wconf 87' lang='lat' dir='ltr'><strong>hic</strong></span> <span class='ocrx_word' id='word_1_639' title='bbox 1497 3076 1716 3116; x_wconf 90' lang='lat' dir='ltr'><strong>dicendum</strong></span> <span class='ocrx_word' id='word_1_640' title='bbox 1729 3081 1917 3128; x_wconf 88' lang='lat' dir='ltr'><strong>occurrit,</strong></span> <span class='ocrx_word' id='word_1_641' title='bbox 1930 3093 2027 3121; x_wconf 91' lang='lat' dir='ltr'><strong>nam</strong></span> <span class='ocrx_word' id='word_1_642' title='bbox 2041 3094 2132 3134; x_wconf 81' lang='lat' dir='ltr'><strong>quoe</strong></span> <span class='ocrx_word' id='word_1_643' title='bbox 2150 3082 2263 3137; x_wconf 79' lang='lat' dir='ltr'><strong>dicta,</strong></span> 
     </span>
     <span class='ocr_line' id='line_1_99' title="bbox 1227 3137 2256 3191; baseline 0.01 -17"><span class='ocrx_word' id='word_1_644' title='bbox 1227 3141 1323 3175; x_wconf 90' lang='lat' dir='ltr'><strong>sunt</strong></span> <span class='ocrx_word' id='word_1_645' title='bbox 1342 3137 1386 3176; x_wconf 91' lang='lat' dir='ltr'><strong>in</strong></span> <span class='ocrx_word' id='word_1_646' title='bbox 1399 3137 1489 3177; x_wconf 91' lang='lat' dir='ltr'><strong>aliis</strong></span> <span class='ocrx_word' id='word_1_647' title='bbox 1502 3139 1623 3188; x_wconf 89' lang='lat' dir='ltr'><strong>votis,</strong></span> <span class='ocrx_word' id='word_1_648' title='bbox 1642 3138 1709 3178; x_wconf 87' lang='lat' dir='ltr'><strong>hic</strong></span> <span class='ocrx_word' id='word_1_649' title='bbox 1724 3140 1967 3191; x_wconf 85' lang='lat' dir='ltr'><strong>applicanda</strong></span> <span class='ocrx_word' id='word_1_650' title='bbox 1985 3147 2094 3183; x_wconf 91' lang='lat' dir='ltr'><strong>sunt.</strong></span> <span class='ocrx_word' id='word_1_651' title='bbox 2113 3143 2256 3183; x_wconf 92' lang='lat' dir='ltr'><strong>Solum</strong></span> 
     </span>
     <span class='ocr_line' id='line_1_100' title="bbox 1227 3200 2255 3256; baseline 0.009 -20"><span class='ocrx_word' id='word_1_652' title='bbox 1227 3209 1323 3248; x_wconf 88' lang='lat' dir='ltr'><strong>ergo</strong></span> <span class='ocrx_word' id='word_1_653' title='bbox 1342 3203 1525 3250; x_wconf 89' lang='lat' dir='ltr'><strong>superest</strong></span> <span class='ocrx_word' id='word_1_654' title='bbox 1542 3204 1615 3248; x_wconf 91' lang='lat' dir='ltr'><strong>ut,</strong></span> <span class='ocrx_word' id='word_1_655' title='bbox 1645 3200 1680 3239; x_wconf 89' lang='lat' dir='ltr'><strong>si</strong></span> <span class='ocrx_word' id='word_1_656' title='bbox 1708 3212 1758 3240; x_wconf 86' lang='lat' dir='ltr'><strong>ex</strong></span> <span class='ocrx_word' id='word_1_657' title='bbox 1787 3207 1902 3253; x_wconf 88' lang='lat' dir='ltr'><strong>parte</strong></span> <span class='ocrx_word' id='word_1_658' title='bbox 1933 3205 2112 3244; x_wconf 87' lang='lat' dir='ltr'><strong>materiae</strong></span> <span class='ocrx_word' id='word_1_659' title='bbox 2131 3205 2255 3256; x_wconf 83' lang='lat' dir='ltr'><strong>hujus</strong></span> 
     </span>
     <span class='ocr_line' id='line_1_101' title="bbox 1225 3258 2253 3317; baseline 0.01 -21"><span class='ocrx_word' id='word_1_660' title='bbox 1225 3259 1310 3297; x_wconf 89' lang='lat' dir='ltr'><strong>voti</strong></span> <span class='ocrx_word' id='word_1_661' title='bbox 1329 3258 1485 3311; x_wconf 90' lang='lat' dir='ltr'><strong>aliquid</strong></span> <span class='ocrx_word' id='word_1_662' title='bbox 1516 3260 1666 3300; x_wconf 87' lang='lat' dir='ltr'><strong>habeat</strong></span> <span class='ocrx_word' id='word_1_663' title='bbox 1695 3262 1872 3303; x_wconf 87' lang='lat' dir='ltr'><strong>Societas</strong></span> <span class='ocrx_word' id='word_1_664' title='bbox 1901 3265 2088 3315; x_wconf 89' lang='lat' dir='ltr'><strong>speciale,</strong></span> <span class='ocrx_word' id='word_1_665' title='bbox 2109 3275 2253 3317; x_wconf 81' lang='lat' dir='ltr'><strong>proeter</strong></span> 
     </span>
     <span class='ocr_line' id='line_1_102' title="bbox 1224 3318 2256 3377; baseline 0.01 -20"><span class='ocrx_word' id='word_1_666' title='bbox 1224 3318 1341 3368; x_wconf 89' lang='lat' dir='ltr'><strong>illud,</strong></span> <span class='ocrx_word' id='word_1_667' title='bbox 1358 3321 1468 3372; x_wconf 88' lang='lat' dir='ltr'><strong>quod</strong></span> <span class='ocrx_word' id='word_1_668' title='bbox 1489 3321 1540 3361; x_wconf 89' lang='lat' dir='ltr'><strong>de</strong></span> <span class='ocrx_word' id='word_1_669' title='bbox 1564 3326 1673 3361; x_wconf 89' lang='lat' dir='ltr'><strong>statu</strong></span> <span class='ocrx_word' id='word_1_670' title='bbox 1692 3323 1899 3375; x_wconf 89' lang='lat' dir='ltr'><strong>religioso,</strong></span> <span class='ocrx_word' id='word_1_671' title='bbox 1912 3326 2110 3377; x_wconf 88' lang='lat' dir='ltr'><strong>superiori</strong></span> <span class='ocrx_word' id='word_1_672' title='bbox 2124 3321 2256 3376; x_wconf 63' lang='lat' dir='ltr'><strong>tomo)</strong></span> 
     </span>
     <span class='ocr_line' id='line_1_103' title="bbox 1223 3380 2238 3437; baseline 0.008 -19"><span class='ocrx_word' id='word_1_673' title='bbox 1223 3380 1268 3418; x_wconf 88' lang='lat' dir='ltr'><strong>in</strong></span> <span class='ocrx_word' id='word_1_674' title='bbox 1291 3392 1442 3431; x_wconf 84' lang='lat' dir='ltr'><strong>genere</strong></span> <span class='ocrx_word' id='word_1_675' title='bbox 1463 3382 1620 3422; x_wconf 87' lang='lat' dir='ltr'><strong>dictum</strong></span> <span class='ocrx_word' id='word_1_676' title='bbox 1640 3388 1714 3432; x_wconf 89' lang='lat' dir='ltr'><strong>est,</strong></span> <span class='ocrx_word' id='word_1_677' title='bbox 1739 3396 1764 3423; x_wconf 86' lang='lat' dir='ltr'><strong>a</strong></span> <span class='ocrx_word' id='word_1_678' title='bbox 1784 3385 1903 3424; x_wconf 90' lang='grc'>1101115</span> <span class='ocrx_word' id='word_1_679' title='bbox 1922 3386 2160 3437; x_wconf 86' lang='lat' dir='ltr'><strong>explicetur.</strong></span> <span class='ocrx_word' id='word_1_680' title='bbox 2175 3388 2238 3426; x_wconf 86' lang='lat' dir='ltr'><strong>Ad</strong></span> 
     </span>
     <span class='ocr_line' id='line_1_104' title="bbox 1222 3443 2254 3500; baseline 0.007 -20"><span class='ocrx_word' id='word_1_681' title='bbox 1222 3446 1339 3481; x_wconf 81' lang='lat' dir='ltr'><strong>verto</strong></span> <span class='ocrx_word' id='word_1_682' title='bbox 1361 3447 1500 3482; x_wconf 88' lang='lat' dir='ltr'><strong>autem</strong></span> <span class='ocrx_word' id='word_1_683' title='bbox 1521 3443 1586 3484; x_wconf 90' lang='lat' dir='ltr'><strong>hic</strong></span> <span class='ocrx_word' id='word_1_684' title='bbox 1611 3457 1696 3486; x_wconf 90' lang='lat' dir='ltr'><strong>non</strong></span> <span class='ocrx_word' id='word_1_685' title='bbox 1721 3457 1806 3486; x_wconf 89' lang='lat' dir='ltr'><strong>esse</strong></span> <span class='ocrx_word' id='word_1_686' title='bbox 1832 3458 2062 3486; x_wconf 88' lang='lat' dir='ltr'><strong>sermonem</strong></span> <span class='ocrx_word' id='word_1_687' title='bbox 2088 3447 2138 3488; x_wconf 89' lang='lat' dir='ltr'><strong>de</strong></span> <span class='ocrx_word' id='word_1_688' title='bbox 2161 3459 2254 3500; x_wconf 80' lang='lat' dir='ltr'><strong>spe-</strong></span> 
     </span>
     <span class='ocr_line' id='line_1_105' title="bbox 1222 3503 2254 3562; baseline 0.007 -20"><span class='ocrx_word' id='word_1_689' title='bbox 1222 3503 1316 3543; x_wconf 88' lang='lat' dir='ltr'><strong>ciali</strong></span> <span class='ocrx_word' id='word_1_690' title='bbox 1335 3508 1431 3544; x_wconf 86' lang='lat' dir='ltr'><strong>voto</strong></span> <span class='ocrx_word' id='word_1_691' title='bbox 1450 3505 1693 3548; x_wconf 84' lang='lat' dir='ltr'><strong>obedientiae</strong></span> <span class='ocrx_word' id='word_1_692' title='bbox 1713 3508 1766 3548; x_wconf 90' lang='lat' dir='ltr'><strong>ad</strong></span> <span class='ocrx_word' id='word_1_693' title='bbox 1786 3509 2010 3556; x_wconf 84' lang='lat' dir='ltr'><strong>missiones,</strong></span> <span class='ocrx_word' id='word_1_694' title='bbox 2031 3509 2140 3561; x_wconf 88' lang='lat' dir='ltr'><strong>quod</strong></span> <span class='ocrx_word' id='word_1_695' title='bbox 2160 3508 2254 3562; x_wconf 75' lang='lat' dir='ltr'><strong>pro-¹</strong></span> 
     </span>
    </p>
   </div>
   <div class='ocr_carea' id='block_1_14' title="bbox 203 3562 2253 3642">
    <p class='ocr_par' dir='ltr' id='par_1_14' title="bbox 203 3562 2253 3642">
     <span class='ocr_line' id='line_1_106' title="bbox 203 3562 2253 3642; baseline 0.005 -40"><span class='ocrx_word' id='word_1_696' title='bbox 203 3567 218 3591; x_wconf 74' lang='lat'>⁸</span> <span class='ocrx_word' id='word_1_697' title='bbox 243 3563 347 3604; x_wconf 85' lang='lat' dir='ltr'><strong>Vide</strong></span> <span class='ocrx_word' id='word_1_698' title='bbox 374 3562 746 3616; x_wconf 78' lang='lat' dir='ltr'><strong>congregationem</strong></span> <span class='ocrx_word' id='word_1_699' title='bbox 771 3562 972 3616; x_wconf 84' lang='lat' dir='ltr'><strong>primam,</strong></span> <span class='ocrx_word' id='word_1_700' title='bbox 989 3575 1137 3603; x_wconf 87' lang='lat' dir='ltr'><strong>canon.</strong></span> <span class='ocrx_word' id='word_1_701' title='bbox 1156 3565 1184 3606; x_wconf 93' lang='lat'><strong>8</strong></span> <span class='ocrx_word' id='word_1_702' title='bbox 1219 3565 1316 3606; x_wconf 81' lang='lat' dir='ltr'><strong>fessi</strong></span> <span class='ocrx_word' id='word_1_703' title='bbox 1335 3567 1551 3617; x_wconf 84' lang='lat' dir='ltr'><strong>emittunt3</strong></span> <span class='ocrx_word' id='word_1_704' title='bbox 1573 3569 1622 3609; x_wconf 86' lang='lat' dir='ltr'><strong>de</strong></span> <span class='ocrx_word' id='word_1_705' title='bbox 1641 3569 1719 3609; x_wconf 86' lang='lat' dir='ltr'><strong>hoc</strong></span> <span class='ocrx_word' id='word_1_706' title='bbox 1738 3570 1849 3610; x_wconf 90' lang='lat' dir='ltr'><strong>enim</strong></span> <span class='ocrx_word' id='word_1_707' title='bbox 1859 3570 1982 3619; x_wconf 85' lang='lat' dir='ltr'><strong>infra,</strong></span> <span class='ocrx_word' id='word_1_708' title='bbox 1998 3570 2103 3611; x_wconf 90' lang='lat' dir='ltr'><strong>libro</strong></span> <span class='ocrx_word' id='word_1_709' title='bbox 2116 3577 2253 3642; x_wconf 66' lang='grc' dir='ltr'>50111οῇ</span> 
     </span>
    </p>
   </div>
   <div class='ocr_carea' id='block_1_15' title="bbox 151 3624 275 3664">
    <p class='ocr_par' dir='ltr' id='par_1_15' title="bbox 151 3624 275 3664">
     <span class='ocr_line' id='line_1_107' title="bbox 151 3624 275 3664; baseline -0.008 0"><span class='ocrx_word' id='word_1_710' title='bbox 151 3625 196 3664; x_wconf 83' lang='lat' dir='ltr'><strong>et</strong></span> <span class='ocrx_word' id='word_1_711' title='bbox 210 3624 275 3663; x_wconf 73' lang='lat'><strong>10.</strong></span> 
     </span>
    </p>
   </div>
   <div class='ocr_carea' id='block_1_16' title="bbox 1221 3628 2256 3687">
    <p class='ocr_par' dir='ltr' id='par_1_16' title="bbox 1221 3628 2256 3687">
     <span class='ocr_line' id='line_1_108' title="bbox 1221 3628 2256 3687; baseline 0.011 -21"><span class='ocrx_word' id='word_1_712' title='bbox 1221 3628 1354 3680; x_wconf 85' lang='lat' dir='ltr'><strong>capite</strong></span> <span class='ocrx_word' id='word_1_713' title='bbox 1367 3633 1528 3682; x_wconf 87' lang='lat' dir='ltr'><strong>quarto,</strong></span> <span class='ocrx_word' id='word_1_714' title='bbox 1540 3629 1746 3680; x_wconf 81' lang='lat' dir='ltr'><strong>dicemus3</strong></span> <span class='ocrx_word' id='word_1_715' title='bbox 1762 3631 1833 3672; x_wconf 81' lang='lat' dir='ltr'><strong>sed</strong></span> <span class='ocrx_word' id='word_1_716' title='bbox 1848 3630 1983 3672; x_wconf 90' lang='lat' dir='ltr'><strong>solum</strong></span> <span class='ocrx_word' id='word_1_717' title='bbox 1998 3631 2051 3673; x_wconf 84' lang='lat' dir='ltr'><strong>de</strong></span> <span class='ocrx_word' id='word_1_718' title='bbox 2066 3633 2256 3687; x_wconf 64' lang='lat' dir='ltr'><strong>generals}</strong></span> 
     </span>
    </p>
   </div>
   <div class='ocr_carea' id='block_1_17' title="bbox 2315 3358 2352 3880">
    <p class='ocr_par' dir='ltr' id='par_1_17' title="bbox 2315 3358 2352 3880">
     <span class='ocr_line' id='line_1_109' title="bbox 2315 3358 2352 3880; textangle 90"><span class='ocrx_word' id='word_1_719' title='bbox 2315 3503 2352 3880; x_wconf 38' lang='lat' dir='ltr'><strong>what-²³21*</strong></span> <span class='ocrx_word' id='word_1_720' title='bbox 2332 3401 2352 3489; x_wconf 39' lang='lat' dir='ltr'><strong>*so-⁹4.</strong></span> <span class='ocrx_word' id='word_1_721' title='bbox 2344 3358 2349 3363; x_wconf 89' lang='lat'><strong>.</strong></span> 
     </span>
    </p>
   </div>
  </div>
 </body>
</html>
