<?xml version="1.0" encoding="UTF-8"?>
<!DOCTYPE html PUBLIC "-//W3C//DTD XHTML 1.0 Transitional//EN"
    "http://www.w3.org/TR/xhtml1/DTD/xhtml1-transitional.dtd">
<html xmlns="http://www.w3.org/1999/xhtml" xml:lang="en" lang="en">
 <head>
  <title>
</title>
<meta http-equiv="Content-Type" content="text/html;charset=utf-8" />
  <meta name='ocr-system' content='tesseract 3.04.00' />
  <meta name='ocr-capabilities' content='ocr_page ocr_carea ocr_par ocr_line ocrx_word'/>
</head>
<body>
  <div class='ocr_page' id='page_1' title='image "./operaomnia16suaauoft/operaomnia16suaauoft_0061.png"; bbox 0 0 2352 3880; ppageno 0'>
   <div class='ocr_carea' id='block_1_1' title="bbox 0 0 278 915">
    <p class='ocr_par' dir='ltr' id='par_1_1' title="bbox 0 0 278 915">
     <span class='ocr_line' id='line_1_1' title="bbox 0 0 278 915; baseline 0 -708"><span class='ocrx_word' id='word_1_1' title='bbox 0 0 278 915; x_wconf 95' lang='lat' dir='ltr'>    </span> 
     </span>
    </p>
   </div>
   <div class='ocr_carea' id='block_1_2' title="bbox 20 254 83 302">
    <p class='ocr_par' dir='ltr' id='par_1_2' title="bbox 20 254 83 302">
     <span class='ocr_line' id='line_1_2' title="bbox 20 254 83 302; baseline 0 -13"><span class='ocrx_word' id='word_1_2' title='bbox 20 278 62 302; x_wconf 90' lang='grc'>1</span> <span class='ocrx_word' id='word_1_3' title='bbox 54 254 83 289; x_wconf 42' lang='grc' dir='ltr'>ΜὯ</span> 
     </span>
    </p>
   </div>
   <div class='ocr_carea' id='block_1_3' title="bbox 16 298 83 366">
    <p class='ocr_par' dir='ltr' id='par_1_3' title="bbox 16 298 83 366">
     <span class='ocr_line' id='line_1_3' title="bbox 21 298 83 340; baseline 0 -7"><span class='ocrx_word' id='word_1_4' title='bbox 21 298 83 340; x_wconf 66' lang='grc' dir='ltr'>.“.ι,·”</span> 
     </span>
     <span class='ocr_line' id='line_1_4' title="bbox 16 340 74 366; baseline 0 0"><span class='ocrx_word' id='word_1_5' title='bbox 16 340 74 366; x_wconf 52' lang='lat'>0!</span> 
     </span>
    </p>
   </div>
   <div class='ocr_carea' id='block_1_4' title="bbox 5 3599 25 3646">
    <p class='ocr_par' dir='ltr' id='par_1_4' title="bbox 5 3599 25 3646">
     <span class='ocr_line' id='line_1_5' title="bbox 5 3599 25 3646; baseline 0 0"><span class='ocrx_word' id='word_1_6' title='bbox 5 3599 25 3646; x_wconf 64' lang='grc' dir='ltr'>’ζ</span> 
     </span>
    </p>
   </div>
   <div class='ocr_carea' id='block_1_5' title="bbox 0 3663 123 3880">
    <p class='ocr_par' dir='ltr' id='par_1_5' title="bbox 0 3663 123 3880">
     <span class='ocr_line' id='line_1_6' title="bbox 0 3663 42 3695; baseline 0 -5"><span class='ocrx_word' id='word_1_7' title='bbox 0 3663 42 3695; x_wconf 53' lang='grc' dir='ltr'>Γε-</span> 
     </span>
     <span class='ocr_line' id='line_1_7' title="bbox 0 3687 123 3880; baseline -0.073 0"><span class='ocrx_word' id='word_1_8' title='bbox 0 3687 84 3880; x_wconf 43' lang='lat' dir='ltr'>&amp;f</span> <span class='ocrx_word' id='word_1_9' title='bbox 115 3862 123 3871; x_wconf 54' lang='grc' dir='ltr'><strong><em>κ</em></strong></span> 
     </span>
    </p>
   </div>
   <div class='ocr_carea' id='block_1_6' title="bbox 134 295 1164 354">
    <p class='ocr_par' dir='ltr' id='par_1_6' title="bbox 134 295 1164 354">
     <span class='ocr_line' id='line_1_8' title="bbox 134 295 1164 354; baseline -0.002 -10"><span class='ocrx_word' id='word_1_10' title='bbox 134 305 251 344; x_wconf 72' lang='lat' dir='ltr'>tomo</span> <span class='ocrx_word' id='word_1_11' title='bbox 267 295 529 354; x_wconf 74' lang='lat' dir='ltr'>praecedenti,</span> <span class='ocrx_word' id='word_1_12' title='bbox 543 301 655 344; x_wconf 80' lang='lat' dir='ltr'>libro</span> <span class='ocrx_word' id='word_1_13' title='bbox 670 304 862 353; x_wconf 89' lang='lat' dir='ltr'>secundo,</span> <span class='ocrx_word' id='word_1_14' title='bbox 885 316 910 342; x_wconf 88' lang='lat' dir='ltr'>a</span> <span class='ocrx_word' id='word_1_15' title='bbox 928 316 1017 354; x_wconf 88' lang='lat' dir='ltr'>cap.</span> <span class='ocrx_word' id='word_1_16' title='bbox 1038 302 1164 353; x_wconf 88' lang='lat' dir='ltr'>septi-</span> 
     </span>
    </p>
   </div>
   <div class='ocr_carea' id='block_1_7' title="bbox 66 354 1166 471">
    <p class='ocr_par' dir='ltr' id='par_1_7' title="bbox 66 354 1166 471">
     <span class='ocr_line' id='line_1_9' title="bbox 66 354 1165 408; baseline -0.005 -9"><span class='ocrx_word' id='word_1_17' title='bbox 66 371 79 389; x_wconf 55' lang='lat' dir='ltr'>s*</span> <span class='ocrx_word' id='word_1_18' title='bbox 136 371 219 408; x_wconf 90' lang='lat' dir='ltr'>mo,</span> <span class='ocrx_word' id='word_1_19' title='bbox 234 359 388 398; x_wconf 89' lang='lat' dir='ltr'>dictum</span> <span class='ocrx_word' id='word_1_20' title='bbox 406 362 482 398; x_wconf 91' lang='lat' dir='ltr'>est.</span> <span class='ocrx_word' id='word_1_21' title='bbox 498 357 581 398; x_wconf 87' lang='lat' dir='ltr'>Sed</span> <span class='ocrx_word' id='word_1_22' title='bbox 597 355 948 397; x_wconf 85' lang='lat' dir='ltr'>confirmationem</span> <span class='ocrx_word' id='word_1_23' title='bbox 964 356 1073 395; x_wconf 88' lang='lat' dir='ltr'>hanc</span> <span class='ocrx_word' id='word_1_24' title='bbox 1084 354 1165 395; x_wconf 89' lang='lat' dir='ltr'>huc</span> 
     </span>
     <span class='ocr_line' id='line_1_10' title="bbox 67 411 1166 471; baseline -0.005 -10"><span class='ocrx_word' id='word_1_25' title='bbox 67 411 70 415; x_wconf 44' lang='lat'><em>⁷</em></span> <span class='ocrx_word' id='word_1_26' title='bbox 134 421 229 461; x_wconf 90' lang='lat' dir='ltr'>inde</span> <span class='ocrx_word' id='word_1_27' title='bbox 250 420 405 468; x_wconf 89' lang='lat' dir='ltr'>remisi,</span> <span class='ocrx_word' id='word_1_28' title='bbox 426 420 522 471; x_wconf 90' lang='lat' dir='ltr'>quia</span> <span class='ocrx_word' id='word_1_29' title='bbox 542 419 656 471; x_wconf 88' lang='lat' dir='ltr'>prius</span> <span class='ocrx_word' id='word_1_30' title='bbox 674 430 757 457; x_wconf 91' lang='lat' dir='ltr'>non</span> <span class='ocrx_word' id='word_1_31' title='bbox 778 421 939 468; x_wconf 87' lang='lat' dir='ltr'>poterat</span> <span class='ocrx_word' id='word_1_32' title='bbox 960 417 1166 456; x_wconf 88' lang='lat' dir='ltr'>sufficien-</span> 
     </span>
    </p>
   </div>
   <div class='ocr_carea' id='block_1_8' title="bbox 126 479 1165 3595">
    <p class='ocr_par' dir='ltr' id='par_1_8' title="bbox 134 479 1165 597">
     <span class='ocr_line' id='line_1_11' title="bbox 134 479 1165 533; baseline -0.005 -10"><span class='ocrx_word' id='word_1_33' title='bbox 134 487 197 523; x_wconf 89' lang='lat' dir='ltr'>ter</span> <span class='ocrx_word' id='word_1_34' title='bbox 225 482 411 533; x_wconf 80' lang='lat' dir='ltr'>intelligi.</span> <span class='ocrx_word' id='word_1_35' title='bbox 435 482 579 532; x_wconf 87' lang='lat' dir='ltr'>Itaque</span> <span class='ocrx_word' id='word_1_36' title='bbox 606 480 650 519; x_wconf 90' lang='lat' dir='ltr'>in</span> <span class='ocrx_word' id='word_1_37' title='bbox 674 479 807 519; x_wconf 84' lang='lat' dir='ltr'>forma</span> <span class='ocrx_word' id='word_1_38' title='bbox 829 479 1070 532; x_wconf 87' lang='lat' dir='ltr'>negandum</span> <span class='ocrx_word' id='word_1_39' title='bbox 1102 482 1165 519; x_wconf 88' lang='lat' dir='ltr'>est</span> 
     </span>
     <span class='ocr_line' id='line_1_12' title="bbox 134 542 658 597; baseline -0.008 -12"><span class='ocrx_word' id='word_1_40' title='bbox 134 543 374 597; x_wconf 83' lang='lat' dir='ltr'>objectionis</span> <span class='ocrx_word' id='word_1_41' title='bbox 394 542 658 582; x_wconf 84' lang='lat' dir='ltr'>antecedens.</span> 
     </span>
    </p>

    <p class='ocr_par' dir='ltr' id='par_1_9' title="bbox 126 599 1163 3595">
     <span class='ocr_line' id='line_1_13' title="bbox 185 599 1163 654; baseline -0.002 -8"><span class='ocrx_word' id='word_1_42' title='bbox 185 607 226 646; x_wconf 90' lang='grc'>6.</span> <span class='ocrx_word' id='word_1_43' title='bbox 259 604 442 646; x_wconf 80' lang='lat' dir='ltr'>Secunda</span> <span class='ocrx_word' id='word_1_44' title='bbox 461 599 1041 654; x_wconf 77' lang='lat' dir='ltr'>objectio.-Evasio.—Non</span> <span class='ocrx_word' id='word_1_45' title='bbox 1058 603 1163 645; x_wconf 75' lang='lat' dir='ltr'>vide-</span> 
     </span>
     <span class='ocr_line' id='line_1_14' title="bbox 134 663 1162 717; baseline -0.004 -9"><span class='ocrx_word' id='word_1_46' title='bbox 134 669 202 708; x_wconf 78' lang='lat' dir='ltr'>tur</span> <span class='ocrx_word' id='word_1_47' title='bbox 220 667 467 715; x_wconf 76' lang='lat' dir='ltr'>satisfacere.</span> <span class='ocrx_word' id='word_1_48' title='bbox 498 685 551 696; x_wconf 88' lang='lat'>-</span> <span class='ocrx_word' id='word_1_49' title='bbox 580 663 670 703; x_wconf 85' lang='lat' dir='ltr'>Alia</span> <span class='ocrx_word' id='word_1_50' title='bbox 692 663 868 714; x_wconf 89' lang='lat' dir='ltr'>objectio</span> <span class='ocrx_word' id='word_1_51' title='bbox 906 669 991 713; x_wconf 90' lang='lat' dir='ltr'>est,</span> <span class='ocrx_word' id='word_1_52' title='bbox 1013 664 1109 717; x_wconf 90' lang='lat' dir='ltr'>quia</span> <span class='ocrx_word' id='word_1_53' title='bbox 1137 677 1162 704; x_wconf 89' lang='lat' dir='ltr'>a</span> 
     </span>
     <span class='ocr_line' id='line_1_15' title="bbox 133 724 1162 779; baseline -0.002 -13"><span class='ocrx_word' id='word_1_54' title='bbox 133 726 330 779; x_wconf 84' lang='lat' dir='ltr'>principio</span> <span class='ocrx_word' id='word_1_55' title='bbox 346 725 613 765; x_wconf 83' lang='lat' dir='ltr'>institutionis</span> <span class='ocrx_word' id='word_1_56' title='bbox 631 725 844 764; x_wconf 88' lang='lat' dir='ltr'>Societatis</span> <span class='ocrx_word' id='word_1_57' title='bbox 863 726 1016 777; x_wconf 90' lang='lat' dir='ltr'>optime</span> <span class='ocrx_word' id='word_1_58' title='bbox 1030 724 1162 777; x_wconf 88' lang='lat' dir='ltr'>potuit</span> 
     </span>
     <span class='ocr_line' id='line_1_16' title="bbox 133 786 1160 839; baseline -0.003 -10"><span class='ocrx_word' id='word_1_59' title='bbox 133 790 210 829; x_wconf 91' lang='lat' dir='ltr'>hoc</span> <span class='ocrx_word' id='word_1_60' title='bbox 245 792 385 827; x_wconf 83' lang='lat' dir='ltr'>votum</span> <span class='ocrx_word' id='word_1_61' title='bbox 428 786 725 839; x_wconf 81' lang='lat' dir='ltr'>comprehendi</span> <span class='ocrx_word' id='word_1_62' title='bbox 769 787 846 826; x_wconf 89' lang='lat' dir='ltr'>sub</span> <span class='ocrx_word' id='word_1_63' title='bbox 885 787 1160 826; x_wconf 77' lang='lat' dir='ltr'>declaratione</span> 
     </span>
     <span class='ocr_line' id='line_1_17' title="bbox 133 847 1159 900; baseline -0.005 -9"><span class='ocrx_word' id='word_1_64' title='bbox 133 850 328 891; x_wconf 83' lang='lat' dir='ltr'>Bonifacii</span> <span class='ocrx_word' id='word_1_65' title='bbox 359 849 401 888; x_wconf 92' lang='lat' dir='ltr'>in</span> <span class='ocrx_word' id='word_1_66' title='bbox 434 861 525 900; x_wconf 87' lang='lat' dir='ltr'>cap.</span> <span class='ocrx_word' id='word_1_67' title='bbox 544 849 667 887; x_wconf 87' lang='lat' dir='ltr'>unico</span> <span class='ocrx_word' id='word_1_68' title='bbox 699 847 750 887; x_wconf 90' lang='lat' dir='ltr'>de</span> <span class='ocrx_word' id='word_1_69' title='bbox 780 849 903 896; x_wconf 90' lang='lat' dir='ltr'>Voto,</span> <span class='ocrx_word' id='word_1_70' title='bbox 927 849 969 887; x_wconf 94' lang='lat' dir='ltr'>in</span> <span class='ocrx_word' id='word_1_71' title='bbox 991 850 1029 888; x_wconf 93' lang='lat'>6.</span> <span class='ocrx_word' id='word_1_72' title='bbox 1053 850 1159 899; x_wconf 86' lang='lat' dir='ltr'>Ergo</span> 
     </span>
     <span class='ocr_line' id='line_1_18' title="bbox 133 910 1159 961; baseline -0.004 -9"><span class='ocrx_word' id='word_1_73' title='bbox 133 912 275 952; x_wconf 84' lang='lat' dir='ltr'>virtute</span> <span class='ocrx_word' id='word_1_74' title='bbox 290 910 399 950; x_wconf 89' lang='lat' dir='ltr'>illius</span> <span class='ocrx_word' id='word_1_75' title='bbox 418 911 572 950; x_wconf 80' lang='lat' dir='ltr'>decreti</span> <span class='ocrx_word' id='word_1_76' title='bbox 590 910 733 948; x_wconf 86' lang='lat' dir='ltr'>habuit</span> <span class='ocrx_word' id='word_1_77' title='bbox 750 921 914 961; x_wconf 84' lang='lat' dir='ltr'>semper</span> <span class='ocrx_word' id='word_1_78' title='bbox 926 911 1004 949; x_wconf 91' lang='lat' dir='ltr'>hoc</span> <span class='ocrx_word' id='word_1_79' title='bbox 1020 914 1159 949; x_wconf 89' lang='lat' dir='ltr'>votum</span> 
     </span>
     <span class='ocr_line' id='line_1_19' title="bbox 132 971 1160 1022; baseline -0.005 -8"><span class='ocrx_word' id='word_1_80' title='bbox 132 974 215 1014; x_wconf 88' lang='lat' dir='ltr'>vim</span> <span class='ocrx_word' id='word_1_81' title='bbox 234 972 419 1013; x_wconf 88' lang='lat' dir='ltr'>irritandi</span> <span class='ocrx_word' id='word_1_82' title='bbox 439 972 750 1011; x_wconf 81' lang='lat' dir='ltr'>matrimonium</span> <span class='ocrx_word' id='word_1_83' title='bbox 768 971 1039 1022; x_wconf 87' lang='lat' dir='ltr'>subsequens.</span> <span class='ocrx_word' id='word_1_84' title='bbox 1061 971 1160 1010; x_wconf 83' lang='lat' dir='ltr'>Con.-</span> 
     </span>
     <span class='ocr_line' id='line_1_20' title="bbox 131 1031 1156 1086; baseline -0.006 -11"><span class='ocrx_word' id='word_1_85' title='bbox 131 1036 345 1086; x_wconf 88' lang='lat' dir='ltr'>sequentia</span> <span class='ocrx_word' id='word_1_86' title='bbox 370 1037 432 1074; x_wconf 87' lang='lat' dir='ltr'>est</span> <span class='ocrx_word' id='word_1_87' title='bbox 452 1034 575 1080; x_wconf 88' lang='lat' dir='ltr'>clara,</span> <span class='ocrx_word' id='word_1_88' title='bbox 605 1037 646 1072; x_wconf 91' lang='lat' dir='ltr'>et</span> <span class='ocrx_word' id='word_1_89' title='bbox 665 1031 915 1071; x_wconf 79' lang='lat' dir='ltr'>antecedens</span> <span class='ocrx_word' id='word_1_90' title='bbox 943 1031 1156 1082; x_wconf 85' lang='lat' dir='ltr'>probatur.</span> 
     </span>
     <span class='ocr_line' id='line_1_21' title="bbox 132 1093 1160 1137; baseline -0.006 -1"><span class='ocrx_word' id='word_1_91' title='bbox 132 1098 234 1137; x_wconf 90' lang='lat' dir='ltr'>Nam</span> <span class='ocrx_word' id='word_1_92' title='bbox 265 1096 318 1135; x_wconf 89' lang='lat' dir='ltr'>ibi</span> <span class='ocrx_word' id='word_1_93' title='bbox 350 1095 391 1134; x_wconf 91' lang='lat' dir='ltr'>in</span> <span class='ocrx_word' id='word_1_94' title='bbox 411 1095 651 1133; x_wconf 90' lang='lat' dir='ltr'>universum</span> <span class='ocrx_word' id='word_1_95' title='bbox 671 1093 819 1132; x_wconf 88' lang='lat' dir='ltr'>dicitur</span> <span class='ocrx_word' id='word_1_96' title='bbox 840 1097 979 1131; x_wconf 86' lang='lat' dir='ltr'>votum</span> <span class='ocrx_word' id='word_1_97' title='bbox 1010 1093 1160 1131; x_wconf 85' lang='lat' dir='ltr'>solem-</span> 
     </span>
     <span class='ocr_line' id='line_1_22' title="bbox 135 1153 1159 1208; baseline -0.004 -11"><span class='ocrx_word' id='word_1_98' title='bbox 135 1158 258 1197; x_wconf 89' lang='lat' dir='ltr'>nizari</span> <span class='ocrx_word' id='word_1_99' title='bbox 273 1156 410 1208; x_wconf 87' lang='lat' dir='ltr'>quoad</span> <span class='ocrx_word' id='word_1_100' title='bbox 430 1156 538 1193; x_wconf 87' lang='lat' dir='ltr'>hunc</span> <span class='ocrx_word' id='word_1_101' title='bbox 560 1155 749 1193; x_wconf 79' lang='lat' dir='ltr'>effer-tum</span> <span class='ocrx_word' id='word_1_102' title='bbox 770 1165 845 1204; x_wconf 87' lang='lat' dir='ltr'>per</span> <span class='ocrx_word' id='word_1_103' title='bbox 860 1153 1159 1205; x_wconf 65' lang='lat' dir='ltr'>professionem</span> 
     </span>
     <span class='ocr_line' id='line_1_23' title="bbox 133 1214 1159 1267; baseline -0.005 -8"><span class='ocrx_word' id='word_1_104' title='bbox 133 1219 278 1259; x_wconf 85' lang='lat' dir='ltr'>factam</span> <span class='ocrx_word' id='word_1_105' title='bbox 299 1218 340 1255; x_wconf 93' lang='lat' dir='ltr'>in</span> <span class='ocrx_word' id='word_1_106' title='bbox 369 1215 566 1267; x_wconf 83' lang='lat' dir='ltr'>religione</span> <span class='ocrx_word' id='word_1_107' title='bbox 588 1215 816 1266; x_wconf 86' lang='lat' dir='ltr'>approbata</span> <span class='ocrx_word' id='word_1_108' title='bbox 849 1227 872 1253; x_wconf 88' lang='lat' dir='ltr'>a</span> <span class='ocrx_word' id='word_1_109' title='bbox 894 1214 998 1254; x_wconf 89' lang='lat' dir='ltr'>Sede</span> <span class='ocrx_word' id='word_1_110' title='bbox 1035 1216 1159 1266; x_wconf 86' lang='lat' dir='ltr'>Apos-</span> 
     </span>
     <span class='ocr_line' id='line_1_24' title="bbox 133 1275 1158 1327; baseline -0.005 -7"><span class='ocrx_word' id='word_1_111' title='bbox 133 1281 262 1320; x_wconf 89' lang='lat' dir='ltr'>tolica.</span> <span class='ocrx_word' id='word_1_112' title='bbox 284 1278 443 1317; x_wconf 85' lang='lat' dir='ltr'>Dictum</span> <span class='ocrx_word' id='word_1_113' title='bbox 466 1279 527 1315; x_wconf 91' lang='lat' dir='ltr'>est</span> <span class='ocrx_word' id='word_1_114' title='bbox 546 1279 685 1315; x_wconf 88' lang='lat' dir='ltr'>autem</span> <span class='ocrx_word' id='word_1_115' title='bbox 706 1287 855 1326; x_wconf 87' lang='lat' dir='ltr'>supra,</span> <span class='ocrx_word' id='word_1_116' title='bbox 877 1275 980 1314; x_wconf 89' lang='lat' dir='ltr'>libro</span> <span class='ocrx_word' id='word_1_117' title='bbox 1002 1289 1158 1327; x_wconf 78' lang='lat' dir='ltr'>praece-</span> 
     </span>
     <span class='ocr_line' id='line_1_25' title="bbox 131 1336 1158 1389; baseline -0.006 -9"><span class='ocrx_word' id='word_1_118' title='bbox 131 1340 254 1386; x_wconf 87' lang='lat' dir='ltr'>denti,</span> <span class='ocrx_word' id='word_1_119' title='bbox 279 1350 368 1389; x_wconf 87' lang='lat' dir='ltr'>cap.</span> <span class='ocrx_word' id='word_1_120' title='bbox 394 1339 432 1385; x_wconf 82' lang='lat'>5,</span> <span class='ocrx_word' id='word_1_121' title='bbox 455 1337 562 1376; x_wconf 90' lang='lat' dir='ltr'>hanc</span> <span class='ocrx_word' id='word_1_122' title='bbox 595 1336 968 1387; x_wconf 74' lang='lat' dir='ltr'>incorporationem</span> <span class='ocrx_word' id='word_1_123' title='bbox 1001 1337 1158 1375; x_wconf 86' lang='lat' dir='ltr'>schola-</span> 
     </span>
     <span class='ocr_line' id='line_1_26' title="bbox 130 1397 1159 1449; baseline -0.004 -9"><span class='ocrx_word' id='word_1_124' title='bbox 130 1401 232 1440; x_wconf 83' lang='lat' dir='ltr'>rium</span> <span class='ocrx_word' id='word_1_125' title='bbox 257 1399 297 1438; x_wconf 92' lang='lat' dir='ltr'>in</span> <span class='ocrx_word' id='word_1_126' title='bbox 330 1399 533 1439; x_wconf 87' lang='lat' dir='ltr'>Societate</span> <span class='ocrx_word' id='word_1_127' title='bbox 554 1401 665 1438; x_wconf 86' lang='lat' dir='ltr'>recte</span> <span class='ocrx_word' id='word_1_128' title='bbox 701 1410 822 1449; x_wconf 88' lang='lat' dir='ltr'>posse</span> <span class='ocrx_word' id='word_1_129' title='bbox 857 1397 1159 1448; x_wconf 84' lang='lat' dir='ltr'>professionem</span> 
     </span>
     <span class='ocr_line' id='line_1_27' title="bbox 128 1459 1159 1514; baseline -0.003 -13"><span class='ocrx_word' id='word_1_130' title='bbox 128 1461 342 1514; x_wconf 88' lang='lat' dir='ltr'>appellari,</span> <span class='ocrx_word' id='word_1_131' title='bbox 367 1464 406 1499; x_wconf 86' lang='lat' dir='ltr'>et</span> <span class='ocrx_word' id='word_1_132' title='bbox 440 1459 517 1498; x_wconf 86' lang='lat' dir='ltr'>sub</span> <span class='ocrx_word' id='word_1_133' title='bbox 535 1470 587 1499; x_wconf 89' lang='lat' dir='ltr'>ea</span> <span class='ocrx_word' id='word_1_134' title='bbox 605 1470 705 1499; x_wconf 86' lang='lat' dir='ltr'>voce</span> <span class='ocrx_word' id='word_1_135' title='bbox 737 1470 843 1510; x_wconf 84' lang='lat' dir='ltr'>saepe</span> <span class='ocrx_word' id='word_1_136' title='bbox 864 1459 907 1497; x_wconf 90' lang='lat' dir='ltr'>in</span> <span class='ocrx_word' id='word_1_137' title='bbox 937 1460 1028 1510; x_wconf 82' lang='lat' dir='ltr'>jure</span> <span class='ocrx_word' id='word_1_138' title='bbox 1050 1471 1159 1500; x_wconf 89' lang='lat' dir='ltr'>com-</span> 
     </span>
     <span class='ocr_line' id='line_1_28' title="bbox 127 1521 1161 1576; baseline -0.002 -14"><span class='ocrx_word' id='word_1_139' title='bbox 127 1522 342 1576; x_wconf 87' lang='lat' dir='ltr'>prehendi,</span> <span class='ocrx_word' id='word_1_140' title='bbox 373 1521 603 1574; x_wconf 86' lang='lat' dir='ltr'>praesertim</span> <span class='ocrx_word' id='word_1_141' title='bbox 639 1521 680 1559; x_wconf 90' lang='lat' dir='ltr'>in</span> <span class='ocrx_word' id='word_1_142' title='bbox 709 1521 1019 1567; x_wconf 78' lang='lat' dir='ltr'>favorabilibus,</span> <span class='ocrx_word' id='word_1_143' title='bbox 1052 1521 1161 1560; x_wconf 90' lang='lat' dir='ltr'>inter</span> 
     </span>
     <span class='ocr_line' id='line_1_29' title="bbox 128 1581 1158 1636; baseline -0.002 -12"><span class='ocrx_word' id='word_1_144' title='bbox 128 1595 220 1636; x_wconf 84' lang='lat' dir='ltr'>quae</span> <span class='ocrx_word' id='word_1_145' title='bbox 238 1584 385 1623; x_wconf 89' lang='lat' dir='ltr'>merito</span> <span class='ocrx_word' id='word_1_146' title='bbox 406 1581 634 1634; x_wconf 88' lang='lat' dir='ltr'>computari</span> <span class='ocrx_word' id='word_1_147' title='bbox 655 1587 790 1634; x_wconf 89' lang='lat' dir='ltr'>potest</span> <span class='ocrx_word' id='word_1_148' title='bbox 824 1584 900 1621; x_wconf 92' lang='lat' dir='ltr'>hoc</span> <span class='ocrx_word' id='word_1_149' title='bbox 921 1583 1158 1633; x_wconf 86' lang='lat' dir='ltr'>decretum;</span> 
     </span>
     <span class='ocr_line' id='line_1_30' title="bbox 130 1644 1160 1696; baseline -0.002 -10"><span class='ocrx_word' id='word_1_150' title='bbox 130 1658 223 1687; x_wconf 87' lang='lat' dir='ltr'>nam</span> <span class='ocrx_word' id='word_1_151' title='bbox 247 1646 362 1685; x_wconf 86' lang='lat' dir='ltr'>favor</span> <span class='ocrx_word' id='word_1_152' title='bbox 389 1645 601 1696; x_wconf 84' lang='lat' dir='ltr'>religionis</span> <span class='ocrx_word' id='word_1_153' title='bbox 626 1647 665 1683; x_wconf 89' lang='lat' dir='ltr'>et</span> <span class='ocrx_word' id='word_1_154' title='bbox 691 1644 819 1696; x_wconf 89' lang='lat' dir='ltr'>ipsius</span> <span class='ocrx_word' id='word_1_155' title='bbox 839 1645 919 1683; x_wconf 89' lang='lat' dir='ltr'>voti</span> <span class='ocrx_word' id='word_1_156' title='bbox 953 1650 1028 1693; x_wconf 87' lang='lat' dir='ltr'>est,</span> <span class='ocrx_word' id='word_1_157' title='bbox 1049 1645 1160 1696; x_wconf 88' lang='lat' dir='ltr'>quod</span> 
     </span>
     <span class='ocr_line' id='line_1_31' title="bbox 130 1706 1161 1754; baseline -0.003 -6"><span class='ocrx_word' id='word_1_158' title='bbox 130 1712 285 1748; x_wconf 78' lang='lat' dir='ltr'>tantam</span> <span class='ocrx_word' id='word_1_159' title='bbox 304 1707 452 1745; x_wconf 85' lang='lat' dir='ltr'>habeat</span> <span class='ocrx_word' id='word_1_160' title='bbox 470 1706 709 1745; x_wconf 85' lang='lat' dir='ltr'>efficaciam.</span> <span class='ocrx_word' id='word_1_161' title='bbox 732 1706 894 1744; x_wconf 82' lang='lat' dir='ltr'>Dicetur</span> <span class='ocrx_word' id='word_1_162' title='bbox 914 1706 1099 1754; x_wconf 87' lang='lat' dir='ltr'>fortasse,</span> <span class='ocrx_word' id='word_1_163' title='bbox 1120 1707 1161 1745; x_wconf 91' lang='lat' dir='ltr'>in</span> 
     </span>
     <span class='ocr_line' id='line_1_32' title="bbox 130 1767 1159 1821; baseline -0.003 -11"><span class='ocrx_word' id='word_1_164' title='bbox 130 1771 225 1821; x_wconf 85' lang='lat' dir='ltr'>ipsis</span> <span class='ocrx_word' id='word_1_165' title='bbox 261 1768 618 1808; x_wconf 77' lang='lat' dir='ltr'>constitutionibus</span> <span class='ocrx_word' id='word_1_166' title='bbox 657 1768 871 1807; x_wconf 86' lang='lat' dir='ltr'>Societatis</span> <span class='ocrx_word' id='word_1_167' title='bbox 906 1767 1159 1807; x_wconf 81' lang='lat' dir='ltr'>declaratum</span> 
     </span>
     <span class='ocr_line' id='line_1_33' title="bbox 129 1829 1161 1878; baseline -0.002 -8"><span class='ocrx_word' id='word_1_168' title='bbox 129 1842 232 1878; x_wconf 89' lang='lat' dir='ltr'>esse,</span> <span class='ocrx_word' id='word_1_169' title='bbox 253 1834 337 1869; x_wconf 87' lang='lat' dir='ltr'>tam</span> <span class='ocrx_word' id='word_1_170' title='bbox 358 1841 408 1868; x_wconf 87' lang='lat' dir='ltr'>ex</span> <span class='ocrx_word' id='word_1_171' title='bbox 424 1829 653 1867; x_wconf 88' lang='lat' dir='ltr'>intentione</span> <span class='ocrx_word' id='word_1_172' title='bbox 671 1829 855 1867; x_wconf 81' lang='lat' dir='ltr'>voventis</span> <span class='ocrx_word' id='word_1_173' title='bbox 876 1841 999 1878; x_wconf 86' lang='lat' dir='ltr'>quam</span> <span class='ocrx_word' id='word_1_174' title='bbox 1023 1830 1161 1868; x_wconf 90' lang='lat' dir='ltr'>Socie-</span> 
     </span>
     <span class='ocr_line' id='line_1_34' title="bbox 129 1890 1159 1939; baseline -0.002 -7"><span class='ocrx_word' id='word_1_175' title='bbox 129 1892 232 1939; x_wconf 87' lang='lat' dir='ltr'>tatis‚</span> <span class='ocrx_word' id='word_1_176' title='bbox 252 1891 329 1930; x_wconf 92' lang='lat' dir='ltr'>hoc</span> <span class='ocrx_word' id='word_1_177' title='bbox 349 1894 491 1929; x_wconf 89' lang='lat' dir='ltr'>votum</span> <span class='ocrx_word' id='word_1_178' title='bbox 519 1901 602 1928; x_wconf 90' lang='lat' dir='ltr'>non</span> <span class='ocrx_word' id='word_1_179' title='bbox 623 1890 711 1928; x_wconf 90' lang='lat' dir='ltr'>fieri</span> <span class='ocrx_word' id='word_1_180' title='bbox 736 1893 780 1928; x_wconf 88' lang='lat' dir='ltr'>ut</span> <span class='ocrx_word' id='word_1_181' title='bbox 802 1890 1002 1938; x_wconf 80' lang='lat' dir='ltr'>solemne,</span> <span class='ocrx_word' id='word_1_182' title='bbox 1023 1891 1093 1929; x_wconf 88' lang='lat' dir='ltr'>sed</span> <span class='ocrx_word' id='word_1_183' title='bbox 1116 1894 1159 1930; x_wconf 88' lang='lat' dir='ltr'>ut</span> 
     </span>
     <span class='ocr_line' id='line_1_35' title="bbox 127 1951 1158 2004; baseline -0.002 -11"><span class='ocrx_word' id='word_1_184' title='bbox 127 1953 313 2004; x_wconf 82' lang='lat' dir='ltr'>simplex,</span> <span class='ocrx_word' id='word_1_185' title='bbox 332 1959 371 1991; x_wconf 86' lang='lat' dir='ltr'>et</span> <span class='ocrx_word' id='word_1_186' title='bbox 391 1952 484 1991; x_wconf 89' lang='lat' dir='ltr'>ideo</span> <span class='ocrx_word' id='word_1_187' title='bbox 502 1963 585 1990; x_wconf 89' lang='lat' dir='ltr'>non</span> <span class='ocrx_word' id='word_1_188' title='bbox 607 1951 789 2002; x_wconf 89' lang='lat' dir='ltr'>potuisse</span> <span class='ocrx_word' id='word_1_189' title='bbox 807 1951 885 1989; x_wconf 90' lang='lat' dir='ltr'>sub</span> <span class='ocrx_word' id='word_1_190' title='bbox 905 1951 971 1989; x_wconf 89' lang='lat' dir='ltr'>illo</span> <span class='ocrx_word' id='word_1_191' title='bbox 993 1952 1158 1991; x_wconf 82' lang='lat' dir='ltr'>decreto</span> 
     </span>
     <span class='ocr_line' id='line_1_36' title="bbox 126 2012 1158 2066; baseline -0.005 -11"><span class='ocrx_word' id='word_1_192' title='bbox 126 2013 434 2066; x_wconf 82' lang='lat' dir='ltr'>comprehendi.</span> <span class='ocrx_word' id='word_1_193' title='bbox 461 2012 541 2053; x_wconf 89' lang='lat' dir='ltr'>Sed</span> <span class='ocrx_word' id='word_1_194' title='bbox 562 2012 640 2051; x_wconf 91' lang='grc'>1100</span> <span class='ocrx_word' id='word_1_195' title='bbox 660 2025 745 2051; x_wconf 90' lang='grc'>000</span> <span class='ocrx_word' id='word_1_196' title='bbox 765 2012 927 2050; x_wconf 89' lang='lat' dir='ltr'>videtur</span> <span class='ocrx_word' id='word_1_197' title='bbox 954 2013 1158 2051; x_wconf 82' lang='lat' dir='ltr'>satisface-</span> 
     </span>
     <span class='ocr_line' id='line_1_37' title="bbox 127 2072 1158 2126; baseline -0.005 -10"><span class='ocrx_word' id='word_1_198' title='bbox 127 2087 187 2126; x_wconf 88' lang='lat' dir='ltr'>re,</span> <span class='ocrx_word' id='word_1_199' title='bbox 206 2087 302 2114; x_wconf 89' lang='lat' dir='ltr'>nam</span> <span class='ocrx_word' id='word_1_200' title='bbox 324 2075 494 2113; x_wconf 90' lang='lat' dir='ltr'>intentio</span> <span class='ocrx_word' id='word_1_201' title='bbox 512 2074 695 2113; x_wconf 81' lang='lat' dir='ltr'>voventis</span> <span class='ocrx_word' id='word_1_202' title='bbox 712 2074 813 2111; x_wconf 90' lang='lat' dir='ltr'>nihil</span> <span class='ocrx_word' id='word_1_203' title='bbox 831 2072 957 2112; x_wconf 85' lang='lat' dir='ltr'>refert</span> <span class='ocrx_word' id='word_1_204' title='bbox 976 2074 1026 2112; x_wconf 87' lang='lat' dir='ltr'>ad</span> <span class='ocrx_word' id='word_1_205' title='bbox 1048 2074 1158 2112; x_wconf 86' lang='lat' dir='ltr'>illam</span> 
     </span>
     <span class='ocr_line' id='line_1_38' title="bbox 128 2134 1159 2186; baseline -0.003 -9"><span class='ocrx_word' id='word_1_206' title='bbox 128 2138 443 2183; x_wconf 83' lang='lat' dir='ltr'>solemnitatem,</span> <span class='ocrx_word' id='word_1_207' title='bbox 465 2146 556 2186; x_wconf 76' lang='lat' dir='ltr'>quae</span> <span class='ocrx_word' id='word_1_208' title='bbox 580 2135 621 2173; x_wconf 94' lang='lat' dir='ltr'>in</span> <span class='ocrx_word' id='word_1_209' title='bbox 642 2136 720 2173; x_wconf 87' lang='lat' dir='ltr'>hoc</span> <span class='ocrx_word' id='word_1_210' title='bbox 739 2134 1034 2186; x_wconf 88' lang='lat' dir='ltr'>impedimento</span> <span class='ocrx_word' id='word_1_211' title='bbox 1064 2147 1159 2174; x_wconf 89' lang='lat' dir='ltr'>con-</span> 
     </span>
     <span class='ocr_line' id='line_1_39' title="bbox 130 2195 1158 2248; baseline -0.001 -10"><span class='ocrx_word' id='word_1_212' title='bbox 130 2197 250 2247; x_wconf 83' lang='lat' dir='ltr'>sistit3</span> <span class='ocrx_word' id='word_1_213' title='bbox 270 2210 367 2236; x_wconf 90' lang='lat' dir='ltr'>nam</span> <span class='ocrx_word' id='word_1_214' title='bbox 396 2198 475 2236; x_wconf 90' lang='lat' dir='ltr'>hoc</span> <span class='ocrx_word' id='word_1_215' title='bbox 494 2195 837 2248; x_wconf 86' lang='lat' dir='ltr'>impedimentum</span> <span class='ocrx_word' id='word_1_216' title='bbox 866 2208 949 2235; x_wconf 90' lang='lat' dir='ltr'>non</span> <span class='ocrx_word' id='word_1_217' title='bbox 971 2198 1158 2248; x_wconf 86' lang='lat' dir='ltr'>provenit</span> 
     </span>
     <span class='ocr_line' id='line_1_40' title="bbox 131 2258 1157 2310; baseline 0 -11"><span class='ocrx_word' id='word_1_218' title='bbox 131 2272 156 2299; x_wconf 84' lang='lat' dir='ltr'>a</span> <span class='ocrx_word' id='word_1_219' title='bbox 173 2260 380 2298; x_wconf 83' lang='lat' dir='ltr'>voluntate</span> <span class='ocrx_word' id='word_1_220' title='bbox 412 2258 597 2298; x_wconf 83' lang='lat' dir='ltr'>voventis</span> <span class='ocrx_word' id='word_1_221' title='bbox 621 2259 685 2297; x_wconf 90' lang='lat' dir='ltr'>vel</span> <span class='ocrx_word' id='word_1_222' title='bbox 709 2259 979 2310; x_wconf 87' lang='lat' dir='ltr'>acceptantis,</span> <span class='ocrx_word' id='word_1_223' title='bbox 1004 2259 1076 2298; x_wconf 90' lang='lat' dir='ltr'>sed</span> <span class='ocrx_word' id='word_1_224' title='bbox 1105 2260 1157 2299; x_wconf 83' lang='lat' dir='ltr'>ab</span> 
     </span>
     <span class='ocr_line' id='line_1_41' title="bbox 132 2319 1158 2370; baseline 0.001 -11"><span class='ocrx_word' id='word_1_225' title='bbox 132 2324 279 2360; x_wconf 88' lang='lat' dir='ltr'>statuto</span> <span class='ocrx_word' id='word_1_226' title='bbox 310 2320 522 2370; x_wconf 79' lang='lat' dir='ltr'>Ecclesiae3</span> <span class='ocrx_word' id='word_1_227' title='bbox 553 2319 687 2366; x_wconf 90' lang='lat' dir='ltr'>unde,</span> <span class='ocrx_word' id='word_1_228' title='bbox 711 2320 743 2358; x_wconf 90' lang='lat' dir='ltr'>si</span> <span class='ocrx_word' id='word_1_229' title='bbox 765 2320 815 2358; x_wconf 93' lang='lat' dir='ltr'>de</span> <span class='ocrx_word' id='word_1_230' title='bbox 841 2320 947 2358; x_wconf 82' lang='lat' dir='ltr'>facto</span> <span class='ocrx_word' id='word_1_231' title='bbox 967 2320 1038 2358; x_wconf 81' lang='lat' dir='ltr'>fiat</span> <span class='ocrx_word' id='word_1_232' title='bbox 1057 2321 1158 2361; x_wconf 89' lang='lat' dir='ltr'>illud</span> 
     </span>
     <span class='ocr_line' id='line_1_42' title="bbox 131 2381 1158 2432; baseline 0 -12"><span class='ocrx_word' id='word_1_233' title='bbox 131 2386 285 2427; x_wconf 88' lang='lat' dir='ltr'>votum,</span> <span class='ocrx_word' id='word_1_234' title='bbox 303 2381 367 2419; x_wconf 91' lang='lat' dir='ltr'>cui</span> <span class='ocrx_word' id='word_1_235' title='bbox 389 2381 568 2419; x_wconf 84' lang='lat' dir='ltr'>Ecclesia</span> <span class='ocrx_word' id='word_1_236' title='bbox 591 2381 776 2431; x_wconf 86' lang='lat' dir='ltr'>adjunxit</span> <span class='ocrx_word' id='word_1_237' title='bbox 788 2381 866 2420; x_wconf 86' lang='grc'>1100</span> <span class='ocrx_word' id='word_1_238' title='bbox 887 2382 1158 2432; x_wconf 89' lang='lat' dir='ltr'>impedimen-</span> 
     </span>
     <span class='ocr_line' id='line_1_43' title="bbox 134 2443 1158 2495; baseline 0 -12"><span class='ocrx_word' id='word_1_239' title='bbox 134 2450 232 2492; x_wconf 90' lang='lat' dir='ltr'>tum,</span> <span class='ocrx_word' id='word_1_240' title='bbox 255 2443 455 2495; x_wconf 88' lang='lat' dir='ltr'>quidquid</span> <span class='ocrx_word' id='word_1_241' title='bbox 478 2455 632 2481; x_wconf 88' lang='lat' dir='ltr'>vovens</span> <span class='ocrx_word' id='word_1_242' title='bbox 654 2443 853 2490; x_wconf 84' lang='lat' dir='ltr'>intendat,</span> <span class='ocrx_word' id='word_1_243' title='bbox 878 2445 1091 2483; x_wconf 82' lang='lat' dir='ltr'>contrahet</span> <span class='ocrx_word' id='word_1_244' title='bbox 1111 2444 1158 2483; x_wconf 93' lang='lat' dir='ltr'>il-</span> 
     </span>
     <span class='ocr_line' id='line_1_44' title="bbox 129 2504 1159 2555; baseline 0.001 -12"><span class='ocrx_word' id='word_1_245' title='bbox 129 2505 220 2555; x_wconf 89' lang='lat' dir='ltr'>lud;</span> <span class='ocrx_word' id='word_1_246' title='bbox 243 2509 286 2543; x_wconf 90' lang='lat' dir='ltr'>ut</span> <span class='ocrx_word' id='word_1_247' title='bbox 307 2505 340 2543; x_wconf 87' lang='lat' dir='ltr'>si</span> <span class='ocrx_word' id='word_1_248' title='bbox 359 2504 450 2555; x_wconf 88' lang='lat' dir='ltr'>quis</span> <span class='ocrx_word' id='word_1_249' title='bbox 476 2504 679 2555; x_wconf 87' lang='lat' dir='ltr'>recipiens</span> <span class='ocrx_word' id='word_1_250' title='bbox 705 2504 897 2542; x_wconf 88' lang='lat' dir='ltr'>Ordinem</span> <span class='ocrx_word' id='word_1_251' title='bbox 918 2516 1079 2543; x_wconf 89' lang='lat' dir='ltr'>sacrum</span> <span class='ocrx_word' id='word_1_252' title='bbox 1099 2504 1159 2544; x_wconf 90' lang='lat' dir='ltr'>in-</span> 
     </span>
     <span class='ocr_line' id='line_1_45' title="bbox 129 2565 1158 2616; baseline -0.001 -10"><span class='ocrx_word' id='word_1_253' title='bbox 129 2567 268 2606; x_wconf 85' lang='lat' dir='ltr'>tendat</span> <span class='ocrx_word' id='word_1_254' title='bbox 301 2566 476 2616; x_wconf 87' lang='lat' dir='ltr'>simplex</span> <span class='ocrx_word' id='word_1_255' title='bbox 509 2570 650 2604; x_wconf 85' lang='lat' dir='ltr'>votum</span> <span class='ocrx_word' id='word_1_256' title='bbox 684 2565 886 2612; x_wconf 83' lang='lat' dir='ltr'>emittere,</span> <span class='ocrx_word' id='word_1_257' title='bbox 910 2569 951 2604; x_wconf 89' lang='lat' dir='ltr'>et</span> <span class='ocrx_word' id='word_1_258' title='bbox 980 2577 1064 2604; x_wconf 89' lang='lat' dir='ltr'>non</span> <span class='ocrx_word' id='word_1_259' title='bbox 1096 2578 1158 2605; x_wconf 92' lang='lat' dir='ltr'>so-</span> 
     </span>
     <span class='ocr_line' id='line_1_46' title="bbox 128 2625 1153 2677; baseline 0.001 -11"><span class='ocrx_word' id='word_1_260' title='bbox 128 2628 278 2674; x_wconf 89' lang='lat' dir='ltr'>lemne,</span> <span class='ocrx_word' id='word_1_261' title='bbox 301 2625 566 2664; x_wconf 87' lang='lat' dir='ltr'>nihilominus</span> <span class='ocrx_word' id='word_1_262' title='bbox 586 2631 726 2665; x_wconf 85' lang='lat' dir='ltr'>votum</span> <span class='ocrx_word' id='word_1_263' title='bbox 752 2628 840 2677; x_wconf 87' lang='lat' dir='ltr'>ejus</span> <span class='ocrx_word' id='word_1_264' title='bbox 861 2627 1044 2666; x_wconf 88' lang='lat' dir='ltr'>solemne</span> <span class='ocrx_word' id='word_1_265' title='bbox 1065 2627 1153 2676; x_wconf 83' lang='lat' dir='ltr'>erit,</span> 
     </span>
     <span class='ocr_line' id='line_1_47' title="bbox 130 2688 1157 2741; baseline 0.003 -14"><span class='ocrx_word' id='word_1_266' title='bbox 130 2690 224 2741; x_wconf 91' lang='lat' dir='ltr'>quia</span> <span class='ocrx_word' id='word_1_267' title='bbox 248 2689 352 2727; x_wconf 86' lang='lat' dir='ltr'>facto</span> <span class='ocrx_word' id='word_1_268' title='bbox 370 2689 458 2740; x_wconf 90' lang='lat' dir='ltr'>ipso</span> <span class='ocrx_word' id='word_1_269' title='bbox 481 2688 751 2727; x_wconf 76' lang='lat' dir='ltr'>ordinationis</span> <span class='ocrx_word' id='word_1_270' title='bbox 773 2700 896 2727; x_wconf 81' lang='lat' dir='ltr'>sacrae</span> <span class='ocrx_word' id='word_1_271' title='bbox 920 2690 1157 2730; x_wconf 84' lang='lat' dir='ltr'>solemniza-</span> 
     </span>
     <span class='ocr_line' id='line_1_48' title="bbox 130 2750 1157 2802; baseline 0.001 -12"><span class='ocrx_word' id='word_1_272' title='bbox 130 2757 209 2800; x_wconf 90' lang='lat' dir='ltr'>tur,</span> <span class='ocrx_word' id='word_1_273' title='bbox 230 2751 376 2790; x_wconf 87' lang='lat' dir='ltr'>virtute</span> <span class='ocrx_word' id='word_1_274' title='bbox 408 2750 671 2789; x_wconf 78' lang='lat' dir='ltr'>ecclesiastici</span> <span class='ocrx_word' id='word_1_275' title='bbox 696 2750 864 2798; x_wconf 86' lang='lat' dir='ltr'>decreti,</span> <span class='ocrx_word' id='word_1_276' title='bbox 897 2754 938 2790; x_wconf 85' lang='lat' dir='ltr'>ct</span> <span class='ocrx_word' id='word_1_277' title='bbox 959 2750 1157 2802; x_wconf 82' lang='lat' dir='ltr'>indepen-</span> 
     </span>
     <span class='ocr_line' id='line_1_49' title="bbox 131 2812 1156 2863; baseline 0 -12"><span class='ocrx_word' id='word_1_278' title='bbox 131 2812 274 2852; x_wconf 90' lang='lat' dir='ltr'>denter</span> <span class='ocrx_word' id='word_1_279' title='bbox 293 2812 344 2851; x_wconf 85' lang='lat' dir='ltr'>ab</span> <span class='ocrx_word' id='word_1_280' title='bbox 364 2812 452 2863; x_wconf 86' lang='lat' dir='ltr'>ejus</span> <span class='ocrx_word' id='word_1_281' title='bbox 473 2812 715 2851; x_wconf 90' lang='lat' dir='ltr'>intentione.</span> <span class='ocrx_word' id='word_1_282' title='bbox 745 2812 809 2851; x_wconf 89' lang='lat' dir='ltr'>Sic</span> <span class='ocrx_word' id='word_1_283' title='bbox 831 2824 928 2863; x_wconf 85' lang='lat' dir='ltr'>ergo</span> <span class='ocrx_word' id='word_1_284' title='bbox 945 2842 954 2858; x_wconf 94' lang='lat'>‚</span> <span class='ocrx_word' id='word_1_285' title='bbox 976 2822 1068 2851; x_wconf 89' lang='grc'>01101</span> <span class='ocrx_word' id='word_1_286' title='bbox 1087 2813 1156 2851; x_wconf 91' lang='lat' dir='ltr'>illa</span> 
     </span>
     <span class='ocr_line' id='line_1_50' title="bbox 130 2873 1156 2925; baseline 0 -13"><span class='ocrx_word' id='word_1_287' title='bbox 130 2874 298 2913; x_wconf 88' lang='lat' dir='ltr'>intentio</span> <span class='ocrx_word' id='word_1_288' title='bbox 318 2885 399 2912; x_wconf 92' lang='lat' dir='ltr'>non</span> <span class='ocrx_word' id='word_1_289' title='bbox 419 2874 616 2924; x_wconf 88' lang='lat' dir='ltr'>impediat</span> <span class='ocrx_word' id='word_1_290' title='bbox 636 2874 847 2925; x_wconf 88' lang='lat' dir='ltr'>proprium</span> <span class='ocrx_word' id='word_1_291' title='bbox 869 2873 1075 2912; x_wconf 89' lang='lat' dir='ltr'>vinculum</span> <span class='ocrx_word' id='word_1_292' title='bbox 1091 2884 1156 2912; x_wconf 91' lang='lat' dir='ltr'>re-</span> 
     </span>
     <span class='ocr_line' id='line_1_51' title="bbox 130 2934 1157 2987; baseline -0.001 -13"><span class='ocrx_word' id='word_1_293' title='bbox 130 2934 318 2987; x_wconf 88' lang='lat' dir='ltr'>ligiosum</span> <span class='ocrx_word' id='word_1_294' title='bbox 339 2935 380 2973; x_wconf 89' lang='lat' dir='ltr'>in</span> <span class='ocrx_word' id='word_1_295' title='bbox 408 2935 608 2986; x_wconf 81' lang='lat' dir='ltr'>religione</span> <span class='ocrx_word' id='word_1_296' title='bbox 634 2935 876 2986; x_wconf 87' lang='lat' dir='ltr'>approbata,</span> <span class='ocrx_word' id='word_1_297' title='bbox 898 2935 1010 2985; x_wconf 91' lang='lat' dir='ltr'>quod</span> <span class='ocrx_word' id='word_1_298' title='bbox 1032 2947 1157 2986; x_wconf 83' lang='lat' dir='ltr'>gene-</span> 
     </span>
     <span class='ocr_line' id='line_1_52' title="bbox 130 2995 1152 3048; baseline -0.002 -11"><span class='ocrx_word' id='word_1_299' title='bbox 130 2995 251 3037; x_wconf 80' lang='lat' dir='ltr'>ratim</span> <span class='ocrx_word' id='word_1_300' title='bbox 282 3008 355 3046; x_wconf 90' lang='lat' dir='ltr'>per</span> <span class='ocrx_word' id='word_1_301' title='bbox 389 3008 529 3035; x_wconf 89' lang='lat' dir='ltr'>veram</span> <span class='ocrx_word' id='word_1_302' title='bbox 556 2997 855 3048; x_wconf 87' lang='lat' dir='ltr'>professionem</span> <span class='ocrx_word' id='word_1_303' title='bbox 886 2997 1152 3047; x_wconf 88' lang='lat' dir='ltr'>contrahitur,</span> 
     </span>
     <span class='ocr_line' id='line_1_53' title="bbox 132 3058 1156 3110; baseline 0.002 -14"><span class='ocrx_word' id='word_1_304' title='bbox 132 3069 215 3096; x_wconf 87' lang='lat' dir='ltr'>non</span> <span class='ocrx_word' id='word_1_305' title='bbox 234 3058 382 3108; x_wconf 89' lang='lat' dir='ltr'>poterit</span> <span class='ocrx_word' id='word_1_306' title='bbox 414 3058 612 3110; x_wconf 90' lang='lat' dir='ltr'>impedire</span> <span class='ocrx_word' id='word_1_307' title='bbox 638 3059 859 3110; x_wconf 86' lang='lat' dir='ltr'>quominus</span> <span class='ocrx_word' id='word_1_308' title='bbox 892 3063 1031 3098; x_wconf 89' lang='lat' dir='ltr'>votum</span> <span class='ocrx_word' id='word_1_309' title='bbox 1060 3059 1156 3098; x_wconf 88' lang='lat' dir='ltr'>inde</span> 
     </span>
     <span class='ocr_line' id='line_1_54' title="bbox 136 3116 1158 3172; baseline 0.003 -17"><span class='ocrx_word' id='word_1_310' title='bbox 136 3116 418 3157; x_wconf 81' lang='lat' dir='ltr'>solemnizetur</span> <span class='ocrx_word' id='word_1_311' title='bbox 437 3120 574 3172; x_wconf 75' lang='lat' dir='ltr'>quoad</span> <span class='ocrx_word' id='word_1_312' title='bbox 594 3121 704 3159; x_wconf 88' lang='lat' dir='ltr'>hunc</span> <span class='ocrx_word' id='word_1_313' title='bbox 719 3120 911 3159; x_wconf 85' lang='lat' dir='ltr'>effectum</span> <span class='ocrx_word' id='word_1_314' title='bbox 932 3120 1158 3171; x_wconf 88' lang='lat' dir='ltr'>impedien-</span> 
     </span>
     <span class='ocr_line' id='line_1_55' title="bbox 137 3176 1159 3233; baseline 0.003 -17"><span class='ocrx_word' id='word_1_315' title='bbox 137 3176 179 3216; x_wconf 82' lang='lat' dir='ltr'>di</span> <span class='ocrx_word' id='word_1_316' title='bbox 211 3178 537 3229; x_wconf 80' lang='lat' dir='ltr'>matrimonium,</span> <span class='ocrx_word' id='word_1_317' title='bbox 562 3182 749 3233; x_wconf 84' lang='lat' dir='ltr'>quamvis</span> <span class='ocrx_word' id='word_1_318' title='bbox 780 3186 946 3220; x_wconf 90' lang='lat' dir='ltr'>maneat</span> <span class='ocrx_word' id='word_1_319' title='bbox 985 3181 1159 3231; x_wconf 80' lang='lat' dir='ltr'>simplex</span> 
     </span>
     <span class='ocr_line' id='line_1_56' title="bbox 138 3236 1162 3294; baseline 0.008 -20"><span class='ocrx_word' id='word_1_320' title='bbox 138 3236 275 3288; x_wconf 90' lang='lat' dir='ltr'>quoad</span> <span class='ocrx_word' id='word_1_321' title='bbox 310 3240 531 3279; x_wconf 83' lang='lat' dir='ltr'>carentiam</span> <span class='ocrx_word' id='word_1_322' title='bbox 568 3242 764 3282; x_wconf 80' lang='lat' dir='ltr'>absolutae</span> <span class='ocrx_word' id='word_1_323' title='bbox 799 3241 1096 3294; x_wconf 84' lang='lat' dir='ltr'>perpetuitatis,</span> <span class='ocrx_word' id='word_1_324' title='bbox 1119 3245 1162 3282; x_wconf 89' lang='lat' dir='ltr'>et</span> 
     </span>
     <span class='ocr_line' id='line_1_57' title="bbox 138 3297 1160 3356; baseline 0.006 -20"><span class='ocrx_word' id='word_1_325' title='bbox 138 3297 275 3349; x_wconf 89' lang='lat' dir='ltr'>quoad</span> <span class='ocrx_word' id='word_1_326' title='bbox 291 3298 598 3341; x_wconf 82' lang='lat' dir='ltr'>irritabilitatem</span> <span class='ocrx_word' id='word_1_327' title='bbox 618 3315 668 3344; x_wconf 87' lang='lat' dir='ltr'>ex</span> <span class='ocrx_word' id='word_1_328' title='bbox 687 3310 801 3356; x_wconf 88' lang='lat' dir='ltr'>parte</span> <span class='ocrx_word' id='word_1_329' title='bbox 819 3305 1044 3356; x_wconf 86' lang='lat' dir='ltr'>religionis,</span> <span class='ocrx_word' id='word_1_330' title='bbox 1062 3315 1160 3342; x_wconf 87' lang='lat' dir='ltr'>nam</span> 
     </span>
     <span class='ocr_line' id='line_1_58' title="bbox 137 3359 1161 3418; baseline 0.004 -19"><span class='ocrx_word' id='word_1_331' title='bbox 137 3371 231 3399; x_wconf 89' lang='lat' dir='ltr'>cum</span> <span class='ocrx_word' id='word_1_332' title='bbox 251 3359 330 3398; x_wconf 90' lang='lat' dir='ltr'>hoc</span> <span class='ocrx_word' id='word_1_333' title='bbox 348 3360 526 3411; x_wconf 84' lang='lat' dir='ltr'>pendeat</span> <span class='ocrx_word' id='word_1_334' title='bbox 545 3373 594 3401; x_wconf 87' lang='lat' dir='ltr'>ex</span> <span class='ocrx_word' id='word_1_335' title='bbox 618 3370 759 3405; x_wconf 82' lang='lat' dir='ltr'>mutua</span> <span class='ocrx_word' id='word_1_336' title='bbox 779 3365 1043 3418; x_wconf 83' lang='lat' dir='ltr'>obligatione,</span> <span class='ocrx_word' id='word_1_337' title='bbox 1062 3377 1161 3416; x_wconf 89' lang='lat' dir='ltr'>pen-</span> 
     </span>
     <span class='ocr_line' id='line_1_59' title="bbox 137 3420 1158 3478; baseline 0.006 -18"><span class='ocrx_word' id='word_1_338' title='bbox 137 3420 207 3460; x_wconf 86' lang='lat' dir='ltr'>det</span> <span class='ocrx_word' id='word_1_339' title='bbox 238 3421 360 3461; x_wconf 88' lang='lat' dir='ltr'>etiam</span> <span class='ocrx_word' id='word_1_340' title='bbox 392 3433 442 3461; x_wconf 86' lang='lat' dir='ltr'>ex</span> <span class='ocrx_word' id='word_1_341' title='bbox 472 3422 696 3465; x_wconf 83' lang='lat' dir='ltr'>intentione</span> <span class='ocrx_word' id='word_1_342' title='bbox 722 3427 944 3478; x_wconf 84' lang='lat' dir='ltr'>operantis.</span> <span class='ocrx_word' id='word_1_343' title='bbox 966 3426 1158 3475; x_wconf 83' lang='lat' dir='ltr'>Maxime,</span> 
     </span>
     <span class='ocr_line' id='line_1_60' title="bbox 133 3471 1158 3552; baseline 0.007 -32"><span class='ocrx_word' id='word_1_344' title='bbox 133 3471 234 3552; x_wconf 53' lang='lat' dir='ltr'>{quia</span> <span class='ocrx_word' id='word_1_345' title='bbox 250 3494 274 3521; x_wconf 92' lang='lat' dir='ltr'>a</span> <span class='ocrx_word' id='word_1_346' title='bbox 294 3482 508 3535; x_wconf 86' lang='lat' dir='ltr'>principio,</span> <span class='ocrx_word' id='word_1_347' title='bbox 526 3484 568 3522; x_wconf 92' lang='lat' dir='ltr'>in</span> <span class='ocrx_word' id='word_1_348' title='bbox 584 3484 681 3535; x_wconf 89' lang='lat' dir='ltr'>ipsis</span> <span class='ocrx_word' id='word_1_349' title='bbox 699 3486 821 3526; x_wconf 87' lang='lat' dir='ltr'>bullis</span> <span class='ocrx_word' id='word_1_350' title='bbox 837 3487 1158 3540; x_wconf 78' lang='lat' dir='ltr'>approbantibus</span> 
     </span>
     <span class='ocr_line' id='line_1_61' title="bbox 133 3540 1159 3595; baseline 0.005 -11"><span class='ocrx_word' id='word_1_351' title='bbox 133 3540 406 3595; x_wconf 56' lang='lat' dir='ltr'>societatem,</span> <span class='ocrx_word' id='word_1_352' title='bbox 433 3545 688 3590; x_wconf 82' lang='lat' dir='ltr'>declaratum</span> <span class='ocrx_word' id='word_1_353' title='bbox 721 3549 782 3589; x_wconf 87' lang='lat' dir='ltr'>est</span> <span class='ocrx_word' id='word_1_354' title='bbox 816 3549 894 3591; x_wconf 86' lang='lat' dir='ltr'>hoc</span> <span class='ocrx_word' id='word_1_355' title='bbox 927 3553 1069 3595; x_wconf 78' lang='lat' dir='ltr'>votum</span> <span class='ocrx_word' id='word_1_356' title='bbox 1101 3549 1159 3590; x_wconf 85' lang='lat' dir='ltr'>ita</span> 
     </span>
    </p>
   </div>
   <div class='ocr_carea' id='block_1_9' title="bbox 82 171 2007 295">
    <p class='ocr_par' dir='ltr' id='par_1_10' title="bbox 91 171 2007 295">
     <span class='ocr_line' id='line_1_62' title="bbox 376 171 2007 220; baseline -0.005 -6"><span class='ocrx_word' id='word_1_357' title='bbox 376 175 472 216; x_wconf 83' lang='lat' dir='ltr'>CAP.</span> <span class='ocrx_word' id='word_1_358' title='bbox 498 177 527 215; x_wconf 88' lang='grc' dir='ltr'>Ῑ.</span> <span class='ocrx_word' id='word_1_359' title='bbox 551 177 613 214; x_wconf 88' lang='lat' dir='ltr'>AN</span> <span class='ocrx_word' id='word_1_360' title='bbox 636 176 831 215; x_wconf 81' lang='lat' dir='ltr'><strong>SIMPLEX</strong></span> <span class='ocrx_word' id='word_1_361' title='bbox 855 174 1109 214; x_wconf 76' lang='lat' dir='ltr'>CASTITATIS</span> <span class='ocrx_word' id='word_1_362' title='bbox 1131 171 1286 213; x_wconf 82' lang='lat' dir='ltr'><strong>VOTUM</strong></span> <span class='ocrx_word' id='word_1_363' title='bbox 1310 175 1435 220; x_wconf 83' lang='lat' dir='ltr'><strong>QUOD</strong></span> <span class='ocrx_word' id='word_1_364' title='bbox 1458 176 1506 212; x_wconf 86' lang='lat' dir='ltr'>IN</span> <span class='ocrx_word' id='word_1_365' title='bbox 1531 174 1779 214; x_wconf 77' lang='lat' dir='ltr'>SOCOETATE</span> <span class='ocrx_word' id='word_1_366' title='bbox 1798 172 1880 216; x_wconf 88' lang='lat' dir='ltr'>FlT‚</span> <span class='ocrx_word' id='word_1_367' title='bbox 1906 172 2007 210; x_wconf 82' lang='lat' dir='ltr'>ETC.</span> 
     </span>
     <span class='ocr_line' id='line_1_63' title="bbox 82 235 1165 295; baseline -0.003 -10.975"><span class='ocrx_word' id='word_1_368' title='bbox 82 235 93 246; x_wconf 51' lang='lat'><em>⁴</em></span> <span class='ocrx_word' id='word_1_369' title='bbox 138 236 366 284; x_wconf 75' lang='lat' dir='ltr'>multorum</span> <span class='ocrx_word' id='word_1_370' title='bbox 386 243 632 283; x_wconf 85' lang='lat' dir='ltr'>sententiam</span> <span class='ocrx_word' id='word_1_371' title='bbox 660 247 746 283; x_wconf 87' lang='grc'>0000</span> <span class='ocrx_word' id='word_1_372' title='bbox 763 241 923 292; x_wconf 82' lang='lat' dir='ltr'>falsam,</span> <span class='ocrx_word' id='word_1_373' title='bbox 939 242 990 282; x_wconf 90' lang='lat' dir='ltr'>de</span> <span class='ocrx_word' id='word_1_374' title='bbox 1019 254 1103 295; x_wconf 86' lang='lat' dir='ltr'>qua</span> <span class='ocrx_word' id='word_1_375' title='bbox 1119 254 1165 281; x_wconf 89' lang='lat' dir='ltr'>re</span> 
     </span>
    </p>
   </div>
   <div class='ocr_carea' id='block_1_10' title="bbox 2184 172 2248 210">
    <p class='ocr_par' dir='ltr' id='par_1_11' title="bbox 2184 172 2248 210">
     <span class='ocr_line' id='line_1_64' title="bbox 2184 172 2248 210; baseline 0 -1"><span class='ocrx_word' id='word_1_376' title='bbox 2184 172 2248 210; x_wconf 67' lang='lat'>70*</span> 
     </span>
    </p>
   </div>
   <div class='ocr_carea' id='block_1_11' title="bbox 1221 239 2257 293">
    <p class='ocr_par' dir='ltr' id='par_1_12' title="bbox 1221 239 2257 293">
     <span class='ocr_line' id='line_1_65' title="bbox 1221 239 2257 293; baseline -0.005 -12"><span class='ocrx_word' id='word_1_377' title='bbox 1221 241 1439 293; x_wconf 85' lang='lat' dir='ltr'>acceptari,</span> <span class='ocrx_word' id='word_1_378' title='bbox 1470 244 1511 280; x_wconf 87' lang='lat' dir='ltr'>et</span> <span class='ocrx_word' id='word_1_379' title='bbox 1541 241 1636 282; x_wconf 89' lang='lat' dir='ltr'>ideo</span> <span class='ocrx_word' id='word_1_380' title='bbox 1669 253 1756 282; x_wconf 91' lang='lat' dir='ltr'>esse</span> <span class='ocrx_word' id='word_1_381' title='bbox 1781 239 1970 293; x_wconf 83' lang='lat' dir='ltr'>simplex,</span> <span class='ocrx_word' id='word_1_382' title='bbox 2005 241 2045 280; x_wconf 82' lang='lat' dir='ltr'>et</span> <span class='ocrx_word' id='word_1_383' title='bbox 2072 247 2160 278; x_wconf 88' lang='grc'>0011</span> <span class='ocrx_word' id='word_1_384' title='bbox 2189 250 2257 277; x_wconf 92' lang='lat' dir='ltr'>so-</span> 
     </span>
    </p>
   </div>
   <div class='ocr_carea' id='block_1_12' title="bbox 1219 299 2255 406">
    <p class='ocr_par' dir='ltr' id='par_1_13' title="bbox 1219 299 2255 406">
     <span class='ocr_line' id='line_1_66' title="bbox 1219 299 2255 354; baseline -0.004 -12"><span class='ocrx_word' id='word_1_385' title='bbox 1219 303 1372 352; x_wconf 85' lang='lat' dir='ltr'>lemne,</span> <span class='ocrx_word' id='word_1_386' title='bbox 1394 301 1531 354; x_wconf 89' lang='lat' dir='ltr'>quoad</span> <span class='ocrx_word' id='word_1_387' title='bbox 1561 303 1788 342; x_wconf 86' lang='lat' dir='ltr'>carentiam</span> <span class='ocrx_word' id='word_1_388' title='bbox 1818 299 2104 354; x_wconf 83' lang='lat' dir='ltr'>perpetuitatis</span> <span class='ocrx_word' id='word_1_389' title='bbox 2135 299 2255 339; x_wconf 85' lang='lat' dir='ltr'>abso-</span> 
     </span>
     <span class='ocr_line' id='line_1_67' title="bbox 1219 354 2250 406; baseline 0.002 -12"><span class='ocrx_word' id='word_1_390' title='bbox 1219 354 1344 404; x_wconf 76' lang='lat' dir='ltr'>lutoe3</span> <span class='ocrx_word' id='word_1_391' title='bbox 1366 366 1581 406; x_wconf 88' lang='lat' dir='ltr'>nunquam</span> <span class='ocrx_word' id='word_1_392' title='bbox 1611 359 1754 396; x_wconf 82' lang='lat' dir='ltr'>tamen</span> <span class='ocrx_word' id='word_1_393' title='bbox 1788 357 2044 398; x_wconf 82' lang='lat' dir='ltr'>declaratum</span> <span class='ocrx_word' id='word_1_394' title='bbox 2074 360 2138 398; x_wconf 83' lang='lat' dir='ltr'>est</span> <span class='ocrx_word' id='word_1_395' title='bbox 2165 369 2250 397; x_wconf 90' lang='lat' dir='ltr'>non</span> 
     </span>
    </p>
   </div>
   <div class='ocr_carea' id='block_1_13' title="bbox 1210 415 2255 2679">
    <p class='ocr_par' dir='ltr' id='par_1_14' title="bbox 1219 415 2251 518">
     <span class='ocr_line' id='line_1_68' title="bbox 1220 415 2251 471; baseline 0.003 -15"><span class='ocrx_word' id='word_1_396' title='bbox 1220 415 1515 468; x_wconf 87' lang='lat' dir='ltr'>comprehendi</span> <span class='ocrx_word' id='word_1_397' title='bbox 1538 415 1616 457; x_wconf 84' lang='lat' dir='ltr'>sub</span> <span class='ocrx_word' id='word_1_398' title='bbox 1635 417 1824 467; x_wconf 89' lang='lat' dir='ltr'>solemni,</span> <span class='ocrx_word' id='word_1_399' title='bbox 1846 423 2047 471; x_wconf 87' lang='lat' dir='ltr'>quantum</span> <span class='ocrx_word' id='word_1_400' title='bbox 2067 418 2251 459; x_wconf 81' lang='lat' dir='ltr'>adinum</span> 
     </span>
     <span class='ocr_line' id='line_1_69' title="bbox 1219 478 1428 518; baseline -0.01 0"><span class='ocrx_word' id='word_1_401' title='bbox 1219 478 1428 518; x_wconf 84' lang='lat' dir='ltr'>effectum.</span> 
     </span>
    </p>

    <p class='ocr_par' dir='ltr' id='par_1_15' title="bbox 1210 537 2255 2679">
     <span class='ocr_line' id='line_1_70' title="bbox 1270 537 2250 596; baseline 0.005 -18"><span class='ocrx_word' id='word_1_402' title='bbox 1270 541 1311 578; x_wconf 83' lang='lat'>7.</span> <span class='ocrx_word' id='word_1_403' title='bbox 1342 539 1576 581; x_wconf 77' lang='lat' dir='ltr'>Probabilis</span> <span class='ocrx_word' id='word_1_404' title='bbox 1605 539 1660 581; x_wconf 80' lang='lat' dir='ltr'>ad</span> <span class='ocrx_word' id='word_1_405' title='bbox 1677 537 1926 591; x_wconf 77' lang='lat' dir='ltr'>objectionem</span> <span class='ocrx_word' id='word_1_406' title='bbox 1942 538 2144 596; x_wconf 71' lang='lat' dir='ltr'>responsio</span> <span class='ocrx_word' id='word_1_407' title='bbox 2171 541 2250 583; x_wconf 76' lang='lat' dir='ltr'>trt-</span> 
     </span>
     <span class='ocr_line' id='line_1_71' title="bbox 1212 598 2248 652; baseline 0.005 -14"><span class='ocrx_word' id='word_1_408' title='bbox 1212 598 1376 652; x_wconf 82' lang='lat' dir='ltr'>pliciter</span> <span class='ocrx_word' id='word_1_409' title='bbox 1398 601 1604 641; x_wconf 75' lang='lat' dir='ltr'>suadetur.</span> <span class='ocrx_word' id='word_1_410' title='bbox 1621 620 1676 632; x_wconf 88' lang='lat'>-—</span> <span class='ocrx_word' id='word_1_411' title='bbox 1692 600 1938 652; x_wconf 88' lang='lat' dir='ltr'>Respondeo</span> <span class='ocrx_word' id='word_1_412' title='bbox 1965 603 2248 652; x_wconf 78' lang='lat' dir='ltr'>nihilominuS,</span> 
     </span>
     <span class='ocr_line' id='line_1_72' title="bbox 1217 661 2250 717; baseline 0.006 -18"><span class='ocrx_word' id='word_1_413' title='bbox 1217 661 1352 700; x_wconf 89' lang='lat' dir='ltr'>verius</span> <span class='ocrx_word' id='word_1_414' title='bbox 1374 673 1464 701; x_wconf 88' lang='lat' dir='ltr'>esse</span> <span class='ocrx_word' id='word_1_415' title='bbox 1499 662 1578 701; x_wconf 89' lang='lat' dir='ltr'>hoc</span> <span class='ocrx_word' id='word_1_416' title='bbox 1599 663 1752 702; x_wconf 78' lang='lat' dir='ltr'>&#39;votum</span> <span class='ocrx_word' id='word_1_417' title='bbox 1782 672 1867 700; x_wconf 89' lang='lat' dir='ltr'>non</span> <span class='ocrx_word' id='word_1_418' title='bbox 1898 662 2025 702; x_wconf 89' lang='lat' dir='ltr'>fuisse</span> <span class='ocrx_word' id='word_1_419' title='bbox 2060 677 2250 717; x_wconf 81' lang='lat' dir='ltr'>compre-</span> 
     </span>
     <span class='ocr_line' id='line_1_73' title="bbox 1217 722 2250 775; baseline 0.004 -13"><span class='ocrx_word' id='word_1_420' title='bbox 1217 723 1395 762; x_wconf 90' lang='lat' dir='ltr'>hensum</span> <span class='ocrx_word' id='word_1_421' title='bbox 1423 723 1499 762; x_wconf 88' lang='lat' dir='ltr'>sub</span> <span class='ocrx_word' id='word_1_422' title='bbox 1527 722 1596 761; x_wconf 89' lang='lat' dir='ltr'>illa</span> <span class='ocrx_word' id='word_1_423' title='bbox 1621 723 1900 762; x_wconf 84' lang='lat' dir='ltr'>declaratione</span> <span class='ocrx_word' id='word_1_424' title='bbox 1931 723 2128 764; x_wconf 87' lang='lat' dir='ltr'>Bonifacii</span> <span class='ocrx_word' id='word_1_425' title='bbox 2148 727 2250 775; x_wconf 88' lang='lat' dir='ltr'>VIII,</span> 
     </span>
     <span class='ocr_line' id='line_1_74' title="bbox 1216 784 2249 835; baseline 0.003 -12"><span class='ocrx_word' id='word_1_426' title='bbox 1216 796 1302 823; x_wconf 90' lang='lat' dir='ltr'>non</span> <span class='ocrx_word' id='word_1_427' title='bbox 1335 784 1431 835; x_wconf 88' lang='lat' dir='ltr'>quia</span> <span class='ocrx_word' id='word_1_428' title='bbox 1455 784 1639 824; x_wconf 87' lang='lat' dir='ltr'>Societas</span> <span class='ocrx_word' id='word_1_429' title='bbox 1671 789 1770 824; x_wconf 89' lang='lat' dir='ltr'>tunc</span> <span class='ocrx_word' id='word_1_430' title='bbox 1799 784 1985 823; x_wconf 88' lang='lat' dir='ltr'>instituta</span> <span class='ocrx_word' id='word_1_431' title='bbox 2011 797 2094 823; x_wconf 92' lang='lat' dir='ltr'>non</span> <span class='ocrx_word' id='word_1_432' title='bbox 2127 791 2249 834; x_wconf 89' lang='lat' dir='ltr'>esset,</span> 
     </span>
     <span class='ocr_line' id='line_1_75' title="bbox 1216 846 2251 897; baseline 0.004 -14"><span class='ocrx_word' id='word_1_433' title='bbox 1216 857 1335 891; x_wconf 78' lang='lat' dir='ltr'>nam,</span> <span class='ocrx_word' id='word_1_434' title='bbox 1369 846 1448 884; x_wconf 86' lang='lat' dir='ltr'>hoc</span> <span class='ocrx_word' id='word_1_435' title='bbox 1480 858 1563 885; x_wconf 90' lang='lat' dir='ltr'>non</span> <span class='ocrx_word' id='word_1_436' title='bbox 1599 846 1812 894; x_wconf 87' lang='lat' dir='ltr'>obstante,</span> <span class='ocrx_word' id='word_1_437' title='bbox 1846 850 1940 885; x_wconf 87' lang='lat' dir='ltr'>vota</span> <span class='ocrx_word' id='word_1_438' title='bbox 1972 846 2251 897; x_wconf 88' lang='lat' dir='ltr'>professorum</span> 
     </span>
     <span class='ocr_line' id='line_1_76' title="bbox 1217 906 2251 959; baseline 0.003 -14"><span class='ocrx_word' id='word_1_439' title='bbox 1217 906 1491 956; x_wconf 76' lang='lat' dir='ltr'>Societati3,et</span> <span class='ocrx_word' id='word_1_440' title='bbox 1506 908 1805 959; x_wconf 83' lang='lat' dir='ltr'>cujuscumque</span> <span class='ocrx_word' id='word_1_441' title='bbox 1822 920 1835 946; x_wconf 96' lang='lat'>1</span> <span class='ocrx_word' id='word_1_442' title='bbox 1846 907 2033 958; x_wconf 84' lang='lat' dir='ltr'>eligionis</span> <span class='ocrx_word' id='word_1_443' title='bbox 2046 914 2137 959; x_wconf 89' lang='lat' dir='ltr'>post</span> <span class='ocrx_word' id='word_1_444' title='bbox 2154 909 2251 948; x_wconf 89' lang='lat' dir='ltr'>illud</span> 
     </span>
     <span class='ocr_line' id='line_1_77' title="bbox 1216 969 2251 1022; baseline 0.001 -14"><span class='ocrx_word' id='word_1_445' title='bbox 1216 969 1428 1008; x_wconf 87' lang='lat' dir='ltr'>decretum</span> <span class='ocrx_word' id='word_1_446' title='bbox 1459 969 1713 1020; x_wconf 66' lang='lat' dir='ltr'>approbatae,</span> <span class='ocrx_word' id='word_1_447' title='bbox 1736 969 1814 1008; x_wconf 89' lang='lat' dir='ltr'>suh</span> <span class='ocrx_word' id='word_1_448' title='bbox 1834 981 1883 1008; x_wconf 92' lang='grc'>00</span> <span class='ocrx_word' id='word_1_449' title='bbox 1915 970 2038 1020; x_wconf 79' lang='lat' dir='ltr'>plane</span> <span class='ocrx_word' id='word_1_450' title='bbox 2067 982 2251 1022; x_wconf 88' lang='lat' dir='ltr'>compre-</span> 
     </span>
     <span class='ocr_line' id='line_1_78' title="bbox 1215 1031 2251 1082; baseline 0.002 -14"><span class='ocrx_word' id='word_1_451' title='bbox 1215 1031 1473 1079; x_wconf 86' lang='lat' dir='ltr'>henduntur;</span> <span class='ocrx_word' id='word_1_452' title='bbox 1494 1031 1567 1070; x_wconf 88' lang='lat' dir='ltr'>sed</span> <span class='ocrx_word' id='word_1_453' title='bbox 1588 1031 1685 1082; x_wconf 87' lang='lat' dir='ltr'>quia</span> <span class='ocrx_word' id='word_1_454' title='bbox 1716 1031 1886 1070; x_wconf 89' lang='lat' dir='ltr'>nomine</span> <span class='ocrx_word' id='word_1_455' title='bbox 1911 1033 2176 1081; x_wconf 77' lang='lat' dir='ltr'>professionis</span> <span class='ocrx_word' id='word_1_456' title='bbox 2196 1032 2251 1070; x_wconf 89' lang='lat' dir='ltr'>ihi</span> 
     </span>
     <span class='ocr_line' id='line_1_79' title="bbox 1215 1092 2251 1142; baseline 0 -12"><span class='ocrx_word' id='word_1_457' title='bbox 1215 1105 1299 1131; x_wconf 93' lang='lat' dir='ltr'>non</span> <span class='ocrx_word' id='word_1_458' title='bbox 1318 1092 1541 1132; x_wconf 90' lang='lat' dir='ltr'>includitur</span> <span class='ocrx_word' id='word_1_459' title='bbox 1559 1093 1645 1132; x_wconf 82' lang='lat' dir='ltr'>haee</span> <span class='ocrx_word' id='word_1_460' title='bbox 1665 1093 1842 1138; x_wconf 86' lang='lat' dir='ltr'>traditio,</span> <span class='ocrx_word' id='word_1_461' title='bbox 1867 1096 1907 1131; x_wconf 89' lang='lat' dir='ltr'>et</span> <span class='ocrx_word' id='word_1_462' title='bbox 1930 1092 2158 1142; x_wconf 88' lang='lat' dir='ltr'>acceptatio</span> <span class='ocrx_word' id='word_1_463' title='bbox 2179 1104 2251 1131; x_wconf 89' lang='grc'>0011</span> 
     </span>
     <span class='ocr_line' id='line_1_80' title="bbox 1214 1153 2253 1206; baseline -0.004 -11"><span class='ocrx_word' id='word_1_464' title='bbox 1214 1153 1492 1206; x_wconf 82' lang='lat' dir='ltr'>incorporatio</span> <span class='ocrx_word' id='word_1_465' title='bbox 1532 1155 1784 1194; x_wconf 86' lang='lat' dir='ltr'>scholarium</span> <span class='ocrx_word' id='word_1_466' title='bbox 1822 1154 1865 1192; x_wconf 91' lang='lat' dir='ltr'>in</span> <span class='ocrx_word' id='word_1_467' title='bbox 1903 1155 2120 1193; x_wconf 89' lang='lat' dir='ltr'>Societate.</span> <span class='ocrx_word' id='word_1_468' title='bbox 2167 1153 2253 1194; x_wconf 78' lang='lat' dir='ltr'>Hoc</span> 
     </span>
     <span class='ocr_line' id='line_1_81' title="bbox 1215 1216 2252 1268; baseline -0.001 -13"><span class='ocrx_word' id='word_1_469' title='bbox 1215 1221 1355 1256; x_wconf 89' lang='lat' dir='ltr'>autem</span> <span class='ocrx_word' id='word_1_470' title='bbox 1381 1217 1556 1256; x_wconf 72' lang='lat' dir='ltr'>ostendit</span> <span class='ocrx_word' id='word_1_471' title='bbox 1582 1217 1782 1268; x_wconf 82' lang='lat' dir='ltr'>imprimis</span> <span class='ocrx_word' id='word_1_472' title='bbox 1811 1228 1910 1254; x_wconf 89' lang='lat' dir='ltr'>usus</span> <span class='ocrx_word' id='word_1_473' title='bbox 1943 1216 2046 1267; x_wconf 91' lang='lat' dir='ltr'>ipse,</span> <span class='ocrx_word' id='word_1_474' title='bbox 2071 1220 2111 1255; x_wconf 89' lang='lat' dir='ltr'>et</span> <span class='ocrx_word' id='word_1_475' title='bbox 2141 1228 2252 1255; x_wconf 90' lang='lat' dir='ltr'>com-</span> 
     </span>
     <span class='ocr_line' id='line_1_82' title="bbox 1214 1278 2252 1329; baseline -0.002 -11"><span class='ocrx_word' id='word_1_476' title='bbox 1214 1279 1352 1317; x_wconf 87' lang='lat' dir='ltr'>munis</span> <span class='ocrx_word' id='word_1_477' title='bbox 1383 1292 1528 1318; x_wconf 87' lang='lat' dir='ltr'>sensus</span> <span class='ocrx_word' id='word_1_478' title='bbox 1560 1279 1747 1318; x_wconf 87' lang='lat' dir='ltr'>omnium</span> <span class='ocrx_word' id='word_1_479' title='bbox 1776 1279 2026 1329; x_wconf 86' lang='lat' dir='ltr'>sapientum,</span> <span class='ocrx_word' id='word_1_480' title='bbox 2058 1278 2127 1328; x_wconf 91' lang='lat' dir='ltr'>qui</span> <span class='ocrx_word' id='word_1_481' title='bbox 2159 1283 2252 1316; x_wconf 90' lang='lat' dir='ltr'>sunt</span> 
     </span>
     <span class='ocr_line' id='line_1_83' title="bbox 1213 1339 2252 1390; baseline 0 -13"><span class='ocrx_word' id='word_1_482' title='bbox 1213 1341 1408 1390; x_wconf 83' lang='lat' dir='ltr'>praecipui</span> <span class='ocrx_word' id='word_1_483' title='bbox 1441 1341 1581 1390; x_wconf 83' lang='lat' dir='ltr'>legum</span> <span class='ocrx_word' id='word_1_484' title='bbox 1612 1341 1874 1390; x_wconf 82' lang='lat' dir='ltr'>interpretes.</span> <span class='ocrx_word' id='word_1_485' title='bbox 1910 1339 2122 1387; x_wconf 89' lang='lat' dir='ltr'>Secundo,</span> <span class='ocrx_word' id='word_1_486' title='bbox 2157 1339 2252 1389; x_wconf 88' lang='lat' dir='ltr'>quia</span> 
     </span>
     <span class='ocr_line' id='line_1_84' title="bbox 1215 1400 2252 1451; baseline 0 -12"><span class='ocrx_word' id='word_1_487' title='bbox 1215 1401 1448 1440; x_wconf 86' lang='lat' dir='ltr'>Bonifacius</span> <span class='ocrx_word' id='word_1_488' title='bbox 1467 1413 1611 1439; x_wconf 88' lang='lat' dir='ltr'>revera</span> <span class='ocrx_word' id='word_1_489' title='bbox 1630 1401 1803 1439; x_wconf 89' lang='lat' dir='ltr'>intendit</span> <span class='ocrx_word' id='word_1_490' title='bbox 1823 1401 1936 1451; x_wconf 89' lang='lat' dir='ltr'>loqui</span> <span class='ocrx_word' id='word_1_491' title='bbox 1961 1400 2012 1439; x_wconf 90' lang='lat' dir='ltr'>de</span> <span class='ocrx_word' id='word_1_492' title='bbox 2034 1401 2252 1451; x_wconf 87' lang='lat' dir='ltr'>professio-</span> 
     </span>
     <span class='ocr_line' id='line_1_85' title="bbox 1214 1462 2254 1513; baseline -0.001 -12"><span class='ocrx_word' id='word_1_493' title='bbox 1214 1474 1266 1502; x_wconf 91' lang='lat' dir='ltr'>ne</span> <span class='ocrx_word' id='word_1_494' title='bbox 1286 1463 1538 1513; x_wconf 88' lang='lat' dir='ltr'>sirnpliciter,</span> <span class='ocrx_word' id='word_1_495' title='bbox 1557 1474 1648 1513; x_wconf 82' lang='lat' dir='ltr'>quae</span> <span class='ocrx_word' id='word_1_496' title='bbox 1668 1474 1833 1501; x_wconf 90' lang='lat' dir='ltr'>omnem</span> <span class='ocrx_word' id='word_1_497' title='bbox 1854 1462 2150 1511; x_wconf 85' lang='lat' dir='ltr'>perfectionem</span> <span class='ocrx_word' id='word_1_498' title='bbox 2168 1462 2254 1501; x_wconf 88' lang='lat' dir='ltr'>vin-</span> 
     </span>
     <span class='ocr_line' id='line_1_86' title="bbox 1215 1524 2255 1574; baseline -0.002 -10"><span class='ocrx_word' id='word_1_499' title='bbox 1215 1524 1295 1564; x_wconf 86' lang='lat' dir='ltr'>culi</span> <span class='ocrx_word' id='word_1_500' title='bbox 1316 1524 1514 1574; x_wconf 76' lang='lat' dir='ltr'>religiosi,</span> <span class='ocrx_word' id='word_1_501' title='bbox 1534 1525 1656 1563; x_wconf 90' lang='lat' dir='ltr'>etiam</span> <span class='ocrx_word' id='word_1_502' title='bbox 1680 1537 1774 1562; x_wconf 85' lang='lat' dir='ltr'>cum</span> <span class='ocrx_word' id='word_1_503' title='bbox 1797 1524 1984 1563; x_wconf 75' lang='lat' dir='ltr'>absoluta</span> <span class='ocrx_word' id='word_1_504' title='bbox 2005 1524 2255 1574; x_wconf 87' lang='lat' dir='ltr'>perpetuita-</span> 
     </span>
     <span class='ocr_line' id='line_1_87' title="bbox 1213 1586 2251 1636; baseline -0.001 -12"><span class='ocrx_word' id='word_1_505' title='bbox 1213 1588 1254 1625; x_wconf 81' lang='lat' dir='ltr'>te</span> <span class='ocrx_word' id='word_1_506' title='bbox 1290 1586 1484 1631; x_wconf 90' lang='lat' dir='ltr'>includit;</span> <span class='ocrx_word' id='word_1_507' title='bbox 1522 1598 1618 1624; x_wconf 89' lang='lat' dir='ltr'>nam</span> <span class='ocrx_word' id='word_1_508' title='bbox 1652 1586 1768 1636; x_wconf 91' lang='lat' dir='ltr'>ponit</span> <span class='ocrx_word' id='word_1_509' title='bbox 1806 1586 1883 1623; x_wconf 88' lang='lat' dir='ltr'>hoc</span> <span class='ocrx_word' id='word_1_510' title='bbox 1913 1586 2251 1636; x_wconf 87' lang='lat' dir='ltr'>impedimentum</span> 
     </span>
     <span class='ocr_line' id='line_1_88' title="bbox 1214 1646 2252 1698; baseline -0.002 -12"><span class='ocrx_word' id='word_1_511' title='bbox 1214 1651 1413 1698; x_wconf 85' lang='lat' dir='ltr'>tanquam</span> <span class='ocrx_word' id='word_1_512' title='bbox 1451 1651 1652 1697; x_wconf 85' lang='lat' dir='ltr'>perpetuo</span> <span class='ocrx_word' id='word_1_513' title='bbox 1688 1647 1970 1692; x_wconf 84' lang='lat' dir='ltr'>immutabile;</span> <span class='ocrx_word' id='word_1_514' title='bbox 2006 1651 2105 1685; x_wconf 91' lang='lat' dir='ltr'>tunc</span> <span class='ocrx_word' id='word_1_515' title='bbox 2142 1646 2252 1685; x_wconf 88' lang='lat' dir='ltr'>enim</span> 
     </span>
     <span class='ocr_line' id='line_1_89' title="bbox 1216 1708 2250 1747; baseline 0 0"><span class='ocrx_word' id='word_1_516' title='bbox 1216 1708 1401 1747; x_wconf 91' lang='lat' dir='ltr'>nondum</span> <span class='ocrx_word' id='word_1_517' title='bbox 1425 1712 1513 1746; x_wconf 82' lang='lat' dir='ltr'>erat</span> <span class='ocrx_word' id='word_1_518' title='bbox 1537 1709 1577 1746; x_wconf 89' lang='lat' dir='ltr'>in</span> <span class='ocrx_word' id='word_1_519' title='bbox 1599 1708 1780 1746; x_wconf 86' lang='lat' dir='ltr'>Ecclesia</span> <span class='ocrx_word' id='word_1_520' title='bbox 1809 1709 1940 1746; x_wconf 84' lang='lat' dir='ltr'>visum</span> <span class='ocrx_word' id='word_1_521' title='bbox 1969 1712 2040 1746; x_wconf 89' lang='lat' dir='ltr'>aut</span> <span class='ocrx_word' id='word_1_522' title='bbox 2060 1708 2250 1747; x_wconf 87' lang='lat' dir='ltr'>interdic-</span> 
     </span>
     <span class='ocr_line' id='line_1_90' title="bbox 1215 1769 2250 1820; baseline 0 -12"><span class='ocrx_word' id='word_1_523' title='bbox 1215 1774 1301 1808; x_wconf 91' lang='lat' dir='ltr'>tum</span> <span class='ocrx_word' id='word_1_524' title='bbox 1322 1770 1665 1820; x_wconf 86' lang='lat' dir='ltr'>impedimentum</span> <span class='ocrx_word' id='word_1_525' title='bbox 1687 1769 1852 1807; x_wconf 88' lang='lat' dir='ltr'>irritans</span> <span class='ocrx_word' id='word_1_526' title='bbox 1872 1769 2183 1807; x_wconf 88' lang='lat' dir='ltr'>matrimonium</span> <span class='ocrx_word' id='word_1_527' title='bbox 2203 1781 2250 1808; x_wconf 84' lang='lat' dir='ltr'>ex</span> 
     </span>
     <span class='ocr_line' id='line_1_91' title="bbox 1215 1830 2251 1880; baseline 0.001 -12"><span class='ocrx_word' id='word_1_528' title='bbox 1215 1833 1252 1869; x_wconf 89' lang='lat' dir='ltr'>vi</span> <span class='ocrx_word' id='word_1_529' title='bbox 1271 1832 1365 1876; x_wconf 91' lang='lat' dir='ltr'>voti,</span> <span class='ocrx_word' id='word_1_530' title='bbox 1391 1831 1502 1880; x_wconf 90' lang='lat' dir='ltr'>quod</span> <span class='ocrx_word' id='word_1_531' title='bbox 1524 1830 1672 1868; x_wconf 83' lang='lat' dir='ltr'>auferri</span> <span class='ocrx_word' id='word_1_532' title='bbox 1692 1834 1835 1880; x_wconf 87' lang='lat' dir='ltr'>postea</span> <span class='ocrx_word' id='word_1_533' title='bbox 1855 1834 2009 1880; x_wconf 87' lang='lat' dir='ltr'>posset,</span> <span class='ocrx_word' id='word_1_534' title='bbox 2024 1842 2098 1880; x_wconf 86' lang='lat' dir='ltr'>per</span> <span class='ocrx_word' id='word_1_535' title='bbox 2118 1834 2251 1869; x_wconf 88' lang='lat' dir='ltr'>muta-</span> 
     </span>
     <span class='ocr_line' id='line_1_92' title="bbox 1214 1892 2252 1942; baseline 0.001 -13"><span class='ocrx_word' id='word_1_536' title='bbox 1214 1892 1369 1930; x_wconf 87' lang='lat' dir='ltr'>tionem</span> <span class='ocrx_word' id='word_1_537' title='bbox 1398 1904 1469 1930; x_wconf 88' lang='lat' dir='ltr'>seu</span> <span class='ocrx_word' id='word_1_538' title='bbox 1494 1892 1739 1942; x_wconf 84' lang='lat' dir='ltr'>ejectionem</span> <span class='ocrx_word' id='word_1_539' title='bbox 1764 1902 1952 1942; x_wconf 84' lang='lat' dir='ltr'>personae</span> <span class='ocrx_word' id='word_1_540' title='bbox 1985 1903 2008 1929; x_wconf 91' lang='lat' dir='ltr'>a</span> <span class='ocrx_word' id='word_1_541' title='bbox 2030 1895 2139 1930; x_wconf 88' lang='lat' dir='ltr'>statu</span> <span class='ocrx_word' id='word_1_542' title='bbox 2159 1893 2252 1931; x_wconf 83' lang='lat' dir='ltr'>reli-</span> 
     </span>
     <span class='ocr_line' id='line_1_93' title="bbox 1216 1952 2251 2003; baseline 0.002 -13"><span class='ocrx_word' id='word_1_543' title='bbox 1216 1952 1344 2003; x_wconf 84' lang='lat' dir='ltr'>gioso.</span> <span class='ocrx_word' id='word_1_544' title='bbox 1376 1953 1528 1998; x_wconf 90' lang='lat' dir='ltr'>Tertio,</span> <span class='ocrx_word' id='word_1_545' title='bbox 1556 1952 1652 2002; x_wconf 88' lang='lat' dir='ltr'>quia</span> <span class='ocrx_word' id='word_1_546' title='bbox 1687 1964 1736 1991; x_wconf 87' lang='lat' dir='ltr'>ex</span> <span class='ocrx_word' id='word_1_547' title='bbox 1769 1953 1962 2003; x_wconf 75' lang='lat' dir='ltr'>primaeva</span> <span class='ocrx_word' id='word_1_548' title='bbox 1996 1952 2251 1992; x_wconf 89' lang='lat' dir='ltr'>institutione</span> 
     </span>
     <span class='ocr_line' id='line_1_94' title="bbox 1216 2015 2253 2065; baseline 0.002 -13"><span class='ocrx_word' id='word_1_549' title='bbox 1216 2015 1430 2053; x_wconf 86' lang='lat' dir='ltr'>Societatis</span> <span class='ocrx_word' id='word_1_550' title='bbox 1458 2015 1538 2053; x_wconf 87' lang='lat' dir='ltr'>hoc</span> <span class='ocrx_word' id='word_1_551' title='bbox 1559 2019 1700 2053; x_wconf 89' lang='lat' dir='ltr'>votum</span> <span class='ocrx_word' id='word_1_552' title='bbox 1730 2018 1773 2053; x_wconf 89' lang='lat' dir='ltr'>ut</span> <span class='ocrx_word' id='word_1_553' title='bbox 1796 2015 1970 2065; x_wconf 86' lang='lat' dir='ltr'>simplex</span> <span class='ocrx_word' id='word_1_554' title='bbox 1991 2015 2160 2054; x_wconf 89' lang='lat' dir='ltr'>omnino</span> <span class='ocrx_word' id='word_1_555' title='bbox 2191 2015 2253 2054; x_wconf 90' lang='lat' dir='ltr'>in·-</span> 
     </span>
     <span class='ocr_line' id='line_1_95' title="bbox 1215 2076 2248 2124; baseline 0.001 -10"><span class='ocrx_word' id='word_1_556' title='bbox 1215 2077 1402 2114; x_wconf 82' lang='lat' dir='ltr'>stitutum</span> <span class='ocrx_word' id='word_1_557' title='bbox 1425 2082 1501 2124; x_wconf 86' lang='lat' dir='ltr'>est,</span> <span class='ocrx_word' id='word_1_558' title='bbox 1519 2080 1560 2114; x_wconf 84' lang='lat' dir='ltr'>et</span> <span class='ocrx_word' id='word_1_559' title='bbox 1583 2076 1728 2114; x_wconf 86' lang='lat' dir='ltr'>eodem</span> <span class='ocrx_word' id='word_1_560' title='bbox 1752 2076 1875 2114; x_wconf 89' lang='lat' dir='ltr'>modo</span> <span class='ocrx_word' id='word_1_561' title='bbox 1896 2076 1972 2114; x_wconf 86' lang='lat' dir='ltr'>fuit</span> <span class='ocrx_word' id='word_1_562' title='bbox 1996 2087 2018 2114; x_wconf 84' lang='lat' dir='ltr'>a</span> <span class='ocrx_word' id='word_1_563' title='bbox 2050 2076 2248 2116; x_wconf 86' lang='lat' dir='ltr'>Pontifici-</span> 
     </span>
     <span class='ocr_line' id='line_1_96' title="bbox 1213 2137 2248 2189; baseline 0.001 -13"><span class='ocrx_word' id='word_1_564' title='bbox 1213 2138 1291 2176; x_wconf 89' lang='lat' dir='ltr'>bus</span> <span class='ocrx_word' id='word_1_565' title='bbox 1311 2137 1585 2189; x_wconf 87' lang='lat' dir='ltr'>approbatum</span> <span class='ocrx_word' id='word_1_566' title='bbox 1605 2141 1643 2176; x_wconf 90' lang='lat' dir='ltr'>et</span> <span class='ocrx_word' id='word_1_567' title='bbox 1659 2141 1886 2187; x_wconf 78' lang='lat' dir='ltr'>receptum,</span> <span class='ocrx_word' id='word_1_568' title='bbox 1903 2149 1985 2175; x_wconf 92' lang='lat' dir='ltr'>non</span> <span class='ocrx_word' id='word_1_569' title='bbox 2003 2138 2135 2176; x_wconf 90' lang='lat' dir='ltr'>solum</span> <span class='ocrx_word' id='word_1_570' title='bbox 2159 2151 2248 2189; x_wconf 89' lang='lat' dir='ltr'>pro—</span> 
     </span>
     <span class='ocr_line' id='line_1_97' title="bbox 1214 2198 2248 2250; baseline 0.001 -13"><span class='ocrx_word' id='word_1_571' title='bbox 1214 2204 1304 2250; x_wconf 89' lang='lat' dir='ltr'>pter</span> <span class='ocrx_word' id='word_1_572' title='bbox 1323 2199 1602 2238; x_wconf 87' lang='lat' dir='ltr'>conditionem</span> <span class='ocrx_word' id='word_1_573' title='bbox 1624 2211 1748 2249; x_wconf 89' lang='lat' dir='ltr'>quam</span> <span class='ocrx_word' id='word_1_574' title='bbox 1769 2198 1940 2237; x_wconf 90' lang='lat' dir='ltr'>includit</span> <span class='ocrx_word' id='word_1_575' title='bbox 1962 2211 2011 2237; x_wconf 88' lang='lat' dir='ltr'>ex</span> <span class='ocrx_word' id='word_1_576' title='bbox 2035 2204 2150 2249; x_wconf 89' lang='lat' dir='ltr'>parte</span> <span class='ocrx_word' id='word_1_577' title='bbox 2168 2204 2248 2238; x_wconf 87' lang='lat' dir='ltr'>tra-</span> 
     </span>
     <span class='ocr_line' id='line_1_98' title="bbox 1213 2260 2248 2310; baseline 0.002 -12"><span class='ocrx_word' id='word_1_578' title='bbox 1213 2260 1395 2309; x_wconf 87' lang='lat' dir='ltr'>ditionis,</span> <span class='ocrx_word' id='word_1_579' title='bbox 1412 2261 1485 2299; x_wconf 87' lang='lat' dir='ltr'>sed</span> <span class='ocrx_word' id='word_1_580' title='bbox 1506 2260 1630 2299; x_wconf 91' lang='lat' dir='ltr'>etiam</span> <span class='ocrx_word' id='word_1_581' title='bbox 1652 2261 1747 2310; x_wconf 91' lang='lat' dir='ltr'>quia</span> <span class='ocrx_word' id='word_1_582' title='bbox 1770 2272 1851 2298; x_wconf 89' lang='lat' dir='ltr'>non</span> <span class='ocrx_word' id='word_1_583' title='bbox 1874 2264 1935 2298; x_wconf 88' lang='lat' dir='ltr'>est</span> <span class='ocrx_word' id='word_1_584' title='bbox 1955 2261 2009 2297; x_wconf 91' lang='lat' dir='ltr'>illi</span> <span class='ocrx_word' id='word_1_585' title='bbox 2030 2261 2166 2299; x_wconf 86' lang='lat' dir='ltr'>addita</span> <span class='ocrx_word' id='word_1_586' title='bbox 2188 2262 2248 2300; x_wconf 88' lang='lat' dir='ltr'>vis</span> 
     </span>
     <span class='ocr_line' id='line_1_99' title="bbox 1212 2322 2246 2373; baseline 0.002 -13"><span class='ocrx_word' id='word_1_587' title='bbox 1212 2322 1499 2360; x_wconf 88' lang='lat' dir='ltr'>inhabilitandi</span> <span class='ocrx_word' id='word_1_588' title='bbox 1516 2334 1737 2373; x_wconf 88' lang='lat' dir='ltr'>personam</span> <span class='ocrx_word' id='word_1_589' title='bbox 1756 2322 1809 2360; x_wconf 89' lang='lat' dir='ltr'>ad</span> <span class='ocrx_word' id='word_1_590' title='bbox 1823 2322 2130 2360; x_wconf 84' lang='lat' dir='ltr'>matrimonium</span> <span class='ocrx_word' id='word_1_591' title='bbox 2142 2337 2152 2371; x_wconf 87' lang='lat'><em>3</em></span> <span class='ocrx_word' id='word_1_592' title='bbox 2166 2323 2246 2362; x_wconf 92' lang='lat' dir='ltr'>imo</span> 
     </span>
     <span class='ocr_line' id='line_1_100' title="bbox 1213 2384 2241 2435; baseline 0.001 -13"><span class='ocrx_word' id='word_1_593' title='bbox 1213 2395 1263 2423; x_wconf 87' lang='lat' dir='ltr'>ex</span> <span class='ocrx_word' id='word_1_594' title='bbox 1282 2385 1408 2435; x_wconf 90' lang='lat' dir='ltr'>priori</span> <span class='ocrx_word' id='word_1_595' title='bbox 1439 2385 1674 2423; x_wconf 88' lang='lat' dir='ltr'>conditione</span> <span class='ocrx_word' id='word_1_596' title='bbox 1711 2384 1964 2434; x_wconf 79' lang='lat' dir='ltr'>sequebatur</span> <span class='ocrx_word' id='word_1_597' title='bbox 1996 2385 2081 2422; x_wconf 83' lang='lat' dir='ltr'>haec</span> <span class='ocrx_word' id='word_1_598' title='bbox 2113 2388 2241 2434; x_wconf 90' lang='lat' dir='ltr'>poste-</span> 
     </span>
     <span class='ocr_line' id='line_1_101' title="bbox 1210 2445 2244 2496; baseline -0.001 -12"><span class='ocrx_word' id='word_1_599' title='bbox 1210 2446 1309 2494; x_wconf 91' lang='lat' dir='ltr'>rior,</span> <span class='ocrx_word' id='word_1_600' title='bbox 1327 2446 1423 2495; x_wconf 84' lang='lat' dir='ltr'>jure</span> <span class='ocrx_word' id='word_1_601' title='bbox 1454 2446 1679 2493; x_wconf 84' lang='lat' dir='ltr'>ordinario,</span> <span class='ocrx_word' id='word_1_602' title='bbox 1704 2446 1800 2496; x_wconf 87' lang='lat' dir='ltr'>quia</span> <span class='ocrx_word' id='word_1_603' title='bbox 1832 2445 2013 2484; x_wconf 84' lang='lat' dir='ltr'>Ecclesia</span> <span class='ocrx_word' id='word_1_604' title='bbox 2034 2457 2244 2495; x_wconf 75' lang='lat' dir='ltr'>nunquam</span> 
     </span>
     <span class='ocr_line' id='line_1_102' title="bbox 1214 2506 2245 2556; baseline -0.001 -11"><span class='ocrx_word' id='word_1_605' title='bbox 1214 2506 1427 2546; x_wconf 84' lang='lat' dir='ltr'>addiderat</span> <span class='ocrx_word' id='word_1_606' title='bbox 1448 2507 1529 2546; x_wconf 83' lang='lat' dir='ltr'>tale</span> <span class='ocrx_word' id='word_1_607' title='bbox 1551 2507 1895 2556; x_wconf 84' lang='lat' dir='ltr'>impedimentum</span> <span class='ocrx_word' id='word_1_608' title='bbox 1923 2507 2003 2546; x_wconf 87' lang='lat' dir='ltr'>nisi</span> <span class='ocrx_word' id='word_1_609' title='bbox 2040 2512 2135 2546; x_wconf 83' lang='lat' dir='ltr'>voto</span> <span class='ocrx_word' id='word_1_610' title='bbox 2161 2519 2245 2548; x_wconf 69' lang='grc'>001-</span> 
     </span>
     <span class='ocr_line' id='line_1_103' title="bbox 1212 2566 2244 2619; baseline 0 -13"><span class='ocrx_word' id='word_1_611' title='bbox 1212 2566 1311 2606; x_wconf 88' lang='lat' dir='ltr'>nino</span> <span class='ocrx_word' id='word_1_612' title='bbox 1335 2568 1537 2606; x_wconf 87' lang='lat' dir='ltr'>absoluto.</span> <span class='ocrx_word' id='word_1_613' title='bbox 1562 2567 1678 2613; x_wconf 88' lang='lat' dir='ltr'>Quod</span> <span class='ocrx_word' id='word_1_614' title='bbox 1702 2567 1954 2606; x_wconf 87' lang='lat' dir='ltr'>ordinarium</span> <span class='ocrx_word' id='word_1_615' title='bbox 1971 2569 2041 2618; x_wconf 85' lang='lat' dir='ltr'>jus</span> <span class='ocrx_word' id='word_1_616' title='bbox 2067 2569 2108 2606; x_wconf 89' lang='lat' dir='ltr'>in</span> <span class='ocrx_word' id='word_1_617' title='bbox 2136 2569 2244 2619; x_wconf 87' lang='lat' dir='ltr'>prin-</span> 
     </span>
     <span class='ocr_line' id='line_1_104' title="bbox 1213 2627 2247 2679; baseline 0 -11"><span class='ocrx_word' id='word_1_618' title='bbox 1213 2629 1318 2679; x_wconf 87' lang='lat' dir='ltr'>cipio</span> <span class='ocrx_word' id='word_1_619' title='bbox 1339 2628 1553 2668; x_wconf 87' lang='lat' dir='ltr'>Societatis</span> <span class='ocrx_word' id='word_1_620' title='bbox 1582 2627 1755 2666; x_wconf 77' lang='lat' dir='ltr'>eonditae</span> <span class='ocrx_word' id='word_1_621' title='bbox 1779 2631 1946 2667; x_wconf 88' lang='lat' dir='ltr'>auctum</span> <span class='ocrx_word' id='word_1_622' title='bbox 1973 2641 2055 2668; x_wconf 92' lang='lat' dir='ltr'>non</span> <span class='ocrx_word' id='word_1_623' title='bbox 2079 2629 2176 2675; x_wconf 86' lang='lat' dir='ltr'>fuit;</span> <span class='ocrx_word' id='word_1_624' title='bbox 2204 2634 2247 2668; x_wconf 79' lang='lat' dir='ltr'>et</span> 
     </span>
    </p>
   </div>
   <div class='ocr_carea' id='block_1_14' title="bbox 1209 2688 2247 2797">
    <p class='ocr_par' dir='ltr' id='par_1_16' title="bbox 1209 2688 2247 2797">
     <span class='ocr_line' id='line_1_105' title="bbox 1210 2688 2247 2740; baseline 0.001 -12"><span class='ocrx_word' id='word_1_625' title='bbox 1210 2690 1319 2733; x_wconf 90' lang='lat' dir='ltr'>ideo,</span> <span class='ocrx_word' id='word_1_626' title='bbox 1340 2693 1424 2728; x_wconf 90' lang='lat' dir='ltr'>tam</span> <span class='ocrx_word' id='word_1_627' title='bbox 1448 2699 1499 2727; x_wconf 85' lang='lat' dir='ltr'>ex</span> <span class='ocrx_word' id='word_1_628' title='bbox 1519 2688 1744 2727; x_wconf 86' lang='lat' dir='ltr'>intentione</span> <span class='ocrx_word' id='word_1_629' title='bbox 1770 2689 2009 2736; x_wconf 86' lang='lat' dir='ltr'>emittentis,</span> <span class='ocrx_word' id='word_1_630' title='bbox 2030 2701 2154 2740; x_wconf 89' lang='lat' dir='ltr'>quam</span> <span class='ocrx_word' id='word_1_631' title='bbox 2174 2690 2247 2729; x_wconf 84' lang='lat' dir='ltr'>So—</span> 
     </span>
     <span class='ocr_line' id='line_1_106' title="bbox 1209 2745 2244 2797; baseline -0.001 -12"><span class='ocrx_word' id='word_1_632' title='bbox 1209 2747 1364 2785; x_wconf 80' lang='lat' dir='ltr'>cietatis</span> <span class='ocrx_word' id='word_1_633' title='bbox 1386 2745 1650 2796; x_wconf 87' lang='lat' dir='ltr'>acceptantis,</span> <span class='ocrx_word' id='word_1_634' title='bbox 1675 2748 1716 2783; x_wconf 88' lang='lat' dir='ltr'>et</span> <span class='ocrx_word' id='word_1_635' title='bbox 1749 2745 1866 2784; x_wconf 88' lang='lat' dir='ltr'>Sedis</span> <span class='ocrx_word' id='word_1_636' title='bbox 1898 2745 2144 2795; x_wconf 80' lang='lat' dir='ltr'>Apostolicae</span> <span class='ocrx_word' id='word_1_637' title='bbox 2171 2757 2244 2797; x_wconf 92' lang='lat' dir='ltr'>ap-</span> 
     </span>
    </p>
   </div>
   <div class='ocr_carea' id='block_1_15' title="bbox 1205 2807 2244 3598">
    <p class='ocr_par' dir='ltr' id='par_1_17' title="bbox 1206 2807 2244 2980">
     <span class='ocr_line' id='line_1_107' title="bbox 1206 2807 2244 2860; baseline 0 -14"><span class='ocrx_word' id='word_1_638' title='bbox 1206 2808 1433 2860; x_wconf 82' lang='lat' dir='ltr'>probantis,</span> <span class='ocrx_word' id='word_1_639' title='bbox 1453 2807 1578 2845; x_wconf 85' lang='lat' dir='ltr'>fiebat</span> <span class='ocrx_word' id='word_1_640' title='bbox 1597 2807 1674 2844; x_wconf 85' lang='lat' dir='ltr'>hoc</span> <span class='ocrx_word' id='word_1_641' title='bbox 1687 2810 1846 2856; x_wconf 82' lang='lat' dir='ltr'>votum,</span> <span class='ocrx_word' id='word_1_642' title='bbox 1859 2810 2060 2858; x_wconf 86' lang='lat' dir='ltr'>tanquam</span> <span class='ocrx_word' id='word_1_643' title='bbox 2075 2807 2244 2846; x_wconf 84' lang='lat' dir='ltr'>omnino</span> 
     </span>
     <span class='ocr_line' id='line_1_108' title="bbox 1207 2868 2243 2920; baseline -0.001 -12"><span class='ocrx_word' id='word_1_644' title='bbox 1207 2869 1392 2920; x_wconf 83' lang='lat' dir='ltr'>simplex,</span> <span class='ocrx_word' id='word_1_645' title='bbox 1422 2868 1667 2918; x_wconf 89' lang='lat' dir='ltr'>nullumque</span> <span class='ocrx_word' id='word_1_646' title='bbox 1701 2868 1859 2907; x_wconf 87' lang='lat' dir='ltr'>habens</span> <span class='ocrx_word' id='word_1_647' title='bbox 1878 2880 2088 2907; x_wconf 89' lang='lat' dir='ltr'>annexum</span> <span class='ocrx_word' id='word_1_648' title='bbox 2112 2869 2243 2920; x_wconf 88' lang='lat' dir='ltr'>impe-</span> 
     </span>
     <span class='ocr_line' id='line_1_109' title="bbox 1206 2930 2240 2980; baseline 0 -12"><span class='ocrx_word' id='word_1_649' title='bbox 1206 2931 1437 2969; x_wconf 84' lang='lat' dir='ltr'>dimentum</span> <span class='ocrx_word' id='word_1_650' title='bbox 1455 2930 1624 2968; x_wconf 86' lang='lat' dir='ltr'>irritans</span> <span class='ocrx_word' id='word_1_651' title='bbox 1639 2930 1892 2980; x_wconf 86' lang='lat' dir='ltr'>subsequens</span> <span class='ocrx_word' id='word_1_652' title='bbox 1911 2931 2240 2972; x_wconf 85' lang='lat' dir='ltr'>matrimonium.</span> 
     </span>
    </p>

    <p class='ocr_par' dir='ltr' id='par_1_18' title="bbox 1205 2990 2242 3598">
     <span class='ocr_line' id='line_1_110' title="bbox 1258 2990 2241 3044; baseline -0.002 -13"><span class='ocrx_word' id='word_1_653' title='bbox 1258 2994 1295 3031; x_wconf 81' lang='lat'>8.</span> <span class='ocrx_word' id='word_1_654' title='bbox 1313 2991 1483 3030; x_wconf 72' lang='lat' dir='ltr'>Assertio</span> <span class='ocrx_word' id='word_1_655' title='bbox 1503 2992 1661 3029; x_wconf 73' lang='lat' dir='ltr'>omnino</span> <span class='ocrx_word' id='word_1_656' title='bbox 1688 2997 1792 3030; x_wconf 79' lang='lat' dir='ltr'>certa</span> <span class='ocrx_word' id='word_1_657' title='bbox 1823 3003 1872 3030; x_wconf 76' lang='lat' dir='ltr'>eoe</span> <span class='ocrx_word' id='word_1_658' title='bbox 1890 2990 2039 3030; x_wconf 77' lang='lat' dir='ltr'>decreto</span> <span class='ocrx_word' id='word_1_659' title='bbox 2064 2991 2241 3044; x_wconf 77' lang='lat' dir='ltr'>Pontifi-</span> 
     </span>
     <span class='ocr_line' id='line_1_111' title="bbox 1206 3050 2242 3106; baseline 0.001 -15"><span class='ocrx_word' id='word_1_660' title='bbox 1206 3053 1264 3091; x_wconf 64' lang='lat' dir='ltr'>eir&gt;</span> <span class='ocrx_word' id='word_1_661' title='bbox 1305 3052 1489 3104; x_wconf 68' lang='lat' dir='ltr'>Greyorz&#39;z‘</span> <span class='ocrx_word' id='word_1_662' title='bbox 1526 3050 1650 3091; x_wconf 87' lang='lat' dir='ltr'><em>XIII.</em></span> <span class='ocrx_word' id='word_1_663' title='bbox 1681 3074 1732 3081; x_wconf 95' lang='lat'><strong>—</strong></span> <span class='ocrx_word' id='word_1_664' title='bbox 1759 3051 1809 3092; x_wconf 90' lang='lat' dir='ltr'>Id</span> <span class='ocrx_word' id='word_1_665' title='bbox 1845 3051 2038 3092; x_wconf 66' lang='lat' dir='ltr'>decretum</span> <span class='ocrx_word' id='word_1_666' title='bbox 2072 3054 2242 3106; x_wconf 75' lang='lat' dir='ltr'>potuisse</span> 
     </span>
     <span class='ocr_line' id='line_1_112' title="bbox 1206 3114 2240 3167; baseline 0 -15"><span class='ocrx_word' id='word_1_667' title='bbox 1206 3114 1322 3153; x_wconf 74' lang='lat' dir='ltr'>condi</span> <span class='ocrx_word' id='word_1_668' title='bbox 1339 3114 1530 3166; x_wconf 75' lang='lat' dir='ltr'>probatur</span> <span class='ocrx_word' id='word_1_669' title='bbox 1549 3114 1781 3166; x_wconf 76' lang='lat' dir='ltr'>tripliciter.</span> <span class='ocrx_word' id='word_1_670' title='bbox 1806 3138 1852 3143; x_wconf 90' lang='lat'>-—</span> <span class='ocrx_word' id='word_1_671' title='bbox 1869 3114 2084 3167; x_wconf 72' lang='lat' dir='ltr'>Effuyz‘um</span> <span class='ocrx_word' id='word_1_672' title='bbox 2106 3115 2240 3154; x_wconf 73' lang='lat' dir='ltr'>excla-</span> 
     </span>
     <span class='ocr_line' id='line_1_113' title="bbox 1205 3176 2238 3228; baseline 0 -15"><span class='ocrx_word' id='word_1_673' title='bbox 1205 3177 1328 3215; x_wconf 71' lang='lat' dir='ltr'>(le&#39;tw‘.</span> <span class='ocrx_word' id='word_1_674' title='bbox 1346 3198 1398 3205; x_wconf 96' lang='lat'><strong>—</strong></span> <span class='ocrx_word' id='word_1_675' title='bbox 1413 3176 1601 3215; x_wconf 81' lang='lat' dir='ltr'>Secundo</span> <span class='ocrx_word' id='word_1_676' title='bbox 1636 3180 1795 3215; x_wconf 89' lang='lat' dir='ltr'>certum</span> <span class='ocrx_word' id='word_1_677' title='bbox 1831 3180 1917 3225; x_wconf 86' lang='lat' dir='ltr'>est,</span> <span class='ocrx_word' id='word_1_678' title='bbox 1959 3181 2052 3228; x_wconf 84' lang='lat' dir='ltr'>post</span> <span class='ocrx_word' id='word_1_679' title='bbox 2089 3177 2238 3215; x_wconf 86' lang='lat' dir='ltr'>consti-</span> 
     </span>
     <span class='ocr_line' id='line_1_114' title="bbox 1206 3238 2239 3289; baseline 0 -13"><span class='ocrx_word' id='word_1_680' title='bbox 1206 3240 1410 3277; x_wconf 65' lang='lat' dir='ltr'>tutionem</span> <span class='ocrx_word' id='word_1_681' title='bbox 1444 3239 1643 3289; x_wconf 84' lang='lat' dir='ltr'>Gregorii,</span> <span class='ocrx_word' id='word_1_682' title='bbox 1679 3238 1916 3278; x_wconf 78' lang='lat' dir='ltr'>Ascendente</span> <span class='ocrx_word' id='word_1_683' title='bbox 1940 3238 2124 3285; x_wconf 77' lang='lat' dir='ltr'>Domino,</span> <span class='ocrx_word' id='word_1_684' title='bbox 2164 3238 2239 3274; x_wconf 86' lang='lat' dir='ltr'>hoc</span> 
     </span>
     <span class='ocr_line' id='line_1_115' title="bbox 1208 3301 2237 3352; baseline -0.005 -13"><span class='ocrx_word' id='word_1_685' title='bbox 1208 3306 1363 3345; x_wconf 76' lang='lat' dir='ltr'>votum,</span> <span class='ocrx_word' id='word_1_686' title='bbox 1399 3301 1598 3352; x_wconf 87' lang='lat' dir='ltr'>quamdiu</span> <span class='ocrx_word' id='word_1_687' title='bbox 1635 3301 1771 3347; x_wconf 84' lang='lat' dir='ltr'>durat,</span> <span class='ocrx_word' id='word_1_688' title='bbox 1811 3301 1982 3340; x_wconf 85' lang='lat' dir='ltr'>reddere</span> <span class='ocrx_word' id='word_1_689' title='bbox 2019 3309 2237 3350; x_wconf 82' lang='lat' dir='ltr'>personam</span> 
     </span>
     <span class='ocr_line' id='line_1_116' title="bbox 1205 3359 2232 3401; baseline -0.003 0"><span class='ocrx_word' id='word_1_690' title='bbox 1205 3363 1432 3401; x_wconf 86' lang='lat' dir='ltr'>inhabilem</span> <span class='ocrx_word' id='word_1_691' title='bbox 1464 3362 1515 3401; x_wconf 87' lang='lat' dir='ltr'>ad</span> <span class='ocrx_word' id='word_1_692' title='bbox 1546 3363 1859 3401; x_wconf 83' lang='lat' dir='ltr'>matrimonium</span> <span class='ocrx_word' id='word_1_693' title='bbox 1892 3359 2232 3400; x_wconf 86' lang='lat' dir='ltr'>contrahendum.</span> 
     </span>
     <span class='ocr_line' id='line_1_117' title="bbox 1206 3421 2229 3476; baseline -0.005 -12"><span class='ocrx_word' id='word_1_694' title='bbox 1206 3426 1337 3474; x_wconf 83' lang='lat' dir='ltr'>Patet,</span> <span class='ocrx_word' id='word_1_695' title='bbox 1360 3426 1458 3476; x_wconf 90' lang='lat' dir='ltr'>quia</span> <span class='ocrx_word' id='word_1_696' title='bbox 1475 3425 1532 3464; x_wconf 88' lang='lat' dir='ltr'>ita</span> <span class='ocrx_word' id='word_1_697' title='bbox 1550 3437 1738 3476; x_wconf 87' lang='lat' dir='ltr'>expresse</span> <span class='ocrx_word' id='word_1_698' title='bbox 1770 3425 1812 3463; x_wconf 92' lang='lat' dir='ltr'>in</span> <span class='ocrx_word' id='word_1_699' title='bbox 1831 3424 1901 3462; x_wconf 91' lang='lat' dir='ltr'>illo</span> <span class='ocrx_word' id='word_1_700' title='bbox 1921 3421 2136 3460; x_wconf 85' lang='lat' dir='ltr'>definitum</span> <span class='ocrx_word' id='word_1_701' title='bbox 2155 3423 2229 3469; x_wconf 84' lang='lat' dir='ltr'>est;</span> 
     </span>
     <span class='ocr_line' id='line_1_118' title="bbox 1206 3482 2233 3534; baseline -0.003 -9"><span class='ocrx_word' id='word_1_702' title='bbox 1206 3499 1299 3526; x_wconf 86' lang='lat' dir='ltr'>cum</span> <span class='ocrx_word' id='word_1_703' title='bbox 1319 3487 1429 3526; x_wconf 87' lang='lat' dir='ltr'>enim</span> <span class='ocrx_word' id='word_1_704' title='bbox 1448 3487 1615 3526; x_wconf 85' lang='lat' dir='ltr'>dixisset</span> <span class='ocrx_word' id='word_1_705' title='bbox 1628 3486 1837 3525; x_wconf 88' lang='lat' dir='ltr'>neminem</span> <span class='ocrx_word' id='word_1_706' title='bbox 1855 3495 1972 3534; x_wconf 85' lang='lat' dir='ltr'>posse</span> <span class='ocrx_word' id='word_1_707' title='bbox 1991 3482 2135 3522; x_wconf 86' lang='lat' dir='ltr'>tollere</span> <span class='ocrx_word' id='word_1_708' title='bbox 2154 3482 2233 3522; x_wconf 91' lang='lat' dir='ltr'>hoc</span> 
     </span>
     <span class='ocr_line' id='line_1_119' title="bbox 1206 3543 2231 3598; baseline -0.002 -11"><span class='ocrx_word' id='word_1_709' title='bbox 1206 3552 1364 3598; x_wconf 89' lang='lat' dir='ltr'>votum,</span> <span class='ocrx_word' id='word_1_710' title='bbox 1383 3549 1463 3588; x_wconf 89' lang='lat' dir='ltr'>nisi</span> <span class='ocrx_word' id='word_1_711' title='bbox 1479 3549 1547 3588; x_wconf 89' lang='lat' dir='ltr'>vel</span> <span class='ocrx_word' id='word_1_712' title='bbox 1567 3549 1785 3589; x_wconf 90' lang='lat' dir='ltr'>Summum</span> <span class='ocrx_word' id='word_1_713' title='bbox 1804 3543 2058 3594; x_wconf 85' lang='lat' dir='ltr'>Pontificem,</span> <span class='ocrx_word' id='word_1_714' title='bbox 2072 3544 2138 3585; x_wconf 86' lang='lat' dir='ltr'>vel</span> <span class='ocrx_word' id='word_1_715' title='bbox 2154 3545 2231 3586; x_wconf 90' lang='lat' dir='ltr'>So-</span> 
     </span>
    </p>
   </div>
  </div>
 </body>
</html>
