2352 3880
71 303 250 356 rernm
277 306 494 336 commune
511 299 571 335 est
590 294 781 334 omnibus
808 293 1032 344 religiosis,
1060 306 1146 334 non

71 371 226 423 posse
238 362 372 398 autem
390 357 540 397 habere
553 356 751 408 privatam
764 356 1057 406 possessionem
1071 355 1147 396 ha-

109 433 204 463 rum
220 432 373 467 rerum,
398 419 491 458 vel
482 431 524 457 111
541 430 706 469 magna,
726 415 820 455 vel
810 429 852 455 in
871 429 997 468 parva
1016 428 1144 469 quan-

59 478 71 486 ”
111 481 242 530 titate,
269 492 362 520 cum
379 479 559 531 generali
574 477 764 517 facultate
783 478 926 516 utendi
942 478 1036 526 illis,
1055 490 1139 518 non

109 547 168 584 est
185 555 402 583 commune
419 540 631 587 omnibus;
658 538 797 578 multis
819 540 931 578 enim
962 540 1056 579 licet
1074 540 1139 580 vel

108 616 182 658 per
198 604 398 656 regulam,
416 602 481 642 vel
492 614 564 653 per
578 600 929 649 consuetudinem,
949 614 1031 640 non
1048 613 1137 653 pro-

105 665 270 707 bibente
285 664 440 715 regula,
459 662 650 714 privatim
666 662 751 700 haec
764 663 991 714 possidere;
1005 662 1045 701 id
1062 665 1133 710 est,

0 732 1 738 ’
67 761 70 763 Α
101 716 149 767 in
166 726 339 779 propriis
359 725 482 764 cellis
499 723 575 762 sub
595 724 759 776 propria
777 725 959 763 custodia
978 724 1067 763 illas
1080 727 1140 763 te-

37 786 39 788 *
100 778 215 855 here,
238 792 277 827 et
298 799 369 826 suo
391 785 561 825 a1bitrio
580 785 660 824 illis
677 786 750 833 uti,
772 798 855 825 non
872 799 920 825 ex
938 786 1136 834 dominio,

100 834 173 890 sed
193 861 242 888 ex
271 849 451 898 generali
474 848 649 887 licentia.
677 847 758 886 Alii
778 859 873 886 vero
902 859 953 886 ex
981 860 1054 886 sua
1076 859 1140 886 re-

103 911 200 963 gula
218 915 258 950 et
277 910 582 957 consuetudine,
604 910 827 948 carentiam
848 910 969 961 hujus
985 922 1083 949 usus
1098 914 1138 949 et

103 972 363 1024 possessionis
393 971 656 1023 profitentur3
692 975 732 1011 et
761 983 845 1010 non
882 976 941 1009 est
967 971 1138 1011 dubium

102 1034 205 1109 'quin
226 1035 334 1072 intra
354 1033 615 1072 latitudinem
635 1033 884 1084 paupertatis
908 1032 985 1070 hoc
1016 1033 1068 1071 sit
1088 1045 1136 1072 ex

102 1085 176 1136 suo
196 1107 344 1147 genere
366 1095 524 1141 melius,
548 1094 702 1133 caeteris
722 1094 909 1145 paribus;
931 1097 1020 1132 tum
1041 1095 1137 1145 quia

102 1158 236 1208 magis
256 1157 378 1195 distat
403 1169 427 1195 a
458 1155 700 1194 sufficientia
734 1154 987 1202 divitiarum,
1019 1160 1058 1195 et
1092 1157 1137 1196 in

104 1211 225 1258 'rebus
245 1219 420 1256 maxime
435 1215 683 1263 necessariis,
703 1216 932 1267 cujusmodi
961 1221 1057 1256 sunt
1077 1230 1136 1257 eae

106 1279 155 1320 de
169 1280 315 1332 quibus
331 1279 538 1329 loquimur
547 1288 560 1327 3
581 1280 670 1316 tum
691 1277 814 1316 etiam
841 1282 1006 1329 propter
1035 1279 1138 1318 diffi-

106 1342 274 1381 cultates
304 1340 465 1387 multas,
488 1350 579 1390 quae
609 1339 849 1391 superandae
877 1349 985 1388 sunt,
1009 1341 1042 1379 si
1072 1341 1137 1380 vel

106 1403 344 1451 necessitati,
368 1402 433 1440 vel
451 1401 652 1452 appetitui
679 1402 860 1452 corporis
882 1414 933 1441 ex
954 1403 1049 1442 solis
1076 1415 1138 1443 re-

104 1465 178 1505 bus
197 1463 496 1512 communibus,
517 1475 608 1514 quae
628 1463 703 1501 sub
719 1464 967 1514 possessione
988 1470 1027 1503 et
1047 1477 1138 1504 cus-

105 1527 214 1567 todia
233 1526 441 1576 religionis
476 1528 586 1573 sunt,
618 1525 945 1564 subveniendum
971 1527 1043 1574 sit,
1074 1527 1133 1566 id-

104 1601 183 1641 que
202 1601 361 1640 semper
383 1587 536 1639 judicio
568 1590 608 1626 et
633 1587 802 1626 arbitrio
831 1588 1074 1638 SuperioriS,
1099 1592 1139 1628 et

103 1663 187 1691 non
206 1651 370 1702 propria
390 1650 612 1696 voluntate,
631 1653 671 1687 et
692 1650 816 1700 petita
831 1661 992 1701 semper
1015 1650 1140 1689 facul-

104 1717 202 1760 tate,
225 1713 332 1764 quod
353 1725 399 1751 eo
421 1716 480 1751 est
506 1711 636 1762 magis
655 1723 890 1760 onerosum,
912 1724 992 1762 quo
1012 1716 1141 1752 mate-

104 1775 167 1815 ria
184 1779 241 1814 est
260 1772 618 1825 contemptibilior,
643 1773 855 1824 magisque
870 1773 1066 1822 humana,
1083 1778 1143 1813 at-

105 1849 184 1888 que
204 1837 303 1875 adeo
324 1836 525 1886 religiosae
550 1847 732 1886 personae
754 1835 1011 1885 pudibunda.
1036 1837 1142 1876 Tum

105 1898 283 1948 denique
303 1898 399 1948 quia
419 1897 506 1935 haec
526 1900 740 1948 paupertas
756 1896 891 1947 plures
908 1896 1042 1935 aufert
1071 1908 1144 1937 oc-

103 1959 285 1999 casiones
304 1959 366 1997 vel
386 1957 726 2009 intemperantiae,
748 1957 813 1996 vel
830 1957 1048 2008 superfluae
1071 1958 1143 1998 de·-

102 2020 344 2069 lectationis,
368 2020 432 2059 vel
465 2020 621 2059 inutilis
653 2023 724 2058 aut
756 2020 895 2058 otiosae
927 2032 1142 2059 conversa-

104 2083 239 2123 tionis.
260 2083 310 2121 Et
341 2082 393 2120 ob
421 2082 494 2120 has
514 2094 655 2121 causas
677 2081 754 2120 hoc
774 2093 904 2132 genus
924 2086 1140 2133 pauperta-

105 2144 157 2184 tis
176 2143 380 2183 consuluit
400 2143 584 2192 Basilius,
605 2143 648 2182 in
665 2143 797 2193 regul.
821 2144 914 2190 304,
940 2142 1011 2181 ubi
1032 2144 1140 2182 inter

105 2205 187 2246 alia
205 2206 283 2254 ait,
307 2218 356 2244 ex
377 2218 424 2244 eo
445 2204 551 2256 quod
571 2205 616 2243 in
642 2205 849 2243 communi
871 2204 976 2253 loco,
1003 2205 1046 2243 id
1066 2208 1140 2254 est,

108 2266 153 2306 in
168 2267 427 2313 monasterio,
449 2266 627 2317 privatas
648 2278 757 2306 escas
777 2266 839 2304 vel
862 2266 1047 2316 potiones
1071 2265 1143 2304 ali-

108 2329 179 2381 qui
199 2328 390 2376 habeant,
406 2327 507 2366 illud
525 2327 730 2378 consequi,
749 2326 858 2377 quod
878 2330 936 2364 est
949 2325 1000 2364 ab
1018 2328 1046 2364 Α
1054 2338 1146 2378 pos-

108 2389 191 2428 tolo
210 2389 525 2439 reprehensum:
550 2387 810 2436 Confundz'tis
830 2398 891 2427 eos
904 2387 974 2440 qui
985 2400 1061 2427 non
1072 2388 1143 2428 ka-

108 2450 210 2492 benc.
248 2450 360 2489 Idem
382 2448 548 2487 tradidit
582 2449 773 2487 Pachom.
779 2478 792 2497 ,
822 2448 866 2487 in
901 2460 974 2487 sua
1008 2448 1139 2499 regul.

109 2511 421 2564 quadragesima
440 2509 585 2548 tertia:
607 2510 763 2551 Nullus
791 2510 835 2549 in
861 2510 962 2550 cella
983 2521 1058 2550 sua
1084 2521 1145 2556 re„-

107 2578 230 2628 ponat
248 2574 406 2624 aliquid
421 2572 659 2612 vescendum.
681 2572 763 2610 Hoc
782 2583 879 2622 ergo
897 2583 1027 2621 genus
1046 2583 1144 2623 pau-

107 2635 275 2688 pertatis
294 2635 469 2673 Societas
489 2633 678 2684 amplexa
699 2637 774 2679 est,
805 2637 846 2672 et
868 2633 1072 2680 observat,
1103 2637 1150 2672 ut

110 2708 161 2737 ex
179 2695 471 2735 consuetudine
489 2698 659 2743 constat,
678 2698 718 2733 et
735 2706 784 2733 ex
802 2695 954 2745 regulis
971 2695 1080 2733 infra
1096 2694 1148 2734 ci-

109 2758 258 2802 tandis,
281 2769 356 2796 nec
377 2756 464 2795 sine
480 2760 650 2807 urgente
670 2756 921 2805 necessitate,
941 2760 981 2796 et
998 2767 1149 2806 magna

111 2819 388 2859 moderatione
411 2818 452 2856 in
473 2817 548 2856 hoc
569 2818 795 2870 dispensari
814 2818 948 2866 debet,
969 2818 1000 2856 si
1020 2822 1149 2860 mate-

113 2879 176 2920 ria
190 2880 359 2931 alicujus
377 2879 566 2931 ponderis
582 2892 652 2919 seu
667 2879 1002 2919 considerationis
1025 2879 1093 2918 sit.

168 2943 208 2983 3.
232 2941 411 2982 Secunda
430 2942 691 2990 observantia,
707 2942 744 2982 si
755 2943 852 2994 quid
862 2941 940 2981 tale
954 2941 1007 2981 ad
1018 2952 1148 2993 quem-

113 3003 224 3058 piam
244 3001 444 3051 mittatur,
467 3004 764 3043 convertendum
783 3002 825 3043 in
844 3014 961 3043 usum
977 3015 1149 3044 commu-

116 3072 281 3104 nem.—
295 3063 494 3111 Secundo,
517 3077 568 3103 ex
590 3064 667 3104 hac
689 3065 874 3116 sequitur
900 3064 981 3102 alia
1008 3064 1149 3104 ohser-

119 3124 258 3164 vantia
279 3125 540 3176 paupertatis,
560 3130 606 3164 ut
625 3126 659 3164 si
680 3125 892 3177 quidpiam
914 3125 1151 3176 hujusmodi

118 3182 243 3222 alicui
274 3185 459 3235 religioso
490 3198 533 3224 1n
563 3187 801 3238 partIculari
833 3186 1048 3236 mittatur,
1081 3187 1151 3226 ad-

122 3243 367 3284 mittendum
398 3258 480 3285 non
510 3247 563 3286 sit
592 3248 637 3287 in
666 3249 753 3300 ejus
789 3248 1037 3300 peculiarem
1058 3260 1150 3300 pos-

123 3306 358 3353 sessionem,
391 3306 456 3346 vel
483 3319 616 3348 usum.
646 3311 714 3349 Est
738 3311 904 3362 quidem
933 3323 1151 3350 commune

120 3366 210 3408 fere
228 3367 419 3407 omnibus
431 3367 626 3419 religiosis
638 3371 804 3423 regulis,
818 3376 864 3410 ut
877 3372 992 3421 nihil,
1011 3373 1153 3412 etiam-

124 3428 160 3469 si
177 3428 229 3468 ad
253 3427 389 3468 cibum
407 3432 447 3468 et
475 3434 614 3480 potum
631 3433 845 3482 pertineat,
864 3434 991 3485 possit
1008 3433 1061 3472 ab
1081 3433 1154 3473 ali-

123 3499 208 3557 quo
223 3489 413 3540 religioso
432 3490 556 3541 recipi
572 3489 722 3542 absque
738 3493 918 3544 licentia,
940 3507 1012 3534 seu
1031 3494 1154 3534 bene-

123 3519 323 3590 'dictioueo
323 3553 394 3601 (ut
411 3549 547 3603 aiunt)
576 3550 758 3601 Praelati3
783 3553 861 3594 hoc
891 3555 1004 3595 enim
1032 3555 1155 3607 pluri-

126 3620 243 3653 mum
264 3617 420 3665 spectat
437 3612 489 3653 ad
519 3624 639 3653 usum
658 3615 920 3666 paupertatis.
946 3616 1032 3656 Imo
1049 3617 1158 3657 Basi-

505 229 595 263 cAP.
618 228 687 262 vn.
713 227 767 260 Al>
789 226 900 267 QUEM
919 227 1031 262 USUM
1053 227 1130 262 SEU
1151 229 1404 266 nxuucl'rmm
1425 232 1720 269 murmuris.
1743 234 1834 269 E'rc.

2154 236 2207 276 ‘13

1198 295 1278 334 lius
1296 309 1420 348 supra
1438 298 1629 347 consulit,
1653 312 1744 351 quae
1759 299 1995 352 hujusmodi
2017 305 2127 352 sunt,
2147 235 2232 348 noran

1197 356 1348 408 recipi3
1372 361 1511 396 tamen
1532 359 1562 396 si
1584 362 1816 411 occupanda
1847 362 1944 411 sint,
1965 363 2126 416 inquit:
2146 365 2232 408 An·

1197 419 1324 459 tistiti
1349 418 1530 468 facultas
1548 419 1678 467 detur,
1705 425 1749 461 ut
1769 426 1925 464 statuat
1944 426 2028 476 ipse
2047 438 2071 465 a
2091 427 2232 478 quibus

1196 481 1319 528 sumi,
1344 483 1382 519 et
1398 492 1484 532 quoe
1503 484 1664 530 sumpta
1692 486 1796 529 sunt,
1825 488 2010 535 quomodo
2039 487 2232 530 distribui

1194 541 1409 581 conveniat.
1434 540 1674 580 Pachomius
1689 542 1828 590 etiam,
1849 547 1979 594 regul.
2002 547 2227 599 trigesima,

1191 601 1301 640 idem
1316 603 1373 641 ait
1383 613 1396 652 3
1419 607 1459 642 et
1473 603 1741 653 Augustinus,
1761 603 1803 641 in
1823 606 1965 654 regula
1984 609 2128 658 Prius,
2145 612 2227 651 ait:

1191 663 1335 704 Priori
1364 665 1615 713 insinuetur,
1638 668 1676 706 et
1705 664 1764 704 sic
1784 666 2053 717 suscipiatur,
2089 672 2127 710 si
2145 672 2231 723 ipse

1195 727 1460 773 mandaverit,
1482 727 1526 766 de
1543 738 1616 778 quo
1635 729 1765 767 tamen
1783 726 1888 765 nihil
1907 727 1984 775 fiac
2001 730 2126 779 aliud,
2148 734 2230 773 nisi

1193 788 1296 837 quod
1311 786 1453 826 Priori
1472 787 1685 839 placuerit.
1705 787 1755 825 Et
1773 787 1814 826 S.
1834 787 2074 828 Benedictus
2095 793 2137 830 in
2157 805 2230 833 sua

1191 847 1351 898 regula,
1375 861 1463 900 cap.
1495 848 1836 900 quinquagesimo
1857 854 2017 900 quart0,
2042 852 2231 902 prohibet

1193 921 1245 947 ne
1263 909 1478 958 religiosus
1494 909 1640 949 habeat
1655 909 1891 949 facultatem
1911 911 2131 962 recipiendi
2146 913 2231 954 haec

1193 982 1379 1014 munera,
1393 971 1517 1009 etiam
1533 983 1556 1009 a
1573 972 1736 1023 proprio
1753 976 1936 1022 parente,
1958 973 2045 1011 sine
2067 972 2233 1015 licentia

1193 1036 1232 1071 et
1252 1044 1450 1071 consensu
1476 1033 1660 1081 Abbatis,
1680 1034 1751 1085 qui
1771 1034 1804 1072 si
1825 1046 1914 1072 eam
1936 1034 2105 1083 dederit,
2123 1040 2232 1088 pote-

1191 1094 1252 1134 rit
1272 1094 1434 1144 (inquit)
1453 1099 1590 1145 postea
1617 1106 1692 1147 pro
1718 1107 1787 1135 suo
1816 1094 1987 1135 arbitrio
2010 1097 2054 1136 de
2087 1099 2162 1137 tali
2189 1088 2234 1140 re

1193 1157 1411 1206 disponere,
1438 1156 1672 1206 significans
1693 1169 1776 1195 non
1803 1161 1989 1207 oportere
2022 1157 2231 1198 licentiam

1192 1217 1305 1267 dare,
1330 1222 1377 1257 ut
1404 1218 1615 1269 religiosus
1642 1218 1878 1269 hujusmodi
1902 1219 2055 1258 donum
2079 1220 2156 1258 sibi
2188 1221 2234 1260 in

1192 1280 1427 1331 particulari
1456 1283 1638 1331 usurpet.
1673 1279 1790 1330 Quod
1818 1279 2076 1320 confirmavit
2112 1283 2234 1321 Inno-

1193 1342 1350 1380 centius
1374 1342 1439 1388 ΙΙΙ,
1468 1342 1513 1380 in
1538 1354 1626 1393 cap.
1659 1341 1759 1382 Cum
1780 1342 1834 1380 ad
1859 1344 2160 1391 monasterium,
2184 1343 2238 1394 de

1193 1403 1309 1441 Statu
1327 1403 1537 1452 Monach„
1573 1403 1737 1442 dicens:
1776 1401 1830 1443 Si·
1862 1404 2077 1455 quidquam
2111 1404 2236 1445 alicui

1192 1465 1321 1513 fuerit
1341 1465 1567 1515 specialiter
1578 1466 1836 1512 destinatum,
1857 1477 1932 1503 nou
1945 1470 2166 1517 proesumat
2183 1465 2237 1506 il-

1193 1526 1267 1568 lud
1291 1529 1480 1577 accipere,
1504 1528 1572 1567 sed
1599 1527 1756 1574 Abbati,
1785 1527 1846 1566 vel
1866 1528 2032 1575 Priori,
2062 1529 2122 1568 cel
2154 1528 2238 1569 Cel-

1194 1588 1298 1628 Zario
1323 1590 1564 1642 assiquetur.
1592 1590 1641 1627 Et
1662 1589 1701 1628 S.
1733 1587 2021 1636 Pachomius,
2011 1601 2055 1627 111
2083 1602 2154 1628 sua
2174 1596 2239 1637 re-·]

1194 1650 1292 1700 gula
1322 1651 1552 1701 trigesima:
1592 1650 1645 1691 Si
1666 1650 1755 1702 quis
1780 1650 1942 1701 (inquit)
1970 1653 2059 1690 ante
2092 1644 2240 1692 ostium*

1194 1713 1348 1752 steterit
1375 1712 1630 1760 monasterii,
1663 1712 1793 1751 dicens
1813 1723 1852 1751 se
1878 1713 1974 1752 celle
2002 1712 2128 1752 videre
2149 1693 2240 1760 fra-

1198 1777 1312 1822 trem,
1342 1776 1378 1813 et
1405 1777 1506 1819 forte
1526 1772 1682 1825 alequid
1708 1773 1889 1813 attulerit
1908 1774 2079 1813 ciborum
2099 1774 2242 1826 quibus

1197 1835 1241 1876 in
1264 1836 1506 1875 monasterio
1535 1835 1637 1874 vesci
1659 1834 1818 1874 licitum
1848 1838 1920 1882 est,
1934 1836 2132 1887 suscipere
2155 1836 2241 1886 ipse

1196 1907 1274 1936 non
1291 1898 1452 1946 poterit,
1482 1896 1551 1935 sed
1569 1897 1709 1935 cuncta
1730 1895 1783 1934 ad
1806 1894 1938 1934 locum
1958 1897 2242 1974 oeqrocantium

1197 1958 1433 2007 deserentur.
1462 1957 1576 1995 Hanc
1605 1967 1703 2006 ergo
1725 1955 2003 1995 conditionem
2024 1967 2063 1996 et
2089 1947 2242 2009 perfec-

1194 2020 1351 2059 tionem
1382 2019 1633 2071 paupertatis
1668 2018 1844 2058 Societas
1875 2019 2063 2070 amplexa
2094 2024 2168 2068 est,
2201 2023 2241 2060 et

1194 2082 1287 2121 ideo
1309 2082 1353 2120 in
1371 2081 1513 2131 regula
1533 2082 1586 2120 60
1605 2080 1785 2120 Rectoris
1800 2080 1856 2118 sic
1876 2080 2077 2121 habetur:
2104 2081 2157 2122 Si
2178 2081 2242 2123 cui

1190 2143 1443 2194 particulari
1463 2142 1667 2194 quidpiam
1688 2141 1734 2181 ab
1764 2145 1920 2181 externo
1952 2142 2084 2194 aliquo
2104 2143 2241 2183 mitta-

1198 2208 1281 2252 tur,
1309 2206 1355 2245 id
1372 2206 1415 2244 in
1436 2216 1672 2244 communem
1692 2215 1808 2243 usum
1835 2204 2061 2254 accipiatur
2090 2216 2135 2243 ac
2160 2204 2241 2244 dis-

1194 2269 1397 2317 pensetur.
1421 2267 1470 2304 Et
1501 2266 1545 2303 in
1567 2264 1645 2303 hoc
1662 2276 1783 2303 sensu
1804 2264 1970 2312 dicitur,
1992 2268 2106 2303 sexta
2126 2268 2241 2316 parte

1198 2328 1562 2374 Constitutionum,
1586 2338 1621 2365 c.
1644 2327 1684 2374 2,
1707 2325 1731 2377 ξ
1762 2327 1806 2365 11
1827 2339 1837 2366 :
1865 2326 2034 2379 Quisque
2054 2328 2124 2371 iis,
2155 2338 2241 2379 quoe

1197 2388 1243 2428 de
1263 2389 1457 2428 communi
1477 2388 1574 2427 data
1593 2388 1749 2436 fuerint
1769 2387 1823 2427 ad
1838 2399 1952 2427 usum
1973 2400 2090 2427 suum
2115 2399 2242 2429 neces-

1200 2450 1370 2496 sarium,
1401 2453 1472 2489 aut
1493 2449 1792 2497 convenientem,
1811 2448 1998 2491 resecatis
2020 2449 2240 2501 superfluis

1200 2510 1254 2550 sit
1272 2514 1489 2551 contentus.

1255 2572 1296 2610 4.
1318 2572 1458 2611 Tertia
1473 2571 1737 2622 observantia,
1748 2582 1825 2612 non
1838 2571 2009 2612 habere
1993 2584 2036 2613 m
2053 2573 2152 2614 cella
2163 2572 2242 2614 ali-

1204 2632 1303 2684 quid
1317 2634 1370 2672 ad
1381 2633 1567 2672 vestitum
1583 2632 1800 2684 percinens.
1806 2634 2011 2682 —Terti0,
2036 2635 2132 2685 quia
2151 2612 2243 2685 post!

1203 2694 1358 2733 victum
1386 2695 1555 2732 vestitus
1585 2693 1748 2733 videtur
1777 2706 1863 2734 esse
1892 2694 2077 2745 proxime
2103 2676 2243 2735 neces-¹

1204 2756 1336 2795 sarius
1359 2755 1411 2794 ad
1429 2755 1521 2794 vitae
1544 2755 1899 2804 sustentationem,
1922 2756 2012 2795 ideo
2039 2757 2146 2796 circa
2163 2757 2242 2798 hoc

1203 2818 1329 2857 etiam
1350 2817 1495 2855 similis
1517 2816 1776 2856 observantia
1802 2818 2053 2869 paupertatis
2078 2808 2243 2858 servan-¹

1203 2877 1256 2918 da
1275 2882 1349 2926 est,
1368 2883 1414 2917 ut
1436 2882 1586 2930 praeter
1607 2890 1668 2928 ea,
1691 2891 1782 2930 quae
1804 2879 1856 2918 ad
1882 2879 2083 2918 actualem
2100 2891 2242 2932 eorpo-

1202 2940 1258 2979 ris
1278 2951 1398 2978 usum
1419 2940 1646 2979 necessaria
1664 2943 1773 2985 sunt,
1795 2939 1900 2978 nihil
1928 2940 2041 2979 aliud
2068 2943 2217 2992 quisqu

1202 3001 1313 3054 apud
1330 3013 1371 3040 se
1397 3001 1562 3049 habeat,
1585 3000 1653 3040 sed
1676 3001 1816 3039 omnia
1832 3002 1875 3039 in
1896 3002 2105 3040 communi
2123 2916 2244 3092 repq

1204 3064 1282 3102 sita
1305 3063 1401 3111 siut,
1423 3063 1528 3101 sicut
1545 3061 1720 3101 habetur
1741 3063 1785 3101 in
1805 3074 1891 3113 reg.
1916 3064 1940 3102 5
1961 3064 2137 3102 custodis
2156 3075 2225 3103 ves

1204 3125 1325 3173 tium,
1339 3127 1378 3163 et
1400 3124 1443 3162 in
1462 3125 1650 3163 Instruct.
1667 3124 1706 3173 1,
1721 3135 1773 3163 ex
1787 3123 2007 3175 impressis,
2024 3137 2133 3163 anuo
2146 3096 2244 3173 606]

1205 3199 1248 3227 n.
1269 3187 1312 3234 5,
1345 3189 1386 3225 et
1419 3186 1463 3224 in
1492 3185 1676 3224 Ordinat.
1706 3186 1946 3234 contractis,
1977 3198 2067 3237 cap.
2094 3188 2133 3234 1,
2166 3185 2244 3224 nti-¹

1204 3259 1318 3288 mero
1346 3247 1504 3286 decimo
1524 3247 1693 3298 quinto,
1719 3250 1761 3286 et
1786 3258 1874 3298 cap.
1896 3251 2058 3298 quarto,
2080 3251 2125 3284 ut
2147 3244 2242 3284 inde

1206 3309 1465 3360 singulorum
1485 3307 1795 3348 necessitatibus
1821 3307 2102 3347 subveniatur.
2126 3303 2243 3352 Quod

1206 3371 1286 3410 fuit
1307 3371 1523 3409 consilium
1544 3371 1589 3409 Β.
1612 3369 1765 3419 Basilii,
1785 3381 1906 3408 serm.
1930 3371 1949 3408 1
1974 3368 2023 3406 de
2047 3363 2243 3405 Institutis

1206 3432 1415 3481 Monach„
1437 3433 1546 3471 circa
1564 3430 1691 3471 finem
1709 3441 1720 3470 :
1738 3430 1774 3471 A
1777 3431 1939 3484 pockeca
1956 3426 2120 3478 (inquit)
2139 3437 2244 3467 com-

1207 3495 1342 3536 munis
1371 3495 1547 3534 omnium
1585 3494 1655 3542 sit,
1672 3504 1793 3545 neque
1820 3487 2030 3542 proprium
2067 3485 2244 3539 alicuju!

1209 3556 1425 3609 quidquam
1452 3555 1700 3601 nominetur,
1730 3563 1807 3591 non
1833 3547 2137 3597 vestimentum,
2164 3557 2245 3589 non

1211 3618 1530 3665 calceamentum,
1551 3626 1630 3655 non
1654 3612 1816 3663 denique
1833 3609 1948 3650 aliud
1962 3607 2166 3662 quidpiam
2184 3619 2246 3651 eo-
