2352 3880
1025 198 1154 235 INDEX
1173 200 1326 237 RERUM.

123 266 396 306 Probandorum
417 265 588 308 obligatio
609 268 743 309 quanta
762 267 803 302 tit
817 268 864 304 ad
887 264 1072 303 veritatem
1093 262 1156 296 in-

164 316 358 359 terroganti
382 315 624 358 aperiendam.
639 316 681 350 Et
700 325 747 351 an
767 318 988 362 decipientes
1001 313 1158 359 graviter

161 366 460 407 examinatorem,
483 364 642 399 invalide
664 365 702 399 in
725 367 940 410 religionem
961 362 1156 402 admittan-

164 419 236 458 tur,
259 417 308 451 ib.

122 463 291 504 troliano
303 464 420 508 prima
434 465 474 498 in
486 464 672 507 societate,
685 474 853 509 quaenam
865 468 931 508 sit3
946 474 1055 511 quam
1065 471 1156 500 eon-

164 516 333 557 venien,s
350 518 386 549 et
413 513 612 549 conformis
626 515 716 557 juri,
738 519 774 550 et
790 517 948 561 antiquae
969 514 1158 559 religioso-

164 573 247 601 rum
270 564 536 604 consuetudini,
560 564 610 598 ib.

163 613 341 657 Tempore
359 614 486 657 primae
505 613 729 656 probationis
747 615 836 658 quid
848 619 1016 659 praestare
1032 613 1160 651 debeat

166 665 328 700 novitius
348 664 543 705 Societatis,
568 663 619 698 ib.

122 711 264 750 Tertius
288 713 513 748 Probationis
531 721 650 748 annus
680 717 764 749 ante
798 715 1059 759 professionem
1086 719 1159 757 quo

167 771 301 807 praeser
316 763 389 796 fine
405 763 567 807 exigatur
583 763 622 797 in
638 763 825 808 societate,
849 765 874 800 l.
889 769 922 808 6,
935 773 966 801 c.
983 767 1016 800 Ξ.

163 813 242 848 Non
262 821 338 848 esse
353 812 460 847 talem
474 813 724 856 probationem
737 815 891 851 omnino
918 814 1159 851 necessariam

165 862 214 898 ad
235 864 394 897 valorem
413 863 659 906 professionis,
675 864 728 900 ib.

166 911 260 953 Quid
287 913 381 947 circa
407 913 515 955 nujus
535 913 759 950 probationis
773 923 912 952 annum
927 917 1074 959 agentes
1092 913 1160 949 ob·-

165 962 386 998 servandum
406 963 463 1004 sit,
479 963 529 998 ib.

448 1046 627 1076 sanemus
640 1045 834 1077 tunicum.

125 1111 216 1149 Vide
232 1111 434 1156 Inquisitio.

414 1196 604 1232 neomuto,
626 1191 664 1226 et
681 1197 872 1227 onerastis.

125 1258 366 1295 Professionis
386 1260 537 1296 nomine
551 1260 640 1305 quid
658 1261 782 1297 veniat
802 1261 946 1304 injure,
959 1263 1004 1295 tr.
1019 1258 1113 1304 10,l.
1127 1263 1161 1305 s,

169 1318 200 1345 c.
223 1314 255 1344 5.

125 1359 306 1396 Professio
329 1360 502 1395 solemnis
523 1361 718 1404 quotuplex
751 1359 812 1394 ilat
844 1360 883 1394 in
913 1361 1105 1402 Societate3
1127 1363 1163 1395 et

167 1411 255 1454 quid
274 1418 502 1452 unaquaeque
520 1410 724 1453 specialiter
746 1410 926 1452 importet,
948 1410 973 1443 l.
989 1413 1020 1451 6,
1035 1418 1066 1444 c.
1089 1412 1119 1443 8.

165 1461 222 1496 An
244 1461 502 1494 convenienter
524 1459 710 1494 differatur
728 1467 794 1502 per
814 1460 965 1503 longum
989 1462 1026 1495 et
1055 1459 1164 1495 inde-

166 1509 400 1544 terminatum
419 1512 573 1552 tempus,
590 1517 611 1543 c
647 1513 680 1543 1.

124 1558 178 1596 ad
204 1559 468 1602 professionem
500 1561 655 1601 quatuor
679 1561 846 1593 votorum
872 1558 1090 1593 solemnium
1123 1556 1164 1592 in

166 1608 338 1643 societate
362 1616 442 1650 quae
466 1608 660 1651 antiquitas
677 1608 866 1652 religionis
878 1609 962 1652 jure
979 1607 1164 1644 ordinario

166 1659 384 1700 requiratur,
401 1659 450 1692 ib.

127 1706 214 1750 Quae
240 1708 349 1741 etiam
364 1708 410 1743 ad
431 1707 691 1751 professionem
709 1708 910 1745 solemnem
926 1709 1037 1744 trium
1061 1710 1163 1746 voto·

168 1766 262 1797 rum,
286 1757 335 1790 ib.

166 1806 287 1841 Emitti
318 1809 432 1849 potest
458 1806 633 1849 professio
655 1811 810 1849 quatuor
830 1811 995 1844 votorum
1017 1815 1061 1843 ex
1086 1806 1165 1844 dis·

168 1857 379 1900 pensatione
401 1857 520 1890 statim
545 1861 623 1899 post
645 1858 852 1900 biennium,
879 1859 952 1894 imo
965 1860 1072 1894 etiam
1085 1861 1165 1903 post

165 1907 284 1941 solum
305 1906 461 1948 primum
479 1915 616 1939 annum
636 1907 842 1949 novitiatus,
863 1908 913 1942 ib.

165 1954 251 1995 Quae
284 1955 362 1989 aliae
391 1955 618 1989 conditiones
643 1957 724 1997 jure
747 1957 944 1999 ordinario,
964 1961 999 1992 et
1024 1957 1164 1992 seclusa

165 2004 435 2047 dispensatione
464 2005 694 2047 requirantur
716 2005 754 2039 in
780 2014 933 2048 persona
955 2007 1002 2041 ad
1023 2007 1164 2050 profes·

167 2054 308 2089 sionem
331 2056 487 2096 quatuor
504 2057 669 2088 votorum
691 2055 927 2097 admittenda,
947 2056 996 2090 ib.

125 2103 182 2140 An
197 2107 232 2137 et
247 2112 355 2146 quam
371 2103 631 2145 professionem
648 2105 808 2139 emittere
821 2106 976 2140 debeant
988 2106 1026 2140 in
1040 2105 1163 2142 socie-

168 2155 251 2192 tate,
267 2153 329 2194 qui
347 2153 482 2186 habent
502 2153 702 2195 Majoratus,
719 2154 769 2188 ib.

125 2201 365 2238 Professionis
379 2206 532 2244 quatuor
546 2206 711 2237 votorum
727 2204 956 2244 solemnium,
973 2213 1054 2247 quae
1068 2204 1108 2239 fit
1123 2205 1163 2239 in

166 2252 358 2295 societate,
370 2252 487 2286 forma
495 2251 740 2287 substantialis
751 2261 846 2297 quae,
860 2257 895 2288 et
908 2255 1090 2297 quomodo
1103 2255 1164 2290 in-

167 2302 377 2344 telligenda,
393 2308 425 2335 c.
442 2304 474 2335 ⁵.

167 2351 209 2387 In
226 2353 328 2394 cujus
352 2351 522 2385 manibus
543 2350 707 2386 facienda
721 2352 768 2386 sit
792 2352 874 2387 talis
897 2352 1098 2396 professio?
1122 2353 1165 2389 Et

168 2402 250 2444 quis
273 2401 402 2434 habeat
423 2403 630 2442 potestatem
651 2402 875 2445 acceptandi,
890 2406 927 2437 et
947 2402 1163 2439 admittendi

168 2451 344 2492 anillam,
363 2451 443 2493 iure
461 2451 661 2493 ordinario,
676 2451 728 2488 ib.

168 2499 255 2540 Quis
272 2501 353 2542 jure
375 2500 548 2543 delegato,
563 2500 614 2535 ib.

125 2549 390 2586 Professionem
405 2554 557 2594 quatuor
574 2554 739 2587 votorum
754 2552 792 2585 in
811 2552 982 2588 societate
1006 2560 1088 2596 quae
1102 2560 1163 2590 so-

168 2601 376 2635 lemnitates
396 2600 635 2635 accidentales
648 2602 866 2637 comitentur
880 2605 916 2637 et
936 2609 1164 2646 consequan-

165 2652 239 2690 tur,
263 2650 312 2684 ib.

125 2698 279 2737 Professi
303 2698 488 2734 societatis
507 2703 588 2742 post
607 2699 806 2735 solemnem
820 2701 1079 2744 professionem
1092 2701 1164 2736 alia

168 2749 335 2792 quaedam
348 2752 431 2784 vota
442 2749 622 2792 simplicia
634 2750 810 2792 emittunt,
825 2754 861 2786 et
877 2760 925 2786 an
938 2752 1163 2810 convenien-

167 2801 235 2840 ter,
251 2798 300 2831 ib.

168 2846 247 2881 Non
271 2849 386 2889 potest
407 2853 428 2881 a
442 2845 603 2890 generali
620 2847 822 2892 dispensari
841 2857 924 2885 cum
946 2850 1030 2893 illis,
1054 2858 1104 2885 ne
1119 2858 1165 2887 ea

169 2895 347 2935 emittant,
369 2899 414 2930 tr.
435 2899 467 2939 8,
486 2897 511 2931 l.
531 2899 565 2940 Ξ,
588 2905 620 2932 c.
638 2900 690 2931 12.

168 2944 270 2979 'l'alia
291 2945 375 2978 item
388 2948 470 2980 vota
485 2954 604 2989 neque
626 2947 849 2991 dispensari,
878 2956 998 2992 neque
1027 2949 1163 2985 irritari

170 2998 344 3038 possunt,
364 2997 437 3028 tam
466 2996 586 3037 quoad
616 2997 874 3041 substantiam,
906 3008 1015 3043 quam
1039 3000 1162 3044 quoad

170 3052 289 3086 usum,
306 3052 370 3086 per
383 3045 586 3086 superiores
603 3045 801 3088 Societatis,
818 3048 867 3082 ib.

122 3092 279 3130 Professi
303 3093 488 3128 societatis
522 3094 615 3129 inter
641 3095 713 3129 alia
750 3100 831 3130 vota
858 3097 1049 3142 simplicia,
1077 3107 1160 3143 quae

166 3147 246 3187 post
259 3143 456 3177 solemnem
467 3151 569 3178 suam
579 3144 840 3187 professionem
851 3148 1030 3191 emittunt,
1043 3158 1159 3185 unum

167 3196 232 3234 est,
263 3193 293 3227 si
321 3193 500 3236 eligantur
521 3194 559 3228 in
582 3195 785 3239 Episcopos
807 3198 992 3233 audituros
1013 3208 1050 3233 se
1081 3209 1159 3235 esse

166 3243 320 3278 consilia
341 3244 524 3286 Praepositi
544 3246 723 3287 generalis
743 3247 948 3289 Societatis3
963 3257 1076 3292 eaque
1099 3259 1160 3286 se-

166 3296 337 3335 cuturos,
369 3294 399 3328 si
428 3294 578 3329 meliora
608 3296 861 3338 iudicaverint.
894 3299 935 3334 Et
964 3307 1037 3343 quo
1057 3303 1161 3345 pacto

167 3342 239 3378 hoc
251 3346 375 3378 votum
396 3343 627 3387 intelligatur,
644 3349 685 3380 tr.
708 3350 760 3388 10,
779 3347 802 3381 l.
823 3351 855 3389 6,
876 3355 908 3381 c.
923 3351 959 3382 9.

166 3391 252 3433 Quae
271 3393 442 3427 utilitates
464 3402 505 3427 ex
525 3394 594 3429 hoc
608 3399 690 3430 voto
711 3400 920 3440 sequantur,
939 3396 990 3433 ib.

167 3442 210 3477 In
232 3451 304 3484 qua
317 3443 466 3477 materia
484 3443 631 3487 obliget,
655 3445 705 3479 ib.

164 3489 204 3526 Si
222 3491 403 3534 professus
424 3496 676 3535 promoveatur
693 3494 740 3530 ad
761 3494 1020 3539 pontificatum,
1042 3504 1090 3534 an
1103 3499 1158 3534 te-

168 3545 298 3576 neatur
314 3542 382 3577 boc
399 3545 495 3585 voto,
519 3543 570 3578 ib.

167 3588 263 3630 Quid
273 3591 304 3626 si
319 3592 367 3627 ad
379 3592 659 3638 cardinalatum,
674 3595 726 3630 ib.

2139 201 2246 244 1¹97

1207 263 1361 299 Professi
1378 263 1565 299 societatis
1582 264 1756 308 peculiari
1772 265 1880 300 etiam
1897 269 1980 302 voto
1995 266 2246 309 astringuntur

1252 314 1298 348 ad
1317 322 1391 348 non
1413 315 1678 357 procurandam
1701 316 1912 358 dignitatem
1940 317 2048 359 intra,
2069 317 2127 352 vel
2149 321 2247 353 extra

1249 363 1486 398 Societatem:
1520 366 1715 408 quomodo,
1751 369 1788 401 et
1820 371 1996 409 quantum
2031 368 2098 401 hoc
2123 371 2247 404 votum

1250 413 1404 456 obliget:
1435 417 1471 449 et
1494 419 1622 449 caetera
1639 415 1687 450 ad
1708 415 1800 450 illud
1823 417 2054 459 pertinentia.
2070 416 2159 452 Vide
2183 417 2248 452 ni·

1249 463 1381 506 gnitas.

1206 507 1362 546 Professi
1385 512 1572 548 societatis
1593 514 1763 549 emittunt
1784 515 1878 550 inter
1894 516 1966 550 alia
1985 519 2108 550 votum
2126 516 2248 550 mani-

1250 561 1405 595 festandi
1427 562 1606 605 Societati,
1621 565 1678 598 vel
1697 565 1776 607 eius
1794 565 1956 600 Generali
1972 567 2135 600 subditos
2148 567 2249 602 illius

1251 616 1488 654 procurantes
1508 613 1721 655 dignitatem
1740 614 1913 657 aliquam,
1930 623 1961 650 c.
1986 619 2038 649 1ο.

1251 661 1326 696 Hoc
1347 664 1470 695 votum
1495 661 1707 704 intelligitur
1723 667 1794 697 tam
1817 665 1862 698 de
1890 665 2170 707 procurantibus
2190 665 2250 701 di-

1252 711 1426 755 gnitatem
1442 712 1535 746 intra
1551 712 1774 754 Societatem,
1790 724 1899 757 quam
1916 719 2014 750 extra
2031 716 2143 758 illam,
2158 716 2206 750 ib.

1252 762 1336 796 Esse
1359 763 1427 795 hoc
1448 765 1571 796 votum
1594 762 1695 803 utile,
1717 766 1752 796 et
1773 764 1975 798 honestum.
1994 764 2044 798 ih.

1252 812 1331 847 Non
1353 812 1559 854 obligantur
1583 812 1734 855 professi
1757 821 1799 847 ex
1819 814 1855 846 vi
1877 816 1984 856 hujus
2002 815 2075 849 voti
2103 816 2251 851 denun-

1255 862 1351 896 ciare
1369 863 1438 896 nisi
1457 866 1599 897 tantum
1613 863 1701 897 alios
1717 863 1902 897 societatis
1924 864 2103 906 professos
2127 866 2252 909 digni-

1255 915 1364 946 tatem
1388 916 1636 955 procurantes,
1662 913 1711 947 ib.
2288 952 2290 955 .

1254 963 1333 999 Non
1354 963 1559 1005 obligantur
1574 963 1680 998 etiam
1705 963 1751 997 ad
1775 963 1979 998 faciendam
2001 964 2254 1000 denunciatio-

1258 1019 1342 1047 nem
1374 1013 1605 1055 judicialem,
1626 1015 1688 1048 aut
1709 1015 1896 1055 paternam
1920 1013 2167 1055 determinate,
2189 1015 2255 1051 sed

1256 1064 1396 1096 tantum
1411 1063 1560 1096 alteram
1579 1071 1623 1097 ex
1636 1062 1721 1104 illis,
1736 1071 1845 1104 quam
1868 1062 1965 1096 licite
1988 1064 2184 1107 potuerint,
2196 1064 2256 1100 vel

1258 1111 1466 1152 maluerint,
1484 1111 1534 1145 ib.

1256 1160 1342 1202 Quae
1366 1162 1492 1196 notitia
1510 1161 1631 1196 delicti
1657 1161 1874 1205 requiratur,
1893 1164 1934 1196 ut
1954 1163 2138 1204 professus
2153 1171 2199 1198 ex
2216 1163 2256 1201 vi

1256 1211 1366 1253 hujus
1379 1211 1452 1246 voti
1467 1214 1632 1246 teneatur
1648 1211 1696 1246 ad
1717 1211 1850 1248 dictam
1868 1210 2190 1248 denunciationem
2203 1213 2258 1250 fa-

1256 1261 1437 1302 ciendam,
1462 1260 1512 1295 ih.

1256 1313 1311 1346 An
1334 1314 1498 1345 teneatur
1522 1318 1565 1344 ex
1595 1310 1631 1346 vi
1659 1310 1747 1346 dicti
1769 1312 1842 1347 voti
1863 1310 2086 1346 denunciare
2116 1313 2257 1350 crimen

1257 1362 1479 1403 praeteritum
1498 1360 1605 1394 etiam
1621 1361 1695 1403 jam
1710 1362 1860 1395 omnino
1881 1363 2124 1404 emendatum,
2143 1362 2191 1396 ib.

1257 1411 1407 1451 Quando
1430 1415 1616 1444 censeatur
1631 1412 1769 1445 crimen
1786 1412 2030 1453 emendatum,
2057 1413 2106 1446 ib.

1257 1462 1311 1496 An
1332 1462 1401 1495 hoc
1421 1464 1544 1496 votum
1559 1460 1705 1503 obliget,
1722 1461 1869 1503 quando
1888 1460 2060 1495 delictum
2076 1461 2259 1497 occultum

1257 1514 1323 1551 est,
1337 1510 1384 1544 ib.

1259 1560 1410 1600 Quando
1429 1560 1666 1594 denunciatio
1683 1559 1851 1594 facienda
1872 1562 1938 1601 est,
1958 1569 2004 1594 an
2028 1561 2157 1595 debeat
2170 1567 2258 1604 pro-

1275 1618 1375 1643 essus
1390 1610 1606 1652 praemittere
1624 1615 1794 1643 secretam
1810 1610 2062 1650 monitionem,
2083 1611 2130 1644 ib.

1258 1660 1313 1695 An
1327 1660 1531 1693 monitione
1549 1659 1734 1701 praemissa
1746 1659 1866 1693 adhuc
1876 1658 2043 1692 facienda
2057 1660 2103 1692 sit
2117 1660 2259 1695 denun-

1260 1709 1380 1751 ciatio,
1399 1709 1447 1743 ib.

1227 1758 1295 1794 ion
1317 1762 1487 1793 tenentur
1517 1757 1669 1801 professi
1693 1757 1890 1800 Societatis,
1919 1758 1993 1792 imo
2013 1767 2081 1792 nee
2108 1760 2259 1802 possunt

1259 1808 1482 1844 denunciare
1506 1809 1742 1842 ambitionem
1760 1815 1897 1847 eorum,
1922 1807 1984 1849 qui
2007 1816 2086 1841 eam
2108 1809 2174 1842 sub
2197 1816 2258 1842 se-

1259 1863 1368 1901 creto,
1377 1863 1412 1893 et
1424 1859 1538 1902 gratia
1554 1863 1693 1893 tantum
1709 1858 1854 1893 consilii
1871 1857 2037 1893 salutaris
2050 1857 2257 1902 postulandi

1259 1911 1333 1945 illis
1351 1911 1642 1951 manifestarunt,
1660 1910 1708 1944 ib.

1217 1960 1370 1996 Professi
1394 1961 1503 1994 trium
1523 1964 1661 1994 tantum
1681 1962 1846 1994 votorum
1860 1959 2121 1995 convenienter
2138 1960 2175 1993 in
2190 1960 2259 1996 So-

1260 2010 1386 2045 cietate
1400 2010 1639 2043 admittuntur
1656 2021 1663 2050 3
1679 2013 1714 2042 et
1731 2017 1795 2043 cur
1808 2012 1975 2051 quartum
1989 2011 2111 2043 votum
2124 2010 2258 2044 solem·

1258 2067 1306 2093 ne
1325 2059 1543 2093 obedientiae
1562 2059 1608 2092 ad
1628 2059 1815 2092 Summum
1832 2057 2040 2092 Pontificem
2057 2067 2131 2094 non
2148 2059 2257 2093 emit-

1257 2111 1345 2146 tant,
1371 2108 1396 2141 l.
1421 2112 1452 2148 7,
1476 2115 1507 2140 c.
1532 2110 1564 2140 1.

1257 2158 1330 2192 Gur
1343 2160 1425 2191 vota
1442 2158 1570 2190 horum
1589 2154 1831 2197 professorum
1845 2154 1918 2188 sint
1930 2155 2119 2196 solemnia,
2134 2159 2168 2190 et
2180 2165 2255 2191 non

1258 2207 1440 2250 simplicia
1474 2206 1568 2241 sicut
1594 2205 1749 2240 aliorum
1783 2206 2052 2249 coadjutorium
2083 2207 2256 2249 spiritua-

1258 2257 1362 2298 lium,
1386 2257 1438 2290 ib.

1259 2308 1395 2342 Gradus
1415 2307 1544 2340 horum
1565 2305 1808 2348 professorum
1833 2311 1908 2339 non
1932 2308 1985 2340 est
1999 2313 2062 2347 per
2079 2313 2116 2340 se
2133 2305 2255 2341 inten-

1257 2359 1316 2391 tus
1336 2357 1374 2390 in
1397 2356 1585 2395 societate,
1598 2355 1663 2389 sed
1679 2357 1824 2397 propter
1838 2354 1977 2397 aliquas
1991 2355 2161 2396 speciales
2172 2352 2259 2390 caud

1258 2414 1317 2440 sas
1332 2406 1524 2445 admissus,
1542 2406 1590 2438 ib.

1256 2454 1358 2496 Quod
1380 2456 1425 2489 de
1452 2463 1490 2489 se
1521 2454 1706 2496 specimen
1729 2453 1890 2496 praebere
1915 2452 2087 2492 debeant,
2116 2453 2179 2496 qui
2207 2453 2255 2491 ad

1257 2504 1352 2539 hane
1385 2504 1648 2546 professionem
1679 2503 1789 2537 trium
1825 2507 1991 2538 votorum
2015 2504 2260 2545 promovendi?

1256 2559 1353 2595 sunt,
1371 2554 1420 2588 ib.

1219 2602 1368 2639 Professi
1386 2604 1496 2638 trium
1518 2605 1684 2638 votorum
1706 2601 1744 2636 in
1763 2600 1938 2635 societate
1955 2602 2002 2636 ad
2024 2609 2105 2644 quae
2127 2600 2254 2637 minis-

1256 2654 1347 2688 teria
1362 2654 1610 2694 admittantur,
1630 2654 1702 2686 eta
1722 2651 1857 2694 quibus
1874 2652 2120 2693 excludantur,
2139 2651 2189 2685 ib.

1217 2703 1367 2739 Professi
1390 2703 1500 2738 trium
1519 2706 1685 2738 votorum
1711 2700 1907 2741 Societatis,
1935 2701 2068 2734 debent
2091 2707 2169 2734 esse
2193 2707 2254 2735 sa·

1258 2755 1420 2789 cerdotes
1436 2765 1445 2796 3
1462 2757 1497 2788 et
1512 2753 1666 2787 veniunt
1687 2751 1795 2785 etiam
1810 2751 2005 2793 aliquando
2023 2751 2173 2786 nomine
2187 2751 2254 2787 Co-

1257 2804 1463 2846 adjutorum
1486 2802 1743 2846 spiritualium,
1763 2809 1793 2835 c.
1818 2804 1849 2834 Ξ.

1214 2852 1305 2888 Dicti
1326 2853 1477 2896 professi
1501 2853 1610 2886 trium
1632 2854 1798 2887 votorum
1817 2850 1978 2885 emittere
1997 2850 2104 2884 etiam
2119 2849 2252 2884 debent

1257 2903 1422 2946 quinque
1444 2902 1626 2944 simplicia
1645 2904 1740 2943 vota,
1754 2908 1835 2943 quae
1850 2900 2001 2943 professi
2024 2902 2176 2942 quatuor
2190 2895 2260 2934 vo-¹

1256 2956 1376 2987 torum
1393 2953 1573 2993 emittunt,
1589 2951 1639 2985 ib.

1215 3001 1387 3037 Professis
1403 3001 1588 3036 societatis
1608 3003 1752 3042 tempus
1772 2998 1900 3033 orandi
1920 3005 1995 3034 non
2014 2996 2200 3037 limitatur,
2214 2997 2252 3032 et

1255 3061 1327 3095 qua
1350 3053 1487 3087 ratione
1503 3052 1541 3085 id
1557 3050 1609 3084 eis
1624 3049 1853 3089 concedatur,
1869 3056 1901 3082 c.
1915 3050 1949 3082 4.

1212 3101 1458 3136 Professorum
1474 3099 1660 3135 societatis
1682 3106 1889 3142 paupertas,
1908 3095 1992 3132 vide
2015 3096 2147 3130 Domus
2161 3100 2258 3137 pro-1

1254 3152 1360 3185 sessa.

1211 3202 1363 3236 Professi
1388 3198 1573 3235 Societatis
1591 3197 1724 3240 quibus
1747 3197 1786 3230 in
1813 3195 1955 3229 casibus
1978 3193 2138 3227 habitare
2161 3199 2257 3250 pos-

1254 3255 1338 3286 sunt
1360 3251 1398 3283 in
1421 3248 1595 3291 collegiis,
1611 3250 1673 3282 aut
1690 3246 1892 3280 redditibus
1909 3250 2034 3277 eorum
2055 3242 2173 3285 juvari
2190 3227 2257 3278 veli

1255 3300 1461 3340 sustentari,
1478 3299 1502 3331 l.
1522 3301 1554 3340 4,
1572 3306 1602 3331 c.
1625 3301 1677 3330 10.

1212 3350 1364 3387 Professi
1393 3348 1579 3384 societatis
1607 3355 1653 3379 an
1677 3354 1719 3379 ex
1749 3343 1784 3378 vi
1816 3341 1987 3377 solemnis
2011 3339 2256 3422 professilonis·

1255 3403 1446 3435 teneantur
1475 3399 1522 3433 ad
1556 3398 1667 3432 floras
1702 3392 1902 3428 canonicas
1935 3390 2119 3431 dicendas,
2168 3390 2245 3432 ..Ἰ
2249 3368 2256 3424 Ι

1256 3457 1287 3483 c
1312 3452 1344 3482 4.

1211 3498 1367 3535 Professi
1383 3495 1568 3533 societatis
1583 3501 1629 3528 an
1649 3500 1713 3536 per
1728 3491 1865 3535 aliquot
1877 3490 2001 3524 saltem
2015 3488 2092 3523 dies
2105 3485 2255 3574 specie-¹

1254 3548 1337 3582 liter
1359 3556 1402 3582 ex
1422 3547 1459 3581 vi
1478 3545 1550 3581 voti
1575 3543 1778 3585 obligentur
1803 3541 1849 3575 ad
1864 3539 2067 3575 doctrinam
2084 3535 2247 3574 chrism-

1252 3605 1339 3635 nam
1354 3604 1485 3640 pueros
1505 3592 1739 3635 edocendam,
1755 3591 1780 3626 1.
1797 3593 1831 3634 6,
1845 3597 1878 3626 c.
1896 3593 1930 3626 3.
