2352 3880
191 282 474 407 ffggionihus.
499 346 593 392 Non
625 357 728 402 ergo
747 355 873 390 omne
903 358 1061 389 novum
1082 358 1221 401 repre-

189 414 391 458 hensibile
409 417 486 461 est,
511 409 588 455 sed
614 411 730 465 quod
761 416 826 452 est
859 410 1095 463 antiquitati
1120 421 1224 452 con·
1274 408 1427 449 remias
1445 408 1612 457 restitit,
1631 419 1709 448 nec
1724 406 1854 447 Isaiae
1870 405 1936 447 ire
1949 406 2160 451 contendit
2183 427 2203 445 «ι

189 477 376 525 trarium,
399 484 485 515 non
505 482 606 515 vero
632 473 746 526 quod
764 485 841 527 pro
877 477 1115 526 temporum
1146 482 1221 524 op·

186 537 439 592 portunitate
455 536 499 578 in
519 546 680 578 morem
708 535 983 577 introducitur
1013 535 1067 576 ad
1087 533 1216 588 perfi-

185 600 332 642 cienda
350 610 415 648 ea,
435 608 529 652 quae
543 599 712 651 antiqua
729 602 837 639 sunt.
862 597 1102 650 Eademque
1117 608 1215 649 pro-

185 661 390 714 portione,
412 659 465 702 de
481 661 767 713 singularitate
786 659 1010 700 dicendum
1029 663 1092 699 est
1106 689 1120 708 ,
1162 658 1217 697 si-

185 728 252 764 cut
268 722 452 765 Societas
481 727 543 765 est
561 722 782 776 peculiaris
812 722 959 774 religio
997 733 1022 761 3
1056 720 1216 761 caeteris

183 785 389 835 distincta,
409 786 466 826 ita
486 786 611 826 etiam
630 785 788 825 hahere
812 782 982 834 aliquod
1005 782 1218 834 proprium

183 851 223 887 et
238 846 448 900 peculiare
464 847 646 899 insigne,
664 858 747 898 quo
766 845 820 885 ab
846 844 935 884 aliis
949 844 1211 891 discernitur;

179 910 268 961 jam
282 909 395 950 enim
407 908 761 962 ingsuperioribus
781 906 852 946 lib.
879 908 919 955 1,
942 918 978 946 0.
1006 907 1045 954 2,
1076 909 1218 946 osten-

179 971 331 1020 dimus,
348 981 690 1023 unamquamque
702 968 948 1021 religionem
965 968 1124 1008 habere
1142 967 1215 1007 ali-

179 1045 305 1085 quem
325 1043 496 1085 scopum
525 1044 610 1085 quo
646 1031 911 1084 peculiariter
939 1030 1132 1070 collimat.
1166 1029 1213 1069 In

178 1095 384 1136 Societate
401 1105 501 1147 ergo
516 1092 796 1133 ministerium
816 1093 897 1132 hoc
918 1092 1028 1132 circa
1054 1091 1216 1132 anima·

178 1168 272 1196 rum
291 1157 483 1204 salutem,
513 1155 584 1196 snb
603 1155 778 1201 speciali
805 1154 1019 1194 obedientia
1050 1151 1216 1195 Summi

176 1218 412 1268 Pontifici&
429 1221 492 1258 est
510 1213 706 1267 specialis
722 1227 875 1270 scopus
894 1217 999 1268 ojus,
1014 1215 1068 1255 ad
1087 1224 1215 1267 quem

176 1291 201 1319 a
222 1279 308 1320 Deo
322 1284 466 1320 vocata
485 1285 548 1321 est
565 1283 607 1319 et
628 1279 831 1320 ordinata.
855 1277 1114 1330 Quapropter
1130 1277 1217 1317 sin-

176 1341 376 1394 gularitas
397 1343 501 1391 11310,
531 1354 618 1381 11011
647 1343 832 1381 humana
851 1343 1013 1379 tantum
1031 1339 1211 1388 ratione,

176 1403 250 1443 sed
269 1403 438 1455 speciali
459 1405 521 1454 (ut
535 1402 760 1454 credimus)
777 1402 951 1452 Spiritus
965 1402 1102 1442 Sancti
1118 1414 1213 1454 gra-

176 1465 232 1505 tia
251 1466 419 1505 inventa
456 1469 531 1513 est,
550 1464 603 1504 ad
630 1463 983 1504 disseminandam
1009 1463 1133 1503 fidem
1168 1464 1214 1502 in

175 1531 235 1567 tot
251 1527 540 1567 remotissimis
567 1526 822 1578 regionibus,
850 1528 890 1566 et
906 1526 959 1564 ad
982 1525 1211 1565 Ecclesiam

175 1602 200 1629 a
218 1593 279 1630 tot
295 1589 588 1629 haereticorum
605 1588 839 1628 incursibus
857 1587 1183 1627 defendendam.

226 1653 293 1692 25.
322 1651 389 1692 Ad
403 1652 570 1692 tertium
595 1655 717 1702 caput
737 1650 936 1702 responsio
973 1650 1135 1701 triplex.
1158 1669 1212 1679 --

175 1714 368 1762 Quamvis
388 1717 528 1753 autem
549 1713 630 1752 hoc
651 1716 793 1752 votum
814 1713 865 1751 sit
881 1712 933 1751 de
951 1724 994 1751 re
1012 1711 1129 1750 valde
1146 1721 1213 1751 ar-

173 1777 256 1816 dua
274 1781 315 1816 et
333 1775 501 1822 difficili,
521 1779 577 1824 et,
598 1775 631 1812 si
649 1774 702 1813 ad
717 1774 981 1826 fragilitatem
997 1773 1215 1813 hominum

174 1841 453 1890 comparetur,
465 1836 659 1888 periculis
677 1836 907 1887 expositum
932 1836 987 1886 (id
1001 1836 1111 1874 enim
1126 1841 1211 1875 no'n

172 1900 405 1950 negamus),
428 1911 512 1937 non
538 1902 679 1937 tamen
709 1902 930 1949 propterca
967 1897 1211 1948 imprudens

174 1965 237 2002 est
258 1965 331 2001 aut
349 1960 633 2000 temerarium.
658 1960 791 1998 Primo
802 1959 984 2008 quidem,
1007 1960 1104 2008 quia
1123 1971 1209 1998 non

172 2022 368 2062 humanis
398 2021 568 2069 viribus,
593 2020 666 2060 sed
688 2019 863 2071 Spiritus
899 2020 1035 2060 Sancti
1076 2020 1208 2072 gratia

171 2084 432 2137 implendum
462 2083 664 2129 creditum
699 2082 768 2132 qui
794 2082 905 2121 enim
923 2082 1044 2133 coepit
1079 2085 1119 2121 et
1146 2082 1210 2121 in-

172 2146 341 2198 spiravit
356 2144 474 2192 illud,
493 2146 581 2195 ipse
597 2142 771 2195 perficit,
794 2155 829 2182 Sl
849 2155 923 2193 per
942 2155 1018 2182 nos
1030 2155 1114 2182 non
1129 2145 1211 2183 ste-

170 2209 280 2256 terit,
317 2217 416 2246 nam
435 2207 497 2256 (ut
532 2206 575 2245 in
604 2204 902 2256 superioribus.
932 2204 1003 2243 lib.
1039 2207 1077 2252 1,
1114 2215 1206 2256 cap.

172 2274 304 2317 sexto,
328 2279 506 2308 numero
522 2279 633 2307 nono
653 2272 794 2319 etcap.
820 2269 1010 2318 septimo,
1030 2278 1206 2306 numero

171 2331 351 2379 decimo,
372 2330 567 2381 diximus)
586 2330 673 2369 haec
689 2334 752 2368 cst
768 2329 955 2381 specialis
978 2329 1109 2379 gratia
1131 2328 1208 2368 hu·

169 2385 239 2445 'J'us
253 2391 499 2440 vocationis,
521 2402 613 2442 quae
633 2391 841 2442 potentior
854 2394 914 2429 est
932 2391 1123 2430 omnibus
1137 2402 1208 2442 pe-

168 2454 312 2495 'riculis
333 2459 376 2494 et
390 2453 713 2494 difficultatibus.
740 2452 898 2493 Deinde
917 2464 993 2504 per
1025 2454 1104 2493 hoc
1134 2465 1208 2493 vo-

171 2521 261 2558 tum
279 2528 364 2556 non
380 2515 659 2568 promittimus
679 2526 756 2554 nos
771 2515 964 2567 periculis
978 2527 1203 2567 exponere,

167 2590 247 2620 nec
267 2579 344 2618 has
362 2578 427 2618 vel
449 2577 541 2617 illas
561 2577 755 2629 regiones
791 2576 922 2623 adire,
944 2582 1014 2616 aut
1044 2576 1120 2616 has
1138 2577 1206 2618 vel

168 2640 261 2681 illas
290 2640 475 2681 actiones
514 2651 723 2686 exercere,
759 2637 834 2678 sed
870 2639 1038 2679 obedire
1056 2638 1204 2680 Christi

169 2702 347 2750 Vicario,
371 2714 455 2754 quo
468 2701 607 2742 medio
639 2701 800 2740 nullum
818 2705 954 2753 potest
986 2713 1078 2741 esse
1116 2713 1204 2742 cer-

170 2763 251 2805 tius
286 2764 341 2805 ad
371 2776 458 2804 non
496 2763 723 2805 errandum
743 2764 785 2802 in
804 2763 872 2803 via
904 2764 993 2803 Dei.
1032 2764 1204 2804 Accedit

168 2826 336 2866 tandem
355 2825 569 2877 religionis
589 2824 866 2877 providentia,
885 2827 975 2864 tum
1002 2825 1043 2863 in
1065 2825 1204 2877 dispo-

165 2882 318 2929 nendis
333 2890 373 2927 et
400 2886 629 2939 probandis
648 2886 852 2939 personis,
884 2890 974 2926 tum
1013 2887 1138 2926 etiam
1159 2888 1204 2927 in

165 2946 231 2991 'eis
248 2948 464 3000 eligendis.
485 2949 535 2989 Et
547 2951 751 3000 praeterea
768 2948 815 2987 in
834 2948 1205 2990 Constitutionibus

166 3003 212 3052 'et
229 3010 358 3050 Bullis
378 3021 490 3062 saepe
508 3022 744 3060 monemur,
759 3014 805 3050 ut
824 3012 936 3062 patet
961 3009 1004 3050 in
1027 3011 1203 3063 septima

167 3077 286 3126 parte
311 3074 684 3122 constitutionum,
705 3083 742 3112 c.
759 3074 798 3122 1,
816 3073 841 3126 ξ
857 3074 897 3121 2,
921 3077 961 3113 et
978 3072 1021 3113 in
1041 3073 1158 3114 Bulla
1178 3074 1198 3113 1

168 3135 286 3175 Ρ31111
298 3136 351 3175 ΠΙ
370 3140 412 3176 et
426 3135 450 3176 J
455 3135 525 3176 ulii
540 3135 607 3183 III,
625 3147 680 3175 ne
696 3135 806 3175 ullus
828 3135 871 3174 in
890 3133 999 3175 hanc
1012 3136 1078 3175 vel
1089 3136 1203 3175 illam

167 3200 331 3249 partem
348 3197 455 3238 mitti
479 3200 689 3250 procuret,
724 3196 798 3236 sed
826 3209 871 3237 se
899 3197 1056 3237 moveri
1076 3197 1198 3246 sinat,

169 3257 359 3314 quamvis
379 3270 423 3299 se
450 3263 643 3311 paratum
666 3257 886 3299 ostendere
921 3259 1079 3298 malum
1115 3269 1201 3298 non

170 3319 237 3360 sit.
255 3320 317 3360 Ita
335 3320 534 3373 expendit
551 3320 788 3372 Gregorius,
803 3319 874 3360 lib.
893 3319 935 3368 6,
958 3320 1074 3372 epist.
1092 3321 1132 3369 5,
1159 3332 1196 3360 c.

171 3382 264 3431 169,
283 3379 388 3421 illud
421 3381 517 3422 lsai.
543 3383 585 3431 6,
622 3381 694 3423 ubi
731 3392 829 3422 cum
864 3381 974 3421 Deus
1007 3379 1165 3423 diceret
1186 3392 1196 3420 ς

166 3440 297 3498 ¹(luem
325 3443 516 3491 mittam?
534 3447 608 3487 aut
642 3443 736 3499 qais
761 3442 838 3486 ibit
865 3443 1003 3486 nobis?
1032 3443 1123 3496 ipse
1142 3454 1204 3485 ;se

172 3502 320 3546 obtulit·
337 3502 482 3546 dicens
501 3519 512 3545 :
534 3504 642 3548 Ecce
667 3516 752 3558 090,
769 3503 885 3546 mitte
903 3515 978 3547 mo.
998 3502 1049 3545 Et
1079 3503 1202 3547 illum

173 3565 333 3607 confert
348 3578 446 3608 cum
461 3566 657 3612 Jeremia,
671 3565 751 3618 qui
781 3576 820 3607 e.
842 3566 864 3605 1
894 3576 941 3606 se
959 3566 1199 3616 excusabat,

174 3625 317 3669 dicens
334 3639 346 3668 ι
366 3628 425 3678 Δ,
442 3641 483 3679 a,
508 3641 550 3677 a,
581 3627 752 3670 Domine
773 3627 897 3677 Dens,
927 3629 1057 3669 nescio
1075 3629 1198 3683 loqui,

170 3687 302 3745 ,atque
317 3692 541 3742 utrumque
561 3687 745 3743 spiritum
767 3686 926 3739 laudat,
946 3689 1045 3741 quia
1063 3699 1114 3731 ex
1127 3688 1201 3745 bo·

543 283 620 320 LIB-
641 278 699 319 Vl.
721 279 778 318 BE
795 279 1082 324 raonssssmua
1103 281 1201 324 οῦδ
1218 280 1263 318 ΙΝ
1282 274 1509 317 summm:
1527 277 1605 319 FU',
1627 277 1684 314 ΕΤ
1703 276 1761 316 1>ss
1779 274 1847 321 11s,
1865 277 1956 316 mc.

1274 358 1332 388 no
1349 345 1500 388 affectu
1519 342 1725 398 proficisci
1744 346 1902 396 potest.
1939 347 1986 386 et.⁸
2004 342 2105 396 quia
2314 377 2319 410 ὃ

1275 481 1403 520 quam
1429 481 1476 510 se
1495 481 1572 522 per
1591 469 1734 510 altaris
1766 469 1972 510 calculum
2006 473 2231 522 purgatum
2270 520 2271 523 Ἰ

1275 531 1365 571 dit:
1385 529 1452 574 Ns
1468 535 1635 574 autnon
1663 534 1869 583 puryatue
1897 531 2047 583 <inquit
2066 531 2278 584 Gregori
2300 567 2303 570 ,

1271 592 1384 636 adire
1416 594 1627 647 qaisquam
1645 604 1764 635 sacra
1794 592 2024 636 ministeria
2055 595 2213 644 audeat,
2239 618 2245 629 ,
2275 591 2283 599 ''
2310 598 2311 602 ’

1269 667 1383 709 quem
1418 667 1589 709 superna
1625 658 1766 712 qratia
1794 657 1929 710 eliyit,
1961 656 2034 699 snb
2063 655 2208 699 humil‘
2231 676 2264 692 ν»

1270 718 1394 771 specie
1410 720 1572 770 superbo
1591 720 1849 764 contradicat.
1872 720 1922 760 Et
1938 719 2141 760 hactenus
2155 719 2208 759 de
2234 738 2253 752 (ι
2268 712 2286 756 ff
2341 735 2347 737 ·

1271 791 1342 821 ma
1365 780 1690 833 comparatione,
1712 792 1839 835 quam
1855 782 1900 822 in
1925 780 2012 822 fine
2042 780 2206 822 numeri
2274 790 2277 792 ·
2349 782 2352 787 '

1271 843 1315 883 tii
1328 844 1640 896 proposuimus.
2296 840 2300 853 ⁸

1271 947 1380 997 Quia
1402 943 1527 986 addat
1564 945 1639 986 hoo
1653 947 1801 993 votnm,
1830 943 1944 987 altra
1964 947 2147 1001 yenerale
2167 914 2319 995 votur,

1547 1007 1774 1048 obedientia>
1799 1005 2031 1051 Societatis.

1323 1091 1390 1132 26.
1420 1089 1627 1144 Arquitur
1643 1089 1751 1132 nihil
1770 1089 1923 1131 addere.
1939 1109 1993 1122 —-
2013 1089 2219 1147 Arquitnr
2231 1101 2291 1135 ar

1269 1153 1359 1194 dere
1376 1164 1518 1194 novum
1536 1152 1704 1205 aliquid.
1723 1172 1776 1182 --
1790 1152 1990 1204 Superest
2009 1158 2055 1194 ut
2083 1154 2138 1194 de
2173 1141 2352 1202 alter-nili

1270 1215 1582 1267 comparatione
1609 1215 1798 1255 dicamus
1819 1215 1872 1254 ad
1893 1215 2019 1255 finem
2038 1218 2201 1257 numeri
2221 1207 2352 1263 ter-l?

1268 1277 1314 1315 tii
1330 1279 1479 1328 posita,
1509 1278 1552 1317 in
1582 1289 1665 1329 qua
1696 1282 1757 1317 est
1789 1278 1923 1329 major
1940 1278 2175 1326 difficultas,
2193 1283 2239 1319 ut
2257 1279 2314 1322 im
2332 1321 2352 1324 -

1267 1338 1352 1379 fine
1383 1340 1547 1379 muneri
1579 1340 1691 1380 tertii
1726 1340 1988 1389 dicebamus,
2023 1341 2120 1393 quia
2151 1327 2316 1393 Ι10111111ἱ
2332 1341 2352 1378 ’ῗ

1269 1400 1516 1441 obedientiae
1534 1403 1576 1440 in
1590 1401 1793 1442 Societate
1813 1402 1969 1442 factum
1984 1403 2139 1455 obligat
2158 1414 2311 1444 secun-⁴
2339 1406 2343 1407 ⁷

1268 1461 1367 1501 dum
1405 1464 1571 1515 regulas
1602 1468 1643 1503 et
1681 1464 2002 1504 Constitutiones
2022 1464 2127 1516 ejus,
2148 1470 2188 1507 et
2206 1467 2313 1508 ideo·

1269 1525 1322 1564 ad
1343 1527 1472 1566 multa
1496 1525 1666 1578 obligat,
1686 1527 1739 1566 ad
1759 1538 1850 1577 quae
1883 1527 1950 1566 alii
1973 1528 2153 1580 religiosi
2193 1542 2244 1571 ex
2262 1529 2302 1571 vi

1266 1598 1351 1627 suae
1372 1588 1616 1628 obedientiae
1637 1600 1721 1627 non
1753 1589 2004 1640 obligantur,
2024 1594 2069 1630 ut
2101 1591 2143 1630 in
2179 1603 2313 1644 supe·¹
2344 1596 2350 1600 “

1266 1648 1460 1697 rioribus,
1490 1662 1514 1689 a
1548 1662 1589 1689 n.
1629 1650 1669 1698 4,
1704 1650 1839 1689 visum
1878 1654 1954 1690 est.
1996 1651 2168 1692 Videtur
2202 1666 2301 1707 ergo

1268 1712 1452 1764 obligare
1471 1725 1547 1763 per
1567 1723 1659 1752 sese
1679 1712 1733 1752 ad
1756 1712 1830 1752 has
1846 1711 2061 1753 missiones
2081 1720 2303 1767 acceptan-

1269 1774 1358 1822 das,
1379 1777 1503 1826 atque
1539 1774 1643 1814 adeo
1678 1786 1752 1825 per
1788 1774 2093 1826 professionem
2124 1783 2308 1829 quatuor>

1266 1840 1472 1885 votorum,
1506 1835 1607 1875 nihil
1627 1835 1723 1876 addi
1754 1837 1795 1874 in
1833 1837 1972 1889 reipsa
2010 1838 2116 1878 ultra
2146 1839 2302 1893 obliga-

1265 1898 1423 1937 tionem
1461 1897 1586 1937 trium
1629 1901 1818 1936 votorum
1858 1898 2189 1940 substantialium
2228 1903 2302 1942 hu-

1261 1961 1331 2010 Jus
1351 1960 1575 2012 religionis.
1603 1961 1872 2011 Assumptum
1904 1966 2016 2011 patet
2046 1974 2095 2002 ex
2126 1965 2301 2015 septima

1264 2025 1398 2073 parte,
1421 2033 1511 2073 cap.
1540 2025 1579 2069 2,
1604 2026 1645 2061 et
1665 2022 1896 2073 expressius
1925 2035 2036 2063 nona
2057 2030 2173 2076 parte
2196 2027 2301 2067 Con-

1266 2084 1540 2132 stitutionum,
1562 2095 1652 2134 cap.
1678 2085 1715 2131 3,
1734 2083 1757 2135 §
1776 2084 1816 2132 9,
1850 2083 1917 2123 ubi
1940 2084 2104 2136 dicitur,
2135 2099 2300 2140 praepo·

1265 2145 1390 2184 situm
1409 2145 1655 2185 Generalem
1671 2145 1827 2184 habere
1842 2148 2089 2195 potestatem
2110 2149 2300 2190 mittendi

1267 2217 1413 2245 omnes
1436 2206 1512 2245 sibi
1530 2206 1729 2256 subditos,
1753 2207 1875 2246 etiam
1900 2219 1983 2247 non
1999 2210 2222 2261 professos
2245 2210 2300 2253 ad

1264 2267 1472 2319 quaslibet
1494 2268 1638 2307 mundi
1664 2272 1817 2319 partes,
1849 2273 1889 2308 et
1926 2280 2001 2320 pro
2035 2281 2299 2325 quocumque

1263 2334 1451 2382 tempore
1471 2342 1518 2369 ac
1538 2331 1765 2370 ministerio
1783 2343 1857 2382 pro
1877 2331 2109 2373 animarum
2128 2336 2295 2376 auxilio.

1262 2392 1311 2431 Et
1327 2393 1368 2431 in
1390 2397 1503 2433 sexta
1521 2397 1652 2444 parte,
1672 2405 1707 2433 0.
1734 2396 1773 2442 2,
1797 2393 1820 2445 ξ
1844 2396 1878 2441 1,
1901 2395 1941 2443 3,
1962 2406 2082 2447 aeque
2102 2396 2154 2436 de
2173 2390 2315 2439 cond-⁴

1262 2454 1469 2506 jutoribus
1497 2467 1545 2495 30
1565 2455 1616 2495 de
1637 2455 1833 2507 professis
1851 2455 2002 2496 dicitur
2022 2472 2032 2497 τ
2054 2458 2153 2500 Cam
2173 2461 2228 2501 ad
2238 2461 2296 2504 la-

1261 2516 1479 2557 borandam
1498 2514 1542 2557 in
1560 2518 1674 2558 vinea
1700 2518 1867 2557 Domini
1887 2519 2122 2569 mittuntur,
2140 2522 2295 2563 nnllam

1261 2578 1451 2620 viaticum
1466 2582 1596 2632 potere
1608 2582 1788 2631 possunt,
1809 2580 1878 2620 sed
1889 2593 1928 2620 se
1947 2581 2168 2622 liberaliter
2184 2583 2296 2633 (dici-

1260 2645 1326 2680 tur
1345 2640 1416 2691 ibi)
1436 2645 1729 2693 mammonam,
1746 2645 1793 2682 nt
1811 2643 2028 2683 mittantur
2042 2648 2167 2696 proni
2186 2644 2294 2685 Pon-

1259 2702 1365 2752 tifici
1388 2706 1461 2743 ant
1498 2701 1712 2754 Superiori
1743 2704 1796 2742 ad
1815 2704 2005 2754 majorem
2025 2704 2103 2744 Dei
2120 2706 2294 2758 yloriam

1257 2767 1342 2815 sore
1375 2763 1589 2804 videbitur.
1626 2762 1702 2802 Ubi
1739 2763 1864 2814 plane
1905 2765 2153 2816 supponitur
2199 2780 2292 2810 esse

1259 2836 1380 2876 aeque
1404 2823 1620 2876 obligatos,
1644 2836 1739 2863 cum
1756 2829 1896 2864 tamen
1928 2827 2192 2879 coadjutores
2210 2830 2291 2872 hoc

1258 2891 1399 2927 votum
1436 2897 1520 2926 non
1556 2887 1757 2926 emittant.
1789 2887 1837 2926 In
1867 2890 2118 2929 contrarium
2149 2894 2290 2933 autem

1258 2951 1334 2997 est,
1353 2946 1451 3000 quia
1466 2949 1546 2988 hoc
1565 2952 1705 2988 votum
1725 2947 1774 2987 fit
1792 2948 2031 2990 distinctum
2050 2963 2074 2991 a
2092 2953 2262 3006 reliquis
2272 2969 2286 3005 ς
2328 2966 2329 2969 ’

1258 3015 1477 3063 propterea
1508 3011 1619 3050 enim
1645 3011 1687 3049 in
1707 3011 2072 3063 Constitutionibus
2095 3018 2135 3054 et
2161 3016 2288 3057 Bullia
2345 3034 2352 3051 ἰ

1258 3077 1452 3124 quartum
1468 3077 1610 3112 votum
1633 3073 1879 3124 appellatur,
1906 3077 1946 3113 et
1970 3075 2172 3126 professio
2199 3075 2288 3118 haec

1257 3137 1435 3186 quatuor
1454 3138 1643 3174 votorum
1661 3134 1810 3174 dicitur
1820 3148 1832 3184 ;
1850 3147 1949 3187 ergo
1963 3141 2125 3188 oportet
2143 3141 2189 3178 ut
2206 3138 2288 3179 dis·
2303 3129 2352 3187 Ἲς

1257 3195 1427 3235 tinctam
1444 3195 1740 3247 obligationem
1758 3195 1944 3245 inducat,
1959 3198 2063 3240 alias
2075 3201 2284 3252 quomodo
2300 3186 2352 3238 ‘'ir'‘

1257 3256 1496 3298 distinctum
1518 3259 1612 3298 est?
2301 3236 2352 3302 »ii

1308 3318 1375 3359 27.
1404 3319 1468 3360 Ad
1487 3320 1566 3360 hoc
1594 3319 1798 3373 imprimis
1818 3320 1980 3372 dicitur,
2000 3321 2087 3365 sive
2105 3325 2186 3366 hoc
2213 3337 2282 3367 vo-
2296 3318 2306 3377 f

1254 3383 1342 3421 tum
1372 3378 1417 3421 in
1448 3385 1543 3423 voto
1565 3380 1811 3426 obedientiae
1847 3384 2060 3427 societatis
2083 3383 2280 3439 implicite
2294 3383 2315 3397 ⁵

1254 3443 1527 3493 contineatur,
1547 3442 1633 3484 sive
1651 3456 1751 3495 non,
1777 3449 1917 3487 sancte
1940 3450 1983 3487 et
1999 3446 2152 3488 utiliter
2171 3446 2277 3489 fleri.

1255 3505 1342 3546 Hoc
1375 3503 1576 3558 imprimis
1619 3506 1790 3563 ostendo
1834 3507 2024 3560 exemplo
2066 3507 2285 3559 religionis,

1254 3567 1385 3610 sancti
1402 3566 1625 3618 Francisei,
1646 3569 1719 3621 qui
1736 3569 1781 3609 in
1796 3569 2000 3622 principio
2021 3580 2107 3609 suae
2122 3569 2284 3623 regulae·

1254 3631 1433 3682 speciale
1448 3634 1591 3671 votum
1619 3630 1862 3673 obedientiae
1876 3630 1975 3671 facit
2001 3630 2124 3684 Papae
2142 3626 2284 3685 Hori&-

1251 3689 1332 3741 110,
1349 3694 1394 3732 et
1409 3688 1605 3745 legitimis
1618 3689 1926 3735 successorihus
1945 3691 2052 3745 ejus.
2071 3690 2192 3741 Quod
2204 3691 2302 3750 'et-st
