2352 3880
147 302 212 335 tra
242 292 516 333 obedientiam
537 323 548 340 ,
584 303 674 331 non
711 295 852 331 tamen
895 295 1037 331 contra
1072 302 1177 344 pau-

141 359 361 408 pertatem.
393 354 508 394 Unde
537 353 583 392 fit
612 356 674 401 ut,
701 351 798 392 licet
824 353 1103 392 committatur
1134 354 1178 393 in

145 418 319 459 materia
334 416 463 466 gravi.
483 427 567 454 non
584 415 636 454 sit
650 419 859 467 peccatum
876 415 1063 463 mortale,
1082 415 1179 467 quia

145 491 199 521 ex
215 480 255 518 vi
275 478 400 517 solius
421 477 573 527 rcgulae
599 489 683 516 non
712 481 773 517 est
799 477 930 529 culpa.
966 478 1105 529 Neque
1125 489 1176 517 ex

144 544 240 580 noto
257 538 500 578 obedientiae
519 542 580 579 est
598 545 806 591 peccatum
826 539 970 578 saltem
987 538 1172 588 mortale,

144 602 241 654 quia
261 601 530 652 supponimus
549 600 709 639 nullum
729 612 814 639 esse
833 599 1006 651 speciale
1026 611 1173 651 praece—

142 667 259 715 ptum
278 662 324 700 in
355 662 504 700 virtute
523 661 765 701 obedientiae
790 662 840 700 de
859 661 935 701 hac
949 674 993 701 re
1015 661 1171 711 latum3

142 734 242 774 ergo
267 723 303 762 si
327 727 544 775 paupertas
576 735 660 762 non
687 727 822 774 urget,
852 727 893 762 et
920 723 1174 771 scandalum,

142 784 249 835 quod
276 787 334 822 est
359 795 430 835 per
459 784 660 832 0001110115,
690 795 774 823 non
805 785 1038 832 intervenit,
1061 783 1176 823 nulla

141 847 311 896 apparet
329 846 434 884 ratio
453 845 657 884 sufficiens
677 845 831 896 peccati
851 845 1048 885 mortalis.
1072 844 1176 883 Con-

140 904 332 945 firmatur
350 906 575 957 exemplis:
599 906 776 957 primum
797 910 858 944 est
886 906 935 944 de
963 906 1075 945 lucro
1103 917 1177 956 per

140 968 461 1017 negotiationem
479 972 727 1019 comparato,
748 968 856 1018 quod
876 968 1066 1018 religioso
1082 980 1176 1020 pro-

138 1027 317 1069 hibitum
351 1033 423 1068 est.
461 1030 664 1068 Ponamus
700 1040 798 1080 ergo
831 1028 1069 1080 religiosum
1104 1028 1177 1068 ali-

140 1101 264 1141 quem
292 1091 342 1128 110
369 1090 534 1129 licentia
563 1091 706 1129 saltem
736 1091 919 1141 generali
948 1091 1175 1142 Superioris

139 1163 256 1204 posse
278 1152 457 1202 recipcre
476 1164 603 1202 usque
622 1152 674 1191 ad
693 1155 849 1190 tantam
872 1153 1144 1203 quantitatem
1159 1166 1170 1201 ;

140 1217 282 1266 postea
314 1225 426 1260 vero,
452 1214 548 1264 quia
575 1225 659 1252 non
688 1214 848 1252 invenit
869 1215 995 1265 gratis
1020 1214 1172 1262 datam,

140 1285 214 1325 per
233 1276 554 1324 negotiationem
573 1275 753 1325 aliquam
771 1275 849 1314 sibi
869 1275 1115 1326 prohibitam
1133 1279 1176 1315 et

140 1335 398 1374 indecentem
432 1336 547 1374 illam
585 1348 822 1388 comparare
842 1366 856 1385 ,
892 1336 959 1375 ille
995 1338 1175 1387 profecto

141 1407 226 1435 non
267 1397 428 1436 videtur
465 1409 634 1448 peccare
677 1404 819 1437 contra
853 1403 1137 1450 paupertatem
1161 1427 1174 1448 ‚

141 1457 265 1496 etiam
290 1459 324 1496 51
348 1457 454 1497 forte
475 1459 520 1497 in
541 1460 818 1508 negotiatione
836 1460 1063 1498 mortaliter
1082 1472 1175 1511 pec-

140 1522 204 1556 cet
219 1519 336 1568 juxta
356 1519 522 1558 modum
550 1520 850 1570 prohibitionis.
882 1521 1002 1559 Aliud
1031 1533 1173 1560 exem-

139 1578 254 1629 plum
275 1583 358 1627 est,
381 1581 414 1618 si
445 1580 635 1630 religioso
660 1581 779 1620 detur
806 1582 971 1620 licentia
997 1581 1046 1620 ad
1077 1581 1176 1620 reci-

139 1640 338 1691 piendum
357 1642 512 1692 aliquid
534 1647 675 1693 sponte
697 1643 903 1691 oblatum,
934 1655 1017 1682 non
1035 1647 1175 1684 tamen

139 1701 189 1741 ad
212 1703 433 1752 petendum
453 1703 570 1750 illud,
590 1704 673 1742 imo
688 1704 764 1742 hoc
780 1706 818 1743 ei
834 1716 1020 1755 expresse
1036 1705 1176 1756 prohi-

139 1762 284 1802 beatur
305 1775 318 1813 ;
348 1776 445 1803 nam
469 1765 563 1803 licet
586 1770 684 1804 tunc
703 1766 858 1817 aliquid
883 1770 990 1816 petat
1012 1771 1052 1805 et
1071 1767 1177 1806 acci-

139 1824 242 1874 piat,
268 1836 351 1863 non
387 1826 570 1875 peccabit
601 1831 745 1865 contra
773 1833 1067 1878 paupertatem,
1102 1829 1174 1868 sed

141 1891 281 1923 contra
302 1886 426 1924 aliam
453 1887 585 1936 legem
607 1898 620 1937 3
658 1889 753 1938 quia
772 1893 912 1939 petere
930 1902 1012 1927 non
1033 1894 1093 1928 est
1109 1902 1175 1929 ac-

141 1948 208 1984 tus
240 1947 413 1986 dominii
448 1953 518 1986 aut
548 1951 825 2000 proprietatis,
862 1951 944 1989 imo
975 1955 1036 1989 est
1063 1957 1174 1991 actus

138 2007 441 2058 mendicitatis;
470 2012 649 2060 accipere
670 2015 808 2049 autem
826 2012 911 2062 jam
935 2024 1017 2050 non
1038 2012 1084 2051 fit
1105 2026 1174 2052 no-

139 2070 250 2107 mine
270 2071 452 2121 proprio,
473 2071 542 2109 sed
560 2084 609 2110 ex
627 2072 819 2112 facultate
839 2074 1069 2124 Superioris
1086 2086 1096 2121 ;
1117 2075 1174 2113 ita

139 2141 238 2181 ergo
254 2132 420 2170 videtur
435 2132 656 2182 probabilis
675 2134 763 2172 fieri
787 2135 869 2173 haec
888 2148 993 2187 pars.

196 2192 236 2231 8.
273 2192 384 2232 Pars
420 2196 680 2243 affirmativa
697 2198 887 2235 suadetur
909 2209 955 2236 ex
971 2197 1176 2239 Constitu-

143 2252 331 2293 tionibus.
349 2275 404 2283 —
433 2256 534 2296 Item
555 2258 725 2296 ratione.
743 2279 796 2286 -
827 2258 891 2297 Ad
925 2261 1172 2298 contrariam

138 2319 278 2353 autem
304 2319 459 2365 partem
500 2318 822 2367 persuadendam
856 2331 1049 2365 magnam
1087 2322 1175 2360 vim

141 2374 294 2415 habere
313 2377 474 2415 videtur
500 2378 743 2417 Constitutio
772 2380 995 2426 Societatis,
1032 2385 1078 2419 ut
1110 2391 1173 2419 ca-

137 2435 221 2487 pite
248 2438 510 2488 praecedenti,
539 2452 563 2477 a
598 2451 770 2478 numero
786 2445 944 2490 octavo,
975 2443 1172 2492 pondera·

138 2496 250 2538 bam.
271 2500 387 2546 Nam,
406 2499 501 2538 licet
526 2499 767 2539 Constitutio
786 2514 856 2552 per
873 2514 913 2540 se
943 2515 1026 2541 non
1053 2504 1174 2542 indu-

139 2563 205 2599 cat
223 2560 512 2611 obligationem
531 2562 582 2600 ad
618 2562 796 2613 culpam,
817 2564 1003 2614 designat
1034 2568 1172 2604 tamen

141 2624 352 2660 materiam
375 2624 473 2670 voti,
492 2636 583 2674 quae
606 2626 778 2663 materia
801 2629 885 2664 tota
906 2627 986 2665 Deo
1004 2628 1171 2678 promit-

140 2681 254 2732 titur,
266 2696 357 2722 cum
379 2689 595 2736 paupertas
611 2687 833 2724 secundum
856 2687 1171 2728 Constitutiones

134 2749 321 2784 vovetur.
341 2746 584 2785 Constitutio
609 2753 764 2796 autem,
785 2760 879 2786 cum
904 2749 954 2788 de
976 2750 1053 2789 hac
1087 2763 1172 2790 ma-

138 2806 243 2843 teria
261 2805 457 2856 loquitur,
482 2807 602 2857 plane
627 2812 674 2846 ut
703 2809 909 2858 objectum
936 2811 1057 2862 hujus
1086 2815 1171 2851 voti

136 2864 250 2903 illam
278 2868 484 2916 assignare
503 2868 678 2906 videtur.
705 2869 807 2906 Nam
843 2871 886 2908 111
910 2883 999 2922 cap.
1021 2874 1039 2910 1
1065 2873 1172 2911 Exa-

134 2925 275 2973 minis,
296 2926 322 2977 ξ
339 2928 377 2972 3,
400 2927 457 2965 sic
475 2927 625 2966 dicitur
643 2942 652 2966 :
678 2929 783 2968 Tria
795 2935 887 2969 vota
898 2932 942 2970 in
962 2944 1006 2971 ea
1021 2933 1074 2982 (id
1095 2938 1166 2982 est,

130 2984 173 3022 in
193 2986 423 3035 societate),
457 2988 695 3035 obedientiae,
716 2992 967 3041 paupertatis
997 2997 1032 3032 et
1052 2996 1171 3033 casci-

135 3047 236 3085 tatie
259 3049 498 3086 emittuntur
511 3064 530 3095 ;
552 3061 601 3087 ex
628 3049 775 3100 quibus
805 3051 890 3090 sola
922 3055 1170 3104 paupertatis

133 3107 377 3146 materiaihi
391 3108 635 3159 declaratur,
657 3111 756 3150 dum
777 3113 942 3153 additur
961 3125 969 3153 :
994 3116 1048 3156 Si
1063 3129 1170 3169 pau-

130 3171 331 3220 paertatcm
352 3170 596 3220 accipiendo,
631 3179 676 3211 uc
705 3185 774 3213 nec
809 3175 919 3224 velit,
943 3188 1010 3217 neo
1040 3179 1171 3228 possit

130 3227 265 3269 reddit
279 3244 310 3266 1,(
331 3230 425 3270 illos
444 3232 498 3270 ad
524 3243 638 3272 suam
665 3237 1004 3285 sustentationem,
1032 3250 1100 3278 nec
1117 3239 1173 3279 ad

137 3290 418 3340 mdvisaliud
435 3293 588 3334 habero.
604 3295 650 3332 Et
667 3295 774 3333 infra
788 3298 929 3336 eodem
948 3303 1139 3339 contextu
1155 3310 1167 3340 ε

133 3350 274 3402 Neque
283 3354 402 3392 etiam
414 3366 490 3405 pro
506 3356 731 3396 Mis-sarum
753 3360 1052 3407 sacrificiis-,vel
1062 3374 1170 3413 μνω-

131 3411 421 3462 diffitionibus,
447 3419 543 3465 etc„
564 3419 805 3468 stipendium
836 3420 980 3467 ullum,
1001 3422 1062 3461 vel
1081 3423 1170 3463 elee-

129 3480 354 3525 mosynam„
384 3487 471 3528 quoe
494 3478 548 3517 ad
570 3479 917 3530 compensationem
941 3482 1171 3533 hujusmodi

126 3532 455 3577 §ministerzomm
473 3538 567 3578 dari
584 3540 724 3582 solent,
751 3546 849 3584 etc..
870 3547 1038 3592 possunt
1064 3547 1169 3587 aroi-

129 3600 235 3636 wore.
253 3595 428 3638 Videtur
443 3609 544 3651 ergo
561 3599 824 3654 itaexplicari
837 3607 1169 3659 votnm‘pauper·

501 228 579 262 m.
602 226 658 261 iv.
679 225 734 260 m:
755 224 877 260 voris
897 223 1149 261 summamus
1164 225 1409 262 0151111115
1430 226 1484 263 ar
1502 221 1796 268 riurein-xus,
1819 206 1933 262 arcs

1231 294 1326 332 tatis
1340 305 1416 345 per
1445 293 1552 332 hanc
1571 292 1922 340 Constitutionem,
1945 296 1998 333 u‘t
2019 295 2153 337 totum
2176 294 2259 351 ’1100
2291 312 2294 323 ·

1231 354 1284 394 sit
1297 354 1467 394 materia
1489 355 1590 405 ejus,
1619 357 1741 405 atque
1761 353 1863 392 adeo
1889 348 2114 404 rigorosssm
2131 342 2261 409 hujiss·

1233 417 1315 455 voti
1335 416 1627 465 obligationem
1644 415 1695 454 ad
1717 415 1827 454 hunc
1846 419 1982 455 actum
2002 419 2177 465 extendi.
2194 418 2257 461 Si-

1232 477 1329 516 mile
1345 483 1633 528 argumentum
1652 477 1756 515 sumi
1769 481 1897 527 potest
1907 490 1957 518 ex
1976 478 2128 520 decima
2143 484 2259 534 parte

1230 539 1600 587 Constitutionum,
1632 538 1657 591 §
1683 541 1731 586 5,
1763 538 1837 578 uhi
1866 538 1920 579 ad
1956 539 2260 582 observantiam

1229 602 1476 652 paupertatis
1494 601 1580 640 haec
1598 601 1679 638 duo
1694 612 1809 651 aeque
1830 601 2031 652 pertinere
2050 603 2256 654 dicuntur,

1228 663 1395 711 scilicet,
1419 675 1502 702 non
1518 663 1732 702 admittere
1757 663 1958 714 stipendia
1978 676 2050 716 pro
2075 666 2258 716 spiritua-

1230 725 1334 764 libus
1350 725 1601 771 ministeriis,
1632 727 1672 763 et
1703 723 1885 763 redditus
1919 725 2185 776 collegiorum
2206 725 2259 766 ad

1231 798 1344 825 suam
1360 786 1578 825 utilitatem
1598 798 1680 824 non
1701 785 1930 837 applicare3
1947 791 2103 825 constat
2120 791 2258 827 autem

1229 848 1306 887 hoc
1330 848 1553 887 secundum
1584 860 1670 886 esse
1710 848 1760 886 de
1794 847 1975 898 rigorosa
2011 849 2260 900 obligatione

1229 910 1479 962 paupertatis
1501 920 1514 960 3
1535 921 1633 960 ergo
1667 912 1710 949 et
1742 909 1935 960 primum.
1973 910 2108 949 Potest
2134 911 2260 951 etiam

1229 971 1386 1010 ratione
1401 971 1458 1010 ita
1476 971 1687 1019 declarari,
1709 972 1806 1022 qnia
1826 971 1876 1010 ad
1898 975 2176 1023 paupertatem
2196 983 2257 1011 re-

1229 1032 1393 1083 ligionis
1418 1046 1500 1072 non
1531 1033 1661 1072 solum
1691 1036 1846 1084 spectat
1872 1033 2133 1084 praescribere
2160 1032 2260 1085 quid

1229 1096 1410 1145 accipere
1426 1094 1558 1139 liceat,
1580 1095 1645 1133 vel
1672 1107 1755 1133 non
1776 1095 1911 1143 liceat,
1932 1094 2001 1133 sed
2023 1095 2145 1133 etiam
2174 1106 2260 1133 mo-

1231 1156 1329 1194 dum
1350 1156 1584 1206 acquirendi
1600 1167 1612 1205 ;
1632 1169 1729 1205 ergo
1758 1155 1921 1206 quaudo
1950 1155 2112 1207 aliquod
2132 1167 2261 1204 genus

1230 1218 1505 1269 acquisitionis
1527 1217 1778 1268 prohibetur,
1800 1222 1845 1255 ut
1863 1218 2072 1268 pertinens
2103 1217 2154 1256 ad
2173 1229 2262 1269 spe-

1230 1279 1374 1319 cialem
1412 1284 1690 1330 paupertatem
1717 1279 1809 1317 talis
1844 1279 2068 1329 religionis,
2104 1279 2172 1318 ille
2191 1291 2262 1331 per

1230 1352 1271 1379 se
1290 1340 1397 1379 cadit
1424 1340 1499 1378 sub
1519 1340 1599 1379 tale
1626 1345 1768 1379 votum
1789 1342 2066 1391 paupertatis3
2088 1342 2144 1379 ita
2165 1352 2264 1380 vero

1230 1401 1404 1440 sehabet
1423 1405 1564 1440 votum
1583 1402 1831 1453 paupertatis
1850 1403 1891 1440 in
1914 1402 2110 1441 Societate
2127 1401 2262 1453 quoad

1231 1462 1396 1501 modum
1412 1463 1664 1513 acquirendi,
1681 1467 1727 1501 ut
1741 1475 1788 1501 ex
1809 1463 1926 1502 dictis
1945 1468 2114 1502 constat.

1282 1523 1324 1564 9.
1356 1523 1554 1565 Neutram
1574 1529 1729 1576 partem
1758 1526 1882 1565 voluit
1908 1526 2072 1572 definire
2095 1525 2261 1565 secunda

1234 1583 1494 1638 Conyreycztio
1521 1586 1733 1636 qeneralis.
1752 1608 1806 1616 —
1831 1587 2031 1625 Punctum
2062 1587 2138 1624 hoc
2172 1586 2262 1624 dili-

1231 1651 1374 1696 genter
1409 1646 1633 1685 discussum
1663 1647 1741 1685 fuit
1759 1647 1841 1686 fere
1877 1653 1971 1686 ante
1991 1648 2264 1699 quadi-aginta

1230 1719 1360 1746 annos
1378 1709 1420 1746 in
1450 1707 1626 1747 secunda
1646 1708 1968 1759 Cougregatione
1985 1709 2167 1758 generali
2194 1709 2265 1749 So-

1233 1769 1402 1817 cietatis,
1422 1769 1491 1807 ubi
1515 1771 1651 1808 Patres
1682 1782 1832 1820 magna
1867 1783 1915 1809 ex
1936 1776 2046 1820 parte
2086 1771 2128 1809 in
2157 1770 2262 1809 hanc

1231 1834 1491 1881 posteriorem
1516 1837 1670 1882 partem
1687 1832 1950 1880 inclinarunt,
1963 1836 2262 1883 tractatumque

1230 1895 1350 1930 estut
1367 1893 1491 1930 totius
1508 1893 1841 1942 Congregationis
1853 1894 2014 1931 decreto
2031 1893 2264 1934 authentice

1231 1957 1480 1992 statueretur
1503 1966 1549 1992 ac
1567 1954 1853 1994 declararetur.
1878 1956 2016 1993 Postea
2033 1967 2129 1993 vero
2144 1955 2264 2006 justis

1231 2015 1281 2053 de
1301 2018 1431 2054 causis
1447 2016 1487 2054 id
1523 2018 1837 2066 praetermissum
1858 2021 1918 2055 est
1937 2016 1965 2064 ¹,
1987 2018 2093 2068 quod
2119 2021 2179 2056 est
2210 2018 2264 2056 si-

1230 2087 1356 2126 gnum
1374 2089 1455 2115 non
1485 2078 1580 2115 satis
1619 2078 1842 2116 constitisse
1865 2078 1972 2129 apud
2006 2080 2127 2129 ipsOS,
2170 2090 2265 2118 sen-

1229 2149 1318 2175 sum
1338 2138 1627 2188 praedictarum
1643 2139 1988 2177 Constitutionum
2009 2140 2132 2178 fuisse
2150 2152 2266 2179 cons·

1230 2200 1376 2238 tituere
1393 2200 1594 2238 actionem
1613 2200 1725 2238 illam
1737 2201 1900 2250 speciali
1917 2202 2074 2239 ratione
2092 2201 2166 2240 sub
2180 2213 2264 2241 ma-

1229 2259 1331 2298 teria
1347 2261 1429 2297 voti
1453 2262 1715 2311 paupertatis.
1743 2263 1790 2299 Et
1808 2262 1899 2301 ideo
1926 2275 1976 2301 ne
1998 2275 2143 2301 novam
2161 2262 2264 2302 obli-

1229 2321 1435 2370 gationem
1460 2322 1509 2361 ad
1533 2327 1739 2372 peccatum
1760 2323 1931 2361 mortale
1968 2323 2118 2363 addere
2150 2323 2264 2363 vide-

1227 2386 1369 2420 rentur
1383 2383 1504 2433 (quod
1538 2383 1580 2421 111
1598 2384 1797 2422 Societate
1834 2389 1998 2435 propter
2035 2385 2262 2436 periculum

1227 2443 1440 2481 vitandum
1472 2447 1650 2483 maxime
1678 2447 1876 2493 cavetur),
1906 2445 1957 2484 ab
1983 2445 2054 2484 illa
2081 2446 2264 2485 declara·

1226 2504 1338 2543 tione
1377 2504 1678 2545 abstinuerunt.
1720 2507 1769 2545 Et
1797 2507 1961 2546 tandem
2002 2520 2092 2546 can.
2127 2508 2263 2559 primo

1227 2565 1378 2616 quintae
1397 2567 1733 2617 congregationis
1766 2569 1896 2608 solum
1932 2568 2011 2607 fuit
2035 2569 2262 2608 stabilitum

1226 2628 1277 2666 ad
1298 2628 1517 2679 puritatem
1546 2634 1693 2667 nostrae
1711 2631 1959 2680 paupertatis
1986 2630 2260 2669 necessarium

1226 2700 1312 2728 esse
1332 2689 1547 2728 observare
1562 2691 1847 2740 gravissimam
1862 2690 2201 2729 Constitutionem
2210 2691 2261 2731 de

1225 2761 1308 2788 non
1329 2751 1562 2800 accipiendo
1580 2751 1795 2800 stipendio,
1821 2757 1895 2790 etc.
1916 2751 2030 2789 Hanc
2055 2763 2151 2802 ergo
2169 2764 2264 2803 par-

1226 2814 1307 2848 tem
1325 2815 1370 2847 ut
1389 2811 1593 2848 mitiorem
1624 2812 1844 2862 sequendo,
1873 2812 2005 2851 dicere
2030 2825 2258 2864 possumus,

1225 2870 1270 2908 111
1297 2870 1379 2908 11115
1400 2870 1768 2910 Constitutionibus
1793 2873 2020 2924 specialiter
2046 2875 2170 2914 fuisse
2190 2886 2259 2914 ex·

1225 2944 1408 2984 pressum
1430 2933 1542 2972 hunc
1559 2939 1696 2972 actum
1715 2935 1766 2973 ad
1782 2937 2116 2986 exaggerandum
2131 2949 2260 2988 quan-

1227 2998 1265 3032 ta
1286 2995 1530 3044 perfectione
1556 2999 1596 3034 et
1624 2996 1836 3047 diligentia
1868 2998 1945 3035 hoc
1984 2999 2027 3037 in
2061 2999 2260 3039 Societate

1225 3055 1523 3094 observandum
1543 3058 1610 3106 sit,
1630 3062 1669 3097 et
1691 3061 1788 3109 quia
1807 3064 1863 3097 est
1884 3060 2068 3110 proxime
2103 3065 2144 3099 et
2171 3072 2259 3100 ma-

1223 3117 1332 3155 xime
1355 3119 1617 3168 conjunctum
1638 3131 1730 3157 cum
1767 3121 1854 3171 ejus
1886 3125 2137 3172 paupertate,
2172 3133 2259 3161 non

1225 3179 1319 3228 quia
1337 3191 1407 3229 per
1429 3190 1470 3218 se
1490 3187 1530 3218 et
1547 3181 1698 3219 directe
1723 3181 1808 3220 liaec
1828 3181 2086 3222 observantia
2102 3195 2176 3236 per
2188 3195 2258 3223 vo-

1224 3243 1310 3278 tum
1334 3242 1586 3291 paupertatis
1605 3244 1881 3293 promittatur.
1918 3244 2032 3284 Unde
2062 3245 2107 3284 iu
2144 3249 2258 3284 sexta

1224 3305 1339 3352 parte
1366 3302 1728 3351 Con>tituti0nuni,
1755 3317 1842 3356 cap.
1863 3306 2057 3354 secundo,
2087 3305 2180 3358 §'7,
2210 3309 2258 3347 ut
2310 3341 2318 3347 .

1225 3363 1396 3414 simplex
1415 3365 1599 3415 quaedam
1619 3365 1860 3404 Constitutio
1891 3367 1981 3406 haec
1998 3367 2254 3419 propunstur,

1224 3423 1340 3463 nulla
1356 3423 1462 3464 facta
1486 3429 1696 3466 mentione
1723 3428 1993 3479 paupertatis,
2026 3428 2097 3467 sed
2122 3426 2255 3467 solum

1242 3608 1251 3616 ·
1274 3546 1291 3574 ¹
1308 3548 1419 3591 “Vide
1437 3550 1515 3592 hoc
1535 3552 1581 3593 in
1597 3553 1759 3594 decreto
1773 3555 1827 3597 29
1851 3553 2006 3606 quin'tae
2022 3553 2261 3607 Congregae

1222 3610 1360 3654 tionis.
