2352 3880
180 285 290 327 {030
513 283 594 322 m.
614 283 672 321 ιι
692 282 751 319 nn
766 281 918 324 mnus,
938 279 1020 319 sen
1034 280 1294 324 nummus,
1315 279 1463 324 omns
1481 271 1542 316 λυ
1558 271 1956 323 mortuummare.

177 366 223 396 m
239 349 506 400 solitudinem,
529 354 567 393 et
581 350 641 392 ibi
655 350 797 404 loquer
815 349 872 390 ad
885 359 954 392 eor
967 348 1090 401 ajam
1108 352 1151 390 et
1165 349 1216 390 il-
1266 358 1351 389 non
1365 349 1505 399 potent
1521 356 1615 388 ease
1629 347 1778 389 auctas*
1809 345 1942 397 man·
1973 341 2136 393 bonum
2149 359 2192 394 ι
2323 348 2338 406 ,ζ

176 414 282 456 lud:
302 414 360 454 In
376 411 628 455 meditatione
644 423 733 453 moa
748 411 973 453 maneat
986 410 1116 463 iguis.
1135 410 1214 451 Ac-
1264 410 1400 462 potest
1419 407 1532 449 male
1557 406 1667 456 fieri,
1694 408 1740 449 et
1767 405 1863 449 ideo
1885 407 2044 454 bouum
2071 410 2175 457 ali·
2322 411 2326 418 '

176 475 287 517 cedit
319 474 444 515 etiam
478 473 592 526 quod
623 474 804 526 ipsamet
832 473 965 514 oratio
1000 472 1209 522 mentalis,
1263 470 1432 522 suggeri
1452 483 1477 511 a
1496 469 1702 519 doemone,
1723 468 1913 521 quamvis
1927 481 2013 511 non
2029 469 2156 516 Βσιιο,
2233 507 2250 518 ,,
2317 509 2322 518 ,

176 537 276 589 quia
297 539 360 577 est
385 536 492 576 actio
518 535 642 577 valde
661 535 883 588 spiritualis
903 538 944 575 et
962 538 1210 586 supernatu-
1318 533 1384 572 36.
1399 531 1628 578 Secundum
1651 534 1788 585 caput,
1808 542 1856 573 ιω
1872 534 1988 583 pareo
2004 531 2102 582 finis
2116 535 2156 577 ct
2176 531 2278 590 ΩΙ

174 599 302 645 ralis,
333 598 596 650 multumque
635 597 796 638 elevata
828 609 956 649 supra
992 608 1138 636 sensus
1168 599 1211 638 et
1263 598 1391 636 tuum.
1411 615 1466 624 —
1481 594 1532 634 Et
1546 593 1641 634 ideo
1672 592 1956 634 necessarium
1982 596 2045 635 est
2070 604 2213 637 secun
2250 581 2284 629 '2³5
2303 611 2308 622 ·

175 660 407 712 corporalia
426 661 553 708 bona,
584 660 743 712 indiget
761 659 941 698 maxime
958 657 1099 698 afflatu
1121 658 1211 709 Spi-
1263 658 1403 707 caput,
1423 654 1536 706 quod
1566 657 1630 695 est
1653 654 1931 696 consideratio
1947 653 2042 695 finis
2077 653 2134 697 ad
2180 672 2187 689 ι
2211 674 2215 690 ι
2262 677 2279 690 ι,

174 723 278 762 ritus
307 721 462 772 Sancti,
483 722 570 774 qui,
590 721 795 773 frequenti
813 720 1084 772 inspiratione
1102 722 1143 759 et
1161 719 1210 758 il·
1263 716 1396 758 tendit
1418 716 1621 768 impulsus
1640 727 1716 756 seu
1750 717 1879 756 motio
1898 716 2094 764 interior;
2110 726 2226 767 nam,
2312 751 2313 754 ,

173 783 448 823 luminatione
479 795 570 832 sua,
606 783 819 823 hominem
846 782 889 821 in
927 793 978 822 eo
1013 780 1208 821 exercitio
1263 778 1331 818 ille
1349 777 1445 817 finis
1461 778 1597 818 malus
1615 781 1693 826 est,
1711 778 1881 818 evidens
1906 781 2197 830 argumentum
2229 771 2316 813 ..;τέ··.

175 847 376 888 sustineat
404 850 446 887 et
466 849 721 898 promoveat.
742 844 859 891 Quod
883 843 979 883 licet
997 843 1208 883 interdum
1263 840 1491 881 motionem
1505 852 1596 880 esse
1612 852 1638 880 a
1655 840 1766 881 malo
1786 840 1946 892 spiritu.
1969 840 2010 881 Si
2030 844 2172 883 autem
2205 859 2211 875 ι
2229 866 2239 884 ,-
2316 870 2318 875 ι

172 919 251 962 pro
279 909 367 949 sola
394 919 471 948 sua
503 907 634 959 gratia
664 906 926 946 abundanter
948 904 1086 953 faciat,
1110 906 1209 956 quia
1262 903 1318 942 sit
1333 902 1550 950 honestus,
1565 914 1767 954 magnum
1782 902 1981 942 lndlclum
2001 906 2064 942 est
2079 901 2180 943 boni
2214 893 2289 956 spi·

164 973 297 1025 prout
309 970 398 1012 vult
414 970 561 1023 spirat,
575 972 611 1008 ot
625 968 771 1008 dividit
786 966 960 1018 singulis
971 970 1093 1018 prout
1104 967 1208 1016 vult,
1261 965 1366 1006 ritus
1385 964 1605 1013 moventis,
1625 976 1711 1004 non
1726 968 1867 1004 tamen
1886 967 1949 1004 est
1963 963 2185 1011 sufficiens,
2261 982 2279 996 ιι

172 1035 315 1072 tamen
333 1029 563 1079 ordinarie,
591 1032 632 1069 et
647 1029 876 1068 secundum
896 1029 1053 1080 justam
1073 1028 1209 1080 dispo·
1262 1027 1377 1079 quia,
1399 1028 1569 1068 utactio
1590 1027 1785 1075 Sithone,
1806 1027 2002 1066 nonsatis
2019 1028 2083 1066 est
2109 1025 2204 1067 finis
2219 1024 2265 1066 Β
2264 1016 2284 1030 ”
2312 1047 2317 1081 2¹

170 1093 362 1133 sitionem
381 1078 766 1143 suaefprovidentiae,
788 1089 1024 1141 proesentior
1039 1094 1097 1130 est
1113 1090 1207 1130 dili·
1263 1101 1357 1135 nus,
1386 1088 1466 1128 nisi
1484 1088 1610 1128 etiam
1646 1087 1837 1137 materia,
1871 1099 1947 1127 seu
1976 1087 2199 1138 obJectum,
2224 1096 2265 1128 a·

167 1155 363 1206 minutius,
384 1153 671 1207 neyliyentibus
691 1153 814 1200 abest,
839 1155 887 1190 ut
906 1151 1006 1190 dixit
1035 1152 1206 1191 Ambro-
1262 1151 1449 1190 medium
1470 1152 1517 1190 ut
1528 1150 1787 1202 propositum
1803 1162 1900 1190 cum
1919 1149 2073 1190 talibus
2097 1149 2243 1188 circu·-
2260 1167 2266 1183 2
2290 1156 2298 1162 ”

167 1214 270 1262 sius,
296 1214 367 1253 lib.
388 1212 442 1254 9
432 1226 478 1253 ιιι
495 1214 664 1263 Lucam,
690 1225 724 1253 c.
745 1215 813 1261 ΞΟ,
837 1214 879 1253 et
903 1212 1072 1264 egregie
1099 1217 1208 1252 trac-
1259 1213 1412 1261 tantiis,
1425 1223 1505 1251 nec
1523 1224 1597 1264 per
1615 1224 1660 1252 se
1676 1212 1934 1260 malum‚nee
1948 1210 2203 1263 prohibitum
2216 1209 2268 1250 sit
2289 1247 2292 1258 A
2310 1219 2311 1222 ’

165 1279 228 1316 tat
252 1275 510 1325 Bernartius,
529 1282 667 1316 ‘ser-m.
691 1275 742 1314 56
761 1275 803 1313 in
822 1274 1003 1315 Cantica.
1036 1274 1086 1313 Et
1109 1274 1206 1313 ideo
1258 1276 1349 1314 tum
1377 1274 1503 1314 etiam
1531 1274 1628 1324 quia
1654 1274 1731 1313 sub
1761 1273 1831 1312 illa
1861 1273 2000 1324 specie
2026 1272 2127 1312 boni
2159 1274 2291 1323 pote
2315 1280 2317 1283 ·

164 1337 254 1389 qui,
275 1336 318 1377 in
334 1337 573 1388 hujusmodi
592 1335 789 1377 orationis
806 1335 1016 1383 exercitio,
1029 1334 1142 1386 quod
1159 1334 1204 1374 in
1257 1347 1343 1375 non
1362 1336 1521 1375 intendi
1538 1334 1717 1383 bonitas,
1742 1335 1817 1375 sed
1834 1334 2025 1385 impediri
2044 1333 2182 1385 potius
2208 1344 2265 1373 ιιι
2326 1358 2327 1362 ι

166 1409 215 1439 se
246 1401 309 1439 est
346 1409 442 1439 cum
471 1397 612 1438 divina
649 1398 784 1449 gratia
819 1396 1059 1446 diligentius
1099 1407 1202 1447 prae·
1261 1396 1326 1448 jor
1343 1396 1522 1446 bonitas,
1545 1409 1617 1436 seu
1638 1397 1851 1449 perfectio,
1874 1396 1938 1436 Ad
1951 1396 2031 1435 hoc
2050 1396 2150 1435 item
2170 1405 2327 1451 capu

164 1462 248 1509 tat,
277 1464 319 1500 et
343 1459 494 1500 divinis
518 1459 827 1506 vocationibus,
855 1469 948 1509 ques
967 1457 1010 1495 in
1030 1468 1080 1496 ea
1103 1456 1207 1496 dan·
1261 1459 1516 1499 reducuntur
1535 1459 1708 1498 effectus
1727 1459 1819 1498 talis
1844 1457 2105 1509 cogitationis
2129 1456 2267 1496 velm·
2320 1480 2325 1502 ι

164 1523 248 1571 tur,
270 1521 449 1562 fideliter
463 1521 687 1574 respondet
702 1551 717 1571 ,
746 1520 881 1571 magis
911 1519 1038 1560 etiam
1065 1530 1091 1559 a
1120 1519 1205 1558 Deo
1260 1520 1412 1568 tionis;
1433 1531 1531 1559 nam
1561 1520 1671 1567 finis,
1706 1521 1776 1571 qui
1805 1523 1868 1559 est
1894 1519 2055 1571 primus
2079 1518 2122 1556 in
2159 1518 2275 1556 inten
2320 1521 2326 1546 θ

164 1582 437 1632 illuminatur,
468 1587 509 1623 et
525 1583 743 1635 perfectius
763 1586 949 1621 vocatur.
1259 1581 1388 1630 tione,
1427 1585 1491 1621 est
1517 1581 1690 1621 effectus
1723 1581 1955 1621 motionum
1973 1591 2066 1631 quae
2091 1578 2145 1619 ad
2177 1579 2294 1617 illum
2317 1602 2321 1618 ι,

219 1645 285 1685 34.
319 1644 492 1695 satisfit
503 1645 597 1696 jam
614 1644 798 1684 adductis
815 1644 861 1683 in
878 1653 988 1683 num.
1010 1642 1134 1682 30.-—
1144 1643 1205 1683 Ex
1258 1643 1530 1693 ordinantur3
1549 1647 1590 1683 et
1610 1643 1798 1695 quamvis
1816 1642 2026 1682 interdum
2045 1641 2149 1680 tales
2169 1639 2274 1680 effec
2320 1653 2323 1661 ’

163 1705 231 1747 his
259 1718 362 1758 ergo
393 1707 492 1746 satis
523 1706 778 1757 intelligitur,
811 1716 886 1745 cur
917 1705 1204 1744 necessarium
1258 1709 1327 1746 tus
1346 1705 1400 1744 ab
1417 1706 1508 1756 ipso
1527 1705 1695 1744 homine
1707 1717 1791 1744 non
1811 1703 2093 1750 intendantur,
2112 1701 2210 1753 quia
2227 1713 2270 1741 v·
2290 1713 2298 1734 ι
2320 1726 2322 1730 -

163 1767 291 1808 fuerit
312 1768 359 1808 B.
383 1766 543 1820 Ignatio
562 1769 605 1807 in
631 1769 710 1807 hoc
730 1779 858 1819 opere
884 1765 1126 1818 frequenter
1144 1767 1205 1805 10-
1258 1779 1345 1808 non
1378 1771 1791 1819 praecognoscuntur,
1814 1767 1880 1806 vel
1911 1777 1996 1805 non
2034 1766 2309 1816 quaernntur

165 1829 238 1882 qui
258 1829 311 1869 de
329 1830 502 1869 internis
519 1828 906 1877 illuminationibus,
933 1828 1201 1877 motionibus,
1258 1830 1408 1870 saltem
1424 1842 1498 1881 pro
1515 1829 1585 1868 tali
1604 1834 1821 1880 tempore,
1842 1826 2113 1867 nihilominus
2132 1838 2157 1867 a
2182 1826 2298 1866 hon

165 1902 242 1931 seu
260 1890 612 1942 inspirationibus,
635 1891 733 1941 quia
753 1891 795 1929 in
811 1891 890 1929 hoo
908 1901 1035 1940 opere
1054 1891 1206 1942 agebat
1256 1892 1324 1931 vel
1358 1891 1469 1930 malo
1504 1891 1650 1942 spiritu
1682 1890 1855 1930 interius
1890 1891 2170 1942 praemovente
2200 1887 2296 1927 sin

164 1951 219 1992 de
243 1952 497 1991 instruendis
527 1952 765 1991 hominibus
792 1950 836 1990 in
868 1951 1061 1991 exercitio
1088 1951 1206 2003 spiri·
1254 1952 1385 1992 dubio
1413 1952 1700 2000 intenduntur,
1735 1951 1801 1990 vel
1831 1952 1977 1990 saltem
2014 1948 2244 2003 praevident
2293 1955 2322 1993 *:'⁴

163 2013 288 2056 tualis
305 2014 420 2062 vitae,
443 2017 483 2052 et
502 2013 694 2052 mentalis
713 2012 924 2059 orationis,
949 2024 996 2051 ac
1016 2013 1204 2052 conside·
1257 2026 1309 2054 ac
1330 2015 1648 2065 permittuntur3
1684 2014 1726 2052 et
1746 2013 1843 2051 ideo
1865 2025 1915 2052 ex
1929 2012 2009 2051 illis
2023 2017 2223 2062 tanquam
2241 2022 2294 2051 e
2282 2005 2320 2047 -“’3.

162 2075 349 2121 rationis,
365 2075 407 2113 in
431 2086 513 2125 qua
530 2074 711 2113 maxime
731 2077 982 2113 exercentur
1009 2086 1084 2113 seu
1102 2075 1205 2113 reci·
1258 2075 1463 2115 fructibus
1483 2074 1678 2128 cognosci
1706 2078 1846 2127 potest
1870 2074 2008 2129 qualis
2027 2073 2081 2114 sit
2105 2072 2176 2124 qui
2203 2083 2295 2119 mo
2306 2063 2319 2106 *7

162 2138 336 2190 piuntur
361 2134 601 2186 hujusmodi
631 2135 834 2186 impulsus
842 2146 855 2185 3
883 2147 1022 2186 neque
1050 2135 1094 2174 in
1123 2135 1206 2174 illis
1258 2141 1368 2179 veat.
2311 2146 2316 2156 ·

162 2198 353 2239 terminis
389 2195 547 2249 aliquid
566 2199 628 2235 est
642 2196 822 2243 invidiae,
846 2207 943 2235 cum
965 2200 1005 2235 et
1022 2196 1091 2235 vix
1108 2209 1206 2247 pos·
1310 2200 1381 2239 37.
1414 2196 1614 2249 Tertium,
1630 2206 1680 2239 em
1696 2200 1814 2250 parto
1828 2196 1933 2238 modi
1950 2196 2148 2239 sensibilis
2163 2194 2280 2239 inte

164 2260 247 2301 sint
272 2259 329 2298 illi
345 2262 483 2299 motus
501 2257 593 2297 aliis
612 2257 851 2296 nominibus
877 2257 1011 2309 magis
1027 2258 1206 2309 propriis
1259 2271 1401 2302 norum
1417 2265 1608 2302 motuum.
1633 2259 1879 2300 ...Tertium
1899 2263 2024 2310 eaput
2051 2261 2115 2298 est
2141 2258 2282 2299 mod

164 2320 420 2372 significari,
444 2324 486 2360 et
501 2331 554 2359 ex
574 2331 653 2359 usu
676 2319 956 2358 Conciliorum
975 2323 1018 2359 et
1037 2320 1206 2360 Patrum
1256 2321 1470 2370 motionis,
1489 2333 1589 2362 nam
1613 2321 1727 2374 quod
1743 2322 1796 2361 ud
1814 2332 1998 2373 praesens
2018 2320 2178 2369 attinet,
2212 2331 2270 2372 po
2300 2314 2316 2339 ’·“

163 2387 332 2435 sumpta
360 2383 457 2422 Sint·
491 2380 612 2428 Quod
638 2382 672 2420 Si
692 2381 823 2431 aliqui
845 2381 1025 2421 haerefici
1045 2381 1124 2420 illis
1143 2381 1205 2421 in·-
1257 2387 1338 2426 test
1357 2396 1450 2424 esse
1469 2383 1639 2436 duplex,
1660 2383 1830 2432 scilicet,
1850 2380 2069 2431 sensibilis,
2098 2381 2186 2422 sive
2205 2392 2273 2421 mz-
2311 2373 2313 2377 ’

160 2445 328 2486 terdum
353 2442 474 2484 abusi
493 2447 618 2491 sunt,
650 2442 753 2482 nihil
779 2443 861 2483 hoc
881 2443 1041 2482 veritati
1061 2448 1201 2494 nocet,
1255 2445 1338 2486 diis
1355 2446 1549 2486 sensibus
1563 2447 1759 2496 externis,
1780 2446 1866 2486 sive
1883 2457 1958 2497 per
1977 2444 2183 2486 internam
2203 2454 2263 2485 m·

162 2517 243 2546 nec
262 2505 507 2547 catholicum
533 2504 778 2556 scriptorem
798 2503 988 2557 impedit,
1010 2504 1205 2544 dummo-
1256 2506 1415 2548 tionem
1431 2507 1747 2560 phantasmatis
1766 2507 1834 2547 vel
1851 2517 2022 2547 ommno
2041 2506 2232 2546 internus
2256 2522 2266 2541 ·.
2284 2524 2288 2531 -

162 2567 218 2608 do
236 2567 452 2607 veritatem
473 2567 572 2607 satis
598 2566 653 2606 ab
674 2578 815 2606 errore
834 2566 1057 2607 discernat.
1084 2565 1203 2613 Quod
1253 2569 1495 2622 spiritualis.
1527 2569 1641 2610 Prior
1669 2569 1790 2609 facile
1824 2567 2020 2621 cognosci
2054 2570 2204 2620 potest,
2235 2564 2284 2617 ds
2306 2582 2309 2585 ·

161 2629 206 2670 in
225 2629 374 2670 eodem
393 2641 520 2681 opere
539 2640 565 2667 a
596 2628 646 2668 B.
675 2628 835 2679 Ignatio
864 2627 1085 2679 diligenter
1101 2639 1199 2679 prae·
1255 2643 1339 2683 quo
1357 2630 1638 2671 consulendus
1657 2630 1924 2678 Athanasius,
1953 2629 1999 2671 in
2033 2629 2116 2671 vita
2142 2628 2184 2669 S.
2209 2628 2260 2668 A
2304 2639 2311 2685 3*

161 2692 303 2731 stitum
330 2695 393 2731 est
417 2691 461 2730 in
486 2689 644 2743 regulis
667 2701 773 2742 quas
794 2689 964 2729 tradidit
981 2689 1036 2729 ad
1052 2689 1201 2730 discer-
1254 2692 1371 2742 tonii,
1385 2693 1492 2733 circa
1519 2692 1720 2743 medium,
1738 2690 1850 2743 apud
1868 2688 2049 2739 Surium,
2065 2687 2116 2729 Π
2132 2686 2255 2729 Janu
2282 2691 2310 2723 ἰ·

160 2753 323 2792 nendos
340 2751 521 2804 spiritus,
542 2756 629 2791 tam
645 2763 721 2803 pro
740 2750 1052 2803 incipientibus,
1071 2761 1200 2806 quam
1250 2754 1331 2805 rii3
1349 2758 1492 2793 tamen
1511 2765 1563 2794 ex
1575 2754 1647 2793 illo
1666 2753 1836 2804 praecise
1853 2763 1941 2792 non
1956 2754 2092 2803 potest
2105 2750 2219 2791 disce
2253 2766 2271 2784 ιι
2303 2781 2309 2798 ,

157 2822 235 2868 pro
255 2815 580 2867 proficientibus,
606 2814 673 2854 vel
689 2813 899 2868 perfectis,
1252 2827 1309 2856 an
1323 2816 1376 2855 sit
1388 2827 1413 2854 a
1427 2815 1537 2855 bono
1553 2815 1621 2854 vel
1634 2814 1745 2855 malo
1763 2814 1923 2867 spiritu.
1941 2811 2137 2862 Quamvis
2147 2817 2269 2855 aute
2300 2823 2301 2827 ’

214 2877 280 2916 35.
313 2877 415 2918 Tria
429 2877 566 2928 capita
582 2875 832 2917 discernendi
848 2876 1200 2918 internosmotm:
1253 2877 1334 2917 hoc
1353 2887 1500 2917 verum
1526 2875 1577 2916 sit
1596 2874 1649 2915 de
1674 2876 1832 2928 judicio
1852 2879 1966 2915 certo
1992 2877 2036 2914 et
2066 2873 2236 2917 infauibi
2265 2894 2272 2902 ι
2299 2907 2306 2911 .

159 2934 351 2995 primum,
368 2941 545 2988 exparte
565 2935 747 2978 materia»
762 2938 958 2988 ipsorum.
974 2957 1028 2967 --
1043 2937 1090 2977 In
1108 2937 1199 2990 qui·
1251 2941 1393 2978 tamen
1412 2949 1462 2976 ex
1477 2936 1558 2976 alio
1589 2935 1784 2977 movendi
1803 2935 1929 2977 modo
1958 2933 2157 2988 supponit
2183 2946 2237 2987 op
2254 2932 2265 2944 ⁶

158 2997 240 3042 llius
260 2997 362 3037 illud
381 2998 505 3036 etiam
522 2997 825 3038 advertendum
844 3000 921 3048 est,
953 2998 1035 3039 tria
1062 2998 1199 3052 capita
1250 3010 1365 3038 mam
1386 2999 1668 3051 conjecturam
1677 2999 1721 3037 B.
1735 2997 1970 3051 Ignatiusin
1987 2994 2192 3048 posterior
2217 3012 2226 3029 ·
2244 3009 2294 3029 ι

159 3060 202 3101 in
223 3059 283 3100 eis
301 3058 501 3098 insinuari
530 3058 584 3098 ad
603 3059 909 3112 dignoscendos
939 3059 1019 3100 hos
1038 3064 1194 3101 motus.
1248 3060 1404 3114 regulis
1424 3059 1476 3100 de
1498 3061 1575 3101 hac
1591 3073 1652 3110 re,
1670 3071 1758 3112 reg.
1782 3060 1823 3108 ’1,
1841 3070 1941 3099 nam
1965 3058 2176 3099 interdum
2193 3057 2269 3097 hr-¹

158 3122 298 3164 Unum
316 3123 380 3161 est
394 3132 446 3160 ex
467 3125 584 3172 parte
602 3121 768 3173 objecti,
791 3134 867 3162 seu
883 3122 1068 3163 materiae
1086 3122 1198 3164 circa
1247 3122 1420 3162 interior
1435 3122 1562 3162 motio
1578 3120 1625 3161 fit
1641 3120 1803 3174 placide
1818 3132 1867 3160 ac
1887 3119 2093 3168 suaviter,
2122 3122 2166 3162 et
2185 3130 2227 3159 c

159 3195 287 3236 quam
298 3185 664 3230 versantur;'nam,
678 3182 711 3221 si
724 3183 1196 3237 sitpeccatumaliquod,
1248 3197 1403 3237 magna
1421 3184 1548 3224 animi
1587 3183 1899 3235 tranquillitate,
1939 3181 2149 3223 interdum
2182 3190 2266 3244 ⁷⁹.

158 3244 427 3285 manifestum
443 3246 505 3283 est
523 3242 749 3294 impulsum
773 3255 865 3284 esse
884 3257 910 3284 a
927 3245 1132 3294 daemone,
1153 3249 1197 3286 et
1250 3247 1409 3291 duriter
1427 3249 1470 3287 et
1489 3246 1608 3297 quasi
1623 3246 1839 3294 violenter,
1857 3245 1900 3285 et
1917 3255 2013 3285 cum
2028 3244 2168 3295 aliqua
2185 3250 2273 3295 pe

159 3320 244 3348 non
261 3320 286 3347 a
301 3307 411 3347 bono
434 3305 607 3358 spiritu3
628 3305 661 3344 si
673 3309 813 3346 autem
828 3307 1003 3347 materia
1019 3307 1196 3348 honesta
1248 3308 1485 3349 turbatione
1508 3306 1648 3347 animi.
1667 3307 1783 3346 Tunc
1806 3317 1908 3358 ergo
1937 3305 1995 3346 ait
2015 3303 2183 3346 conside
2214 3320 2218 3337 ι·

160 3370 227 3420 sit,
249 3381 335 3408 non
353 3368 493 3409 statim
512 3370 673 3407 constat
690 3367 917 3407 motionem
934 3378 1025 3408 esse
1045 3379 1069 3408 a
1082 3369 1197 3410 bono
1246 3370 1348 3410 dam
1367 3378 1459 3410 esse
1485 3368 1769 3409 conditionem
1794 3378 1986 3419 personas
2017 3377 2111 3418 quae
2137 3372 2253 3404 mov·

160 3430 329 3483 spiritu;
363 3431 406 3470 et
442 3428 538 3469 ideo
573 3429 806 3468 evidentius
838 3433 1029 3470 constare
1058 3434 1196 3484 potest
1246 3435 1345 3480 tur3
1366 3442 1466 3471 nam
1486 3429 1520 3470 si
1539 3429 1694 3481 alioqui
1714 3439 1859 3469 curam
1882 3427 2037 3468 habeat
2051 3422 2300 3493 precationi,

158 3492 386 3544 impulsum
409 3503 500 3531 esse
521 3503 546 3530 a
563 3490 673 3530 malo
694 3491 841 3545 spiritu
859 3503 984 3544 qnam
1007 3504 1032 3532 a
1050 3492 1192 3542 hono;
1247 3492 1321 3534 di
1310 3504 1354 3532 m
1372 3493 1537 3540 virtute,
1561 3491 1629 3533 et
1618 3502 1661 3530 m
1681 3490 1880 3542 obsequio
1901 3488 2056 3535 divino,
2080 3487 2123 3526 et
2139 3494 2233 3525 sua
2263 3499 2299 3530 ι

158 3557 202 3594 ct
217 3554 298 3594 hoc
318 3551 564 3604 significavit
590 3553 776 3605 IgnatIus
794 3553 840 3592 in
870 3557 1018 3607 quarta
1048 3555 1196 3607 regula
1248 3559 1311 3596 ter
1323 3558 1528 3604 movetur,
1558 3553 1725 3606 signum
1745 3555 1809 3593 est
1827 3563 1855 3594 a
1871 3551 1983 3591 bono
2013 3546 2160 3600 spiritu
2185 3556 2246 3588 ιιι
2259 3541 2297 3585 i

159 3625 287 3667 supra
307 3614 445 3658 citata.
479 3613 599 3656 Ratio
628 3618 772 3655 autem
791 3618 869 3663 est,
907 3613 1009 3667 quia
1035 3615 1196 3656 malum
1248 3616 1370 3668 veri3
1401 3615 1439 3656 si
1458 3618 1599 3656 autem
1622 3624 1785 3667 aspere,
1804 3622 1832 3654 a
1857 3609 1983 3652 malo.
2011 3603 2047 3650 E
2068 3603 2249 3652 contra‘
2284 3624 2286 3627 v

159 3686 247 3719 non
273 3679 412 3728 potest
422 3676 532 3721 bene
553 3675 646 3717 fieri
658 3690 672 3727 3
691 3675 828 3718 bonus
860 3679 1003 3718 autem
1025 3675 1197 3730 spiritus
1247 3687 1348 3718 vero
1367 3676 1403 3718 si
1414 3685 1596 3731 persona
1613 3677 1679 3716 est
1704 3672 1752 3717 in
1768 3668 2041 3729 9660889,νώ
2054 3663 2225 3724 negti
2283 3667 2288 3677 ’

2239 3651 2294 3830 l
