<?xml version="1.0" encoding="UTF-8"?>
<!DOCTYPE html PUBLIC "-//W3C//DTD XHTML 1.0 Transitional//EN"
    "http://www.w3.org/TR/xhtml1/DTD/xhtml1-transitional.dtd">
<html xmlns="http://www.w3.org/1999/xhtml" xml:lang="en" lang="en">
 <head>
  <title>
</title>
<meta http-equiv="Content-Type" content="text/html;charset=utf-8" />
  <meta name='ocr-system' content='tesseract 3.04.00' />
  <meta name='ocr-capabilities' content='ocr_page ocr_carea ocr_par ocr_line ocrx_word'/>
</head>
<body>
  <div class='ocr_page' id='page_1' title='image "./operaomnia16suaauoft_0475.png"; bbox 0 0 2352 3880; ppageno 0'>
   <div class='ocr_carea' id='block_1_1' title="bbox 0 0 34 3880">
    <p class='ocr_par' dir='ltr' id='par_1_1' title="bbox 0 0 34 3880">
     <span class='ocr_line' id='line_1_1' title="bbox 0 0 34 3880; baseline 0 0"><span class='ocrx_word' id='word_1_1' title='bbox 0 0 34 3880; x_wconf 95' lang='lat' dir='ltr'> </span> 
     </span>
    </p>
   </div>
   <div class='ocr_carea' id='block_1_2' title="bbox 530 190 1832 228">
    <p class='ocr_par' dir='ltr' id='par_1_2' title="bbox 530 190 1832 228">
     <span class='ocr_line' id='line_1_2' title="bbox 530 190 1832 228; baseline -0.001 -1"><span class='ocrx_word' id='word_1_2' title='bbox 530 191 622 227; x_wconf 74' lang='lat' dir='ltr'>CAP.</span> <span class='ocrx_word' id='word_1_3' title='bbox 642 191 687 228; x_wconf 80' lang='lat' dir='ltr'>X.</span> <span class='ocrx_word' id='word_1_4' title='bbox 708 191 892 227; x_wconf 76' lang='lat' dir='ltr'>SATISFIT</span> <span class='ocrx_word' id='word_1_5' title='bbox 911 190 1219 228; x_wconf 70' lang='lat' dir='ltr'>omucrloNlBus</span> <span class='ocrx_word' id='word_1_6' title='bbox 1238 190 1283 227; x_wconf 78' lang='lat' dir='ltr'>m</span> <span class='ocrx_word' id='word_1_7' title='bbox 1301 191 1450 226; x_wconf 73' lang='lat' dir='ltr'><strong>GAPITE</strong></span> <span class='ocrx_word' id='word_1_8' title='bbox 1469 191 1644 227; x_wconf 65' lang='lat' dir='ltr'>summo</span> <span class='ocrx_word' id='word_1_9' title='bbox 1663 190 1832 227; x_wconf 79' lang='lat' dir='ltr'>Posrris.</span> 
     </span>
    </p>
   </div>
   <div class='ocr_carea' id='block_1_3' title="bbox 119 256 1150 433">
    <p class='ocr_par' dir='ltr' id='par_1_3' title="bbox 42 234 1150 433">
     <span class='ocr_line' id='line_1_3' title="bbox 120 256 1150 312; baseline -0.008 -9.634"><span class='ocrx_word' id='word_1_10' title='bbox 120 259 234 304; x_wconf 70' lang='lat' dir='ltr'>ulti-a</span> <span class='ocrx_word' id='word_1_11' title='bbox 259 256 465 312; x_wconf 78' lang='lat' dir='ltr'><strong>progredi.</strong></span> <span class='ocrx_word' id='word_1_12' title='bbox 494 256 775 310; x_wconf 86' lang='lat' dir='ltr'>Respondetur</span> <span class='ocrx_word' id='word_1_13' title='bbox 796 257 984 308; x_wconf 85' lang='lat' dir='ltr'>negando</span> <span class='ocrx_word' id='word_1_14' title='bbox 1013 266 1150 295; x_wconf 84' lang='lat' dir='ltr'>conse-</span> 
     </span>
     <span class='ocr_line' id='line_1_4' title="bbox 122 317 1149 377; baseline -0.005 -16"><span class='ocrx_word' id='word_1_15' title='bbox 122 320 346 377; x_wconf 82' lang='lat' dir='ltr'>quentiam,</span> <span class='ocrx_word' id='word_1_16' title='bbox 363 328 451 359; x_wconf 88' lang='lat' dir='ltr'>tum</span> <span class='ocrx_word' id='word_1_17' title='bbox 466 320 563 372; x_wconf 90' lang='lat' dir='ltr'>quia</span> <span class='ocrx_word' id='word_1_18' title='bbox 577 320 701 359; x_wconf 87' lang='lat' dir='ltr'>etiam</span> <span class='ocrx_word' id='word_1_19' title='bbox 718 322 809 370; x_wconf 90' lang='lat' dir='ltr'>post</span> <span class='ocrx_word' id='word_1_20' title='bbox 823 317 1149 358; x_wconf 81' lang='lat' dir='ltr'><strong>emendationem</strong></span> 
     </span>
     <span class='ocr_line' id='line_1_5' title="bbox 119 376 1149 433; baseline -0.008 -9"><span class='ocrx_word' id='word_1_21' title='bbox 119 381 348 424; x_wconf 85' lang='lat' dir='ltr'>necessaria</span> <span class='ocrx_word' id='word_1_22' title='bbox 383 393 469 422; x_wconf 89' lang='lat' dir='ltr'>esse</span> <span class='ocrx_word' id='word_1_23' title='bbox 503 380 605 420; x_wconf 90' lang='lat' dir='ltr'>solet</span> <span class='ocrx_word' id='word_1_24' title='bbox 635 380 895 433; x_wconf 87' lang='lat' dir='ltr'>providentia</span> <span class='ocrx_word' id='word_1_25' title='bbox 921 377 1081 420; x_wconf 81' lang='lat' dir='ltr'>Praelati</span> <span class='ocrx_word' id='word_1_26' title='bbox 1096 376 1149 416; x_wconf 86' lang='lat' dir='ltr'>ad</span> 
     </span>
    </p>
   </div>
   <div class='ocr_carea' id='block_1_4' title="bbox 120 439 1175 491">
    <p class='ocr_par' dir='ltr' id='par_1_4' title="bbox 120 439 1175 491">
     <span class='ocr_line' id='line_1_6' title="bbox 120 439 1175 491; baseline -0.003 -7"><span class='ocrx_word' id='word_1_27' title='bbox 120 443 317 484; x_wconf 81' lang='lat' dir='ltr'>tollendas</span> <span class='ocrx_word' id='word_1_28' title='bbox 348 442 576 483; x_wconf 78' lang='lat' dir='ltr'>occasiones</span> <span class='ocrx_word' id='word_1_29' title='bbox 605 441 648 481; x_wconf 88' lang='lat' dir='ltr'>in</span> <span class='ocrx_word' id='word_1_30' title='bbox 682 442 885 491; x_wconf 75' lang='lat' dir='ltr'>futurum3</span> <span class='ocrx_word' id='word_1_31' title='bbox 907 445 998 480; x_wconf 90' lang='lat' dir='ltr'>tum</span> <span class='ocrx_word' id='word_1_32' title='bbox 1026 439 1175 481; x_wconf 83' lang='lat' dir='ltr'>etiam.</span> 
     </span>
    </p>
   </div>
   <div class='ocr_carea' id='block_1_5' title="bbox 59 502 1160 3502">
    <p class='ocr_par' dir='ltr' id='par_1_5' title="bbox 59 502 1150 2077">
     <span class='ocr_line' id='line_1_7' title="bbox 119 502 1149 558; baseline -0.004 -13"><span class='ocrx_word' id='word_1_33' title='bbox 119 505 217 558; x_wconf 75' lang='lat' dir='ltr'>quia</span> <span class='ocrx_word' id='word_1_34' title='bbox 247 517 341 544; x_wconf 85' lang='lat' dir='ltr'>raro</span> <span class='ocrx_word' id='word_1_35' title='bbox 367 516 582 557; x_wconf 90' lang='lat' dir='ltr'>possumus</span> <span class='ocrx_word' id='word_1_36' title='bbox 603 502 704 543; x_wconf 89' lang='lat' dir='ltr'>adeo</span> <span class='ocrx_word' id='word_1_37' title='bbox 733 503 936 542; x_wconf 90' lang='lat' dir='ltr'>confidere</span> <span class='ocrx_word' id='word_1_38' title='bbox 970 503 1021 542; x_wconf 91' lang='lat' dir='ltr'>de</span> <span class='ocrx_word' id='word_1_39' title='bbox 1047 512 1149 554; x_wconf 82' lang='lat' dir='ltr'>prae-</span> 
     </span>
     <span class='ocr_line' id='line_1_8' title="bbox 117 564 1150 619; baseline -0.005 -12"><span class='ocrx_word' id='word_1_40' title='bbox 117 567 223 607; x_wconf 82' lang='lat' dir='ltr'><strong>senti</strong></span> <span class='ocrx_word' id='word_1_41' title='bbox 242 567 462 619; x_wconf 88' lang='lat' dir='ltr'>proposito,</span> <span class='ocrx_word' id='word_1_42' title='bbox 482 570 554 605; x_wconf 89' lang='lat' dir='ltr'>aut</span> <span class='ocrx_word' id='word_1_43' title='bbox 573 564 801 603; x_wconf 83' lang='lat' dir='ltr'>ostensione</span> <span class='ocrx_word' id='word_1_44' title='bbox 823 565 1088 616; x_wconf 64' lang='lat' dir='ltr'>poenitentiae,</span> <span class='ocrx_word' id='word_1_45' title='bbox 1101 566 1150 602; x_wconf 88' lang='lat' dir='ltr'>ut</span> 
     </span>
     <span class='ocr_line' id='line_1_9' title="bbox 115 624 1149 681; baseline -0.005 -13"><span class='ocrx_word' id='word_1_46' title='bbox 115 632 282 681; x_wconf 87' lang='lat' dir='ltr'>propter</span> <span class='ocrx_word' id='word_1_47' title='bbox 298 639 516 667; x_wconf 88' lang='lat' dir='ltr'>commune</span> <span class='ocrx_word' id='word_1_48' title='bbox 532 626 702 671; x_wconf 90' lang='lat' dir='ltr'>bonum,</span> <span class='ocrx_word' id='word_1_49' title='bbox 720 629 760 664; x_wconf 87' lang='lat' dir='ltr'>et</span> <span class='ocrx_word' id='word_1_50' title='bbox 780 627 979 676; x_wconf 88' lang='lat' dir='ltr'>majorem</span> <span class='ocrx_word' id='word_1_51' title='bbox 997 624 1149 677; x_wconf 85' lang='lat' dir='ltr'>profec-</span> 
     </span>
     <span class='ocr_line' id='line_1_10' title="bbox 115 687 1148 741; baseline -0.004 -13"><span class='ocrx_word' id='word_1_52' title='bbox 115 692 207 729; x_wconf 89' lang='lat' dir='ltr'>tum</span> <span class='ocrx_word' id='word_1_53' title='bbox 239 690 366 741; x_wconf 89' lang='lat' dir='ltr'>ipsius</span> <span class='ocrx_word' id='word_1_54' title='bbox 394 688 558 736; x_wconf 89' lang='lat' dir='ltr'>fratris,</span> <span class='ocrx_word' id='word_1_55' title='bbox 579 699 663 725; x_wconf 89' lang='lat' dir='ltr'>non</span> <span class='ocrx_word' id='word_1_56' title='bbox 683 687 735 725; x_wconf 88' lang='lat' dir='ltr'>sit</span> <span class='ocrx_word' id='word_1_57' title='bbox 754 687 895 726; x_wconf 89' lang='lat' dir='ltr'>saltem</span> <span class='ocrx_word' id='word_1_58' title='bbox 934 687 1078 726; x_wconf 89' lang='lat' dir='ltr'>melius</span> <span class='ocrx_word' id='word_1_59' title='bbox 1106 689 1148 727; x_wconf 89' lang='lat' dir='ltr'>et</span> 
     </span>
     <span class='ocr_line' id='line_1_11' title="bbox 59 748 1148 805; baseline -0.002 -17"><span class='ocrx_word' id='word_1_60' title='bbox 59 802 62 805; x_wconf 18' lang='grc' dir='ltr'><strong>Δ</strong></span> <span class='ocrx_word' id='word_1_61' title='bbox 114 749 257 789; x_wconf 87' lang='lat' dir='ltr'>utilius</span> <span class='ocrx_word' id='word_1_62' title='bbox 279 762 367 789; x_wconf 90' lang='lat' dir='ltr'>rem</span> <span class='ocrx_word' id='word_1_63' title='bbox 398 752 527 787; x_wconf 91' lang='lat' dir='ltr'>totam</span> <span class='ocrx_word' id='word_1_64' title='bbox 559 748 610 787; x_wconf 87' lang='lat' dir='ltr'>ad</span> <span class='ocrx_word' id='word_1_65' title='bbox 638 748 859 788; x_wconf 81' lang='lat' dir='ltr'>Praelatum</span> <span class='ocrx_word' id='word_1_66' title='bbox 889 748 1071 798; x_wconf 88' lang='lat' dir='ltr'>deferre,</span> <span class='ocrx_word' id='word_1_67' title='bbox 1101 750 1148 787; x_wconf 88' lang='lat' dir='ltr'>ut</span> 
     </span>
     <span class='ocr_line' id='line_1_12' title="bbox 114 809 1144 862; baseline -0.001 -12"><span class='ocrx_word' id='word_1_68' title='bbox 114 811 239 850; x_wconf 89' lang='lat' dir='ltr'>etiam</span> <span class='ocrx_word' id='word_1_69' title='bbox 259 811 303 850; x_wconf 91' lang='lat' dir='ltr'>in</span> <span class='ocrx_word' id='word_1_70' title='bbox 321 810 422 862; x_wconf 88' lang='lat' dir='ltr'>disp.</span> <span class='ocrx_word' id='word_1_71' title='bbox 437 811 477 858; x_wconf 88' lang='lat'>8,</span> <span class='ocrx_word' id='word_1_72' title='bbox 492 809 542 849; x_wconf 92' lang='lat' dir='ltr'>de</span> <span class='ocrx_word' id='word_1_73' title='bbox 556 810 775 859; x_wconf 88' lang='lat' dir='ltr'>Charitate,</span> <span class='ocrx_word' id='word_1_74' title='bbox 794 814 888 849; x_wconf 89' lang='lat' dir='ltr'>sect.</span> <span class='ocrx_word' id='word_1_75' title='bbox 910 811 950 855; x_wconf 85' lang='lat'>6,</span> <span class='ocrx_word' id='word_1_76' title='bbox 970 822 997 849; x_wconf 88' lang='lat' dir='ltr'>a</span> <span class='ocrx_word' id='word_1_77' title='bbox 1013 822 1057 849; x_wconf 86' lang='lat' dir='ltr'>n.</span> <span class='ocrx_word' id='word_1_78' title='bbox 1078 809 1144 857; x_wconf 77' lang='lat'>11,</span> 
     </span>
     <span class='ocr_line' id='line_1_13' title="bbox 114 871 1143 920; baseline -0.001 -9"><span class='ocrx_word' id='word_1_79' title='bbox 114 872 373 912; x_wconf 82' lang='lat' dir='ltr'>tradidimus.</span> <span class='ocrx_word' id='word_1_80' title='bbox 410 871 525 919; x_wconf 92' lang='lat' dir='ltr'>Quod</span> <span class='ocrx_word' id='word_1_81' title='bbox 559 871 654 910; x_wconf 88' lang='lat' dir='ltr'>inde</span> <span class='ocrx_word' id='word_1_82' title='bbox 697 872 823 911; x_wconf 86' lang='lat' dir='ltr'>etiam</span> <span class='ocrx_word' id='word_1_83' title='bbox 853 871 1118 910; x_wconf 88' lang='lat' dir='ltr'>confirmatur</span> <span class='ocrx_word' id='word_1_84' title='bbox 1129 880 1143 920; x_wconf 81' lang='lat'>3</span> 
     </span>
     <span class='ocr_line' id='line_1_14' title="bbox 114 933 1146 985; baseline -0.003 -11"><span class='ocrx_word' id='word_1_85' title='bbox 114 946 213 974; x_wconf 90' lang='lat' dir='ltr'>nam</span> <span class='ocrx_word' id='word_1_86' title='bbox 244 945 295 973; x_wconf 85' lang='lat' dir='ltr'>ex</span> <span class='ocrx_word' id='word_1_87' title='bbox 324 934 527 973; x_wconf 89' lang='lat' dir='ltr'>sententia</span> <span class='ocrx_word' id='word_1_88' title='bbox 561 937 797 972; x_wconf 89' lang='lat' dir='ltr'>sanctorum</span> <span class='ocrx_word' id='word_1_89' title='bbox 827 933 1018 982; x_wconf 90' lang='lat' dir='ltr'>Patrum‚</span> <span class='ocrx_word' id='word_1_90' title='bbox 1047 943 1146 985; x_wconf 90' lang='lat' dir='ltr'>quos</span> 
     </span>
     <span class='ocr_line' id='line_1_15' title="bbox 114 995 1147 1047; baseline -0.002 -13"><span class='ocrx_word' id='word_1_91' title='bbox 114 1007 252 1047; x_wconf 90' lang='lat' dir='ltr'>supra,</span> <span class='ocrx_word' id='word_1_92' title='bbox 271 1006 360 1046; x_wconf 85' lang='lat' dir='ltr'>cap.</span> <span class='ocrx_word' id='word_1_93' title='bbox 384 996 424 1042; x_wconf 91' lang='lat'>6,</span> <span class='ocrx_word' id='word_1_94' title='bbox 446 1007 472 1034; x_wconf 92' lang='lat' dir='ltr'>a</span> <span class='ocrx_word' id='word_1_95' title='bbox 492 1007 534 1035; x_wconf 89' lang='lat' dir='ltr'>n.</span> <span class='ocrx_word' id='word_1_96' title='bbox 554 996 595 1043; x_wconf 78' lang='lat'>4,</span> <span class='ocrx_word' id='word_1_97' title='bbox 620 995 756 1043; x_wconf 86' lang='lat' dir='ltr'>retuli,</span> <span class='ocrx_word' id='word_1_98' title='bbox 777 995 1056 1046; x_wconf 87' lang='lat' dir='ltr'>unusquisque</span> <span class='ocrx_word' id='word_1_99' title='bbox 1083 1005 1147 1033; x_wconf 88' lang='lat' dir='ltr'>re-</span> 
     </span>
     <span class='ocr_line' id='line_1_16' title="bbox 113 1054 1146 1108; baseline -0.003 -12"><span class='ocrx_word' id='word_1_100' title='bbox 113 1056 283 1108; x_wconf 85' lang='lat' dir='ltr'>ligiosus</span> <span class='ocrx_word' id='word_1_101' title='bbox 301 1056 422 1096; x_wconf 86' lang='lat' dir='ltr'>debet</span> <span class='ocrx_word' id='word_1_102' title='bbox 440 1061 591 1096; x_wconf 91' lang='lat' dir='ltr'>statum</span> <span class='ocrx_word' id='word_1_103' title='bbox 611 1057 867 1096; x_wconf 84' lang='lat' dir='ltr'>conscientiae</span> <span class='ocrx_word' id='word_1_104' title='bbox 889 1067 972 1095; x_wconf 82' lang='lat' dir='ltr'>suae</span> <span class='ocrx_word' id='word_1_105' title='bbox 1001 1054 1146 1094; x_wconf 86' lang='lat' dir='ltr'>Praela-</span> 
     </span>
     <span class='ocr_line' id='line_1_17' title="bbox 113 1115 1147 1170; baseline -0.003 -12"><span class='ocrx_word' id='word_1_106' title='bbox 113 1122 156 1158; x_wconf 91' lang='lat' dir='ltr'>to</span> <span class='ocrx_word' id='word_1_107' title='bbox 185 1118 365 1170; x_wconf 88' lang='lat' dir='ltr'>aperire,</span> <span class='ocrx_word' id='word_1_108' title='bbox 394 1122 441 1157; x_wconf 90' lang='lat' dir='ltr'>ut</span> <span class='ocrx_word' id='word_1_109' title='bbox 471 1118 522 1158; x_wconf 90' lang='lat' dir='ltr'>ab</span> <span class='ocrx_word' id='word_1_110' title='bbox 554 1131 602 1158; x_wconf 90' lang='lat' dir='ltr'>eo</span> <span class='ocrx_word' id='word_1_111' title='bbox 621 1118 768 1157; x_wconf 91' lang='lat' dir='ltr'>melius</span> <span class='ocrx_word' id='word_1_112' title='bbox 799 1117 1016 1168; x_wconf 81' lang='lat' dir='ltr'>dirigatur,</span> <span class='ocrx_word' id='word_1_113' title='bbox 1038 1115 1147 1168; x_wconf 89' lang='lat' dir='ltr'>quod</span> 
     </span>
     <span class='ocr_line' id='line_1_18' title="bbox 113 1178 1146 1230; baseline -0.001 -12"><span class='ocrx_word' id='word_1_114' title='bbox 113 1179 279 1230; x_wconf 82' lang='lat' dir='ltr'>siguum</span> <span class='ocrx_word' id='word_1_115' title='bbox 299 1185 358 1219; x_wconf 89' lang='lat' dir='ltr'>est</span> <span class='ocrx_word' id='word_1_116' title='bbox 378 1179 492 1219; x_wconf 88' lang='lat' dir='ltr'>illam</span> <span class='ocrx_word' id='word_1_117' title='bbox 523 1180 713 1218; x_wconf 84' lang='lat' dir='ltr'>notitiam</span> <span class='ocrx_word' id='word_1_118' title='bbox 741 1178 850 1230; x_wconf 85' lang='lat' dir='ltr'>apud</span> <span class='ocrx_word' id='word_1_119' title='bbox 886 1178 1146 1229; x_wconf 74' lang='lat' dir='ltr'>Superiorem</span> 
     </span>
     <span class='ocr_line' id='line_1_19' title="bbox 112 1239 1148 1292; baseline -0.002 -12"><span class='ocrx_word' id='word_1_120' title='bbox 112 1252 196 1280; x_wconf 92' lang='lat' dir='ltr'>non</span> <span class='ocrx_word' id='word_1_121' title='bbox 231 1241 413 1292; x_wconf 89' lang='lat' dir='ltr'>reputari</span> <span class='ocrx_word' id='word_1_122' title='bbox 449 1241 664 1280; x_wconf 88' lang='lat' dir='ltr'>infamiam</span> <span class='ocrx_word' id='word_1_123' title='bbox 697 1239 804 1279; x_wconf 88' lang='lat' dir='ltr'>tanti</span> <span class='ocrx_word' id='word_1_124' title='bbox 834 1239 1062 1287; x_wconf 88' lang='lat' dir='ltr'>momenti,</span> <span class='ocrx_word' id='word_1_125' title='bbox 1102 1243 1148 1279; x_wconf 89' lang='lat' dir='ltr'>ut</span> 
     </span>
     <span class='ocr_line' id='line_1_20' title="bbox 111 1300 1146 1354; baseline 0 -13"><span class='ocrx_word' id='word_1_126' title='bbox 111 1306 278 1354; x_wconf 88' lang='lat' dir='ltr'>propter</span> <span class='ocrx_word' id='word_1_127' title='bbox 294 1303 548 1354; x_wconf 88' lang='lat' dir='ltr'>spiritualem</span> <span class='ocrx_word' id='word_1_128' title='bbox 565 1301 829 1342; x_wconf 88' lang='lat' dir='ltr'>directionem</span> <span class='ocrx_word' id='word_1_129' title='bbox 847 1300 1146 1341; x_wconf 86' lang='lat' dir='ltr'>contemnenda</span> 
     </span>
     <span class='ocr_line' id='line_1_21' title="bbox 111 1362 1146 1414; baseline -0.001 -13"><span class='ocrx_word' id='word_1_130' title='bbox 111 1375 196 1403; x_wconf 91' lang='lat' dir='ltr'>non</span> <span class='ocrx_word' id='word_1_131' title='bbox 224 1364 298 1412; x_wconf 84' lang='lat' dir='ltr'>sit3</span> <span class='ocrx_word' id='word_1_132' title='bbox 325 1364 470 1403; x_wconf 87' lang='lat' dir='ltr'>merito</span> <span class='ocrx_word' id='word_1_133' title='bbox 493 1376 590 1414; x_wconf 85' lang='lat' dir='ltr'>ergo</span> <span class='ocrx_word' id='word_1_134' title='bbox 614 1363 659 1402; x_wconf 90' lang='lat' dir='ltr'>in</span> <span class='ocrx_word' id='word_1_135' title='bbox 685 1362 877 1414; x_wconf 83' lang='lat' dir='ltr'>praedicto</span> <span class='ocrx_word' id='word_1_136' title='bbox 901 1374 1011 1411; x_wconf 91' lang='lat' dir='ltr'>casu,</span> <span class='ocrx_word' id='word_1_137' title='bbox 1039 1373 1146 1401; x_wconf 90' lang='lat' dir='ltr'>unus</span> 
     </span>
     <span class='ocr_line' id='line_1_22' title="bbox 110 1423 1145 1471; baseline -0.001 -8"><span class='ocrx_word' id='word_1_138' title='bbox 110 1423 238 1463; x_wconf 86' lang='lat' dir='ltr'>frater</span> <span class='ocrx_word' id='word_1_139' title='bbox 257 1424 385 1463; x_wconf 90' lang='lat' dir='ltr'>alium</span> <span class='ocrx_word' id='word_1_140' title='bbox 406 1424 580 1471; x_wconf 82' lang='lat' dir='ltr'>inducit,</span> <span class='ocrx_word' id='word_1_141' title='bbox 599 1427 645 1463; x_wconf 89' lang='lat' dir='ltr'>ut</span> <span class='ocrx_word' id='word_1_142' title='bbox 663 1427 749 1463; x_wconf 86' lang='lat' dir='ltr'>tota</span> <span class='ocrx_word' id='word_1_143' title='bbox 770 1436 834 1463; x_wconf 89' lang='lat' dir='ltr'>res</span> <span class='ocrx_word' id='word_1_144' title='bbox 853 1423 904 1462; x_wconf 89' lang='lat' dir='ltr'>ad</span> <span class='ocrx_word' id='word_1_145' title='bbox 923 1423 1145 1463; x_wconf 82' lang='lat' dir='ltr'>Praelatum</span> 
     </span>
     <span class='ocr_line' id='line_1_23' title="bbox 111 1485 1142 1537; baseline -0.003 -12"><span class='ocrx_word' id='word_1_146' title='bbox 111 1485 320 1525; x_wconf 83' lang='lat' dir='ltr'>deferatur</span> <span class='ocrx_word' id='word_1_147' title='bbox 335 1515 346 1534; x_wconf 87' lang='lat'>,</span> <span class='ocrx_word' id='word_1_148' title='bbox 376 1489 418 1525; x_wconf 90' lang='lat' dir='ltr'>et</span> <span class='ocrx_word' id='word_1_149' title='bbox 446 1489 545 1525; x_wconf 91' lang='lat' dir='ltr'>tunc</span> <span class='ocrx_word' id='word_1_150' title='bbox 562 1485 596 1525; x_wconf 90' lang='lat' dir='ltr'>si</span> <span class='ocrx_word' id='word_1_151' title='bbox 618 1485 861 1537; x_wconf 87' lang='lat' dir='ltr'>delinquens</span> <span class='ocrx_word' id='word_1_152' title='bbox 878 1485 1142 1534; x_wconf 81' lang='lat' dir='ltr'>consenserit,</span> 
     </span>
     <span class='ocr_line' id='line_1_24' title="bbox 110 1545 1145 1600; baseline -0.001 -14"><span class='ocrx_word' id='word_1_153' title='bbox 110 1547 325 1598; x_wconf 84' lang='lat' dir='ltr'>negotium</span> <span class='ocrx_word' id='word_1_154' title='bbox 359 1547 434 1597; x_wconf 90' lang='lat' dir='ltr'>(ut</span> <span class='ocrx_word' id='word_1_155' title='bbox 469 1545 576 1600; x_wconf 85' lang='lat' dir='ltr'>dixi)</span> <span class='ocrx_word' id='word_1_156' title='bbox 603 1547 769 1586; x_wconf 85' lang='lat' dir='ltr'>suavius</span> <span class='ocrx_word' id='word_1_157' title='bbox 799 1550 841 1586; x_wconf 91' lang='lat' dir='ltr'>et</span> <span class='ocrx_word' id='word_1_158' title='bbox 870 1558 962 1585; x_wconf 89' lang='lat' dir='ltr'>cum</span> <span class='ocrx_word' id='word_1_159' title='bbox 998 1546 1145 1597; x_wconf 87' lang='lat' dir='ltr'>majori</span> 
     </span>
     <span class='ocr_line' id='line_1_25' title="bbox 111 1608 1143 1659; baseline -0.003 -10"><span class='ocrx_word' id='word_1_160' title='bbox 111 1608 249 1649; x_wconf 74' lang='lat' dir='ltr'>fructu</span> <span class='ocrx_word' id='word_1_161' title='bbox 279 1609 552 1659; x_wconf 81' lang='lat' dir='ltr'>transigetur3</span> <span class='ocrx_word' id='word_1_162' title='bbox 587 1608 622 1648; x_wconf 89' lang='lat' dir='ltr'>si</span> <span class='ocrx_word' id='word_1_163' title='bbox 654 1611 793 1647; x_wconf 87' lang='lat' dir='ltr'>autem</span> <span class='ocrx_word' id='word_1_164' title='bbox 824 1608 1143 1659; x_wconf 83' lang='lat' dir='ltr'>repugnaverit,</span> 
     </span>
     <span class='ocr_line' id='line_1_26' title="bbox 112 1668 1145 1721; baseline -0.002 -11"><span class='ocrx_word' id='word_1_165' title='bbox 112 1670 191 1710; x_wconf 88' lang='lat' dir='ltr'>erit</span> <span class='ocrx_word' id='word_1_166' title='bbox 208 1669 545 1709; x_wconf 82' lang='lat' dir='ltr'>irrationabiliter</span> <span class='ocrx_word' id='word_1_167' title='bbox 567 1669 745 1719; x_wconf 89' lang='lat' dir='ltr'>invitus,</span> <span class='ocrx_word' id='word_1_168' title='bbox 775 1672 816 1710; x_wconf 90' lang='lat' dir='ltr'>et</span> <span class='ocrx_word' id='word_1_169' title='bbox 833 1681 882 1709; x_wconf 90' lang='lat' dir='ltr'>eo</span> <span class='ocrx_word' id='word_1_170' title='bbox 901 1669 989 1721; x_wconf 90' lang='lat' dir='ltr'>ipso</span> <span class='ocrx_word' id='word_1_171' title='bbox 1008 1668 1145 1708; x_wconf 91' lang='lat' dir='ltr'>timeri</span> 
     </span>
     <span class='ocr_line' id='line_1_27' title="bbox 112 1731 1146 1784; baseline -0.001 -13"><span class='ocrx_word' id='word_1_172' title='bbox 112 1735 246 1784; x_wconf 89' lang='lat' dir='ltr'>potest</span> <span class='ocrx_word' id='word_1_173' title='bbox 264 1731 315 1771; x_wconf 90' lang='lat' dir='ltr'>de</span> <span class='ocrx_word' id='word_1_174' title='bbox 335 1731 445 1770; x_wconf 89' lang='lat' dir='ltr'>illius</span> <span class='ocrx_word' id='word_1_175' title='bbox 460 1731 613 1770; x_wconf 87' lang='lat' dir='ltr'>efficaci</span> <span class='ocrx_word' id='word_1_176' title='bbox 631 1731 873 1782; x_wconf 80' lang='lat' dir='ltr'>poenitentia</span> <span class='ocrx_word' id='word_1_177' title='bbox 887 1735 928 1770; x_wconf 89' lang='lat' dir='ltr'>et</span> <span class='ocrx_word' id='word_1_178' title='bbox 942 1731 1146 1770; x_wconf 77' lang='lat' dir='ltr'>constanti</span> 
     </span>
     <span class='ocr_line' id='line_1_28' title="bbox 114 1792 1144 1844; baseline -0.003 -11"><span class='ocrx_word' id='word_1_179' title='bbox 114 1793 422 1841; x_wconf 87' lang='lat' dir='ltr'>emendatione,</span> <span class='ocrx_word' id='word_1_180' title='bbox 455 1793 698 1844; x_wconf 82' lang='lat' dir='ltr'>regulariter</span> <span class='ocrx_word' id='word_1_181' title='bbox 726 1792 944 1844; x_wconf 90' lang='lat' dir='ltr'>loquendo,</span> <span class='ocrx_word' id='word_1_182' title='bbox 973 1796 1020 1830; x_wconf 88' lang='lat' dir='ltr'>ut</span> <span class='ocrx_word' id='word_1_183' title='bbox 1042 1792 1144 1840; x_wconf 82' lang='lat' dir='ltr'>dixi,</span> 
     </span>
     <span class='ocr_line' id='line_1_29' title="bbox 113 1853 1147 1906; baseline 0 -13"><span class='ocrx_word' id='word_1_184' title='bbox 113 1854 213 1906; x_wconf 88' lang='lat' dir='ltr'>quia</span> <span class='ocrx_word' id='word_1_185' title='bbox 229 1855 274 1893; x_wconf 89' lang='lat' dir='ltr'>in</span> <span class='ocrx_word' id='word_1_186' title='bbox 293 1853 506 1892; x_wconf 89' lang='lat' dir='ltr'>individuo</span> <span class='ocrx_word' id='word_1_187' title='bbox 526 1853 747 1904; x_wconf 88' lang='lat' dir='ltr'>aliquando</span> <span class='ocrx_word' id='word_1_188' title='bbox 775 1857 816 1892; x_wconf 89' lang='lat' dir='ltr'>et</span> <span class='ocrx_word' id='word_1_189' title='bbox 845 1853 1050 1892; x_wconf 85' lang='lat' dir='ltr'>rarissime</span> <span class='ocrx_word' id='word_1_190' title='bbox 1077 1853 1147 1893; x_wconf 87' lang='lat' dir='ltr'>de-</span> 
     </span>
     <span class='ocr_line' id='line_1_30' title="bbox 113 1913 1148 1965; baseline 0 -11"><span class='ocrx_word' id='word_1_191' title='bbox 113 1926 279 1954; x_wconf 83' lang='lat' dir='ltr'>currere</span> <span class='ocrx_word' id='word_1_192' title='bbox 297 1918 467 1965; x_wconf 86' lang='lat' dir='ltr'>possunt</span> <span class='ocrx_word' id='word_1_193' title='bbox 494 1914 672 1953; x_wconf 82' lang='lat' dir='ltr'>rationes</span> <span class='ocrx_word' id='word_1_194' title='bbox 698 1917 739 1953; x_wconf 93' lang='lat' dir='ltr'>et</span> <span class='ocrx_word' id='word_1_195' title='bbox 765 1913 917 1954; x_wconf 86' lang='lat' dir='ltr'>indicia</span> <span class='ocrx_word' id='word_1_196' title='bbox 941 1926 1033 1965; x_wconf 84' lang='lat' dir='ltr'>quae</span> <span class='ocrx_word' id='word_1_197' title='bbox 1052 1926 1148 1954; x_wconf 90' lang='lat' dir='ltr'>con·</span> 
     </span>
     <span class='ocr_line' id='line_1_31' title="bbox 113 1973 1148 2028; baseline -0.002 -12"><span class='ocrx_word' id='word_1_198' title='bbox 113 1977 286 2016; x_wconf 77' lang='lat' dir='ltr'>&#39;crarium</span> <span class='ocrx_word' id='word_1_199' title='bbox 305 1975 589 2027; x_wconf 82' lang='lat' dir='ltr'>persuadeant,</span> <span class='ocrx_word' id='word_1_200' title='bbox 605 1974 713 2017; x_wconf 80' lang='lat' dir='ltr'>utin</span> <span class='ocrx_word' id='word_1_201' title='bbox 727 1973 811 2015; x_wconf 87' lang='lat' dir='ltr'>fine</span> <span class='ocrx_word' id='word_1_202' title='bbox 830 1974 975 2028; x_wconf 88' lang='lat' dir='ltr'>capitis</span> <span class='ocrx_word' id='word_1_203' title='bbox 992 1986 1148 2027; x_wconf 86' lang='lat' dir='ltr'>praece·</span> 
     </span>
     <span class='ocr_line' id='line_1_32' title="bbox 114 2037 531 2077; baseline -0.002 0"><span class='ocrx_word' id='word_1_204' title='bbox 114 2037 249 2077; x_wconf 85' lang='lat' dir='ltr'>dentis</span> <span class='ocrx_word' id='word_1_205' title='bbox 267 2037 531 2076; x_wconf 83' lang='lat' dir='ltr'>advertimus.</span> 
     </span>
    </p>

    <p class='ocr_par' dir='ltr' id='par_1_6' title="bbox 90 2097 1160 3502">
     <span class='ocr_line' id='line_1_33' title="bbox 165 2097 1146 2152; baseline 0 -12"><span class='ocrx_word' id='word_1_206' title='bbox 165 2099 234 2140; x_wconf 78' lang='lat'>13.</span> <span class='ocrx_word' id='word_1_207' title='bbox 245 2099 416 2140; x_wconf 81' lang='lat' dir='ltr'>Primus</span> <span class='ocrx_word' id='word_1_208' title='bbox 427 2109 634 2152; x_wconf 75' lang='lat' dir='ltr'>processus</span> <span class='ocrx_word' id='word_1_209' title='bbox 644 2109 757 2152; x_wconf 80' lang='lat' dir='ltr'>quem</span> <span class='ocrx_word' id='word_1_210' title='bbox 771 2097 912 2141; x_wconf 76' lang='lat' dir='ltr'>tenebit</span> <span class='ocrx_word' id='word_1_211' title='bbox 923 2098 1146 2149; x_wconf 79' lang='lat' dir='ltr'>ProeZatus,</span> 
     </span>
     <span class='ocr_line' id='line_1_34' title="bbox 115 2160 1148 2212; baseline 0 -11"><span class='ocrx_word' id='word_1_212' title='bbox 115 2171 203 2202; x_wconf 87' lang='lat' dir='ltr'>cum</span> <span class='ocrx_word' id='word_1_213' title='bbox 233 2161 389 2201; x_wconf 65' lang='lat' dir='ltr'>subdito</span> <span class='ocrx_word' id='word_1_214' title='bbox 416 2160 495 2201; x_wconf 78' lang='lat' dir='ltr'>sibi</span> <span class='ocrx_word' id='word_1_215' title='bbox 515 2165 682 2212; x_wconf 78' lang='lat' dir='ltr'>paterne</span> <span class='ocrx_word' id='word_1_216' title='bbox 705 2161 846 2202; x_wconf 80' lang='lat' dir='ltr'>delate.</span> <span class='ocrx_word' id='word_1_217' title='bbox 865 2160 1024 2201; x_wconf 88' lang='lat' dir='ltr'>-Jam</span> <span class='ocrx_word' id='word_1_218' title='bbox 1048 2173 1148 2201; x_wconf 88' lang='lat' dir='ltr'>vero</span> 
     </span>
     <span class='ocr_line' id='line_1_35' title="bbox 115 2223 1150 2277; baseline -0.001 -13"><span class='ocrx_word' id='word_1_219' title='bbox 115 2228 296 2277; x_wconf 85' lang='lat' dir='ltr'>superest</span> <span class='ocrx_word' id='word_1_220' title='bbox 321 2224 617 2275; x_wconf 84' lang='lat' dir='ltr'>inquirendum</span> <span class='ocrx_word' id='word_1_221' title='bbox 645 2223 743 2275; x_wconf 88' lang='lat' dir='ltr'>quid</span> <span class='ocrx_word' id='word_1_222' title='bbox 774 2224 904 2277; x_wconf 84' lang='lat' dir='ltr'>possit</span> <span class='ocrx_word' id='word_1_223' title='bbox 926 2235 973 2264; x_wconf 88' lang='lat' dir='ltr'>ac</span> <span class='ocrx_word' id='word_1_224' title='bbox 1001 2223 1150 2263; x_wconf 89' lang='lat' dir='ltr'>debeat</span> 
     </span>
     <span class='ocr_line' id='line_1_36' title="bbox 115 2285 1147 2337; baseline 0 -11"><span class='ocrx_word' id='word_1_225' title='bbox 115 2285 309 2326; x_wconf 82' lang='lat' dir='ltr'>Praelatus</span> <span class='ocrx_word' id='word_1_226' title='bbox 328 2297 422 2325; x_wconf 90' lang='lat' dir='ltr'>cum</span> <span class='ocrx_word' id='word_1_227' title='bbox 441 2285 603 2325; x_wconf 88' lang='lat' dir='ltr'>subdito</span> <span class='ocrx_word' id='word_1_228' title='bbox 623 2297 771 2336; x_wconf 81' lang='lat' dir='ltr'>agere,</span> <span class='ocrx_word' id='word_1_229' title='bbox 794 2290 1009 2337; x_wconf 87' lang='lat' dir='ltr'>postquam</span> <span class='ocrx_word' id='word_1_230' title='bbox 1034 2285 1147 2326; x_wconf 90' lang='lat' dir='ltr'>illius</span> 
     </span>
     <span class='ocr_line' id='line_1_37' title="bbox 116 2346 1147 2400; baseline 0 -13"><span class='ocrx_word' id='word_1_231' title='bbox 116 2348 278 2400; x_wconf 90' lang='lat' dir='ltr'>lapsum</span> <span class='ocrx_word' id='word_1_232' title='bbox 310 2359 384 2398; x_wconf 89' lang='lat' dir='ltr'>per</span> <span class='ocrx_word' id='word_1_233' title='bbox 411 2347 519 2387; x_wconf 89' lang='lat' dir='ltr'>hanc</span> <span class='ocrx_word' id='word_1_234' title='bbox 545 2351 761 2399; x_wconf 87' lang='lat' dir='ltr'>paternam</span> <span class='ocrx_word' id='word_1_235' title='bbox 788 2346 1147 2387; x_wconf 83' lang='lat' dir='ltr'>denuntiationem</span> 
     </span>
     <span class='ocr_line' id='line_1_38' title="bbox 115 2407 1148 2462; baseline 0 -13"><span class='ocrx_word' id='word_1_236' title='bbox 115 2409 298 2462; x_wconf 86' lang='lat' dir='ltr'>agnovit.</span> <span class='ocrx_word' id='word_1_237' title='bbox 329 2409 374 2448; x_wconf 90' lang='lat' dir='ltr'>Id</span> <span class='ocrx_word' id='word_1_238' title='bbox 396 2407 505 2460; x_wconf 89' lang='lat' dir='ltr'>quod</span> <span class='ocrx_word' id='word_1_239' title='bbox 522 2407 703 2448; x_wconf 87' lang='lat' dir='ltr'>breviter</span> <span class='ocrx_word' id='word_1_240' title='bbox 723 2408 943 2448; x_wconf 88' lang='lat' dir='ltr'>dicendum</span> <span class='ocrx_word' id='word_1_241' title='bbox 963 2412 1050 2458; x_wconf 82' lang='lat' dir='ltr'>est,</span> <span class='ocrx_word' id='word_1_242' title='bbox 1078 2408 1148 2449; x_wconf 86' lang='lat' dir='ltr'>de·</span> 
     </span>
     <span class='ocr_line' id='line_1_39' title="bbox 114 2468 1150 2522; baseline 0 -12"><span class='ocrx_word' id='word_1_243' title='bbox 114 2470 212 2512; x_wconf 91' lang='lat' dir='ltr'>bere</span> <span class='ocrx_word' id='word_1_244' title='bbox 243 2470 449 2522; x_wconf 84' lang='lat' dir='ltr'>imprimis</span> <span class='ocrx_word' id='word_1_245' title='bbox 478 2468 697 2510; x_wconf 85' lang='lat' dir='ltr'>Praelatum</span> <span class='ocrx_word' id='word_1_246' title='bbox 730 2474 884 2509; x_wconf 88' lang='lat' dir='ltr'>secreto</span> <span class='ocrx_word' id='word_1_247' title='bbox 911 2480 1081 2510; x_wconf 88' lang='lat' dir='ltr'>monere</span> <span class='ocrx_word' id='word_1_248' title='bbox 1109 2473 1150 2510; x_wconf 89' lang='lat' dir='ltr'>et</span> 
     </span>
     <span class='ocr_line' id='line_1_40' title="bbox 116 2530 1148 2583; baseline 0 -11"><span class='ocrx_word' id='word_1_249' title='bbox 116 2532 321 2583; x_wconf 86' lang='lat' dir='ltr'>corripere</span> <span class='ocrx_word' id='word_1_250' title='bbox 355 2530 588 2580; x_wconf 80' lang='lat' dir='ltr'>subditum,</span> <span class='ocrx_word' id='word_1_251' title='bbox 618 2531 712 2582; x_wconf 86' lang='lat' dir='ltr'>qui,</span> <span class='ocrx_word' id='word_1_252' title='bbox 731 2531 766 2571; x_wconf 89' lang='lat' dir='ltr'>si</span> <span class='ocrx_word' id='word_1_253' title='bbox 797 2531 993 2570; x_wconf 86' lang='lat' dir='ltr'>delictum</span> <span class='ocrx_word' id='word_1_254' title='bbox 1025 2542 1148 2572; x_wconf 90' lang='lat' dir='ltr'>suum</span> 
     </span>
     <span class='ocr_line' id='line_1_41' title="bbox 117 2591 1150 2645; baseline 0 -12"><span class='ocrx_word' id='word_1_255' title='bbox 117 2596 311 2645; x_wconf 87' lang='lat' dir='ltr'>agnoscat</span> <span class='ocrx_word' id='word_1_256' title='bbox 325 2623 336 2640; x_wconf 92' lang='lat'><strong><em>‚</em></strong></span> <span class='ocrx_word' id='word_1_257' title='bbox 367 2597 408 2631; x_wconf 92' lang='lat' dir='ltr'>et</span> <span class='ocrx_word' id='word_1_258' title='bbox 430 2591 757 2632; x_wconf 86' lang='lat' dir='ltr'>emendationem</span> <span class='ocrx_word' id='word_1_259' title='bbox 786 2592 1022 2644; x_wconf 84' lang='lat' dir='ltr'>promittat,</span> <span class='ocrx_word' id='word_1_260' title='bbox 1039 2592 1150 2633; x_wconf 84' lang='lat' dir='ltr'>ultra</span> 
     </span>
     <span class='ocr_line' id='line_1_42' title="bbox 116 2653 1150 2710; baseline -0.002 -16"><span class='ocrx_word' id='word_1_261' title='bbox 116 2654 463 2710; x_wconf 77' lang='lat' dir='ltr'>progrediendum</span> <span class='ocrx_word' id='word_1_262' title='bbox 483 2665 568 2693; x_wconf 89' lang='lat' dir='ltr'>non</span> <span class='ocrx_word' id='word_1_263' title='bbox 595 2658 671 2702; x_wconf 87' lang='lat' dir='ltr'>est,</span> <span class='ocrx_word' id='word_1_264' title='bbox 692 2665 824 2706; x_wconf 87' lang='lat' dir='ltr'>neque</span> <span class='ocrx_word' id='word_1_265' title='bbox 842 2653 895 2693; x_wconf 90' lang='lat' dir='ltr'>ad</span> <span class='ocrx_word' id='word_1_266' title='bbox 923 2653 1150 2693; x_wconf 88' lang='lat' dir='ltr'>vindictam</span> 
     </span>
     <span class='ocr_line' id='line_1_43' title="bbox 116 2714 1150 2768; baseline 0.001 -14"><span class='ocrx_word' id='word_1_267' title='bbox 116 2715 344 2768; x_wconf 86' lang='lat' dir='ltr'>publicam,</span> <span class='ocrx_word' id='word_1_268' title='bbox 367 2726 500 2766; x_wconf 89' lang='lat' dir='ltr'>neque</span> <span class='ocrx_word' id='word_1_269' title='bbox 522 2714 575 2754; x_wconf 89' lang='lat' dir='ltr'>ad</span> <span class='ocrx_word' id='word_1_270' title='bbox 595 2715 777 2767; x_wconf 86' lang='lat' dir='ltr'>aliquam</span> <span class='ocrx_word' id='word_1_271' title='bbox 803 2715 1018 2754; x_wconf 85' lang='lat' dir='ltr'>infamiam</span> <span class='ocrx_word' id='word_1_272' title='bbox 1030 2725 1044 2766; x_wconf 92' lang='lat'>;</span> <span class='ocrx_word' id='word_1_273' title='bbox 1076 2726 1150 2768; x_wconf 82' lang='lat' dir='ltr'>po-</span> 
     </span>
     <span class='ocr_line' id='line_1_44' title="bbox 117 2776 1153 2828; baseline 0 -11"><span class='ocrx_word' id='word_1_274' title='bbox 117 2780 196 2817; x_wconf 89' lang='lat' dir='ltr'>test</span> <span class='ocrx_word' id='word_1_275' title='bbox 214 2781 354 2816; x_wconf 89' lang='lat' dir='ltr'>tamen</span> <span class='ocrx_word' id='word_1_276' title='bbox 372 2776 567 2827; x_wconf 87' lang='lat' dir='ltr'>Superior</span> <span class='ocrx_word' id='word_1_277' title='bbox 587 2776 600 2826; x_wconf 96' lang='lat'>(</span> <span class='ocrx_word' id='word_1_278' title='bbox 618 2777 727 2828; x_wconf 90' lang='lat' dir='ltr'>quod</span> <span class='ocrx_word' id='word_1_279' title='bbox 752 2777 848 2816; x_wconf 87' lang='lat' dir='ltr'>satis</span> <span class='ocrx_word' id='word_1_280' title='bbox 866 2777 1074 2816; x_wconf 90' lang='lat' dir='ltr'>conforme</span> <span class='ocrx_word' id='word_1_281' title='bbox 1092 2781 1153 2817; x_wconf 89' lang='lat' dir='ltr'>est</span> 
     </span>
     <span class='ocr_line' id='line_1_45' title="bbox 118 2837 1150 2888; baseline 0.001 -11"><span class='ocrx_word' id='word_1_282' title='bbox 118 2838 278 2879; x_wconf 90' lang='lat' dir='ltr'>decreto</span> <span class='ocrx_word' id='word_1_283' title='bbox 297 2838 515 2878; x_wconf 90' lang='lat' dir='ltr'>Clementis</span> <span class='ocrx_word' id='word_1_284' title='bbox 534 2837 643 2885; x_wconf 86' lang='lat' dir='ltr'>VIII,</span> <span class='ocrx_word' id='word_1_285' title='bbox 667 2838 718 2878; x_wconf 91' lang='lat' dir='ltr'>de</span> <span class='ocrx_word' id='word_1_286' title='bbox 745 2837 904 2879; x_wconf 80' lang='lat' dir='ltr'>casibus</span> <span class='ocrx_word' id='word_1_287' title='bbox 922 2839 1150 2888; x_wconf 86' lang='lat' dir='ltr'>reservatis,</span> 
     </span>
     <span class='ocr_line' id='line_1_46' title="bbox 119 2898 1152 2952; baseline 0.004 -15"><span class='ocrx_word' id='word_1_288' title='bbox 119 2898 145 2952; x_wconf 60' lang='grc' dir='ltr'>ξ</span> <span class='ocrx_word' id='word_1_289' title='bbox 168 2901 212 2948; x_wconf 82' lang='grc'>7,</span> <span class='ocrx_word' id='word_1_290' title='bbox 243 2899 329 2939; x_wconf 85' lang='lat' dir='ltr'>ibi:</span> <span class='ocrx_word' id='word_1_291' title='bbox 352 2900 463 2940; x_wconf 75' lang='lat' dir='ltr'>Licet</span> <span class='ocrx_word' id='word_1_292' title='bbox 482 2904 613 2940; x_wconf 78' lang='lat' dir='ltr'>tamen</span> <span class='ocrx_word' id='word_1_293' title='bbox 633 2899 947 2951; x_wconf 80' lang='lat' dir='ltr'>Superioribus,</span> <span class='ocrx_word' id='word_1_294' title='bbox 968 2901 1072 2951; x_wconf 90' lang='lat' dir='ltr'>etc.)</span> <span class='ocrx_word' id='word_1_295' title='bbox 1093 2911 1152 2941; x_wconf 89' lang='lat' dir='ltr'>se-</span> 
     </span>
     <span class='ocr_line' id='line_1_47' title="bbox 120 2961 1153 3014; baseline 0 -13"><span class='ocrx_word' id='word_1_296' title='bbox 120 2965 274 3001; x_wconf 89' lang='lat' dir='ltr'>cretam</span> <span class='ocrx_word' id='word_1_297' title='bbox 294 2961 578 3012; x_wconf 88' lang='lat' dir='ltr'>poenitentiam</span> <span class='ocrx_word' id='word_1_298' title='bbox 594 2973 669 3012; x_wconf 82' lang='lat' dir='ltr'>pro</span> <span class='ocrx_word' id='word_1_299' title='bbox 688 2962 846 3001; x_wconf 88' lang='lat' dir='ltr'>ratione</span> <span class='ocrx_word' id='word_1_300' title='bbox 863 2962 1000 3001; x_wconf 89' lang='lat' dir='ltr'>delicti</span> <span class='ocrx_word' id='word_1_301' title='bbox 1024 2962 1153 3014; x_wconf 89' lang='lat' dir='ltr'>impo-</span> 
     </span>
     <span class='ocr_line' id='line_1_48' title="bbox 121 3021 1154 3071; baseline 0.001 -9"><span class='ocrx_word' id='word_1_302' title='bbox 121 3034 234 3071; x_wconf 89' lang='lat' dir='ltr'>nere,</span> <span class='ocrx_word' id='word_1_303' title='bbox 263 3022 330 3061; x_wconf 88' lang='lat' dir='ltr'>vel</span> <span class='ocrx_word' id='word_1_304' title='bbox 360 3021 411 3060; x_wconf 94' lang='lat' dir='ltr'>ad</span> <span class='ocrx_word' id='word_1_305' title='bbox 443 3021 774 3070; x_wconf 82' lang='lat' dir='ltr'>satisfactionem,</span> <span class='ocrx_word' id='word_1_306' title='bbox 811 3023 876 3063; x_wconf 89' lang='lat' dir='ltr'>vel</span> <span class='ocrx_word' id='word_1_307' title='bbox 906 3023 959 3062; x_wconf 90' lang='lat' dir='ltr'>ad</span> <span class='ocrx_word' id='word_1_308' title='bbox 987 3024 1154 3063; x_wconf 88' lang='lat' dir='ltr'>medici-</span> 
     </span>
     <span class='ocr_line' id='line_1_49' title="bbox 121 3082 1153 3136; baseline 0.001 -12"><span class='ocrx_word' id='word_1_309' title='bbox 121 3095 218 3124; x_wconf 81' lang='lat' dir='ltr'>nam</span> <span class='ocrx_word' id='word_1_310' title='bbox 234 3095 245 3130; x_wconf 90' lang='lat'>;</span> <span class='ocrx_word' id='word_1_311' title='bbox 264 3083 322 3122; x_wconf 91' lang='lat' dir='ltr'>ita</span> <span class='ocrx_word' id='word_1_312' title='bbox 337 3083 422 3122; x_wconf 91' lang='lat' dir='ltr'>fere</span> <span class='ocrx_word' id='word_1_313' title='bbox 443 3083 556 3130; x_wconf 86' lang='lat' dir='ltr'>Soto,</span> <span class='ocrx_word' id='word_1_314' title='bbox 577 3082 673 3122; x_wconf 83' lang='lat' dir='ltr'>dict.</span> <span class='ocrx_word' id='word_1_315' title='bbox 699 3083 853 3122; x_wconf 85' lang='lat' dir='ltr'>memb.</span> <span class='ocrx_word' id='word_1_316' title='bbox 875 3085 915 3131; x_wconf 74' lang='lat'>2,</span> <span class='ocrx_word' id='word_1_317' title='bbox 941 3088 1084 3136; x_wconf 85' lang='lat' dir='ltr'>quaest.</span> <span class='ocrx_word' id='word_1_318' title='bbox 1113 3086 1153 3134; x_wconf 74' lang='lat'>4,</span> 
     </span>
     <span class='ocr_line' id='line_1_50' title="bbox 122 3143 1156 3195; baseline 0.002 -11"><span class='ocrx_word' id='word_1_319' title='bbox 122 3145 252 3184; x_wconf 87' lang='lat' dir='ltr'>concl.</span> <span class='ocrx_word' id='word_1_320' title='bbox 291 3147 336 3193; x_wconf 83' lang='lat'>73</span> <span class='ocrx_word' id='word_1_321' title='bbox 370 3145 516 3183; x_wconf 89' lang='lat' dir='ltr'>Navar.</span> <span class='ocrx_word' id='word_1_322' title='bbox 531 3173 543 3192; x_wconf 94' lang='lat'>‚</span> <span class='ocrx_word' id='word_1_323' title='bbox 563 3143 610 3183; x_wconf 90' lang='lat' dir='ltr'>in</span> <span class='ocrx_word' id='word_1_324' title='bbox 634 3156 721 3195; x_wconf 90' lang='lat' dir='ltr'>cap.</span> <span class='ocrx_word' id='word_1_325' title='bbox 758 3145 876 3186; x_wconf 78' lang='lat' dir='ltr'>Inter</span> <span class='ocrx_word' id='word_1_326' title='bbox 894 3146 1011 3185; x_wconf 81' lang='lat' dir='ltr'>cerba</span> <span class='ocrx_word' id='word_1_327' title='bbox 1026 3175 1036 3194; x_wconf 91' lang='lat'>,</span> <span class='ocrx_word' id='word_1_328' title='bbox 1061 3158 1156 3186; x_wconf 91' lang='lat' dir='ltr'>con-</span> 
     </span>
     <span class='ocr_line' id='line_1_51' title="bbox 123 3204 1156 3258; baseline 0.002 -14"><span class='ocrx_word' id='word_1_329' title='bbox 123 3205 222 3245; x_wconf 89' lang='lat' dir='ltr'>clus.</span> <span class='ocrx_word' id='word_1_330' title='bbox 244 3205 287 3253; x_wconf 89' lang='lat'>6,</span> <span class='ocrx_word' id='word_1_331' title='bbox 306 3216 424 3244; x_wconf 90' lang='lat' dir='ltr'>num.</span> <span class='ocrx_word' id='word_1_332' title='bbox 458 3204 551 3243; x_wconf 75' lang='lat'>230.</span> <span class='ocrx_word' id='word_1_333' title='bbox 578 3204 646 3243; x_wconf 87' lang='lat' dir='ltr'>Ait</span> <span class='ocrx_word' id='word_1_334' title='bbox 663 3205 789 3244; x_wconf 83' lang='lat' dir='ltr'>etiam</span> <span class='ocrx_word' id='word_1_335' title='bbox 806 3205 901 3244; x_wconf 86' lang='lat' dir='ltr'>Soto</span> <span class='ocrx_word' id='word_1_336' title='bbox 919 3205 1015 3255; x_wconf 88' lang='lat' dir='ltr'>jure</span> <span class='ocrx_word' id='word_1_337' title='bbox 1038 3218 1156 3258; x_wconf 87' lang='lat' dir='ltr'>posse</span> 
     </span>
     <span class='ocr_line' id='line_1_52' title="bbox 123 3265 1157 3317; baseline 0.002 -11"><span class='ocrx_word' id='word_1_338' title='bbox 123 3265 332 3306; x_wconf 86' lang='lat' dir='ltr'>subditum</span> <span class='ocrx_word' id='word_1_339' title='bbox 353 3269 522 3317; x_wconf 89' lang='lat' dir='ltr'>paterne</span> <span class='ocrx_word' id='word_1_340' title='bbox 541 3266 739 3316; x_wconf 83' lang='lat' dir='ltr'>castigare</span> <span class='ocrx_word' id='word_1_341' title='bbox 758 3270 830 3305; x_wconf 86' lang='lat' dir='ltr'>aut</span> <span class='ocrx_word' id='word_1_342' title='bbox 847 3265 1054 3316; x_wconf 84' lang='lat' dir='ltr'>flagellare</span> <span class='ocrx_word' id='word_1_343' title='bbox 1073 3280 1157 3309; x_wconf 85' lang='lat' dir='ltr'>non</span> 
     </span>
     <span class='ocr_line' id='line_1_53' title="bbox 125 3327 1157 3378; baseline 0.001 -11"><span class='ocrx_word' id='word_1_344' title='bbox 125 3327 179 3367; x_wconf 83' lang='lat' dir='ltr'>ad</span> <span class='ocrx_word' id='word_1_345' title='bbox 209 3327 468 3378; x_wconf 88' lang='lat' dir='ltr'>punitionem</span> <span class='ocrx_word' id='word_1_346' title='bbox 505 3328 716 3377; x_wconf 77' lang='lat' dir='ltr'>praeteriti,</span> <span class='ocrx_word' id='word_1_347' title='bbox 736 3327 805 3366; x_wconf 89' lang='lat' dir='ltr'>sed</span> <span class='ocrx_word' id='word_1_348' title='bbox 826 3327 877 3366; x_wconf 88' lang='lat' dir='ltr'>ad</span> <span class='ocrx_word' id='word_1_349' title='bbox 897 3331 1095 3368; x_wconf 86' lang='lat' dir='ltr'>terrorem</span> <span class='ocrx_word' id='word_1_350' title='bbox 1111 3329 1157 3368; x_wconf 87' lang='lat' dir='ltr'>in</span> 
     </span>
     <span class='ocr_line' id='line_1_54' title="bbox 90 3387 1155 3440; baseline 0.003 -13"><span class='ocrx_word' id='word_1_351' title='bbox 90 3423 92 3427; x_wconf 80' lang='grc'>,</span> <span class='ocrx_word' id='word_1_352' title='bbox 125 3390 334 3437; x_wconf 78' lang='lat' dir='ltr'>futurum3</span> <span class='ocrx_word' id='word_1_353' title='bbox 364 3388 432 3427; x_wconf 90' lang='lat' dir='ltr'>sed</span> <span class='ocrx_word' id='word_1_354' title='bbox 454 3387 618 3429; x_wconf 88' lang='lat' dir='ltr'>difficile</span> <span class='ocrx_word' id='word_1_355' title='bbox 643 3392 703 3427; x_wconf 82' lang='lat' dir='ltr'>est</span> <span class='ocrx_word' id='word_1_356' title='bbox 729 3388 816 3427; x_wconf 89' lang='lat' dir='ltr'>haec</span> <span class='ocrx_word' id='word_1_357' title='bbox 846 3389 928 3428; x_wconf 91' lang='lat' dir='ltr'>duo</span> <span class='ocrx_word' id='word_1_358' title='bbox 956 3400 1155 3440; x_wconf 87' lang='lat' dir='ltr'>separare,</span> 
     </span>
     <span class='ocr_line' id='line_1_55' title="bbox 126 3449 1160 3502; baseline -0.001 -11"><span class='ocrx_word' id='word_1_359' title='bbox 126 3462 203 3492; x_wconf 89' lang='lat' dir='ltr'>nec</span> <span class='ocrx_word' id='word_1_360' title='bbox 228 3450 349 3489; x_wconf 89' lang='lat' dir='ltr'>video</span> <span class='ocrx_word' id='word_1_361' title='bbox 377 3460 451 3489; x_wconf 89' lang='lat' dir='ltr'>cur</span> <span class='ocrx_word' id='word_1_362' title='bbox 477 3460 563 3488; x_wconf 88' lang='lat' dir='ltr'>non</span> <span class='ocrx_word' id='word_1_363' title='bbox 586 3449 714 3500; x_wconf 89' lang='lat' dir='ltr'>possit</span> <span class='ocrx_word' id='word_1_364' title='bbox 729 3453 927 3502; x_wconf 88' lang='lat' dir='ltr'>tanquam</span> <span class='ocrx_word' id='word_1_365' title='bbox 955 3453 1071 3501; x_wconf 89' lang='lat' dir='ltr'>pater</span> <span class='ocrx_word' id='word_1_366' title='bbox 1099 3463 1160 3491; x_wconf 77' lang='lat' dir='ltr'>se·</span> 
     </span>
    </p>
   </div>
   <div class='ocr_carea' id='block_1_6' title="bbox 53 3510 1159 3567">
    <p class='ocr_par' dir='ltr' id='par_1_7' title="bbox 53 3510 1159 3567">
     <span class='ocr_line' id='line_1_56' title="bbox 53 3510 1159 3567; baseline -0.002 -13"><span class='ocrx_word' id='word_1_367' title='bbox 53 3543 58 3546; x_wconf 89' lang='grc'><strong>-</strong></span> <span class='ocrx_word' id='word_1_368' title='bbox 129 3515 238 3567; x_wconf 78' lang='lat' dir='ltr'>creto</span> <span class='ocrx_word' id='word_1_369' title='bbox 253 3512 453 3563; x_wconf 84' lang='lat' dir='ltr'>castigare</span> <span class='ocrx_word' id='word_1_370' title='bbox 472 3510 683 3560; x_wconf 88' lang='lat' dir='ltr'>delictum,</span> <span class='ocrx_word' id='word_1_371' title='bbox 698 3512 797 3564; x_wconf 90' lang='lat' dir='ltr'>quia</span> <span class='ocrx_word' id='word_1_372' title='bbox 809 3511 1072 3552; x_wconf 88' lang='lat' dir='ltr'>commissum</span> <span class='ocrx_word' id='word_1_373' title='bbox 1085 3515 1159 3563; x_wconf 89' lang='lat' dir='ltr'>est,</span> 
     </span>
    </p>
   </div>
   <div class='ocr_carea' id='block_1_7' title="bbox 129 3572 1161 3628">
    <p class='ocr_par' dir='ltr' id='par_1_8' title="bbox 129 3572 1161 3628">
     <span class='ocr_line' id='line_1_57' title="bbox 129 3572 1161 3628; baseline 0 -12"><span class='ocrx_word' id='word_1_374' title='bbox 129 3574 318 3628; x_wconf 74' lang='lat' dir='ltr'>quamvis</span> <span class='ocrx_word' id='word_1_375' title='bbox 341 3583 486 3614; x_wconf 87' lang='lat' dir='ltr'>verum</span> <span class='ocrx_word' id='word_1_376' title='bbox 514 3572 568 3613; x_wconf 85' lang='lat' dir='ltr'>sit</span> <span class='ocrx_word' id='word_1_377' title='bbox 590 3572 716 3614; x_wconf 87' lang='lat' dir='ltr'>finem</span> <span class='ocrx_word' id='word_1_378' title='bbox 734 3572 859 3626; x_wconf 87' lang='lat' dir='ltr'>hujus</span> <span class='ocrx_word' id='word_1_379' title='bbox 886 3573 1161 3626; x_wconf 81' lang='lat' dir='ltr'>castigationis</span> 
     </span>
    </p>
   </div>
   <div class='ocr_carea' id='block_1_8' title="bbox 2127 188 2237 228">
    <p class='ocr_par' dir='ltr' id='par_1_9' title="bbox 2127 188 2237 228">
     <span class='ocr_line' id='line_1_58' title="bbox 2127 188 2237 228; baseline 0 0"><span class='ocrx_word' id='word_1_380' title='bbox 2127 188 2237 228; x_wconf 75' lang='lat'>1115</span> 
     </span>
    </p>
   </div>
   <div class='ocr_carea' id='block_1_9' title="bbox 1199 250 2245 3626">
    <p class='ocr_par' dir='ltr' id='par_1_10' title="bbox 1200 250 2235 1350">
     <span class='ocr_line' id='line_1_59' title="bbox 1202 250 2234 308; baseline -0.002 -14"><span class='ocrx_word' id='word_1_381' title='bbox 1202 255 1456 308; x_wconf 82' lang='lat' dir='ltr'>praecipuum</span> <span class='ocrx_word' id='word_1_382' title='bbox 1474 268 1561 296; x_wconf 87' lang='lat' dir='ltr'>esse</span> <span class='ocrx_word' id='word_1_383' title='bbox 1582 259 1779 296; x_wconf 85' lang='lat' dir='ltr'>terrorem</span> <span class='ocrx_word' id='word_1_384' title='bbox 1797 253 1842 294; x_wconf 89' lang='lat' dir='ltr'>in</span> <span class='ocrx_word' id='word_1_385' title='bbox 1864 250 2074 304; x_wconf 80' lang='lat' dir='ltr'>futurum3</span> <span class='ocrx_word' id='word_1_386' title='bbox 2098 256 2234 306; x_wconf 76' lang='lat' dir='ltr'>potest</span> 
     </span>
     <span class='ocr_line' id='line_1_60' title="bbox 1204 315 2233 369; baseline -0.001 -14"><span class='ocrx_word' id='word_1_387' title='bbox 1204 321 1341 356; x_wconf 90' lang='lat' dir='ltr'>autem</span> <span class='ocrx_word' id='word_1_388' title='bbox 1361 317 1483 357; x_wconf 91' lang='lat' dir='ltr'>etiam</span> <span class='ocrx_word' id='word_1_389' title='bbox 1504 329 1589 357; x_wconf 89' lang='lat' dir='ltr'>esse</span> <span class='ocrx_word' id='word_1_390' title='bbox 1606 316 1784 369; x_wconf 85' lang='lat' dir='ltr'>perfecta</span> <span class='ocrx_word' id='word_1_391' title='bbox 1798 315 2014 355; x_wconf 85' lang='lat' dir='ltr'>satisfactio</span> <span class='ocrx_word' id='word_1_392' title='bbox 2038 326 2112 367; x_wconf 90' lang='lat' dir='ltr'>pro</span> <span class='ocrx_word' id='word_1_393' title='bbox 2124 325 2233 366; x_wconf 80' lang='lat' dir='ltr'>prae-</span> 
     </span>
     <span class='ocr_line' id='line_1_61' title="bbox 1203 377 2234 430; baseline -0.001 -13"><span class='ocrx_word' id='word_1_394' title='bbox 1203 379 1338 418; x_wconf 83' lang='lat' dir='ltr'>terito.</span> <span class='ocrx_word' id='word_1_395' title='bbox 1358 379 1513 418; x_wconf 82' lang='lat' dir='ltr'>Rursus</span> <span class='ocrx_word' id='word_1_396' title='bbox 1531 383 1664 430; x_wconf 86' lang='lat' dir='ltr'>potest</span> <span class='ocrx_word' id='word_1_397' title='bbox 1683 377 1876 419; x_wconf 88' lang='lat' dir='ltr'>Praelatus</span> <span class='ocrx_word' id='word_1_398' title='bbox 1894 377 2126 417; x_wconf 79' lang='lat' dir='ltr'>occasiones</span> <span class='ocrx_word' id='word_1_399' title='bbox 2144 388 2234 428; x_wconf 83' lang='lat' dir='ltr'>pec-</span> 
     </span>
     <span class='ocr_line' id='line_1_62' title="bbox 1204 438 2233 490; baseline -0.003 -10"><span class='ocrx_word' id='word_1_400' title='bbox 1204 439 1323 480; x_wconf 84' lang='lat' dir='ltr'>candi</span> <span class='ocrx_word' id='word_1_401' title='bbox 1352 439 1514 479; x_wconf 87' lang='lat' dir='ltr'>subdito</span> <span class='ocrx_word' id='word_1_402' title='bbox 1531 440 1691 480; x_wconf 81' lang='lat' dir='ltr'>auferre</span> <span class='ocrx_word' id='word_1_403' title='bbox 1703 469 1717 490; x_wconf 88' lang='lat'>,</span> <span class='ocrx_word' id='word_1_404' title='bbox 1738 443 1779 479; x_wconf 89' lang='lat' dir='ltr'>et</span> <span class='ocrx_word' id='word_1_405' title='bbox 1798 451 1847 479; x_wconf 86' lang='lat' dir='ltr'>ea</span> <span class='ocrx_word' id='word_1_406' title='bbox 1863 439 2023 479; x_wconf 81' lang='lat' dir='ltr'>ratione</span> <span class='ocrx_word' id='word_1_407' title='bbox 2041 438 2233 479; x_wconf 88' lang='lat' dir='ltr'>mutatio-</span> 
     </span>
     <span class='ocr_line' id='line_1_63' title="bbox 1202 500 2233 554; baseline 0.001 -15"><span class='ocrx_word' id='word_1_408' title='bbox 1202 512 1299 539; x_wconf 92' lang='lat' dir='ltr'>nem</span> <span class='ocrx_word' id='word_1_409' title='bbox 1319 501 1499 552; x_wconf 86' lang='lat' dir='ltr'>aliquam</span> <span class='ocrx_word' id='word_1_410' title='bbox 1525 501 1571 541; x_wconf 92' lang='lat' dir='ltr'>in</span> <span class='ocrx_word' id='word_1_411' title='bbox 1601 501 1863 554; x_wconf 86' lang='lat' dir='ltr'>occupatione</span> <span class='ocrx_word' id='word_1_412' title='bbox 1885 500 1953 541; x_wconf 89' lang='lat' dir='ltr'>vel</span> <span class='ocrx_word' id='word_1_413' title='bbox 1981 500 2233 541; x_wconf 85' lang='lat' dir='ltr'>habitatione</span> 
     </span>
     <span class='ocr_line' id='line_1_64' title="bbox 1203 561 2235 608; baseline 0.002 -8"><span class='ocrx_word' id='word_1_414' title='bbox 1203 561 1310 600; x_wconf 89' lang='lat' dir='ltr'>circa</span> <span class='ocrx_word' id='word_1_415' title='bbox 1331 573 1426 600; x_wconf 92' lang='lat' dir='ltr'>eum</span> <span class='ocrx_word' id='word_1_416' title='bbox 1445 561 1594 608; x_wconf 88' lang='lat' dir='ltr'>facere,</span> <span class='ocrx_word' id='word_1_417' title='bbox 1622 563 1681 602; x_wconf 87' lang='lat' dir='ltr'>ita</span> <span class='ocrx_word' id='word_1_418' title='bbox 1707 567 1848 602; x_wconf 89' lang='lat' dir='ltr'>tamen</span> <span class='ocrx_word' id='word_1_419' title='bbox 1864 567 1912 602; x_wconf 90' lang='lat' dir='ltr'>ut</span> <span class='ocrx_word' id='word_1_420' title='bbox 1930 562 2091 602; x_wconf 83' lang='lat' dir='ltr'>nullu-m</span> <span class='ocrx_word' id='word_1_421' title='bbox 2117 573 2235 602; x_wconf 83' lang='lat' dir='ltr'>scan-</span> 
     </span>
     <span class='ocr_line' id='line_1_65' title="bbox 1203 621 2234 674; baseline 0.001 -13"><span class='ocrx_word' id='word_1_422' title='bbox 1203 621 1343 661; x_wconf 90' lang='lat' dir='ltr'>dalum</span> <span class='ocrx_word' id='word_1_423' title='bbox 1359 621 1424 661; x_wconf 90' lang='lat' dir='ltr'>vel</span> <span class='ocrx_word' id='word_1_424' title='bbox 1438 621 1609 661; x_wconf 82' lang='lat' dir='ltr'>infamia</span> <span class='ocrx_word' id='word_1_425' title='bbox 1625 628 1830 674; x_wconf 88' lang='lat' dir='ltr'>sequatur.</span> <span class='ocrx_word' id='word_1_426' title='bbox 1849 624 1891 663; x_wconf 91' lang='lat' dir='ltr'>Si</span> <span class='ocrx_word' id='word_1_427' title='bbox 1909 628 2046 663; x_wconf 89' lang='lat' dir='ltr'>tamen</span> <span class='ocrx_word' id='word_1_428' title='bbox 2066 623 2116 662; x_wconf 85' lang='lat' dir='ltr'>ad</span> <span class='ocrx_word' id='word_1_429' title='bbox 2136 633 2234 662; x_wconf 91' lang='lat' dir='ltr'>eum</span> 
     </span>
     <span class='ocr_line' id='line_1_66' title="bbox 1201 683 2232 732; baseline 0.001 -8"><span class='ocrx_word' id='word_1_430' title='bbox 1201 683 1327 724; x_wconf 88' lang='lat' dir='ltr'>finem</span> <span class='ocrx_word' id='word_1_431' title='bbox 1350 683 1725 724; x_wconf 81' lang='lat' dir='ltr'>necessarium-non</span> <span class='ocrx_word' id='word_1_432' title='bbox 1745 685 1820 732; x_wconf 87' lang='lat' dir='ltr'>sit,</span> <span class='ocrx_word' id='word_1_433' title='bbox 1849 685 1964 723; x_wconf 88' lang='lat' dir='ltr'>nulla</span> <span class='ocrx_word' id='word_1_434' title='bbox 1986 685 2144 725; x_wconf 88' lang='lat' dir='ltr'>ratione</span> <span class='ocrx_word' id='word_1_435' title='bbox 2162 684 2232 724; x_wconf 83' lang='lat' dir='ltr'>de-</span> 
     </span>
     <span class='ocr_line' id='line_1_67' title="bbox 1201 743 2232 795; baseline 0.001 -10"><span class='ocrx_word' id='word_1_436' title='bbox 1201 743 1271 785; x_wconf 88' lang='lat' dir='ltr'>bet</span> <span class='ocrx_word' id='word_1_437' title='bbox 1297 745 1416 784; x_wconf 88' lang='lat' dir='ltr'>illum</span> <span class='ocrx_word' id='word_1_438' title='bbox 1436 745 1692 793; x_wconf 88' lang='lat' dir='ltr'>contristare,</span> <span class='ocrx_word' id='word_1_439' title='bbox 1709 749 1781 783; x_wconf 87' lang='lat' dir='ltr'>aut</span> <span class='ocrx_word' id='word_1_440' title='bbox 1801 744 1852 783; x_wconf 86' lang='lat' dir='ltr'>ab</span> <span class='ocrx_word' id='word_1_441' title='bbox 1868 746 2002 785; x_wconf 79' lang='lat' dir='ltr'>officio</span> <span class='ocrx_word' id='word_1_442' title='bbox 2023 757 2232 795; x_wconf 86' lang='lat' dir='ltr'>amovere,</span> 
     </span>
     <span class='ocr_line' id='line_1_68' title="bbox 1201 805 2233 859; baseline 0 -12"><span class='ocrx_word' id='word_1_443' title='bbox 1201 819 1277 848; x_wconf 89' lang='lat' dir='ltr'>nec</span> <span class='ocrx_word' id='word_1_444' title='bbox 1310 807 1449 846; x_wconf 90' lang='lat' dir='ltr'>minus</span> <span class='ocrx_word' id='word_1_445' title='bbox 1474 819 1600 859; x_wconf 90' lang='lat' dir='ltr'>quam</span> <span class='ocrx_word' id='word_1_446' title='bbox 1626 809 1748 845; x_wconf 89' lang='lat' dir='ltr'>antea</span> <span class='ocrx_word' id='word_1_447' title='bbox 1778 805 1994 846; x_wconf 87' lang='lat' dir='ltr'>honorare.</span> <span class='ocrx_word' id='word_1_448' title='bbox 2016 808 2133 847; x_wconf 91' lang='lat' dir='ltr'>Unde</span> <span class='ocrx_word' id='word_1_449' title='bbox 2160 807 2233 847; x_wconf 89' lang='lat' dir='ltr'>Ca-</span> 
     </span>
     <span class='ocr_line' id='line_1_69' title="bbox 1202 867 2229 922; baseline -0.001 -14"><span class='ocrx_word' id='word_1_450' title='bbox 1202 868 1324 908; x_wconf 86' lang='lat' dir='ltr'>lixtus</span> <span class='ocrx_word' id='word_1_451' title='bbox 1344 870 1469 922; x_wconf 78' lang='lat' dir='ltr'>Papa,</span> <span class='ocrx_word' id='word_1_452' title='bbox 1501 869 1618 920; x_wconf 89' lang='lat' dir='ltr'>epist.</span> <span class='ocrx_word' id='word_1_453' title='bbox 1646 869 1673 908; x_wconf 72' lang='grc'>2</span> <span class='ocrx_word' id='word_1_454' title='bbox 1686 897 1701 917; x_wconf 90' lang='grc'>,</span> <span class='ocrx_word' id='word_1_455' title='bbox 1721 879 1810 920; x_wconf 89' lang='lat' dir='ltr'>cap.</span> <span class='ocrx_word' id='word_1_456' title='bbox 1833 867 2029 908; x_wconf 65' lang='lat' dir='ltr'>panderet</span> <span class='ocrx_word' id='word_1_457' title='bbox 2045 898 2056 915; x_wconf 95' lang='lat'>,</span> <span class='ocrx_word' id='word_1_458' title='bbox 2078 868 2121 907; x_wconf 93' lang='lat' dir='ltr'>d.</span> <span class='ocrx_word' id='word_1_459' title='bbox 2149 869 2203 908; x_wconf 78' lang='lat'>50</span> <span class='ocrx_word' id='word_1_460' title='bbox 2217 883 2229 907; x_wconf 92' lang='lat'>:</span> 
     </span>
     <span class='ocr_line' id='line_1_70' title="bbox 1202 929 2233 983; baseline -0.002 -11"><span class='ocrx_word' id='word_1_461' title='bbox 1202 930 1256 972; x_wconf 81' lang='lat' dir='ltr'>Si</span> <span class='ocrx_word' id='word_1_462' title='bbox 1277 931 1429 982; x_wconf 72' lang='lat' dir='ltr'>aliquis</span> <span class='ocrx_word' id='word_1_463' title='bbox 1458 929 1642 983; x_wconf 87' lang='lat' dir='ltr'>(inquit)</span> <span class='ocrx_word' id='word_1_464' title='bbox 1679 929 1817 982; x_wconf 81' lang='lat' dir='ltr'>lapsus</span> <span class='ocrx_word' id='word_1_465' title='bbox 1850 940 2086 981; x_wconf 82' lang='lat' dir='ltr'>quocumque</span> <span class='ocrx_word' id='word_1_466' title='bbox 2121 929 2233 970; x_wconf 81' lang='lat' dir='ltr'>modo</span> 
     </span>
     <span class='ocr_line' id='line_1_71' title="bbox 1200 990 2233 1043; baseline 0.002 -13"><span class='ocrx_word' id='word_1_467' title='bbox 1200 992 1344 1042; x_wconf 80' lang='lat' dir='ltr'>fuerit,</span> <span class='ocrx_word' id='word_1_468' title='bbox 1363 995 1567 1043; x_wconf 80' lang='lat' dir='ltr'>portemus</span> <span class='ocrx_word' id='word_1_469' title='bbox 1585 1002 1687 1039; x_wconf 74' lang='lat' dir='ltr'>eum,</span> <span class='ocrx_word' id='word_1_470' title='bbox 1711 994 1748 1031; x_wconf 80' lang='lat' dir='ltr'>et</span> <span class='ocrx_word' id='word_1_471' title='bbox 1763 992 1943 1040; x_wconf 77' lang='lat' dir='ltr'>fraterno</span> <span class='ocrx_word' id='word_1_472' title='bbox 1970 990 2233 1041; x_wconf 77' lang='lat' dir='ltr'>corripiamus</span> 
     </span>
     <span class='ocr_line' id='line_1_72' title="bbox 1202 1052 2234 1104; baseline -0.001 -12"><span class='ocrx_word' id='word_1_473' title='bbox 1202 1053 1360 1104; x_wconf 72' lang='lat' dir='ltr'>affectu.</span> <span class='ocrx_word' id='word_1_474' title='bbox 1377 1053 1427 1091; x_wconf 90' lang='lat' dir='ltr'>Et</span> <span class='ocrx_word' id='word_1_475' title='bbox 1441 1053 1548 1091; x_wconf 84' lang='lat' dir='ltr'>infra</span> <span class='ocrx_word' id='word_1_476' title='bbox 1567 1063 1576 1091; x_wconf 89' lang='lat'>:</span> <span class='ocrx_word' id='word_1_477' title='bbox 1592 1052 1722 1093; x_wconf 80' lang='lat' dir='ltr'>Porro</span> <span class='ocrx_word' id='word_1_478' title='bbox 1738 1056 1903 1092; x_wconf 82' lang='lat' dir='ltr'>sauctus</span> <span class='ocrx_word' id='word_1_479' title='bbox 1915 1052 2050 1092; x_wconf 81' lang='lat' dir='ltr'>David</span> <span class='ocrx_word' id='word_1_480' title='bbox 2065 1052 2110 1093; x_wconf 86' lang='lat' dir='ltr'>de</span> <span class='ocrx_word' id='word_1_481' title='bbox 2127 1063 2234 1091; x_wconf 86' lang='lat' dir='ltr'>mor-</span> 
     </span>
     <span class='ocr_line' id='line_1_73' title="bbox 1202 1114 2234 1166; baseline -0.001 -12"><span class='ocrx_word' id='word_1_482' title='bbox 1202 1115 1336 1166; x_wconf 74' lang='lat' dir='ltr'>tiferis</span> <span class='ocrx_word' id='word_1_483' title='bbox 1358 1115 1593 1155; x_wconf 79' lang='lat' dir='ltr'>criminibus</span> <span class='ocrx_word' id='word_1_484' title='bbox 1621 1114 1702 1166; x_wconf 74' lang='lat' dir='ltr'>eyit</span> <span class='ocrx_word' id='word_1_485' title='bbox 1715 1114 2014 1165; x_wconf 67' lang='lat' dir='ltr'>paenitentiam,</span> <span class='ocrx_word' id='word_1_486' title='bbox 2035 1114 2074 1154; x_wconf 81' lang='lat' dir='ltr'>et</span> <span class='ocrx_word' id='word_1_487' title='bbox 2103 1116 2234 1154; x_wconf 77' lang='lat' dir='ltr'>tamen.</span> 
     </span>
     <span class='ocr_line' id='line_1_74' title="bbox 1202 1173 2235 1228; baseline -0.001 -12"><span class='ocrx_word' id='word_1_488' title='bbox 1202 1176 1246 1216; x_wconf 79' lang='lat' dir='ltr'>iu</span> <span class='ocrx_word' id='word_1_489' title='bbox 1269 1176 1412 1216; x_wconf 70' lang='lat' dir='ltr'>honore</span> <span class='ocrx_word' id='word_1_490' title='bbox 1433 1178 1657 1228; x_wconf 80' lang='lat' dir='ltr'>permansit</span> <span class='ocrx_word' id='word_1_491' title='bbox 1664 1192 1680 1222; x_wconf 89' lang='lat'><em>;</em></span> <span class='ocrx_word' id='word_1_492' title='bbox 1703 1178 1743 1215; x_wconf 90' lang='lat' dir='ltr'>et</span> <span class='ocrx_word' id='word_1_493' title='bbox 1761 1174 1910 1215; x_wconf 88' lang='lat' dir='ltr'>similia</span> <span class='ocrx_word' id='word_1_494' title='bbox 1929 1173 2060 1214; x_wconf 90' lang='lat' dir='ltr'>multa</span> <span class='ocrx_word' id='word_1_495' title='bbox 2077 1185 2128 1214; x_wconf 86' lang='lat' dir='ltr'>ex</span> <span class='ocrx_word' id='word_1_496' title='bbox 2146 1173 2235 1215; x_wconf 82' lang='lat' dir='ltr'>aliis</span> 
     </span>
     <span class='ocr_line' id='line_1_75' title="bbox 1203 1235 2234 1288; baseline 0 -11"><span class='ocrx_word' id='word_1_497' title='bbox 1203 1237 1391 1277; x_wconf 90' lang='lat' dir='ltr'>Patribus</span> <span class='ocrx_word' id='word_1_498' title='bbox 1422 1238 1474 1277; x_wconf 87' lang='lat' dir='ltr'>ad</span> <span class='ocrx_word' id='word_1_499' title='bbox 1496 1237 1603 1276; x_wconf 90' lang='lat' dir='ltr'>hanc</span> <span class='ocrx_word' id='word_1_500' title='bbox 1619 1248 1706 1277; x_wconf 87' lang='lat' dir='ltr'>rem</span> <span class='ocrx_word' id='word_1_501' title='bbox 1735 1236 1842 1275; x_wconf 89' lang='lat' dir='ltr'>sumi</span> <span class='ocrx_word' id='word_1_502' title='bbox 1872 1239 2042 1288; x_wconf 90' lang='lat' dir='ltr'>possunt</span> <span class='ocrx_word' id='word_1_503' title='bbox 2067 1247 2117 1277; x_wconf 78' lang='lat' dir='ltr'>ex</span> <span class='ocrx_word' id='word_1_504' title='bbox 2135 1235 2234 1278; x_wconf 81' lang='lat' dir='ltr'>Gra-</span> 
     </span>
     <span class='ocr_line' id='line_1_76' title="bbox 1200 1297 2087 1350; baseline -0.002 -12"><span class='ocrx_word' id='word_1_505' title='bbox 1200 1298 1327 1346; x_wconf 88' lang='lat' dir='ltr'>tiano,</span> <span class='ocrx_word' id='word_1_506' title='bbox 1345 1298 1453 1338; x_wconf 91' lang='lat' dir='ltr'>dicta</span> <span class='ocrx_word' id='word_1_507' title='bbox 1468 1298 1580 1346; x_wconf 90' lang='lat' dir='ltr'>dist.,</span> <span class='ocrx_word' id='word_1_508' title='bbox 1602 1297 1792 1350; x_wconf 88' lang='lat' dir='ltr'>capitulis</span> <span class='ocrx_word' id='word_1_509' title='bbox 1810 1297 2087 1349; x_wconf 87' lang='lat' dir='ltr'>sequentibus.</span> 
     </span>
    </p>

    <p class='ocr_par' dir='ltr' id='par_1_11' title="bbox 1199 1355 2245 3626">
     <span class='ocr_line' id='line_1_77' title="bbox 1253 1355 2235 1412; baseline 0 -13"><span class='ocrx_word' id='word_1_510' title='bbox 1253 1361 1319 1399; x_wconf 72' lang='lat'>14.</span> <span class='ocrx_word' id='word_1_511' title='bbox 1345 1359 1554 1400; x_wconf 79' lang='lat' dir='ltr'>Secundus</span> <span class='ocrx_word' id='word_1_512' title='bbox 1570 1359 2062 1412; x_wconf 53' lang='lat' dir='ltr'>processus—Secundo,</span> <span class='ocrx_word' id='word_1_513' title='bbox 2083 1357 2119 1398; x_wconf 91' lang='lat' dir='ltr'>si</span> <span class='ocrx_word' id='word_1_514' title='bbox 2138 1355 2235 1399; x_wconf 83' lang='lat' dir='ltr'>sub-</span> 
     </span>
     <span class='ocr_line' id='line_1_78' title="bbox 1199 1420 2236 1474; baseline -0.001 -13"><span class='ocrx_word' id='word_1_515' title='bbox 1199 1421 1307 1461; x_wconf 88' lang='lat' dir='ltr'>ditus</span> <span class='ocrx_word' id='word_1_516' title='bbox 1322 1426 1412 1474; x_wconf 88' lang='lat' dir='ltr'>post</span> <span class='ocrx_word' id='word_1_517' title='bbox 1425 1421 1652 1473; x_wconf 87' lang='lat' dir='ltr'>Superioris</span> <span class='ocrx_word' id='word_1_518' title='bbox 1669 1421 1964 1472; x_wconf 89' lang='lat' dir='ltr'>correptionem</span> <span class='ocrx_word' id='word_1_519' title='bbox 1984 1432 2061 1459; x_wconf 89' lang='lat' dir='ltr'>nec</span> <span class='ocrx_word' id='word_1_520' title='bbox 2079 1420 2236 1460; x_wconf 86' lang='lat' dir='ltr'>crimen</span> 
     </span>
     <span class='ocr_line' id='line_1_79' title="bbox 1199 1482 2238 1534; baseline 0 -12"><span class='ocrx_word' id='word_1_521' title='bbox 1199 1487 1391 1534; x_wconf 86' lang='lat' dir='ltr'>agnoscat</span> <span class='ocrx_word' id='word_1_522' title='bbox 1405 1512 1419 1531; x_wconf 92' lang='lat'>,</span> <span class='ocrx_word' id='word_1_523' title='bbox 1456 1495 1531 1522; x_wconf 88' lang='lat' dir='ltr'>nec</span> <span class='ocrx_word' id='word_1_524' title='bbox 1564 1482 1894 1521; x_wconf 89' lang='lat' dir='ltr'>emendationem</span> <span class='ocrx_word' id='word_1_525' title='bbox 1922 1482 2156 1532; x_wconf 88' lang='lat' dir='ltr'>promittat,</span> <span class='ocrx_word' id='word_1_526' title='bbox 2195 1485 2238 1522; x_wconf 84' lang='lat' dir='ltr'>et</span> 
     </span>
     <span class='ocr_line' id='line_1_80' title="bbox 1200 1542 2234 1596; baseline -0.003 -12"><span class='ocrx_word' id='word_1_527' title='bbox 1200 1544 1385 1596; x_wconf 85' lang='lat' dir='ltr'>alioquin</span> <span class='ocrx_word' id='word_1_528' title='bbox 1407 1544 1616 1583; x_wconf 87' lang='lat' dir='ltr'>moraliter</span> <span class='ocrx_word' id='word_1_529' title='bbox 1631 1547 1786 1583; x_wconf 88' lang='lat' dir='ltr'>constet</span> <span class='ocrx_word' id='word_1_530' title='bbox 1804 1543 1978 1582; x_wconf 86' lang='lat' dir='ltr'>Praelato</span> <span class='ocrx_word' id='word_1_531' title='bbox 1998 1543 2047 1582; x_wconf 91' lang='lat' dir='ltr'>de</span> <span class='ocrx_word' id='word_1_532' title='bbox 2067 1542 2234 1593; x_wconf 88' lang='lat' dir='ltr'>delicto,</span> 
     </span>
     <span class='ocr_line' id='line_1_81' title="bbox 1200 1603 2238 1658; baseline -0.003 -12"><span class='ocrx_word' id='word_1_533' title='bbox 1200 1606 1343 1646; x_wconf 86' lang='lat' dir='ltr'>saltem</span> <span class='ocrx_word' id='word_1_534' title='bbox 1363 1618 1435 1658; x_wconf 88' lang='lat' dir='ltr'>per</span> <span class='ocrx_word' id='word_1_535' title='bbox 1450 1606 1575 1645; x_wconf 90' lang='lat' dir='ltr'>fidem</span> <span class='ocrx_word' id='word_1_536' title='bbox 1589 1607 1710 1644; x_wconf 89' lang='lat' dir='ltr'>unius</span> <span class='ocrx_word' id='word_1_537' title='bbox 1723 1605 1835 1644; x_wconf 88' lang='lat' dir='ltr'>testis</span> <span class='ocrx_word' id='word_1_538' title='bbox 1853 1603 2019 1652; x_wconf 88' lang='lat' dir='ltr'>oculati,</span> <span class='ocrx_word' id='word_1_539' title='bbox 2041 1604 2153 1644; x_wconf 89' lang='lat' dir='ltr'>omni</span> <span class='ocrx_word' id='word_1_540' title='bbox 2166 1615 2238 1644; x_wconf 81' lang='lat' dir='ltr'>ex-</span> 
     </span>
     <span class='ocr_line' id='line_1_82' title="bbox 1202 1667 2237 1721; baseline -0.003 -12"><span class='ocrx_word' id='word_1_541' title='bbox 1202 1670 1388 1721; x_wconf 90' lang='lat' dir='ltr'>ceptione</span> <span class='ocrx_word' id='word_1_542' title='bbox 1405 1669 1585 1720; x_wconf 87' lang='lat' dir='ltr'>majoris,</span> <span class='ocrx_word' id='word_1_543' title='bbox 1607 1672 1738 1719; x_wconf 86' lang='lat' dir='ltr'>potest</span> <span class='ocrx_word' id='word_1_544' title='bbox 1754 1667 1870 1706; x_wconf 90' lang='lat' dir='ltr'>illum</span> <span class='ocrx_word' id='word_1_545' title='bbox 1892 1667 2072 1717; x_wconf 85' lang='lat' dir='ltr'>graviter</span> <span class='ocrx_word' id='word_1_546' title='bbox 2099 1678 2237 1718; x_wconf 86' lang='lat' dir='ltr'>repre-</span> 
     </span>
     <span class='ocr_line' id='line_1_83' title="bbox 1199 1728 2236 1778; baseline -0.003 -7"><span class='ocrx_word' id='word_1_547' title='bbox 1199 1732 1393 1778; x_wconf 79' lang='lat' dir='ltr'>bendere,</span> <span class='ocrx_word' id='word_1_548' title='bbox 1414 1732 1538 1769; x_wconf 85' lang='lat' dir='ltr'>etiam</span> <span class='ocrx_word' id='word_1_549' title='bbox 1560 1729 1753 1769; x_wconf 80' lang='lat' dir='ltr'>adhibitis</span> <span class='ocrx_word' id='word_1_550' title='bbox 1773 1728 1929 1768; x_wconf 89' lang='lat' dir='ltr'>duobus</span> <span class='ocrx_word' id='word_1_551' title='bbox 1949 1729 2014 1767; x_wconf 90' lang='lat' dir='ltr'>vel</span> <span class='ocrx_word' id='word_1_552' title='bbox 2031 1728 2160 1768; x_wconf 88' lang='lat' dir='ltr'>tribus</span> <span class='ocrx_word' id='word_1_553' title='bbox 2177 1730 2236 1768; x_wconf 90' lang='lat' dir='ltr'>vi-</span> 
     </span>
     <span class='ocr_line' id='line_1_84' title="bbox 1200 1791 2238 1842; baseline -0.004 -8"><span class='ocrx_word' id='word_1_554' title='bbox 1200 1794 1256 1835; x_wconf 89' lang='lat' dir='ltr'>ris</span> <span class='ocrx_word' id='word_1_555' title='bbox 1283 1793 1489 1842; x_wconf 84' lang='lat' dir='ltr'>gravibus,</span> <span class='ocrx_word' id='word_1_556' title='bbox 1528 1792 1562 1831; x_wconf 92' lang='lat' dir='ltr'>si</span> <span class='ocrx_word' id='word_1_557' title='bbox 1592 1792 1643 1830; x_wconf 89' lang='lat' dir='ltr'>ad</span> <span class='ocrx_word' id='word_1_558' title='bbox 1673 1791 1793 1830; x_wconf 91' lang='lat' dir='ltr'>illum</span> <span class='ocrx_word' id='word_1_559' title='bbox 1826 1791 2160 1829; x_wconf 87' lang='lat' dir='ltr'>confundendum</span> <span class='ocrx_word' id='word_1_560' title='bbox 2196 1794 2238 1830; x_wconf 89' lang='lat' dir='ltr'>et</span> 
     </span>
     <span class='ocr_line' id='line_1_85' title="bbox 1201 1852 2237 1904; baseline -0.004 -10"><span class='ocrx_word' id='word_1_561' title='bbox 1201 1854 1540 1894; x_wconf 87' lang='lat' dir='ltr'>commovendum</span> <span class='ocrx_word' id='word_1_562' title='bbox 1552 1852 1742 1904; x_wconf 85' lang='lat' dir='ltr'>expedire</span> <span class='ocrx_word' id='word_1_563' title='bbox 1750 1853 1963 1891; x_wconf 80' lang='lat' dir='ltr'>censuerit.</span> <span class='ocrx_word' id='word_1_564' title='bbox 1972 1853 2103 1891; x_wconf 89' lang='lat' dir='ltr'>Potest</span> <span class='ocrx_word' id='word_1_565' title='bbox 2111 1852 2237 1891; x_wconf 90' lang='lat' dir='ltr'>etiam</span> 
     </span>
     <span class='ocr_line' id='line_1_86' title="bbox 1202 1913 2234 1964; baseline -0.005 -9"><span class='ocrx_word' id='word_1_566' title='bbox 1202 1917 1336 1956; x_wconf 88' lang='lat' dir='ltr'>minas</span> <span class='ocrx_word' id='word_1_567' title='bbox 1361 1914 1570 1962; x_wconf 89' lang='lat' dir='ltr'>adhibere,</span> <span class='ocrx_word' id='word_1_568' title='bbox 1593 1913 1702 1964; x_wconf 83' lang='lat' dir='ltr'>quod</span> <span class='ocrx_word' id='word_1_569' title='bbox 1722 1913 1952 1964; x_wconf 81' lang='lat' dir='ltr'>explorabit</span> <span class='ocrx_word' id='word_1_570' title='bbox 1974 1914 2061 1963; x_wconf 81' lang='lat' dir='ltr'>ejus</span> <span class='ocrx_word' id='word_1_571' title='bbox 2090 1913 2234 1959; x_wconf 91' lang='lat' dir='ltr'>vitam,</span> 
     </span>
     <span class='ocr_line' id='line_1_87' title="bbox 1202 1973 2236 2028; baseline -0.002 -13"><span class='ocrx_word' id='word_1_572' title='bbox 1202 1977 1311 2028; x_wconf 87' lang='lat' dir='ltr'>quod</span> <span class='ocrx_word' id='word_1_573' title='bbox 1343 1976 1395 2015; x_wconf 89' lang='lat' dir='ltr'>de</span> <span class='ocrx_word' id='word_1_574' title='bbox 1422 1975 1492 2014; x_wconf 89' lang='lat' dir='ltr'>illo</span> <span class='ocrx_word' id='word_1_575' title='bbox 1512 1975 1617 2013; x_wconf 91' lang='lat' dir='ltr'>nihil</span> <span class='ocrx_word' id='word_1_576' title='bbox 1646 1973 1837 2022; x_wconf 90' lang='lat' dir='ltr'>confidet,</span> <span class='ocrx_word' id='word_1_577' title='bbox 1859 1978 1900 2012; x_wconf 92' lang='lat' dir='ltr'>et</span> <span class='ocrx_word' id='word_1_578' title='bbox 1934 1974 2099 2013; x_wconf 90' lang='lat' dir='ltr'>similia.</span> <span class='ocrx_word' id='word_1_579' title='bbox 2133 1975 2236 2020; x_wconf 92' lang='lat' dir='ltr'>Imo,</span> 
     </span>
     <span class='ocr_line' id='line_1_88' title="bbox 1199 2034 2237 2090; baseline -0.002 -13"><span class='ocrx_word' id='word_1_580' title='bbox 1199 2038 1318 2090; x_wconf 77' lang='lat' dir='ltr'>juxta</span> <span class='ocrx_word' id='word_1_581' title='bbox 1333 2048 1518 2089; x_wconf 81' lang='lat' dir='ltr'>personae</span> <span class='ocrx_word' id='word_1_582' title='bbox 1535 2035 1791 2087; x_wconf 86' lang='lat' dir='ltr'>qualitatem,</span> <span class='ocrx_word' id='word_1_583' title='bbox 1811 2035 1960 2086; x_wconf 84' lang='lat' dir='ltr'>poterit</span> <span class='ocrx_word' id='word_1_584' title='bbox 1979 2034 2159 2086; x_wconf 88' lang='lat' dir='ltr'>aliquam</span> <span class='ocrx_word' id='word_1_585' title='bbox 2173 2047 2237 2075; x_wconf 90' lang='lat' dir='ltr'>re-</span> 
     </span>
     <span class='ocr_line' id='line_1_89' title="bbox 1202 2095 2237 2151; baseline -0.003 -13"><span class='ocrx_word' id='word_1_586' title='bbox 1202 2100 1391 2151; x_wconf 82' lang='lat' dir='ltr'>ligiosam</span> <span class='ocrx_word' id='word_1_587' title='bbox 1406 2097 1706 2148; x_wconf 86' lang='lat' dir='ltr'>correptionem</span> <span class='ocrx_word' id='word_1_588' title='bbox 1722 2095 1789 2135; x_wconf 87' lang='lat' dir='ltr'>vel</span> <span class='ocrx_word' id='word_1_589' title='bbox 1807 2096 2143 2146; x_wconf 82' lang='lat' dir='ltr'>flagellationem,</span> <span class='ocrx_word' id='word_1_590' title='bbox 2166 2101 2237 2135; x_wconf 89' lang='lat' dir='ltr'>aut</span> 
     </span>
     <span class='ocr_line' id='line_1_90' title="bbox 1200 2157 2237 2210; baseline -0.003 -10"><span class='ocrx_word' id='word_1_591' title='bbox 1200 2160 1379 2201; x_wconf 89' lang='lat' dir='ltr'>similem</span> <span class='ocrx_word' id='word_1_592' title='bbox 1399 2159 1684 2210; x_wconf 88' lang='lat' dir='ltr'>poenitentiam</span> <span class='ocrx_word' id='word_1_593' title='bbox 1699 2158 1914 2208; x_wconf 75' lang='lat' dir='ltr'>injungere</span> <span class='ocrx_word' id='word_1_594' title='bbox 1934 2161 2006 2195; x_wconf 91' lang='lat' dir='ltr'>aut</span> <span class='ocrx_word' id='word_1_595' title='bbox 2023 2157 2185 2208; x_wconf 82' lang='lat' dir='ltr'>exequi,</span> <span class='ocrx_word' id='word_1_596' title='bbox 2202 2158 2237 2197; x_wconf 89' lang='lat' dir='ltr'>si</span> 
     </span>
     <span class='ocr_line' id='line_1_91' title="bbox 1204 2218 2237 2269; baseline -0.002 -9"><span class='ocrx_word' id='word_1_597' title='bbox 1204 2220 1255 2260; x_wconf 89' lang='lat' dir='ltr'>ad</span> <span class='ocrx_word' id='word_1_598' title='bbox 1269 2221 1460 2259; x_wconf 88' lang='lat' dir='ltr'>timorem</span> <span class='ocrx_word' id='word_1_599' title='bbox 1479 2220 1523 2257; x_wconf 89' lang='lat' dir='ltr'>in</span> <span class='ocrx_word' id='word_1_600' title='bbox 1536 2219 1721 2258; x_wconf 86' lang='lat' dir='ltr'>futurum</span> <span class='ocrx_word' id='word_1_601' title='bbox 1740 2218 2023 2257; x_wconf 85' lang='lat' dir='ltr'>incutiendum</span> <span class='ocrx_word' id='word_1_602' title='bbox 2043 2222 2237 2269; x_wconf 85' lang='lat' dir='ltr'>opportu—</span> 
     </span>
     <span class='ocr_line' id='line_1_92' title="bbox 1202 2279 2237 2331; baseline -0.001 -11"><span class='ocrx_word' id='word_1_603' title='bbox 1202 2292 1304 2320; x_wconf 91' lang='lat' dir='ltr'>num</span> <span class='ocrx_word' id='word_1_604' title='bbox 1323 2293 1406 2319; x_wconf 90' lang='lat' dir='ltr'>esse</span> <span class='ocrx_word' id='word_1_605' title='bbox 1428 2280 1648 2331; x_wconf 84' lang='lat' dir='ltr'>prudenter</span> <span class='ocrx_word' id='word_1_606' title='bbox 1661 2279 1921 2330; x_wconf 84' lang='lat' dir='ltr'>judicaverit,</span> <span class='ocrx_word' id='word_1_607' title='bbox 1952 2280 2048 2330; x_wconf 90' lang='lat' dir='ltr'>quia</span> <span class='ocrx_word' id='word_1_608' title='bbox 2077 2281 2128 2318; x_wconf 86' lang='lat' dir='ltr'>ad</span> <span class='ocrx_word' id='word_1_609' title='bbox 2150 2279 2237 2319; x_wconf 87' lang='lat' dir='ltr'>haec</span> 
     </span>
     <span class='ocr_line' id='line_1_93' title="bbox 1204 2339 2237 2392; baseline -0.002 -10"><span class='ocrx_word' id='word_1_610' title='bbox 1204 2343 1343 2382; x_wconf 89' lang='lat' dir='ltr'>omnia</span> <span class='ocrx_word' id='word_1_611' title='bbox 1361 2341 1509 2380; x_wconf 87' lang='lat' dir='ltr'>sufficit</span> <span class='ocrx_word' id='word_1_612' title='bbox 1527 2341 1596 2380; x_wconf 88' lang='lat' dir='ltr'>illa</span> <span class='ocrx_word' id='word_1_613' title='bbox 1608 2339 1793 2392; x_wconf 83' lang='lat' dir='ltr'>probatio</span> <span class='ocrx_word' id='word_1_614' title='bbox 1813 2344 1854 2380; x_wconf 90' lang='lat' dir='ltr'>et</span> <span class='ocrx_word' id='word_1_615' title='bbox 1869 2341 2029 2389; x_wconf 83' lang='lat' dir='ltr'>notitia,</span> <span class='ocrx_word' id='word_1_616' title='bbox 2046 2345 2086 2380; x_wconf 91' lang='lat' dir='ltr'>et</span> <span class='ocrx_word' id='word_1_617' title='bbox 2101 2341 2153 2380; x_wconf 86' lang='lat' dir='ltr'>ad</span> <span class='ocrx_word' id='word_1_618' title='bbox 2166 2341 2237 2380; x_wconf 90' lang='lat' dir='ltr'>illa</span> 
     </span>
     <span class='ocr_line' id='line_1_94' title="bbox 1204 2402 2236 2454; baseline -0.001 -11"><span class='ocrx_word' id='word_1_619' title='bbox 1204 2403 1438 2444; x_wconf 83' lang='lat' dir='ltr'>extenditur</span> <span class='ocrx_word' id='word_1_620' title='bbox 1454 2414 1606 2442; x_wconf 89' lang='lat' dir='ltr'>munus</span> <span class='ocrx_word' id='word_1_621' title='bbox 1621 2406 1853 2454; x_wconf 87' lang='lat' dir='ltr'>paternum,</span> <span class='ocrx_word' id='word_1_622' title='bbox 1867 2402 1990 2442; x_wconf 88' lang='lat' dir='ltr'>etiam</span> <span class='ocrx_word' id='word_1_623' title='bbox 2008 2402 2159 2442; x_wconf 72' lang='lat' dir='ltr'>seclusa</span> <span class='ocrx_word' id='word_1_624' title='bbox 2170 2403 2236 2453; x_wconf 69' lang='lat' dir='ltr'>Ju-</span> 
     </span>
     <span class='ocr_line' id='line_1_95' title="bbox 1204 2464 2239 2516; baseline -0.004 -10"><span class='ocrx_word' id='word_1_625' title='bbox 1204 2466 1453 2507; x_wconf 84' lang='lat' dir='ltr'>risdictione.</span> <span class='ocrx_word' id='word_1_626' title='bbox 1477 2465 1591 2504; x_wconf 88' lang='lat' dir='ltr'>Sicut</span> <span class='ocrx_word' id='word_1_627' title='bbox 1613 2468 1731 2516; x_wconf 90' lang='lat' dir='ltr'>pater</span> <span class='ocrx_word' id='word_1_628' title='bbox 1753 2464 1952 2503; x_wconf 82' lang='lat' dir='ltr'>naturalis</span> <span class='ocrx_word' id='word_1_629' title='bbox 1970 2468 2102 2515; x_wconf 89' lang='lat' dir='ltr'>potest</span> <span class='ocrx_word' id='word_1_630' title='bbox 2119 2464 2164 2503; x_wconf 88' lang='lat' dir='ltr'>in</span> <span class='ocrx_word' id='word_1_631' title='bbox 2184 2464 2239 2503; x_wconf 92' lang='lat' dir='ltr'>si-</span> 
     </span>
     <span class='ocr_line' id='line_1_96' title="bbox 1205 2524 2239 2577; baseline -0.004 -9"><span class='ocrx_word' id='word_1_632' title='bbox 1205 2527 1292 2568; x_wconf 89' lang='lat' dir='ltr'>mili</span> <span class='ocrx_word' id='word_1_633' title='bbox 1308 2533 1455 2567; x_wconf 75' lang='lat' dir='ltr'>eventu</span> <span class='ocrx_word' id='word_1_634' title='bbox 1469 2526 1665 2575; x_wconf 81' lang='lat' dir='ltr'>castigare</span> <span class='ocrx_word' id='word_1_635' title='bbox 1684 2525 1832 2573; x_wconf 90' lang='lat' dir='ltr'>filium,</span> <span class='ocrx_word' id='word_1_636' title='bbox 1846 2525 1892 2573; x_wconf 64' lang='lat' dir='ltr'>ssi</span> <span class='ocrx_word' id='word_1_637' title='bbox 1911 2525 2135 2577; x_wconf 87' lang='lat' dir='ltr'>prudenter</span> <span class='ocrx_word' id='word_1_638' title='bbox 2161 2524 2239 2564; x_wconf 83' lang='lat' dir='ltr'>sihi</span> 
     </span>
     <span class='ocr_line' id='line_1_97' title="bbox 1202 2585 2237 2641; baseline -0.003 -13"><span class='ocrx_word' id='word_1_639' title='bbox 1202 2589 1442 2641; x_wconf 87' lang='lat' dir='ltr'>persuadeat</span> <span class='ocrx_word' id='word_1_640' title='bbox 1461 2599 1546 2627; x_wconf 88' lang='lat' dir='ltr'>esse</span> <span class='ocrx_word' id='word_1_641' title='bbox 1566 2598 1710 2625; x_wconf 88' lang='lat' dir='ltr'>verum</span> <span class='ocrx_word' id='word_1_642' title='bbox 1739 2585 1849 2638; x_wconf 90' lang='lat' dir='ltr'>quod</span> <span class='ocrx_word' id='word_1_643' title='bbox 1878 2586 1956 2624; x_wconf 88' lang='lat' dir='ltr'>sibi</span> <span class='ocrx_word' id='word_1_644' title='bbox 1984 2586 2138 2625; x_wconf 89' lang='lat' dir='ltr'>dictum</span> <span class='ocrx_word' id='word_1_645' title='bbox 2161 2590 2237 2635; x_wconf 90' lang='lat' dir='ltr'>est,</span> 
     </span>
     <span class='ocr_line' id='line_1_98' title="bbox 1203 2646 2240 2700; baseline -0.003 -10"><span class='ocrx_word' id='word_1_646' title='bbox 1203 2650 1360 2690; x_wconf 89' lang='lat' dir='ltr'>etiamsi</span> <span class='ocrx_word' id='word_1_647' title='bbox 1370 2649 1551 2700; x_wconf 84' lang='lat' dir='ltr'>juridica</span> <span class='ocrx_word' id='word_1_648' title='bbox 1565 2652 1606 2689; x_wconf 89' lang='lat' dir='ltr'>et</span> <span class='ocrx_word' id='word_1_649' title='bbox 1621 2648 1743 2700; x_wconf 88' lang='lat' dir='ltr'>plena</span> <span class='ocrx_word' id='word_1_650' title='bbox 1760 2646 1946 2698; x_wconf 86' lang='lat' dir='ltr'>probatio</span> <span class='ocrx_word' id='word_1_651' title='bbox 1963 2659 2048 2687; x_wconf 88' lang='lat' dir='ltr'>non</span> <span class='ocrx_word' id='word_1_652' title='bbox 2064 2648 2240 2687; x_wconf 87' lang='lat' dir='ltr'>interce-</span> 
     </span>
     <span class='ocr_line' id='line_1_99' title="bbox 1204 2708 2239 2763; baseline -0.002 -11"><span class='ocrx_word' id='word_1_653' title='bbox 1204 2712 1287 2752; x_wconf 87' lang='lat' dir='ltr'>dat.</span> <span class='ocrx_word' id='word_1_654' title='bbox 1308 2712 1486 2763; x_wconf 88' lang='lat' dir='ltr'>Denique</span> <span class='ocrx_word' id='word_1_655' title='bbox 1500 2711 1649 2763; x_wconf 89' lang='lat' dir='ltr'>poterit</span> <span class='ocrx_word' id='word_1_656' title='bbox 1668 2711 1794 2749; x_wconf 89' lang='lat' dir='ltr'>etiam</span> <span class='ocrx_word' id='word_1_657' title='bbox 1813 2708 1876 2748; x_wconf 89' lang='lat' dir='ltr'>illi</span> <span class='ocrx_word' id='word_1_658' title='bbox 1893 2710 2112 2761; x_wconf 80' lang='lat' dir='ltr'>praecipere</span> <span class='ocrx_word' id='word_1_659' title='bbox 2144 2722 2239 2750; x_wconf 90' lang='lat' dir='ltr'>cum</span> 
     </span>
     <span class='ocr_line' id='line_1_100' title="bbox 1207 2771 2240 2824; baseline -0.003 -11"><span class='ocrx_word' id='word_1_660' title='bbox 1207 2776 1320 2813; x_wconf 90' lang='lat' dir='ltr'>omni</span> <span class='ocrx_word' id='word_1_661' title='bbox 1332 2774 1483 2824; x_wconf 84' lang='lat' dir='ltr'>rigore,</span> <span class='ocrx_word' id='word_1_662' title='bbox 1500 2777 1540 2812; x_wconf 90' lang='lat' dir='ltr'>et</span> <span class='ocrx_word' id='word_1_663' title='bbox 1551 2772 1585 2811; x_wconf 91' lang='lat' dir='ltr'>si</span> <span class='ocrx_word' id='word_1_664' title='bbox 1597 2771 1838 2823; x_wconf 89' lang='lat' dir='ltr'>oportuerit,</span> <span class='ocrx_word' id='word_1_665' title='bbox 1854 2771 1929 2810; x_wconf 88' lang='lat' dir='ltr'>suh</span> <span class='ocrx_word' id='word_1_666' title='bbox 1944 2783 2064 2823; x_wconf 83' lang='lat' dir='ltr'>poena</span> <span class='ocrx_word' id='word_1_667' title='bbox 2078 2784 2240 2811; x_wconf 82' lang='lat' dir='ltr'>excom-</span> 
     </span>
     <span class='ocr_line' id='line_1_101' title="bbox 1207 2833 2240 2886; baseline 0 -13"><span class='ocrx_word' id='word_1_668' title='bbox 1207 2834 1495 2874; x_wconf 84' lang='lat' dir='ltr'>municationis</span> <span class='ocrx_word' id='word_1_669' title='bbox 1514 2834 1602 2886; x_wconf 89' lang='lat' dir='ltr'>ipso</span> <span class='ocrx_word' id='word_1_670' title='bbox 1623 2833 1731 2872; x_wconf 90' lang='lat' dir='ltr'>facto</span> <span class='ocrx_word' id='word_1_671' title='bbox 1752 2833 2021 2881; x_wconf 76' lang='lat' dir='ltr'>incurrendae,</span> <span class='ocrx_word' id='word_1_672' title='bbox 2043 2837 2090 2872; x_wconf 93' lang='lat' dir='ltr'>ut</span> <span class='ocrx_word' id='word_1_673' title='bbox 2114 2833 2240 2873; x_wconf 88' lang='lat' dir='ltr'>talem</span> 
     </span>
     <span class='ocr_line' id='line_1_102' title="bbox 1207 2894 2241 2943; baseline -0.001 -8"><span class='ocrx_word' id='word_1_674' title='bbox 1207 2897 1460 2935; x_wconf 88' lang='lat' dir='ltr'>occasionem</span> <span class='ocrx_word' id='word_1_675' title='bbox 1487 2896 1625 2943; x_wconf 91' lang='lat' dir='ltr'>evitet,</span> <span class='ocrx_word' id='word_1_676' title='bbox 1647 2894 1812 2943; x_wconf 83' lang='lat' dir='ltr'>scilicet,</span> <span class='ocrx_word' id='word_1_677' title='bbox 1841 2898 1887 2933; x_wconf 91' lang='lat' dir='ltr'>ut</span> <span class='ocrx_word' id='word_1_678' title='bbox 1909 2906 1993 2933; x_wconf 92' lang='lat' dir='ltr'>non</span> <span class='ocrx_word' id='word_1_679' title='bbox 2023 2898 2088 2933; x_wconf 91' lang='lat' dir='ltr'>eat</span> <span class='ocrx_word' id='word_1_680' title='bbox 2108 2894 2153 2933; x_wconf 92' lang='lat' dir='ltr'>in</span> <span class='ocrx_word' id='word_1_681' title='bbox 2180 2898 2241 2934; x_wconf 88' lang='lat' dir='ltr'>ta·</span> 
     </span>
     <span class='ocr_line' id='line_1_103' title="bbox 1206 2955 2240 3008; baseline -0.002 -12"><span class='ocrx_word' id='word_1_682' title='bbox 1206 2957 1289 2997; x_wconf 90' lang='lat' dir='ltr'>lem</span> <span class='ocrx_word' id='word_1_683' title='bbox 1313 2957 1464 3004; x_wconf 90' lang='lat' dir='ltr'>locum,</span> <span class='ocrx_word' id='word_1_684' title='bbox 1491 2956 1556 2996; x_wconf 90' lang='lat' dir='ltr'>vel</span> <span class='ocrx_word' id='word_1_685' title='bbox 1583 2956 1675 2995; x_wconf 88' lang='lat' dir='ltr'>talis</span> <span class='ocrx_word' id='word_1_686' title='bbox 1707 2968 1891 3008; x_wconf 83' lang='lat' dir='ltr'>pcrsonae</span> <span class='ocrx_word' id='word_1_687' title='bbox 1920 2955 2240 2995; x_wconf 84' lang='lat' dir='ltr'>familiaritatem</span> 
     </span>
     <span class='ocr_line' id='line_1_104' title="bbox 1207 3018 2240 3070; baseline -0.002 -13"><span class='ocrx_word' id='word_1_688' title='bbox 1207 3018 1354 3070; x_wconf 85' lang='lat' dir='ltr'>fugiat,</span> <span class='ocrx_word' id='word_1_689' title='bbox 1377 3023 1453 3057; x_wconf 90' lang='lat' dir='ltr'>etc.</span> <span class='ocrx_word' id='word_1_690' title='bbox 1476 3018 1590 3064; x_wconf 89' lang='lat' dir='ltr'>Quod</span> <span class='ocrx_word' id='word_1_691' title='bbox 1610 3023 1859 3070; x_wconf 84' lang='lat' dir='ltr'>praeccptum</span> <span class='ocrx_word' id='word_1_692' title='bbox 1878 3022 2010 3070; x_wconf 89' lang='lat' dir='ltr'>potest</span> <span class='ocrx_word' id='word_1_693' title='bbox 2031 3018 2240 3069; x_wconf 88' lang='lat' dir='ltr'>imponere</span> 
     </span>
     <span class='ocr_line' id='line_1_105' title="bbox 1209 3079 2241 3129; baseline -0.002 -9"><span class='ocrx_word' id='word_1_694' title='bbox 1209 3092 1345 3120; x_wconf 89' lang='lat' dir='ltr'>coram</span> <span class='ocrx_word' id='word_1_695' title='bbox 1362 3079 1648 3119; x_wconf 88' lang='lat' dir='ltr'>denuntiatore</span> <span class='ocrx_word' id='word_1_696' title='bbox 1668 3084 1707 3120; x_wconf 90' lang='lat' dir='ltr'>et</span> <span class='ocrx_word' id='word_1_697' title='bbox 1724 3080 1910 3127; x_wconf 83' lang='lat' dir='ltr'>testibus,</span> <span class='ocrx_word' id='word_1_698' title='bbox 1930 3084 1991 3127; x_wconf 92' lang='lat' dir='ltr'>ut,</span> <span class='ocrx_word' id='word_1_699' title='bbox 2003 3079 2037 3118; x_wconf 90' lang='lat' dir='ltr'>si</span> <span class='ocrx_word' id='word_1_700' title='bbox 2055 3082 2241 3129; x_wconf 84' lang='lat' dir='ltr'>oportue-</span> 
     </span>
     <span class='ocr_line' id='line_1_106' title="bbox 1209 3141 2239 3194; baseline -0.003 -13"><span class='ocrx_word' id='word_1_701' title='bbox 1209 3143 1284 3191; x_wconf 90' lang='lat' dir='ltr'>rit,</span> <span class='ocrx_word' id='word_1_702' title='bbox 1319 3146 1461 3194; x_wconf 86' lang='lat' dir='ltr'>postea</span> <span class='ocrx_word' id='word_1_703' title='bbox 1494 3142 1543 3181; x_wconf 91' lang='lat' dir='ltr'>de</span> <span class='ocrx_word' id='word_1_704' title='bbox 1575 3142 1685 3181; x_wconf 89' lang='lat' dir='ltr'>illius</span> <span class='ocrx_word' id='word_1_705' title='bbox 1714 3141 2034 3194; x_wconf 80' lang='lat' dir='ltr'>transgressione</span> <span class='ocrx_word' id='word_1_706' title='bbox 2062 3142 2239 3185; x_wconf 57' lang='lat' dir='ltr'>masten</span> 
     </span>
     <span class='ocr_line' id='line_1_107' title="bbox 1210 3202 2242 3255; baseline -0.003 -12"><span class='ocrx_word' id='word_1_707' title='bbox 1210 3216 1309 3244; x_wconf 87' lang='lat' dir='ltr'>nam</span> <span class='ocrx_word' id='word_1_708' title='bbox 1325 3203 1427 3242; x_wconf 81' lang='lat' dir='ltr'>illud</span> <span class='ocrx_word' id='word_1_709' title='bbox 1442 3207 1694 3255; x_wconf 83' lang='lat' dir='ltr'>praeceptum</span> <span class='ocrx_word' id='word_1_710' title='bbox 1711 3203 1836 3242; x_wconf 90' lang='lat' dir='ltr'>etiam</span> <span class='ocrx_word' id='word_1_711' title='bbox 1855 3206 1914 3241; x_wconf 88' lang='lat' dir='ltr'>est</span> <span class='ocrx_word' id='word_1_712' title='bbox 1927 3202 2102 3251; x_wconf 87' lang='lat' dir='ltr'>justum,</span> <span class='ocrx_word' id='word_1_713' title='bbox 2121 3205 2161 3240; x_wconf 88' lang='lat' dir='ltr'>et</span> <span class='ocrx_word' id='word_1_714' title='bbox 2179 3214 2242 3240; x_wconf 53' lang='lat' dir='ltr'>sa*</span> 
     </span>
     <span class='ocr_line' id='line_1_108' title="bbox 1210 3261 2243 3312; baseline -0.004 -7"><span class='ocrx_word' id='word_1_715' title='bbox 1210 3265 1264 3306; x_wconf 81' lang='lat' dir='ltr'>tis</span> <span class='ocrx_word' id='word_1_716' title='bbox 1281 3265 1533 3304; x_wconf 89' lang='lat' dir='ltr'>conveniens</span> <span class='ocrx_word' id='word_1_717' title='bbox 1559 3265 1742 3304; x_wconf 88' lang='lat' dir='ltr'>medium</span> <span class='ocrx_word' id='word_1_718' title='bbox 1762 3263 1814 3302; x_wconf 88' lang='lat' dir='ltr'>ad</span> <span class='ocrx_word' id='word_1_719' title='bbox 1844 3261 2150 3312; x_wconf 89' lang='lat' dir='ltr'>impediendum</span> <span class='ocrx_word' id='word_1_720' title='bbox 2168 3273 2243 3312; x_wconf 82' lang='lat' dir='ltr'>pe·-</span> 
     </span>
     <span class='ocr_line' id='line_1_109' title="bbox 1210 3323 2243 3378; baseline -0.007 -11"><span class='ocrx_word' id='word_1_721' title='bbox 1210 3327 1387 3369; x_wconf 88' lang='lat' dir='ltr'>riculum</span> <span class='ocrx_word' id='word_1_722' title='bbox 1406 3326 1575 3376; x_wconf 87' lang='lat' dir='ltr'>subditi,</span> <span class='ocrx_word' id='word_1_723' title='bbox 1595 3327 1666 3378; x_wconf 91' lang='lat' dir='ltr'>qui</span> <span class='ocrx_word' id='word_1_724' title='bbox 1686 3328 1798 3364; x_wconf 90' lang='lat' dir='ltr'>tanto</span> <span class='ocrx_word' id='word_1_725' title='bbox 1821 3323 1950 3375; x_wconf 86' lang='lat' dir='ltr'>magis</span> <span class='ocrx_word' id='word_1_726' title='bbox 1966 3324 2010 3362; x_wconf 92' lang='lat' dir='ltr'>in</span> <span class='ocrx_word' id='word_1_727' title='bbox 2028 3323 2097 3362; x_wconf 91' lang='lat' dir='ltr'>illo</span> <span class='ocrx_word' id='word_1_728' title='bbox 2112 3333 2243 3361; x_wconf 85' lang='lat' dir='ltr'>versa-</span> 
     </span>
     <span class='ocr_line' id='line_1_110' title="bbox 1212 3385 2243 3440; baseline -0.005 -12"><span class='ocrx_word' id='word_1_729' title='bbox 1212 3399 1296 3438; x_wconf 87' lang='lat' dir='ltr'>sur,</span> <span class='ocrx_word' id='word_1_730' title='bbox 1314 3392 1469 3440; x_wconf 83' lang='lat' dir='ltr'>quanto</span> <span class='ocrx_word' id='word_1_731' title='bbox 1489 3389 1628 3427; x_wconf 87' lang='lat' dir='ltr'>minus</span> <span class='ocrx_word' id='word_1_732' title='bbox 1657 3385 1759 3424; x_wconf 89' lang='lat' dir='ltr'>illud</span> <span class='ocrx_word' id='word_1_733' title='bbox 1788 3385 1998 3436; x_wconf 82' lang='lat' dir='ltr'>agnoscit,</span> <span class='ocrx_word' id='word_1_734' title='bbox 2028 3385 2243 3435; x_wconf 87' lang='lat' dir='ltr'>minusque</span> 
     </span>
     <span class='ocr_line' id='line_1_111' title="bbox 1213 3444 2245 3498; baseline -0.006 -9"><span class='ocrx_word' id='word_1_735' title='bbox 1213 3450 1442 3490; x_wconf 80' lang='lat' dir='ltr'>voluntarie</span> <span class='ocrx_word' id='word_1_736' title='bbox 1478 3450 1618 3488; x_wconf 77' lang='lat' dir='ltr'>tollere</span> <span class='ocrx_word' id='word_1_737' title='bbox 1653 3446 1755 3486; x_wconf 90' lang='lat' dir='ltr'>vult.</span> <span class='ocrx_word' id='word_1_738' title='bbox 1794 3447 1888 3486; x_wconf 88' lang='lat' dir='ltr'>Haec</span> <span class='ocrx_word' id='word_1_739' title='bbox 1923 3446 2073 3498; x_wconf 87' lang='lat' dir='ltr'>partim</span> <span class='ocrx_word' id='word_1_740' title='bbox 2107 3444 2245 3484; x_wconf 87' lang='lat' dir='ltr'>docuit</span> 
     </span>
     <span class='ocr_line' id='line_1_112' title="bbox 1215 3505 2245 3563; baseline -0.006 -13"><span class='ocrx_word' id='word_1_741' title='bbox 1215 3511 1325 3559; x_wconf 90' lang='lat' dir='ltr'>Soto,</span> <span class='ocrx_word' id='word_1_742' title='bbox 1350 3511 1446 3551; x_wconf 88' lang='lat' dir='ltr'>dict.</span> <span class='ocrx_word' id='word_1_743' title='bbox 1474 3513 1618 3563; x_wconf 82' lang='lat' dir='ltr'>quaest.</span> <span class='ocrx_word' id='word_1_744' title='bbox 1640 3509 1681 3557; x_wconf 77' lang='lat'>4,</span> <span class='ocrx_word' id='word_1_745' title='bbox 1702 3508 1830 3547; x_wconf 89' lang='lat' dir='ltr'>concl.</span> <span class='ocrx_word' id='word_1_746' title='bbox 1850 3509 1889 3556; x_wconf 86' lang='lat'>7;</span> <span class='ocrx_word' id='word_1_747' title='bbox 1914 3505 2064 3558; x_wconf 87' lang='lat' dir='ltr'>partim</span> <span class='ocrx_word' id='word_1_748' title='bbox 2089 3505 2245 3545; x_wconf 76' lang='lat' dir='ltr'>addidit</span> 
     </span>
     <span class='ocr_line' id='line_1_113' title="bbox 1215 3567 2243 3626; baseline -0.007 -10"><span class='ocrx_word' id='word_1_749' title='bbox 1215 3574 1376 3616; x_wconf 87' lang='lat' dir='ltr'>Bannes</span> <span class='ocrx_word' id='word_1_750' title='bbox 1392 3575 1431 3613; x_wconf 79' lang='lat'>2.</span> <span class='ocrx_word' id='word_1_751' title='bbox 1449 3576 1489 3623; x_wconf 81' lang='lat'>2,</span> <span class='ocrx_word' id='word_1_752' title='bbox 1513 3574 1654 3625; x_wconf 83' lang='lat' dir='ltr'>quaest.</span> <span class='ocrx_word' id='word_1_753' title='bbox 1676 3569 1742 3621; x_wconf 85' lang='lat'>33,</span> <span class='ocrx_word' id='word_1_754' title='bbox 1763 3574 1841 3610; x_wconf 88' lang='lat' dir='ltr'>art.</span> <span class='ocrx_word' id='word_1_755' title='bbox 1861 3570 1903 3619; x_wconf 86' lang='lat'>8,</span> <span class='ocrx_word' id='word_1_756' title='bbox 1922 3567 2022 3609; x_wconf 87' lang='lat' dir='ltr'>duh.</span> <span class='ocrx_word' id='word_1_757' title='bbox 2042 3568 2086 3621; x_wconf 73' lang='lat'>4,</span> <span class='ocrx_word' id='word_1_758' title='bbox 2113 3567 2243 3626; x_wconf 65' lang='lat' dir='ltr'>conci.</span> 
     </span>
    </p>
   </div>
  </div>
 </body>
</html>
