2352 3880
140 271 212 328 'qui
224 269 270 311 in
284 267 556 323 coadjutorum
567 269 836 320 formatorum
852 267 1006 326 qradus
1021 269 1168 318 admit-

140 335 299 382 tuntur,
318 331 388 373 sed
401 331 523 372 ettam
540 340 690 379 omnes,
707 329 777 383 qut
799 329 844 372 in
859 328 951 387 Ipsa
969 327 1170 377 Societate

141 393 308 436 admissi
327 393 412 434 tria
428 395 519 432 vota
538 390 749 449 praedicta,
769 392 929 434 tametsi
944 390 1164 445 simplicia,

141 456 367 502 emiserint,
386 463 473 494 vere
493 464 540 494 ae
554 451 718 512 proprie
739 452 950 506 reliqiosos
974 453 1104 504 fuisse
1130 456 1168 494 et

140 525 232 559 esse.
251 516 298 556 Et
314 513 422 554 infra
443 512 557 559 addit
581 518 836 570 praeceptum
855 513 933 555 sub
949 524 1076 568 poena
1100 524 1169 556 ex-

138 576 524 619 communicationis
562 575 654 619 latae
699 575 912 620 sententiae
931 604 944 627 ,
983 586 1039 616 ne
1075 575 1169 628 quis

135 634 376 692 'praedictam
413 636 697 682 definitionem
728 636 842 678 falsis
871 639 945 677 aut
978 637 1169 679 violentis

137 700 566 753 interpretationibus,
588 703 659 739 aut
676 699 820 755 quovis
838 697 1010 753 quaesito
1030 697 1167 738 colore

136 763 381 821 impugnare
401 762 567 802 audeat.

187 820 229 866 8.
256 826 476 871 Navarrus
491 822 913 875 subscribit—Atque
930 823 988 864 ita
1006 821 1168 863 intelle·

135 885 194 927 xit
211 886 319 929 hanc
344 885 551 926 Pontificis
572 889 755 925 mentem
776 885 915 924 doctor
934 886 1139 925 Navarrus
1153 916 1163 933 ,

134 941 249 1003 cons.
282 950 349 998 49,
379 949 431 989 de
464 948 676 998 Reg·ular.,
698 946 808 997 quod
838 946 984 997 incipit
1013 947 1083 988 An
1112 947 1169 988 sit

137 1025 235 1059 vere,
256 1012 327 1051 ubi
349 1023 445 1051 cum
472 1009 725 1051 definivisset
757 1008 995 1059 quemdam,
1018 1009 1088 1060 qui
1122 1018 1168 1049 se

138 1074 386 1114 monasterio
407 1074 447 1112 S.
467 1071 676 1112 Benedicti
697 1070 900 1110 obtulerat
919 1070 1007 1110 sine
1027 1069 1167 1111 animo

138 1136 367 1190 profitendi,
389 1147 473 1174 non
502 1146 593 1174 esse
617 1142 760 1173 verum
791 1133 1046 1185 religiosum,
1073 1133 1168 1174 sub-

139 1199 195 1238 dit
217 1210 226 1237 :
249 1199 379 1249 Lonye
399 1200 529 1236 tamen
559 1196 643 1237 alia
661 1196 766 1237 ratio
787 1199 843 1235 est
870 1206 1015 1244 eornm,
1036 1195 1169 1247 quiin

137 1261 336 1304 Societate
350 1261 384 1301 J
386 1271 453 1300 esu
466 1263 556 1311 post
570 1258 788 1300 biennalem
798 1258 1068 1309 probationem
1084 1258 1171 1298 tria

137 1323 342 1374 simplicia
366 1325 456 1362 vota
483 1322 758 1373 paupertatis,
791 1320 994 1361 castitatis
1022 1322 1060 1360 et
1087 1319 1170 1360 obe-

139 1385 296 1425 dientioe
318 1384 518 1425 emittunt.
550 1383 614 1422 Hi
633 1393 799 1435 namque
818 1391 903 1422 cum
925 1383 987 1423 ita
1010 1385 1170 1423 voveant

140 1458 226 1487 varo
245 1449 421 1498 certoque
442 1444 645 1498 proposito
664 1448 710 1484 ut
728 1443 907 1495 religiosi
926 1443 1043 1491 fiant,
1066 1453 1171 1484 cunz-

139 1520 208 1560 que
227 1508 356 1548 eadem
371 1510 497 1546 mente
511 1511 547 1546 et
562 1506 715 1545 ratione
734 1506 780 1545 ab
801 1505 971 1556 ejusdem
994 1504 1171 1547 Societa-

139 1571 193 1610 tis
213 1568 503 1622 Superioribus
534 1568 820 1613 admittantur,
843 1571 881 1607 et
908 1579 994 1608 eum
1025 1576 1112 1608 vere
1131 1579 1172 1608 se

137 1632 306 1682 obliqent
336 1631 390 1670 ad
417 1630 705 1669 observantiam
724 1629 946 1682 reputarem
969 1628 1170 1670 Constitu-

137 1693 289 1734 tionum
309 1691 441 1743 ipsius
464 1690 700 1738 Societatis,
728 1691 889 1743 ejusque
915 1690 1093 1731 instituti
1123 1691 1171 1732 ab

135 1753 366 1806 'Apostoliea
385 1752 486 1792 Sede
499 1752 647 1802 saepius
660 1752 884 1802 approbati,
899 1764 983 1792 vere
996 1753 1172 1805 proprie-

136 1815 208 1867 'que
225 1814 410 1866 reliqiosi
437 1816 545 1860 sunt,
566 1817 612 1854 ut
639 1813 932 1864 sapientissime
958 1815 1174 1855 declaravit

0 1878 42 1914 ”a
139 1875 356 1929 Gregorius
378 1874 515 1914 XIII.
537 1873 651 1912 Idem
674 1874 797 1913 habet
817 1875 857 1912 in
878 1876 1171 1915 commentario

137 1937 190 1977 de
219 1936 439 1988 Regulam,
458 1947 574 1973 num.
600 1936 665 1983 19,
697 1936 765 1974 ubi
787 1936 829 1974 in
851 1935 930 1974 hoc
959 1936 1172 1987 distinguit

191 2002 231 2038 ta
255 1997 446 2049 privatim
465 1997 615 2036 emissa
634 2009 656 2035 a
677 1998 829 2036 novitio
850 2001 946 2036 ante
966 1998 1172 2049 expletam

0 2092 73 2117 tx*
133 2052 188 2096 ΧΠ
267 2060 293 2098 ii
314 2059 618 2110 probationem,
641 2058 693 2098 ab
714 2060 771 2098 eis
792 2060 915 2107 votis,
946 2072 1036 2110 quae
1054 2061 1172 2111 juxta

78 2118 261 2176 ‘'1939‘ss
277 2125 351 2161 'um
368 2119 581 2161 Societatis
593 2120 677 2171 jus,
695 2123 787 2172 post
805 2122 1006 2172 expletam
1026 2122 1171 2173 proha-

0 2157 101 2204 N.

137 2174 294 2241 fiunem
314 2185 356 2222 in
379 2194 428 2222 ea
448 2182 711 2230 emittuntur3
733 2194 828 2222 nam
847 2184 984 2235 priora
1003 2195 1086 2223 non
1112 2183 1173 2222 fa-

141 2246 251 2287 ciunt
286 2244 548 2296 religiosum;
587 2245 815 2296 posteriora
849 2256 947 2284 vero
984 2245 1041 2286 ita
1078 2256 1173 2299 pro-

114 2307 274 2364 prium
304 2311 344 2345 et
376 2318 518 2346 verum
552 2306 794 2358 religiosum
828 2306 1093 2354 constituunt,
1127 2311 1172 2346 ut

7 2332 91 2381 *xx
100 2327 119 2344 ‘¹

54 2416 92 2500 (t

98 2401 101 2407 .
139 2369 230 2429 sine
266 2368 362 2408 vitio
396 2368 611 2419 apostasiae
650 2372 689 2408 et
720 2368 853 2419 poenis
884 2369 997 2419 ejus,
1033 2369 1171 2408 nullus

140 2430 268 2486 possit
292 2441 342 2473 ex
370 2433 486 2481 parte
510 2442 585 2469 sua
607 2430 733 2476 exire,
756 2434 826 2468 aut
845 2431 1078 2483 relinquere
1099 2432 1173 2471 So-

131 2492 300 2554 &etatis
317 2492 519 2540 ordinem,
536 2492 722 2542 quamvis
737 2503 787 2530 ex
799 2492 1033 2532 rationabili
1047 2504 1173 2534 causa

132 2612 210 2666 *sim
245 2629 284 2658 m
315 2621 353 2658 et
380 2617 615 2658 admirabile
641 2628 859 2658 concessum
886 2619 1067 2669 praefatae
1097 2617 1173 2659 So-

136 2681 192 2726 oie
219 2680 294 2729 ati,
323 2682 361 2719 et
379 2678 486 2720 olare
506 2678 752 2720 declaratum
776 2681 815 2719 et
842 2678 1123 2728 confirmatum
1148 2691 1176 2720 a

190 2773 201 2806 ²,
224 2835 232 2847 .
263 2803 467 2844 Probatur
486 2802 616 2843 eadem
641 2800 838 2843 conclusio
864 2812 912 2842 ea·
930 2802 1097 2843 ratione.
1118 2825 1173 2832 —

135 2803 283 2924 ,anjits
312 2864 487 2905 rationis
511 2865 736 2905 antecedens
763 2864 951 2905 suadetur
978 2864 1174 2916 multipli-

131 2925 478 2975 ottone-Ratione
500 2927 556 2966 ita
573 2928 709 2978 potest
727 2925 818 2966 haec
836 2926 986 2965 veritas
1004 2926 1172 2967 demon-

132 2989 266 3035 strari.
287 2990 392 3028 Nam
414 2989 456 3027 in
477 2988 554 3027 hac
573 2987 816 3038 probatione
840 2999 914 3026 seu
934 2988 1170 3038 receptione

133 3050 249 3096 schol
313 3056 389 3098 „gn
407 3053 467 3089 est
483 3062 582 3088 vera
602 3049 765 3089 traditio
781 3061 829 3088 ex
850 3053 966 3101 parte
986 3049 1171 3102 ipsorum

135 3113 250 3155 schol
300 3123 387 3154 ium
424 3112 467 3150 in
495 3123 694 3162 magnum
731 3115 773 3151 et
799 3111 924 3151 totale
951 3123 999 3151 ac
1027 3122 1172 3164 perpe-

133 2546 269 2771 ρόῗ
288 2554 451 2603 dimitti,
474 2554 584 2604 quod
605 2554 701 2594 dicit
721 2565 812 2593 esse
832 2554 1016 2606 quiddam
1043 2557 1173 2597 novis-

212 2742 252 2785 D

134 3178 254 3218 tuum
286 3174 357 3217 Dei
391 3173 653 3226 obsequium,
670 3174 800 3214 tribus
831 3173 1171 3216 substantialibus

134 3236 239 3281 votis
256 3236 454 3283 stabilita,
471 3240 511 3275 et
522 3235 631 3275 facta
649 3236 691 3274 in
712 3235 912 3287 religione
928 3236 1168 3287 approbata,

137 3303 179 3341 et
202 3298 321 3350 juxta
348 3297 527 3400 soff-'lam
559 3298 612 3338 ab
642 3297 825 3337 Ecclesia
858 3296 1142 3337 confirmatam
1153 3308 1167 3348 3

137 3373 237 3414 ergo
256 3360 376 3413 estin
411 3360 466 3399 ati
479 3363 575 3399 actu
595 3359 795 3412 quidquid
811 3359 1091 3399 necessarium
1107 3363 1171 3400 est

139 3421 193 3463 ad
212 3422 543 3463 constituendum
568 3426 719 3462 statum
737 3433 834 3461 vere
852 3421 1108 3472 religiosum,
1127 3423 1170 3462 et

141 3483 276 3537 quoad
291 3485 370 3525 hoc
388 3463 710 3524 substantlialiter-
726 3487 766 3523 et
782 3482 1053 3525 essentialiter
1072 3494 1169 3522 con-

141 3546 252 3586 venit
268 3557 363 3586 cum
377 3558 476 3586 vera
491 3545 747 3598 professione
766 3544 974 3595 religiosa.
995 3546 1171 3584 Antece-

141 3605 247 3648 ‹lens
264 3618 315 3646 ex
327 3607 433 3647 facto
451 3608 545 3661 ipso
572 3606 891 3661 supponendum
910 3609 1020 3646 esset
1033 3605 1171 3658 potius

2019 14 2022 19 .
2064 6 2090 18 ,κ
2104 7 2111 14 .=
2130 0 2235 19 'ww-*e
2252 0 2277 11 ··-

2131 68 2134 74 .
2202 58 2224 70 <''
2302 58 2318 65 ·'

2347 106 2352 115 .

1222 283 1349 326 quam
1379 269 1666 324 probandum;
1700 269 1820 322 quia,
1851 269 1950 313 dum
1983 270 2031 313 hi
2063 269 2244 326 religiosi

1221 335 1468 385 perpetuam
1486 329 1765 374 obedientiam
1777 343 1874 372 cum
1886 329 1976 372 aliis
1993 333 2097 374 votis
2109 333 2155 384 in
2172 327 2248 390 So-{

1221 395 1370 441 cietate
1401 392 1644 446 promittunt
1659 423 1671 446 ,
1700 394 1801 439 satis
1836 393 2063 450 ostendun-
2085 395 2245 454 seipsos

1220 453 1412 497 Societati
1449 453 1612 502 tradere
1633 468 1646 506 ς
1683 466 1822 506 neque
1857 456 1968 502 enim
2002 458 2164 512 oportet
2200 460 2249 502 ut‘

1219 516 1347 562 verbo
1366 515 1549 564 tradendi
1568 521 1640 562 aul.
1656 516 1736 562 alio
1754 516 1874 563 simili
1890 518 2116 561 formaliter
2129 521 2245 565 utan-

1219 583 1311 628 tur;
1328 591 1426 619 nam
1449 578 1573 626 etiam
1590 579 1635 624 in
1661 579 1750 626 aliis
1767 580 2037 634 religionibus
2066 581 2247 637 antiquis

1221 640 1422 696 professio
1447 640 1580 687 solum.
1597 640 1643 685 fit
1671 653 1748 697 per
1772 643 1946 687 verbum
1963 643 2246 696 promittendi,

1221 706 1268 742 ut
1296 705 1457 745 constat
1474 713 1527 745 ex
1543 702 1667 748 variis
1691 702 1848 754 formis,
1869 715 1974 760 quas
1993 708 2105 745 tomo
2124 716 2246 758 supe-

1219 763 1319 810 rlori
1351 763 1590 812 retulimuS,
1622 763 1879 817 disputantes
1908 766 1963 806 de
1991 765 2248 818 professione

1219 825 1426 878 religiosa.
1461 824 1618 869 Sensus
1652 837 1751 880 ergo
1779 827 1998 868 verborum
2030 838 2080 869 ex
2112 828 2251 869 inten-

1220 887 1334 928 tione
1358 886 1616 940 operantium
1632 891 1674 928 et
1690 899 1741 929 ex
1756 900 1834 931 usu
1854 890 2082 930 sumendus
2098 898 2182 939 esu
2199 900 2249 931 ae

1221 952 1440 1001 propterea
1462 947 1685 1001 Gregorius
1708 949 1796 993 xm
1813 950 2036 993 declaravit
2054 963 2252 1003 expresse

1221 1010 1299 1050 hos
1319 1011 1536 1062 religiosos
1553 1041 1563 1059 ,
1584 1023 1660 1063 per
1678 1011 1768 1052 haec
1790 1015 1884 1053 vota
1903 1024 1950 1052 se
1975 1014 2164 1054 societati
2185 998 2253 1054 ‹te-¹

1222 1073 1369 1122 dicare,
1386 1077 1502 1127 atque
1516 1076 1607 1114 actu
1627 1073 1796 1122 tradere,
1811 1084 1923 1127 seque
1937 1073 2070 1115 divino
2088 1076 2251 1117 servitio

1221 1135 1462 1185 mancipare.
1485 1133 1642 1174 Deinde
1664 1134 1717 1174 ab
1739 1132 1887 1174 effectu
1918 1138 1960 1174 et
1983 1146 2032 1176 ex
2054 1134 2252 1179 Constitu·-

1221 1192 1403 1236 tionibus
1433 1196 1621 1248 ejusdem
1637 1194 1849 1236 Societatis
1874 1195 1985 1236 idem
2001 1197 2251 1244 ostenditur:

1222 1270 1322 1298 nam
1340 1259 1383 1299 in
1407 1259 1432 1299 5
1453 1269 1494 1310 p.
1512 1258 1871 1308 Constitutionum,
1889 1270 1925 1299 c.
1948 1262 1985 1307 1,
2003 1259 2055 1299 de
2076 1259 2256 1300 scholas-

1222 1319 1311 1360 ticis
1345 1320 1581 1372 approbatis
1612 1320 1773 1366 dicitur,
1802 1319 1925 1360 modo
1947 1320 2127 1372 quodam
2147 1321 2255 1360 inte-

1223 1382 1322 1422 riori
1340 1382 1384 1421 in
1401 1393 1549 1433 corpus
1563 1381 1777 1423 Societatis
1796 1383 1991 1434 coaptari,
2009 1388 2048 1423 et
2065 1388 2109 1424 ut
2125 1394 2255 1424 mem-

1224 1444 1345 1484 brum
1377 1444 1499 1484 unius
1531 1455 1580 1484 ac
1611 1443 1799 1495 ejusdem
1828 1445 2012 1498 corporis
2041 1445 2254 1485 Societatis

1225 1505 1398 1547 admitti.
1420 1507 1468 1546 Et
1498 1506 1607 1547 idem
1634 1507 1833 1559 repetitur
1855 1506 1898 1545 in
1926 1518 1962 1548 c.
1984 1506 2068 1558 4‚§
2095 1509 2133 1546 5.
2166 1508 2255 1546 Non

1225 1572 1396 1620 possunt
1414 1572 1553 1608 autem
1571 1567 1663 1608 fieri
1694 1573 1789 1608 actu
1818 1568 2005 1609 membra
2024 1569 2148 1620 hujus
2167 1579 2255 1607 cor-

1225 1630 1352 1681 poris,
1373 1634 1414 1669 et
1438 1633 1485 1669 ut
1514 1630 1613 1669 talia
1638 1627 1813 1676 admitti,
1836 1630 1915 1668 nisi
1942 1629 2030 1681 ipse
2057 1630 2256 1670 scholaris

1224 1703 1271 1731 se
1302 1690 1460 1739 tradat,
1497 1691 1594 1743 quia
1630 1691 1718 1730 haec
1747 1690 1981 1743 conjunctio
2010 1691 2132 1733 debet
2164 1703 2256 1732 esse

1228 1754 1418 1805 utrinque
1436 1751 1680 1794 voluntaria.
1703 1754 1806 1792 Item
1834 1764 1908 1804 per
1930 1753 2037 1793 hanc
2059 1752 2256 1792 unionem

1227 1816 1407 1866 adquirit
1434 1815 1617 1856 Societas
1635 1814 1843 1866 peculiare
1863 1815 1932 1865 jus
1956 1815 1998 1853 in
2019 1815 2144 1855 talem
2164 1827 2257 1866 per-

1227 1887 1373 1916 sonam
1387 1907 1399 1926 ,
1437 1876 1560 1928 quale
1597 1876 1723 1915 habet
1758 1888 1908 1927 corpus
1942 1876 1985 1914 in
2022 1876 2256 1916 membrum

1227 1950 1367 1984 suum;
1389 1949 1472 1978 non
1494 1939 1629 1989 potest
1649 1941 1789 1980 autem
1805 1936 1907 1976 illud
1933 1938 2162 1991 acquirere,
2178 1937 2256 1979 nisi

1227 2000 1308 2040 alio
1343 1999 1465 2039 etiam
1500 1998 1691 2039 tradente
1721 2003 1762 2039 et
1794 2000 2094 2039 consentiente.
2123 2001 2255 2050 Atque

1225 2061 1304 2100 hoc
1324 2060 1434 2101 idem
1465 2064 1755 2113 argumentum
1780 2061 1955 2100 sumitur
1983 2072 2034 2101 ex
2063 2061 2256 2100 omnibus

1225 2123 1327 2163 locis
1358 2122 1717 2171 Constitutionum‚
1747 2123 1790 2162 in
1821 2122 1971 2174 quibus
2001 2122 2257 2174 significatur

1227 2188 1304 2227 hos
1338 2186 1547 2226 scholares
1576 2197 1668 2226 esse
1687 2195 1785 2225 vera
1810 2186 1997 2226 membra
2026 2185 2253 2233 Societatis,

1225 2252 1271 2288 ut
1293 2248 1334 2287 in
1353 2250 1379 2287 2
1395 2259 1435 2299 p.
1458 2248 1818 2296 constitutionum,
1836 2260 1873 2287 e.
1900 2249 1940 2294 3,
1971 2248 2043 2287 ubi
2064 2248 2258 2288 dicuntur

1225 2311 1268 2351 in
1288 2321 1438 2361 corpus
1457 2309 1672 2349 Societatis
1688 2310 1886 2361 coaptari.
1906 2310 1954 2349 Et
1970 2310 2011 2348 in
2030 2311 2055 2349 4
2074 2320 2135 2360 p.,
2153 2322 2190 2349 c.
2212 2311 2253 2356 3,

1226 2372 1250 2424 ξ
1276 2374 1314 2420 3,
1336 2372 1528 2412 dicuntur
1555 2370 1713 2411 admitti
1747 2369 1800 2411 ad
1831 2370 1956 2410 vitam
1978 2371 2019 2409 in
2053 2371 2255 2410 Societate

1226 2438 1428 2486 perpetuo
1450 2433 1682 2473 ducendam
1702 2433 1755 2472 ad
1775 2432 1948 2483 gloriam
1968 2433 2055 2472 Dei.
2084 2432 2133 2471 Et
2151 2434 2176 2472 5
2194 2443 2253 2484 p.,

1227 2507 1318 2546 cap.
1342 2499 1381 2544 1,
1403 2495 1462 2536 lit.
1482 2495 1537 2544 A,
1566 2495 1714 2535 dicitur
1735 2495 1983 2536 Societatem
2002 2494 2045 2533 in
2070 2505 2144 2533 sua
2162 2505 2257 2545 pro-

1227 2556 1401 2608 prietate
1429 2556 1642 2597 includere
1660 2556 1890 2608 professos,
1917 2555 2193 2605 coadjutores,
2215 2558 2256 2594 et

1228 2619 1494 2659 scholasticos
1518 2619 1780 2670 approbatos.
1812 2618 1870 2658 Ex
1900 2617 1963 2655 his
1985 2616 2096 2654 enim
2125 2615 2255 2655 tribus

1226 2681 1411 2732 partibus
1434 2684 1506 2720 aut
1525 2679 1722 2719 membris
1742 2677 1956 2718 Societatis
1986 2689 2135 2729 corpus
2158 2689 2255 2717 con-

1226 2747 1349 2784 stare.
1369 2744 1483 2782 Patet
1497 2754 1595 2792 ergo
1611 2753 1662 2781 ex
1677 2744 1792 2792 parte
1808 2741 1955 2779 horum
1970 2740 2255 2790 religiosorum

1226 2816 1319 2844 esse
1347 2803 1617 2843 sufficientem
1648 2802 1927 2850 traditionem,
1955 2802 2007 2842 ab
2040 2803 2130 2854 ipse
2164 2801 2256 2841 reli-

1225 2866 1348 2917 gione
1369 2865 1466 2904 satis
1486 2865 1610 2904 etiam
1626 2867 1894 2914 acceptatam,
1914 2867 1959 2902 ut
1974 2875 2026 2903 ex
2046 2863 2123 2903 hac
2138 2867 2254 2914 parte

1225 2925 1328 2966 nihil
1346 2936 1491 2968 revera
1519 2925 1627 2967 desit
1645 2924 1701 2966 ad
1731 2936 1873 2964 verum
1903 2924 2146 2977 religiosum
2174 2928 2255 2964 sta-

1224 2992 1326 3028 tum.

1278 3050 1342 3090 10.
1363 3046 1584 3101 Effuqium
1600 3047 2050 3100 proeeluditur.-Dicet
2065 3055 2164 3087 vero
2184 3046 2252 3087 ali-

1221 3110 1338 3162 quis,
1361 3110 1687 3161 acceptationem
1706 3120 1758 3149 ex
1785 3113 1902 3160 parte
1934 3107 2149 3148 societatis
2168 3119 2252 3148 non

1223 3183 1315 3214 csse
1334 3172 1501 3212 omnino
1519 3171 1766 3219 absolutam,
1789 3181 1868 3209 nec
1887 3181 1982 3210 cum
2002 3170 2252 3223 obligatione

1223 3234 1435 3286 reciproca
1450 3232 1655 3274 retinendi
1671 3234 1871 3284 perpet-uo
1886 3232 1928 3271 in
1942 3231 2145 3273 Societate
2159 3243 2251 3284 per-

1223 3307 1347 3336 sonas
1365 3295 1425 3335 sio
1455 3294 1720 3346 approbatas,
1738 3298 1780 3335 et
1797 3293 1889 3333 ideo
1909 3293 2037 3334 talem
2065 3293 2249 3334 traditio-

1222 3368 1320 3398 nem
1339 3360 1380 3398 et
1408 3356 1733 3407 acceptationem
1762 3365 1847 3394 non
1876 3354 2066 3399 sufficere
2087 3355 2140 3395 ad
2157 3354 2248 3394 rell-

1222 3420 1384 3472 giosum
1405 3422 1556 3458 statum
1583 3416 1931 3458 constituendum.
1952 3416 2034 3461 Sed
2051 3415 2132 3455 hoo
2147 3424 2250 3467 111·ae-

1221 3485 1415 3533 terquam
1448 3479 1561 3532 quod
1589 3483 1652 3520 est
1693 3482 1836 3519 contra
1871 3481 2055 3520 mentem
2092 3477 2248 3530 Grego-

1222 3544 1273 3584 rii
1289 3543 1399 3592 XIII,
1424 3540 1544 3583 facile
1570 3545 1707 3594 potest
1724 3542 1884 3582 ratione
1902 3538 2150 3590 impugnari,
2177 3538 2252 3600 ⁶⁶⁶.

1222 3604 1492 3645 monstrando
1509 3604 1626 3644 illum
1643 3603 1815 3643 modum
1830 3600 2122 3652 acceptationis
2136 3598 2250 3640 suffi-

528 201 606 238 ue.
627 204 684 238 nt.
708 200 763 243 DE
782 201 1025 243 Anmsslom
1042 201 1301 245 SOEOLARIUU
1320 203 1377 243 Aa
1395 201 1508 243 Vss'l'A
1527 201 1741 249 suimus,
1762 202 1852 240 mc.
