2352 3880
156 238 234 278 744

157 306 344 348 titutione
362 301 494 343 valide
511 301 758 350 dispensare,
782 299 879 350 quia
897 299 988 339 talis
1008 303 1182 352 potestas

157 381 284 420 neque
299 366 348 406 ad
359 373 618 404 communem
639 364 680 400 et
696 360 945 401 ordinariam
978 361 1181 412 guberna·

156 431 307 470 tionem
340 424 564 465 necessaria
603 426 677 470 est,
715 434 848 474 neque
889 423 1099 462 invenitur
1125 424 1183 463 eis

155 489 378 543 specialiter
396 485 624 532 commissa,
653 497 784 535 neque
801 485 923 524 etiam
945 485 996 524 de
1023 485 1179 525 actibus

153 553 240 603 ejus
259 554 317 588 est
346 548 430 587 ulla
449 546 697 586 consuetudo
712 576 723 594 ,
748 558 822 585 nec
840 547 1055 597 vestigium
1076 547 1176 598 ejus.

139 648 148 655 .
206 613 269 650 13.
305 610 496 657 Quomodo
525 610 686 660 deniqne
710 609 840 660 quoad
867 607 1108 650 Generalem.
1126 629 1182 638 —

152 675 196 712 In
217 672 434 722 Praeposito
462 674 597 708 autem
622 669 808 708 Generali
837 670 885 718 (si
905 681 1181 720 supponamus

151 735 257 773 hanc
273 745 355 772 non
376 744 461 771 esse
482 731 695 770 materiam
715 730 813 778 voti,
841 731 910 769 sed
927 731 1053 769 solam
1073 731 1179 770 Con-

153 795 374 834 stitutionis
404 793 712 842 obligationem)
742 804 825 830 non
853 792 1016 830 videtur
1044 792 1180 831 deesse

148 860 328 908 ¹potestas
345 885 354 902 ,
382 867 471 893 cum
497 854 540 892 in
565 866 612 892 eo
637 854 687 891 sit
714 865 919 903 suprema.
951 853 1065 900 Quod
1091 854 1178 893 sine

147 912 278 964 {dubio
299 916 543 967 procederet,
564 915 597 952 si
617 927 699 952 non
718 918 819 952 esset
838 914 881 952 in
901 913 977 952 hac
999 919 1111 965 parte
1127 914 1180 954 ab

153 978 293 1017 eadem
320 978 517 1016 Societate
537 976 734 1014 restricta..
764 975 935 1014 Videtur
959 981 1096 1014 autem
1115 989 1178 1016 re-

152 1039 287 1078 stricta
307 1039 349 1077 in
369 1038 692 1086 Congregatione
716 1037 858 1087 quinta
873 1067 884 1085 ‚
918 1037 1076 1076 decreto
1096 1038 1179 1088 pri-

152 1112 234 1147 mo,
257 1100 324 1138 ubi
341 1103 508 1138 renovat
529 1103 568 1136 et
582 1098 840 1136 commendat
856 1098 959 1136 hane
976 1099 1178 1138 Constitu-

151 1161 303 1200 tionem
323 1172 333 1198 ε
355 1162 420 1201 Ne
440 1171 510 1212 pro
530 1160 769 1199 ministeriis
793 1158 1009 1200 Societacz's
1029 1162 1179 1212 stipen-

152 1223 260 1262 dium
278 1253 286 1268 ‚
317 1222 376 1260 vel
399 1222 639 1271 eleemosyna
662 1222 745 1260 ulla
764 1221 805 1260 in
828 1223 1178 1270 compensationem

152 1284 311 1323 admitti
343 1285 485 1333 possit,
523 1295 571 1322 ac
601 1284 754 1322 omnino
781 1283 963 1335 prohibet
993 1296 1038 1322 ne
1071 1285 1179 1324 ullus

154 1342 363 1393 Superior,
386 1356 431 1383 ac
449 1355 495 1383 ne
514 1345 597 1394 ipse
616 1345 767 1395 quidem
789 1345 1040 1395 Proepositus
1059 1345 1179 1387 Gene-

150 1406 254 1444 ralis
273 1407 316 1444 in
340 1418 383 1444 ea
404 1406 606 1456 dispenset.
644 1405 755 1443 Circa
780 1417 874 1456 quae
893 1406 1036 1444 ultima
1052 1407 1179 1445 verba

151 1465 327 1504 dubitari
349 1471 501 1516 posset,
524 1478 576 1504 an
596 1466 710 1504 tollat
731 1467 898 1505 omnino
920 1472 1177 1517 potestatem,

150 1526 213 1565 vel
232 1527 443 1576 prohibeat
462 1527 593 1564 solum
615 1539 731 1565 usum
755 1528 855 1577 ejus.
879 1528 956 1566 Sed
973 1529 1078 1566 hane
1097 1529 1179 1567 dis-

149 1588 401 1638 putationem
433 1588 590 1633 omitto,
631 1600 726 1626 nam
757 1588 825 1626 illa
855 1589 936 1626 duo
972 1590 1180 1628 moraliter

149 1648 392 1698 aequivalent
417 1649 459 1686 in
494 1649 693 1699 praesenti.
728 1650 768 1687 Si
797 1650 906 1687 euim
934 1650 1177 1700 dispensatio

148 1709 311 1747 daretur
327 1711 414 1748 sine
434 1722 553 1748 causa
570 1710 768 1760 legitima,
791 1723 875 1748 non
892 1711 1022 1748 solum
1040 1723 1177 1762 pecea-

148 1775 260 1809 retur
294 1772 471 1820 graviter
486 1802 497 1819 ,
535 1771 602 1810 sed
637 1772 760 1809 etiam
796 1772 1041 1822 dispensatio
1078 1777 1180 1812 esset

148 1832 275 1876 nulla,
299 1834 394 1883 quia
412 1837 516 1871 esset
535 1833 766 1882 dispensare
790 1834 877 1871 sine
894 1847 1012 1872 causa
1029 1835 1181 1885 injure

151 1893 386 1943 Superioris,
414 1894 483 1944 qui
505 1893 684 1932 defectus
705 1907 867 1945 semper
882 1895 1040 1933 inducit
1059 1896 1178 1935 nulli-

147 1958 286 1993 tatem.
310 1955 562 1993 Antecedens
579 1960 715 1993 autem
740 1960 861 2006 patet,
887 1958 982 2006 quia
1002 1957 1177 2008 Congre-

148 2016 258 2065 gatio
279 2017 478 2066 generalis
504 2021 563 2055 est
588 2017 772 2067 superior
797 2018 881 2067 ipso
901 2018 1113 2065 Generaii;
1137 2023 1177 2058 et

148 2077 239 2114 ideo
258 2089 368 2115 secus
387 2078 486 2126 erit,
511 2078 543 2116 si
566 2078 701 2128 aliqua
721 2079 990 2129 Congregatio
1012 2081 1176 2132 dispen-

148 2142 228 2187 set;
254 2139 329 2176 erit
348 2151 456 2177 enim
474 2139 608 2177 valida
627 2140 885 2190 dispensatio,
909 2143 1066 2180 etiamsi
1083 2155 1176 2181 con-

147 2199 277 2248 tingat
296 2212 378 2238 non
400 2204 505 2239 recte
526 2200 630 2240 fieri.
667 2201 707 2240 Si
729 2206 865 2240 autem
887 2202 1090 2252 fingamus
1112 2217 1173 2243 ca-

146 2272 234 2299 sum
249 2291 257 2306 ,
279 2262 322 2299 in
342 2274 422 2312 quo
443 2262 661 2299 intervenit
679 2263 861 2312 legitima
876 2276 994 2302 causa
1013 2266 1174 2315 dispen-

146 2322 277 2369 sandi,
299 2327 396 2360 tuuc
414 2322 620 2372 probabile
638 2327 697 2360 est
715 2323 801 2362 fore
820 2325 998 2363 validam
1016 2326 1177 2377 dispen-

146 2383 357 2422 sationem.
393 2384 441 2421 Et
462 2384 551 2422 ideo
570 2383 739 2422 fortasse
759 2386 801 2422 in
823 2385 983 2424 decreto
1003 2387 1071 2424 illo
1092 2399 1174 2426 non

146 2449 203 2482 est
224 2446 397 2495 positum
418 2445 603 2491 verbum,
628 2446 734 2496 quod
755 2446 798 2483 in
821 2448 956 2496 rigore
976 2449 1177 2498 significet

145 2504 390 2544 ablationem
423 2507 644 2557 potestatis.
677 2507 778 2554 Quia
809 2513 946 2547 tamen
973 2522 1086 2548 casus
1107 2510 1175 2549 ille

143 2567 352 2606 moraliter
378 2569 555 2607 accidere
582 2580 664 2606 non
696 2573 840 2619 potest,
871 2570 963 2608 ideo
988 2571 1172 2611 absolute

145 2628 271 2678 posita
291 2634 350 2667 est
370 2630 437 2668 illa
459 2630 693 2680 prohibitio,
717 2631 763 2668 Et
784 2632 946 2682 quando
963 2635 1172 2685 continge-

143 2693 206 2728 ret
222 2690 290 2728 illa
310 2693 536 2740 necessitas,
557 2693 848 2730 recurrendum
866 2698 969 2732 esset
987 2695 1035 2732 ad
1056 2696 1174 2734 Sum-

144 2761 258 2788 mum
280 2751 536 2800 Pontificem,
559 2753 692 2802 potius
711 2765 832 2803 quam
852 2756 1014 2804 propria
1035 2762 1171 2795 aucto-

142 2811 261 2850 ritate
283 2813 527 2862 dispensare.
564 2813 678 2851 Unde
704 2814 826 2851 etiam
854 2814 913 2857 fit,
948 2819 993 2853 ut
1019 2828 1093 2854 nee
1111 2829 1169 2856 se-

145 2882 237 2909 cum
264 2873 345 2922 ipse
376 2874 499 2923 possit
523 2872 763 2923 Praepositus
789 2875 1033 2924 dispensare,
1071 2889 1169 2927 prae-

143 2932 278 2970 sertim
301 2934 396 2983 quia
414 2934 570 2972 ratione
590 2935 762 2985 exempli
781 2940 822 2974 et
845 2937 1023 2975 scandali
1041 2940 1170 2990 magis

142 2993 308 3032 vitanda
334 2995 409 3032 erit
431 2994 522 3032 talis
549 2995 809 3046 dispensatio.
843 2998 1021 3050 Denique
1047 3001 1169 3040 etiam

142 3058 237 3091 ante
259 3054 334 3092 hoc
353 3055 560 3093 decretum
581 3056 768 3095 existimo
788 3070 870 3096 non
888 3061 1062 3109 potuisse
1082 3062 1169 3101 sine

143 3115 258 3164 gravi
277 3115 394 3166 culpa
414 3117 456 3154 iu
475 3116 550 3155 hac
568 3119 737 3156 materia
754 3119 984 3170 dispensare
999 3150 1008 3168 ‚
1038 3133 1169 3160 mora-

143 3173 236 3214 liter
253 3188 324 3215 seu
340 3177 581 3228 regulariter
599 3178 801 3230 loquendo
819 3210 827 3226 ‚
853 3182 948 3231 qnia
967 3187 1168 3233 oporteret

143 3246 306 3276 causam
325 3250 410 3278 esse
428 3239 544 3278 valde
564 3251 729 3290 gravem
745 3271 757 3290 ,
779 3254 869 3292 quae
890 3243 957 3281 vix
978 3249 1107 3294 potest
1125 3245 1169 3283 in

143 3297 217 3336 tali
236 3300 404 3339 materia
423 3312 646 3340 occurrere.
677 3303 756 3340 Nec
776 3315 927 3341 novum
952 3305 1078 3343 videri
1099 3305 1170 3345 de-

142 3357 211 3398 het
243 3362 350 3411 quod
381 3362 572 3414 Superior
600 3363 724 3414 possit
751 3376 914 3414 peccare
945 3366 1171 3407 mortaliter

142 3419 281 3471 inique
301 3422 570 3474 dispensando
596 3425 639 3464 in
659 3426 968 3475 Constitutione,
990 3439 1077 3479 quae
1099 3442 1170 3480 per

142 3490 184 3522 se
203 3495 286 3522 non
306 3484 459 3536 obligat
474 3486 524 3524 ad
546 3491 755 3537 peccatum
770 3490 954 3533 mortale,
978 3491 1072 3539 quia
1087 3491 1168 3530 dis-

142 3547 326 3594 pensatio
345 3547 415 3587 illa
440 3552 500 3587 est
520 3550 695 3588 maxime
722 3555 862 3589 eontra
886 3550 1038 3590 honum
1059 3564 1168 3591 com-

145 3615 269 3646 mune
287 3608 499 3660 religionis
514 3638 530 3660 ‚
561 3612 787 3662 praesertim
804 3612 850 3652 in
868 3623 914 3653 re
930 3617 1016 3653 tam
1034 3614 1165 3664 gravi.

507 234 583 270 LlB.
604 233 660 267 IV.
681 232 736 266 m:
756 231 876 268 vorls
898 230 1148 268 smpucissus
1169 232 1408 269 cASTrrA'rls
1428 233 1483 272 ΕΤ
1501 233 1797 277 amiternis,
1820 235 1910 272 Ere.

1235 300 1304 341 Est
1335 300 1459 341 etiam
1492 305 1633 341 contra
1665 300 1956 354 obligationem
1980 301 2196 345 fidelitatis
2225 308 2272 362 9⁸*

1232 361 1420 414 justitiae,
1451 361 1504 402 ad
1521 374 1646 414 quam
1673 363 1866 414 Superior
1881 367 2045 404 tenetur
2061 377 2116 407 ex
2133 364 2268 408 officio
2316 371 2329 418 »ζ

1237 435 1324 462 suo.
1958 439 1959 442 ¹

1293 485 1356 525 14.
1380 483 1493 523 Circa
1507 485 1722 536 septimam
1739 485 2059 536 observantiam,
2079 488 2186 529 nihil
2203 501 2267 530 oc·
2330 499 2331 502 ’

1234 546 1359 585 currit
1388 545 1621 585 addendum
1650 547 1758 585 circa
1787 547 2082 597 obligationem
2106 549 2149 588 in
2171 562 2267 590 con-

1234 607 1402 646 scientia
1420 611 1569 657 praeter
1592 608 1800 658 generales
1826 609 1985 659 regulas
2009 621 2130 661 supra
2151 610 2266 652 datas

1234 668 1284 707 de
1311 672 1405 706 voto
1431 670 1678 719 paupertatis
1702 670 1918 721 religiosae.
1943 671 2042 718 Quae
2065 684 2158 710 vero
2178 677 2267 713 tan·

1236 729 1328 768 dem
1350 729 1455 767 circa
1475 741 1593 768 usum
1613 732 1831 781 positivum
1852 732 2074 780 adduntur,
2104 733 2267 774 ordina-

1235 792 1293 830 rie
1313 791 1363 829 ad
1386 791 1674 841 perfectionem
1694 794 1825 843 magis
1845 795 2049 844 pertinent
2069 807 2193 846 quam
2211 795 2266 835 ad

1233 853 1458 903 rigorosam
1478 852 1782 902 obligationem.
1808 855 1946 894 Solum
1968 856 2073 895 circa
2099 857 2263 908 religio-

1233 926 1319 952 sam
1337 913 1626 965 supellectilem
1641 915 1820 960 adverto,
1838 915 1934 955 licet
1948 917 2153 956 interdum
2171 929 2266 957 con·

1234 975 1366 1025 tingat
1385 976 1428 1013 in
1453 975 1589 1026 aliquo
1611 987 1695 1014 esse
1715 976 1962 1027 superfluam
1978 1008 1990 1026 ,
2011 980 2266 1020 considerata

1234 1038 1391 1076 ratione
1420 1037 1617 1083 instituti,
1645 1040 1767 1088 atque
1799 1039 1922 1076 etiam
1951 1041 2260 1090 consuetudine,

1233 1102 1386 1145 tamen,
1405 1110 1478 1149 per
1495 1111 1536 1136 se
1555 1098 1772 1149 loquendo,
1791 1111 1873 1137 non
1891 1100 2082 1139 inducere
2098 1102 2263 1152 eulpam

1235 1170 1398 1210 gravem
1428 1164 1568 1198 contra
1599 1164 1895 1211 paupertatem,
1930 1161 2154 1200 dummodo
2179 1167 2264 1204 tota

1235 1232 1283 1259 ex
1300 1221 1481 1271 legitima
1498 1221 1685 1260 facultate
1704 1222 1945 1272 Superioris,
1966 1227 2005 1261 et
2023 1235 2113 1261 cum
2129 1223 2263 1264 debita

1234 1283 1507 1333 resignatione
1523 1283 1650 1321 animi
1670 1283 1882 1332 habeatur,
1904 1284 2000 1335 quia
2021 1285 2134 1323 nulla
2154 1289 2264 1325 certa

1235 1344 1488 1383 mediocritas
1524 1357 1594 1383 seu
1624 1347 1828 1395 quantitas
1861 1345 2121 1396 supellectilis
2155 1346 2264 1386 cadit

1233 1407 1308 1445 sub
1327 1412 1464 1445 votum
1483 1408 1746 1458 paupertatis,
1767 1412 1812 1446 ut
1830 1410 2000 1447 materia
2019 1409 2125 1458 ejus;
2149 1420 2261 1459 ergo,

1233 1468 1266 1506 si
1287 1468 1438 1518 alioqui
1458 1469 1630 1506 evitetur
1649 1470 1886 1518 proprietas,
1913 1473 1953 1507 et
1971 1470 2263 1519 proprietarius

1234 1540 1344 1577 usus,
1368 1541 1449 1567 non
1471 1530 1546 1567 erit
1563 1530 1604 1567 in
1624 1541 1671 1567 ea
1687 1530 1872 1577 materia,
1897 1542 1967 1580 per
1985 1543 2026 1569 se
2043 1531 2260 1581 loquendo,

1235 1591 1369 1639 gravis
1384 1590 1502 1640 culpa
1515 1595 1658 1628 eontra
1671 1595 1967 1641 paupertatem.
1990 1592 2063 1630 Per
2077 1592 2263 1631 accidens

1234 1663 1330 1689 vero
1349 1653 1493 1701 poterit
1514 1652 1718 1689 interdum
1739 1652 1825 1690 haec
1844 1664 1931 1690 esse
1951 1653 2069 1702 culpa
2086 1683 2095 1699 ,
2122 1657 2161 1691 et
2178 1664 2263 1693 non

1234 1724 1359 1762 parva
1372 1743 1380 1758 ,
1406 1713 1563 1750 ratione
1582 1712 1783 1761 scandali,
1816 1714 1991 1752 maxime
2010 1714 2042 1752 si
2064 1713 2182 1753 detur
2197 1726 2263 1753 oc-

1235 1774 1341 1812 casio
1358 1774 1446 1812 aliis
1466 1773 1675 1812 relaxandi
1696 1774 1982 1824 perfectionem
1999 1775 2259 1825 paupertatiS.

1235 1835 1345 1874 Circa
1365 1835 1487 1874 aliam
1507 1848 1602 1874 vero
1622 1840 1777 1886 partem
1798 1837 1846 1875 sle
1866 1849 1955 1883 usu,
1986 1837 2049 1875 vel
2069 1837 2261 1877 exercitio

1234 1897 1507 1942 mendicandi,
1530 1897 1683 1934 clarum
1705 1902 1764 1935 est
1785 1901 2065 1948 paupertatem
2088 1899 2260 1937 Societa-

1230 1958 1282 1996 tis
1302 1970 1351 1996 ex
1369 1958 1409 1996 vi
1428 1958 1580 2008 proprii
1602 1959 1700 2006 voti,
1730 1970 1941 2009 nunquam
1968 1959 2148 2010 obligare
2170 1970 2258 2011 per-

1229 2030 1371 2057 sonam
1391 2019 1570 2070 aliquam
1593 2019 1636 2057 in
1657 2020 1891 2070 particulari
1917 2019 1968 2059 ad
1988 2022 2258 2061 exercendum

1231 2079 1348 2118 illum
1379 2085 1536 2128 actum,
1565 2079 1634 2119 sed
1666 2081 1864 2132 obligabit
1898 2086 1970 2120 aut
1999 2082 2256 2133 obedientia,

1230 2146 1302 2179 aut
1318 2141 1491 2180 charitas
1510 2142 1688 2192 propria,
1710 2143 1774 2183 vel
1794 2143 1985 2194 proximi,
2008 2143 2040 2181 si
2061 2148 2174 2183 tanta
2189 2145 2255 2192 sit,

1229 2206 1273 2239 ut
1294 2203 1343 2240 ad
1361 2203 1686 2244 subveniendum
1702 2204 1762 2244 illi
1783 2205 2056 2245 necessarium
2076 2206 2127 2245 sit
2141 2217 2258 2246 men-

1228 2262 1380 2304 dicare.

1611 2392 1777 2436 CAPUT
1803 2394 1869 2435 IX.

1226 2527 1275 2558 DE
1302 2527 1559 2561 PAUPER‘I'ATE
1586 2530 1771 2560 DOMORUM
1791 2531 2061 2562 PROFESSARUM
2074 2530 2250 2563 PROPRIA.

1279 2639 1463 2678 Diximus
1484 2640 1680 2678 hactenus
1703 2641 1754 2679 de
1778 2639 1841 2679 his
1863 2651 1952 2691 quae
1971 2640 2021 2678 ad
2040 2642 2255 2691 pauperta-

1225 2706 1307 2740 tem
1325 2701 1575 2750 siugularum
1594 2712 1857 2752 personarum
1878 2702 2103 2752 pertinent3
2116 2703 2252 2742 dicen·

1225 2763 1321 2800 dum
1334 2766 1513 2812 superest
1528 2762 1577 2799 de
1589 2767 1839 2812 paupertate,
1855 2773 1946 2813 quae
1965 2763 2007 2800 in
2020 2765 2248 2803 communi-

1223 2822 1373 2861 tatibus
1392 2823 1603 2862 Soeietatis
1623 2822 1821 2861 servanda
1839 2827 1912 2862 est.
1937 2823 2039 2862 Sunt
2055 2829 2191 2864 autem
2207 2824 2252 2865 in

1224 2883 1420 2922 Societate
1443 2884 1519 2921 tria
1542 2895 1692 2932 genera
1719 2884 1956 2932 domorum,
1982 2886 2134 2925 scilicet
2161 2898 2252 2938 pro·

1213 2943 1436 2990 ,fessarum,
1460 2943 1727 2992 collegiorum
1747 2952 1786 2983 et
1817 2946 2106 2990 novitiatuum,
2126 2952 2172 2986 ut
2206 2948 2251 2988 in

1223 3005 1512 3055 superioribus,
1535 3005 1638 3044 libro
1670 3007 1695 3044 2
1716 3006 1907 3056 seeundo,
1926 3018 1963 3046 o.
1999 3009 2157 3059 quinto,
2173 3021 2251 3048 nu-

1224 3068 1335 3104 mero
1356 3066 1514 3104 decimo
1535 3071 1694 3118 quarto,
1711 3071 1842 3106 visum
1867 3072 1949 3116 est;
1969 3073 2009 3107 et
2040 3069 2083 3107 in
2102 3070 2159 3108 eis
2174 3082 2250 3122 pro

1222 3138 1295 3178 pro
1316 3128 1471 3165 ratione
1490 3127 1582 3166 finis
1600 3132 1638 3166 et
1658 3130 1836 3168 muneris
1855 3130 2177 3182 uniuscujusque
2190 3132 2249 3172 di-

1222 3199 1360 3226 versus
1373 3189 1512 3227 modus
1530 3191 1776 3241 paupertatis
1797 3195 1991 3240 servatur,
2014 3192 2084 3241 qui
2099 3192 2249 3240 sigilla-

1223 3248 1296 3287 tim
1307 3249 1570 3298 explicandus
1580 3259 1661 3301 est;
1682 3253 1724 3290 in
1744 3252 1820 3291 hoc
1831 3252 1995 3304 quidem
2010 3258 2050 3291 et
2062 3253 2249 3305 sequenti

1223 3311 1350 3360 capite
1375 3312 1507 3362 quoad
1528 3313 1667 3351 domos
1694 3313 1915 3364 professas,
1937 3314 1981 3353 in
2004 3314 2243 3365 undecimo,

1222 3371 1353 3423 quoad
1373 3372 1539 3424 collegia
1556 3378 1595 3412 et
1614 3375 1849 3414 novitiatus.

1277 3434 1314 3472 1.
1340 3433 1610 3480 Quarumnam
1636 3448 1769 3476 rerum
1792 3435 1966 3477 'dominii
1982 3437 2067 3477 sint
2084 3436 2247 3490 incapa-

1222 3505 1281 3535 ces
1290 3498 1478 3546 professae
1496 3497 1646 3544 domus,
1667 3498 1786 3538 etiam
1802 3499 1847 3538 in
1872 3497 2247 3545 eommuni.-Qua-

1221 3566 1309 3595 rum
1323 3558 1408 3596 Sint
1426 3567 1599 3607 capaces.
1611 3577 1660 3588 —
1677 3559 1813 3598 Primo
1831 3569 1943 3609 ergo,
1962 3558 2139 3598 Societas
2152 3570 2246 3611 pro-

1223 3615 1339 3666 fessa,
1360 3618 1405 3656 in
1430 3619 1636 3659 communi
1665 3619 1805 3670 etiam,
1822 3631 1950 3673 capax
1981 3631 2067 3660 non
2097 3624 2160 3661 est
2174 3620 2246 3662 do-
