2352 3880
772 0 853 33 ξας.-
888 0 923 36 1)
943 0 1090 35 ‘'v-1352·

422 3 438 19 :2
515 22 517 26 Α
555 0 582 25 '⁷
628 0 731 26 amre.-
761 15 769 25 .

487 0 687 68 ΡὟᾹ
719 20 799 55 j*-

530 52 571 86 -⁴-'
597 59 659 83 ⁹¹⁸⁰

789 38 809 58 ’Δ
834 39 854 58 ⁴·
908 23 931 42 ip,
944 29 949 37 ι

433 66 461 79 ηδ
763 67 775 72 “
819 72 822 79 ·
861 79 865 84 .
905 59 918 71 0

343 67 420 85 *Ωιι
476 84 478 86 i

214 130 225 138 Ν
303 138 307 142 1
353 127 378 142 μ.

11 226 21 245 J
102 232 109 248 1
171 222 174 230 “
363 242 365 245 .

7 259 22 315 T}
39 244 138 305 f*
201 269 280 312 ,dc
310 268 504 322 'regen-io
523 271 694 318 secreto,
722 268 898 308 membr.
918 267 1022 321 3,'q¹.
1051 271 1101 318 23

12 375 15 377 ,
62 274 226 393 §ivm
243 332 494 380 Summistae,
511 343 553 378 v.
568 329 806 387 obedientia,
829 335 868 370 et
887 331 999 372 verb.
1009 331 1103 372 Bet-

47 390 164 446 :kim
183 398 225 434 et
253 393 446 433 nonnulli
463 405 513 433 ex
546 388 807 437 scholasticis,
833 392 876 431 in
893 395 931 433 2.
963 393 1004 432 d.
1024 394 1099 442 393

52 446 110 498 itt
122 468 198 496 nos
218 455 262 494 in
281 459 382 493 tom.
405 454 456 493 de
489 454 650 502 Legib'„
671 457 712 492 et
745 455 865 492 tract.
890 453 939 493 de
960 453 1101 494 Chari-

33 520 164 567 state,
184 517 287 568 disp.
306 517 462 556 decima
481 515 618 563 tertia,
651 514 701 553 de
728 513 856 563 Bello,
885 519 983 555 sect.
1016 517 1054 563 6,
1077 527 1103 554 a

33 623 36 626 ,
66 573 182 620 num.
205 580 244 624 8,
262 578 364 616 etin
386 575 561 615 materia
581 575 631 614 de
660 575 933 623 Conscientia,
954 580 994 615 et
1021 575 1102 615 late

0 639 4 642 ’
43 639 260 684 'Sanchez‚
289 638 360 676 lib.
385 639 402 675 1
443 635 598 683 DecaL,
621 648 710 686 cap.
738 637 802 675 10.
832 637 1014 676 Breviter
1038 640 1101 676 ta·

68 713 162 741 men
182 701 361 743 adverto,
382 697 539 735 duobus
557 697 688 734 modis
705 708 821 747 posse
842 698 1029 736 dubitare
1049 697 1100 736 de

28 806 29 809 Ἴ
67 760 278 802 honestate
299 759 358 797 rei
376 760 603 809 praeceptae.
628 757 757 795 Priori
788 759 910 796 modo
939 763 1100 798 antece-

67 822 211 862 denter
244 822 303 869 (ut
331 820 389 858 sic
409 816 554 870 dicam)
573 818 802 857 dubitando
834 819 883 858 de
915 832 958 859 re
996 820 1098 871 ipsa,

66 895 155 936 quae
183 882 432 934 praecipitur,
450 880 675 919 secundum
710 893 766 928 se,
797 885 837 919 et
863 885 1048 932 separata
1077 891 1101 920 a

66 948 270 996 praecepto
299 942 541 993 Superioris.
584 942 800 980 Posteriori
833 943 956 980 modo
974 943 1098 981 etiam

66 1009 375 1056 consequenter,
399 1015 471 1042 seu
499 1003 605 1042 facta
635 1003 928 1053 compositione
949 1013 1098 1053 praece-

63 1066 138 1118 pti,
173 1065 398 1105 dubitando
433 1076 501 1109 an,
544 1076 628 1102 non
656 1064 842 1102 obstante
877 1067 1094 1114 praecepto,

63 1127 183 1167 liceat
203 1127 245 1165 id
274 1127 420 1173 facere,
451 1138 522 1163 seu
547 1125 669 1175 (quod
692 1124 860 1175 perinde
880 1126 953 1173 est)
975 1136 1027 1162 an
1049 1124 1097 1162 11-

65 1193 156 1227 ceat
188 1187 352 1226 obedire
383 1188 427 1225 in
459 1185 531 1223 tali
569 1186 757 1223 materia.
779 1185 862 1223 Hoc
897 1185 1100 1236 posterius

64 1249 238 1289 dubium
265 1252 323 1287 est
355 1246 595 1298 practicum,
626 1250 666 1284 et
690 1246 780 1284 ideo
812 1245 883 1284 illo
923 1245 1097 1285 durante

63 1315 220 1350 certum
244 1313 302 1348 est
322 1320 404 1346 non
432 1307 553 1346 licere
586 1307 666 1345 tale
688 1319 792 1358 opus
829 1306 978 1354 facere,
999 1308 1095 1357 quia

63 1372 222 1424 operari
241 1383 332 1410 cum
360 1370 611 1408 conscientia
631 1369 806 1418 practice
827 1369 952 1407 dubia
990 1381 1095 1407 nun-

63 1444 185 1485 quam
225 1432 332 1479 hcet,
362 1434 526 1482 propter
549 1430 794 1482 periculum,
817 1430 880 1468 cui
901 1430 1022 1468 homo
1053 1442 1095 1469 se

61 1493 230 1546 exponit
247 1494 304 1531 ita
324 1492 546 1543 operando.
574 1491 626 1529 Ut
646 1503 740 1540 ergo
764 1491 929 1529 obedire
958 1491 1091 1539 liceat,

62 1568 221 1596 necesse
241 1560 302 1593 est
318 1554 399 1592 tale
417 1552 587 1591 dubium
609 1553 835 1603 practicum
873 1552 1091 1603 deponere,

62 1621 103 1657 et
116 1617 286 1656 firmiter
304 1616 501 1666 judicare,
516 1626 599 1652 non
617 1614 805 1652 obstante
824 1613 949 1664 priori
969 1614 1094 1652 dubio

65 1678 345 1724 antecedente,
368 1688 436 1714 seu
455 1675 505 1712 de
525 1687 646 1725 opere
678 1675 764 1726 ipso
788 1674 1014 1712 secundum
1035 1687 1090 1721 se,

63 1739 220 1779 licitum
256 1750 340 1776 esse
372 1736 552 1782 obedire,
592 1735 691 1773 illud
742 1735 999 1786 exequendo3
1038 1736 1095 1774 sic

63 1801 173 1841 enim
196 1800 306 1851 prius
323 1799 491 1836 dubium
503 1801 642 1835 manet
659 1809 758 1847 pure
779 1797 1092 1847 speculativum,

61 1862 159 1912 quia
181 1873 262 1898 non
288 1864 347 1898 est
366 1860 552 1910 proxima
573 1858 715 1905 regula
740 1858 1002 1906 operationis,
1024 1857 1094 1896 sed

62 1922 281 1973 deponitur
292 1932 341 1959 ex
359 1920 448 1959 aliis
464 1919 690 1970 principiiS,
711 1922 751 1957 et
768 1918 970 1958 formatur
986 1923 1095 1959 certa

63 1982 324 2023 conscientia.

116 2045 182 2085 18.
217 2043 468 2092 Suffioiatue
493 2042 629 2092 jussio
662 2040 900 2091 Superioris
916 2043 971 2083 ad
986 2043 1094 2094 depo-

62 2107 227 2147 nendum
251 2104 443 2156 quodlibet
463 2103 623 2142 dubium
657 2103 942 2154 speculativum
965 2106 1008 2143 de
1027 2106 1094 2144 ho-

61 2170 210 2208 nestate
228 2166 286 2205 rei
302 2164 693 2214 praecepte—Quod
705 2167 841 2201 autem
851 2165 892 2202 in
903 2167 1094 2215 praesenti

63 2228 264 2279 explicare
285 2229 457 2275 oportet,
482 2229 556 2270 est,
573 2236 626 2262 an
647 2226 852 2275 supposito
874 2227 998 2276 priori
1018 2228 1092 2265 du-

63 2288 132 2327 bio
152 2287 415 2326 antecedente
435 2285 654 2323 auctoritas
674 2286 834 2323 Praelati
852 2288 1093 2338 praecipien-

64 2349 118 2388 tis
132 2350 183 2387 sit
201 2348 415 2392 sufficiens,
435 2347 638 2397 possitque
656 2357 728 2396 pro
748 2348 888 2397 regula
911 2349 1093 2398 generali

65 2411 261 2457 assis-mari
295 2408 344 2446 ad
374 2407 661 2458 deponendum
693 2407 792 2445 illud
833 2408 1024 2456 dubium,
1055 2414 1096 2449 et

58 2471 322 2527 gformandam
356 2469 665 2516 conscientiam,
706 2471 809 2520 quod
847 2471 1095 2511 obediendum

59 2534 147 2579 isin
169 2538 323 2584 partem
354 2530 463 2569 enim
494 2530 780 2568 affirmativam
803 2530 994 2569 videntur
1022 2532 1093 2570 do-

64 2585 156 2634 cere
179 2595 329 2632 Patres.
360 2592 462 2630 Nam
488 2591 735 2633 Bernardus,
757 2592 800 2628 in
821 2591 892 2630 lib.
913 2592 963 2630 de
985 2594 1092 2632 Prae-

66 2659 182 2706 cepto
208 2660 247 2692 et
282 2652 600 2703 dispensatione,
622 2652 678 2689 sic
706 2652 869 2702 inquit:
894 2653 1097 2705 Quidquid

64 2718 145 2758 viee
164 2715 238 2755 Dei
258 2713 443 2765 praecipit
460 2713 586 2759 homo,
611 2714 712 2763 quod
739 2724 816 2752 non
846 2714 902 2752 sit
944 2719 1094 2755 certum

59 2769 270 2829 'displicere
298 2776 391 2822 Deo,
423 2774 530 2812 haud
552 2785 662 2813 secus
681 2775 949 2824 accipiendum
970 2781 1027 2815 est
1047 2789 1094 2817 ao

65 2840 103 2880 si
115 2837 328 2890 praecipiat
347 2837 458 2874 Deus.
480 2834 556 2873 Ubi
576 2835 816 2885 exponendo
831 2837 1094 2886 negationem

65 2899 195 2946 illam,
213 2910 289 2937 uon
310 2897 366 2936 sit
385 2899 550 2943 eertum,
567 2907 651 2934 non
672 2896 844 2946 requirit
859 2901 906 2934 ut
925 2898 1094 2947 positive

66 2962 118 3000 sit
136 2964 314 3006 certum3
333 2958 441 2996 unde
465 2958 558 2996 licet
584 2958 634 2995 sit
663 2958 851 3005 dubium,
869 2959 989 3008 juxta
1010 2960 1093 2998 dic-

64 3027 151 3062 tam
170 3019 369 3071 regulam,
385 3018 656 3057 obediendum
675 3019 766 3067 erit,
785 3021 879 3070 quia
897 3024 992 3059 tunc
1009 3033 1093 3060 non

68 3087 128 3124 est
143 3086 298 3121 certum
321 3079 530 3131 displicere
558 3081 655 3118 Deo.
678 3081 726 3118 Et
755 3081 939 3120 eamdem
975 3094 1094 3133 regu·

67 3143 152 3183 lam
187 3142 334 3180 eisdem
390 3141 522 3179 verbis
565 3141 778 3192 usurpavit
808 3143 1094 3184 Bonaventura

69 3205 114 3244 in
129 3202 298 3254 Speculo
319 3201 562 3252 disciplinae,
579 3216 619 3255 p.
646 3205 684 3251 1,
708 3215 743 3242 c.
765 3206 805 3242 4.
825 3204 874 3243 Et
893 3205 1094 3244 Humber-

68 3269 135 3304 tus
163 3262 329 3313 quintus
360 3261 566 3301 Generalis
599 3264 769 3303 familiae
798 3265 1091 3316 Dominicanae,

69 3325 142 3366 lib.
173 3325 196 3364 5
214 3323 263 3362 de
282 3322 517 3362 Eruditione
534 3324 834 3376 religiosorum,
853 3339 894 3378 p.
915 3329 954 3376 1,
973 3340 1008 3367 c.
1041 3330 1060 3369 1
1080 3343 1090 3368 :

71 3385 298 3428 obedientia
332 3383 511 3434 (inquit)
541 3384 739 3427 homiuum
774 3389 818 3428 de
844 3389 921 3428 Dei
946 3390 1095 3439 placito

71 3446 267 3496 certificat
278 3459 296 3489 ;
312 3443 395 3483 uisi
411 3444 514 3483 euim
533 3450 666 3495 aperte
690 3448 746 3487 sit
763 3449 928 3498 malum,
951 3451 1054 3503 quod
1071 3462 1097 3492 a

2 3546 6 3550 .
70 3508 290 3560 Superiora
309 3506 560 3558 praecipitur,
581 3506 639 3545 sie
665 3509 936 3559 accipiendum
975 3514 1033 3552 ost
1049 3523 1096 3553 ao

67 3569 112 3612 li
123 3571 243 3613 aDeo
257 3567 558 3624 praeciperetur.
575 3565 653 3605 Ubi
663 3565 763 3606 illud
773 3569 944 3610 verbum
964 3576 1096 3623 aperte

280 3650 366 3683 xvi.

19 3735 114 3831 3ae.

15 3851 72 3880 ,1,
172 3832 219 3880 ᾗ

540 202 631 238 mr.
654 170 724 238 1111.
747 194 801 238 nr.
820 201 1166 245 ruerucrionmus
1183 205 1241 241 Ex
1262 191 1399 242 maru
1418 200 1709 245 immamus».

1157 271 1472 322 ponderandum
1501 278 1576 314 est.
1597 276 1782 316 Sumitur
1802 277 1927 320 etiam
1963 291 2015 321 ex
2047 277 2191 334 Augu-

1156 332 1278 378 stino,
1296 332 1368 371 lib.
1390 333 1443 372 22
1478 339 1616 374 contra
1641 337 1852 386 Faustum,
1874 351 1961 393 cap.
1985 343 2038 382 74
2056 348 2097 383 et
2121 347 2187 395 75,

1156 395 1198 430 et
1215 392 1392 433 refertur
1407 393 1452 432 in
1483 406 1572 445 cap.
1606 396 1711 443 Quid
1729 399 1930 450 culpatur,
1950 404 2016 449 23,
2040 412 2186 456 quaest.

1157 453 1197 498 1,
1217 453 1290 492 ubi
1311 454 1368 496 ait
1404 454 1554 492 milites
1589 461 1696 495 recte
1724 458 1889 499 obedire
1907 463 2074 516 principi
2092 466 2190 507 bel·
2247 458 2251 462 “

1155 512 1242 552 lum
1261 514 1531 565 praecipienti,
1553 517 1717 566 quando
1737 518 1786 557 de
1805 520 2006 571 injustitia
2022 525 2119 566 belli
2131 527 2191 568 eis

1155 585 1241 613 non
1259 580 1430 614 constat.
1462 576 1645 627 Denique
1663 577 1739 615 hac
1771 580 1893 620 etiam
1918 586 2062 631 regula
2078 587 2190 627 vide.-

1155 639 1225 674 tur
1239 648 1337 675 usus
1366 637 1411 675 B.
1434 637 1475 676 P.
1499 637 1547 676 N.
1587 638 1784 687 ignatius,
1807 643 1925 681 tertia
1952 651 2065 694 parte
2086 649 2191 689 Con-

1155 697 1431 745 stitutionum,
1451 710 1538 748 cap.
1562 700 1600 746 43
1621 698 1645 749 ξ
1665 700 1731 747 23,
1760 699 1920 742 dicens:
1937 704 1990 743 In
2011 709 2191 750 ominbus

1155 758 1284 804 rebus,
1305 758 1373 797 ubi
1388 763 1588 809 peccatum
1618 759 1960 810 non‘eerneretur,
1982 767 2091 815 quod
2120 781 2189 809 ex-

1155 817 1310 868 plicans
1326 820 1351 858 5
1367 831 1423 870 p.,
1447 833 1480 859 c.
1500 822 1538 866 1,
1560 820 1659 858 dicit
1681 830 1693 859 a
1713 821 1768 861 In
1787 823 1967 863 omnibus
1993 827 2120 873 rebus,
2139 831 2194 870 ad

1156 891 1256 931 quas
1273 884 1401 931 potest
1416 881 1633 921 obediencia
1663 893 1751 921 oum
1784 883 1983 925 charitate
2002 897 2043 925 se
2058 873 2195 947 extenQ

1156 940 1255 979 dere.
1274 940 1352 979 Ubi
1371 940 1415 980 in
1439 942 1728 991 declaratione,
1749 942 1810 983 lit.
1834 945 1880 992 B,
1902 945 2081 986 dicitur:
2103 951 2190 990 Hu-

1146 1000 1330 1050 jusmodi
1364 1005 1459 1041 sunt
1499 1002 1582 1043 illoe
1617 1015 1761 1051 omnes,
1781 1005 1825 1044 in
1859 1006 2000 1057 quibus
2034 1009 2191 1049 uultum

1154 1064 1411 1111 manifestum
1432 1068 1487 1102 est
1508 1069 1724 1116 peecatum.
1748 1066 1799 1104 Et
1821 1067 1948 1106 simili
1974 1070 2097 1109 modo
2132 1071 2189 1110 lo·

1152 1125 1292 1175 quitur
1313 1126 1357 1163 in
1374 1125 1544 1176 epistola
1564 1126 1613 1165 de
1632 1127 1878 1166 obedientia.

1209 1186 1273 1225 19.
1306 1186 1514 1237 Arguitur
1529 1199 1604 1237 pro
1626 1192 1741 1240 parte
1761 1190 1961 1239 negativa,
1975 1211 2028 1221 —
2041 1192 2195 1236 Contra.

1152 1246 1259 1286 hanc
1296 1260 1393 1287 vero
1436 1249 1662 1287 doctrinam
1708 1250 1840 1288 facere
1878 1251 2054 1300 videtur,
2094 1256 2196 1306 quia*

1153 1309 1267 1347 nulla
1287 1310 1505 1348 sufficienti
1525 1312 1683 1348 ratione
1697 1309 1867 1350 fundata
1886 1316 1960 1361 est,
1980 1320 2021 1352 et
2036 1314 2190 1367 alioqui

1151 1370 1312 1409 nullum
1334 1375 1394 1408 est
1415 1376 1662 1422 praeceptum
1690 1371 1876 1410 divinum
1909 1375 2015 1424 quod
2035 1376 2190 1427 obliget

1151 1431 1202 1470 ad
1234 1431 1530 1481 praeferendam
1552 1432 1836 1470 auctoritatem
1856 1434 2083 1484 Superioris
2101 1449 2187 1476 om-

1150 1491 1272 1530 nihus
1301 1492 1544 1540 rationibus,
1584 1504 1674 1542 quae
1711 1493 1882 1531 dubium
1918 1507 2082 1535 movere
2117 1510 2185 1537 seu

1149 1552 1322 1591 fundare
1343 1557 1537 1603 possunt,
1561 1565 1694 1604 neque
1719 1554 1760 1591 id
1780 1555 1942 1594 videtur
1971 1563 2188 1598 consenta-

1150 1626 1275 1652 neum
1294 1614 1458 1652 rationi.
1480 1614 1597 1660 Nam,
1617 1626 1708 1652 cum
1730 1614 1925 1666 Superior
1951 1618 2037 1668 ipse
2059 1631 2187 1669 quan-

1150 1679 1238 1714 tum
1261 1677 1521 1727 adjudicium
1544 1677 1648 1715 circa
1670 1678 1882 1716 materiam
1900 1679 1962 1716 5111
1979 1682 2185 1732 praecepti,

1150 1748 1204 1776 an
1231 1737 1330 1775 alias
1368 1739 1420 1775 sit
1445 1738 1569 1783 licita,
1606 1749 1751 1785 necne,
1783 1750 1867 1776 non
1894 1739 2092 1787 divinam,
2117 1743 2185 1782 sed

1149 1798 1376 1837 humanam
1396 1804 1555 1837 tantum
1577 1802 1862 1838 auctoritatem
1884 1800 2046 1849 habeat,
2078 1804 2186 1842 vinci

1150 1864 1282 1912 potest
1317 1861 1383 1899 vel
1417 1860 1564 1910 majori
1593 1862 1833 1899 auctoritate
1868 1861 2112 1911 doctiorum,
2147 1869 2188 1904 et

1149 1921 1322 1960 fortasse
1345 1921 1609 1967 sanctiorum,
1629 1920 1694 1958 vel
1714 1933 1784 1971 per
1820 1922 2039 1961 efficaciam
2066 1936 2187 1963 ratio·

1149 1983 1226 2030 nis,
1245 1982 1310 2020 vel
1345 1986 1480 2021 textus
1512 1985 1583 2019 aut
1617 1980 1717 2030 legis
1747 1982 1973 2032 Superioris
2003 1984 2184 2034 praelati,

1150 2055 1247 2094 ergo
1263 2055 1346 2082 non
1364 2046 1496 2093 potest
1506 2041 1740 2081 indistincte
1759 2042 1831 2081 illa
1847 2043 1991 2094 regula
2009 2046 2184 2095 pruden-

1149 2109 1212 2146 ter
1237 2105 1451 2155 acceptari.

1204 2169 1269 2206 20.
1303 2166 1493 2206 Auctoris
1516 2165 1775 2204 resolutio-
1794 2165 2043 2215 Explicatur
2060 2181 2186 2221 quan-

1150 2229 1196 2269 do
1225 2229 1384 2268 dubium
1402 2230 1458 2266 est
1480 2227 1721 2279 neyatz'vum.
1738 2247 1790 2255 —
1805 2227 1939 2266 Juxta
1966 2230 2068 2269 hauc
2090 2243 2189 2286 par-¹

1150 2294 1224 2330 tem
1246 2290 1356 2329 dubii
1376 2288 1602 2339 negativam
1628 2288 1782 2335 satisfit
1807 2289 2003 2329 Patribus
2038 2293 2081 2330 iu
2115 2305 2186 2335 παπ

1149 2362 1255 2391 mero
1273 2351 1417 2389 decimo
1447 2351 1580 2388 octavo
1610 2349 1826 2387 citatis.—
1843 2349 2069 2390 Dicendum
2088 2365 2184 2392 vero

1150 2418 1224 2461 est,
1248 2411 1460 2462 praedictos
1481 2410 1646 2448 Sanctos
1669 2410 1878 2449 moraliter
1894 2424 1979 2451 esse
2014 2415 2179 2461 locutos,

1151 2478 1190 2514 et
1227 2475 1317 2512 ideo
1353 2472 1565 2511 tradidisse
1586 2472 1699 2509 illam
1726 2472 1928 2521 regulam,
1951 2487 2055 2524 quae,
2074 2481 2182 2515 recte

1151 2535 1363 2586 explicata,
1381 2534 1445 2572 vel
1465 2533 1664 2582 generalis
1690 2538 1764 2582 est,
1784 2534 1847 2571 vel
1867 2542 1952 2572 tam
1982 2548 2118 2575 raram
2141 2543 2182 2576 et

1151 2595 1515 2636 extraordinariam
1538 2595 1691 2644 patitur
1707 2594 2002 2644 exceptionem,
2024 2604 2070 2635 ut
2097 2610 2181 2637 mo-

1150 2657 1289 2696 raliter
1303 2656 1484 2694 absolute
1501 2655 1622 2692 statui
1650 2655 1787 2705 possit.
1811 2655 2060 2706 Explicatur,
2087 2660 2182 2709 quia

1150 2718 1215 2757 vel
1232 2718 1400 2755 dubium
1424 2721 1482 2754 est
1512 2716 1769 2765 negativum,
1790 2715 1956 2765 seihcet,
1972 2720 2068 2767 quia
2088 2719 2183 2758 sub-

1152 2779 1259 2817 ditus
1270 2791 1344 2817 nec
1365 2777 1578 2828 positivam
1595 2776 1719 2814 habet
1738 2777 2012 2824 rationem,ut
2028 2779 2182 2829 jildicet

1150 2839 1306 2878 malum
1327 2851 1410 2877 esse
1428 2837 1535 2889 quod
1558 2838 1804 2888 praecipitur,
1822 2850 1956 2888 neque
1992 2841 2115 2879 etiam
2135 2845 2183 2880 ut

1150 2901 1288 2940 credat
1305 2913 1389 2939 esse
1419 2900 1572 2938 bonum
1596 2903 1636 2936 et
1655 2898 1887 2947 honestum,
1905 2900 2060 2940 secluso
2083 2915 2183 2953 prae-

1149 2967 1288 3013 cept03
1310 2962 1374 3000 vel
1403 2964 1531 3011 potest
1567 2970 1651 2998 esse
1681 2959 1851 2997 dubium
1884 2963 2117 3011 positivum,
2139 2964 2183 3003 id

1150 3029 1223 3072 est,
1240 3028 1377 3062 ortum
1399 3034 1448 3060 ex
1479 3021 1649 3072 positiva
1666 3021 1920 3068 auctoritate,
1940 3023 2003 3060 vel
2022 3025 2182 3063 ratione

1149 3086 1193 3124 in
1213 3084 1476 3124 contrarium.
1501 3083 1546 3120 Iu
1574 3082 1699 3132 priori
1729 3081 1869 3130 dubio,
1892 3086 2120 3131 generatim
2142 3089 2182 3122 et

1149 3147 1237 3185 51116
1271 3145 1354 3184 ulla
1391 3144 1640 3194 exceptione,
1666 3155 1808 3181 verum
1839 3147 1897 3181 est
1934 3150 2179 3196 praeceptum

1151 3207 1378 3259 Superioris
1410 3206 1608 3252 sufficere,
1631 3207 1677 3242 ut
1717 3204 1903 3242 subditus
1923 3205 1981 3243 illi
2015 3206 2179 3244 innixus

1149 3274 1257 3308 certo
1276 3269 1430 3318 judicet
1443 3267 1519 3305 sibi
1550 3266 1670 3304 licere
1687 3264 1796 3315 quod
1816 3266 2060 3315 praecipitur,
2085 3265 2176 3316 quia

1148 3330 1193 3369 in
1219 3329 1291 3368 illo
1326 3341 1421 3367 casu
1450 3328 1573 3366 etiam
1603 3330 1852 3377 praeceptum
1887 3326 2053 3375 obligat,
2086 3335 2176 3363 cum

1150 3391 1341 3443 Superior
1354 3391 1492 3440 exigat
1507 3389 1575 3439 jus
1592 3399 1728 3432 suum,
1744 3391 1785 3425 et
1818 3387 1862 3424 in
1883 3386 2022 3432 dubio,
2042 3385 2177 3423 melior

1149 3455 1207 3493 sit
1237 3452 1406 3493 condicio
1432 3449 1685 3501 possidentis.
1709 3446 1810 3486 ltem
1835 3446 1928 3496 quia
1949 3445 2048 3482 alias
2078 3448 2178 3483 esset

1149 3514 1358 3565 moraliter
1385 3510 1647 3563 impossibilis
1680 3507 1925 3552 obedientia,
1946 3504 1980 3542 si
2019 3503 2176 3544 uuicui-

1149 3586 1228 3627 que
1242 3575 1403 3614 subdito
1413 3574 1457 3612 in
1469 3570 1704 3624 particulari
1723 3567 1835 3619 prius
1851 3566 2176 3616 persuadendum

2107 202 2198 257 ,753-
2324 217 2325 220 ,
