2352 3880
385 155 475 188 cnr.
498 154 583 189 vni.
606 154 660 190 oa
679 153 806 190 ummo
820 154 1236 197 Διιινιιιιθινιηιοιιιιιοε.
1258 153 1556 192 couvsnsanno
1575 146 1997 197 fantasmatum.

127 256 140 274 4
160 251 169 270 ,.
203 220 219 270 j
254 219 482 264 ‚membrum
503 217 1168 273 siqillatim.-Seeundo-.diaen·-

131 268 227 317 ‘'i-‚u
246 282 328 331 est,
349 279 395 320 ut
412 281 497 321 hoc
507 280 705 328 medium,
721 283 809 320 tam
825 280 1165 333 religionizingoe

106 344 118 357 ⁸
109 353 250 406 nere,
267 353 396 394 quam
409 346 562 383 nostrae
580 337 789 390 societati,
808 341 860 381 sit
877 340 1164 384 accommoda-

96 394 236 471 ζῗὴωι,
250 402 334 443 duo
354 403 612 444 observanda
628 414 732 443 esse.
744 403 884 444 Unum
902 407 978 452 est,
993 408 1037 443 ut
1050 405 1162 453 recta

98 450 376 513 zintentione,
389 465 433 504 id
449 469 526 512 est,
543 466 710 517 propter
725 463 855 503 solam
872 455 1162 507 necessitafim

99 527 198 567 .-vel
217 527 329 578 piam
349 526 566 565 utilitatem
589 529 836 565 assumatur.
868 525 991 565 Aliud
1011 529 1094 572 est,
1104 528 1162 563 Ιιιι

91 597 94 599 ’
130 597 284 639 magna
302 587 586 627 moderatione
622 590 662 625 et
684 585 1051 637 circumspectione
1070 586 1156 627 fiat.

67 702 70 703 ⁷
130 649 359 701 Utrumque
378 648 498 687 facile
516 647 681 686 suaderi
699 652 850 699 potest,
869 649 970 700 quia.
987 650 1030 688 in
1049 647 1160 691 owni

127 709 307 753 honesta
331 712 515 757 actione,
535 709 625 748 haec
656 709 755 758 duo,
774 722 869 749 cum
895 711 1160 762 proportione

83 778 88 783 ‘
127 771 350 825 applicata,
369 774 465 810 sunt
505 771 742 811 necessaria
779 772 833 811 ad
869 772 1160 812 rectitudinem

63 842 66 844 ’
92 849 94 854 “
126 833 242 886 ejus;
264 834 460 886 peculiari
496 838 641 874 autem
663 834 824 874 ratione
850 835 918 874 hic
938 835 1160 875 observan-

123 895 217 944 tur,
253 895 351 945 quia
377 895 481 934 actio
502 907 586 933 non
607 896 742 935 solum
770 896 821 936 de
843 908 887 935 se
909 900 971 935 est
1001 894 1163 935 indiffe-

123 968 238 1005 renS,
267 957 341 995 sed
381 958 504 996 etiam
538 962 835 997 nocumentum
865 958 984 997 facile
1013 958 1161 997 afferre

122 1021 283 1071 potest,
313 1018 391 1057 nisi
419 1030 572 1067 magna
605 1019 818 1070 diligentia
849 1019 958 1058 circa
977 1019 1047 1057 illa
1075 1017 1159 1057 duo

125 1079 387 1120 observanda.
404 1079 664 1118 adhibeatur.
684 1079 801 1120 Unde
823 1081 929 1118 hanc
951 1079 1075 1118 etiam
1093 1090 1159 1117 as-

124 1141 349 1180 sertionem
365 1141 543 1191 probant
556 1142 737 1180 rationes
753 1139 966 1179 dubitandi
986 1140 1028 1178 in
1047 1140 1159 1191 prin-

123 1201 232 1252 cipio
260 1202 419 1252 positae.
445 1202 630 1241 Tandem
658 1202 828 1252 singulae
850 1206 987 1251 partes
1013 1201 1069 1240 ita
1088 1201 1160 1241 de-

120 1262 349 1311 clarantur,
368 1263 465 1314 quia
484 1263 528 1301 in
548 1263 739 1302 omnibus
762 1262 972 1311 Patribus,
996 1267 1037 1302 et
1054 1262 1160 1314 juri-.-

121 1322 202 1364 bus
222 1324 376 1372 citatis,
414 1324 492 1362 sub
523 1325 601 1363 hac
631 1328 790 1362 tantum
813 1324 1048 1362 conditione
1066 1335 1159 1374 per-

121 1385 298 1425 mittitur
316 1385 518 1436 religiosis
538 1385 829 1436 quodcumque
856 1386 1070 1437 negotium
1094 1397 1158 1425 se-

120 1446 263 1487 culare
277 1476 287 1495 ,
311 1451 356 1485 ut
381 1458 431 1485 ex
452 1447 679 1486 intentione
699 1447 772 1486 fiat
793 1459 898 1498 opus
928 1447 1155 1495 charitatis,

120 1507 189 1549 vel
218 1507 531 1554 misericordiae,
554 1508 650 1558 quia
679 1509 780 1547 alias
810 1509 843 1547 si
869 1509 1055 1547 seculare
1071 1519 1159 1547 rna-⁴

94 1601 95 1604 ,
121 1572 237 1617 neat,
267 1581 342 1620 per
371 1581 414 1608 se
449 1582 530 1607 non
563 1570 680 1616 licet;
704 1575 862 1609 atvero
887 1570 1067 1609 amicitia
1092 1569 1159 1609 vel

119 1631 382 1671 conversatio
403 1642 498 1670 cum
519 1631 776 1670 secularibus
795 1643 870 1683 per
901 1643 943 1670 se
975 1635 1158 1683 spectata

122 1693 304 1743 pertinet
323 1693 375 1731 ad
398 1693 599 1732 secularia
628 1694 810 1744 negotia,
834 1694 913 1732 nisi
931 1706 982 1733 ex
997 1693 1082 1733 fine
1105 1692 1160 1734 ad

123 1753 312 1793 altiorem
334 1754 521 1793 ordinem
543 1754 781 1793 sublevetur
793 1770 804 1804 3
835 1767 934 1806 ergo
955 1755 1041 1794 haec
1060 1766 1160 1794 con-

119 1814 222 1854 ditio
243 1815 443 1866 imprimis
463 1816 697 1855 necessaria
717 1821 791 1855 est.
815 1816 933 1856 Unde
964 1817 1013 1855 D.
1047 1816 1159 1855 Basi-

120 1875 215 1923 lius,
253 1876 360 1915 dicta
393 1877 540 1927 regula
565 1878 640 1918 311
659 1907 670 1925 ,
695 1889 743 1917 ex
770 1878 1043 1925 brevioribus,
1066 1880 1159 1928 post

119 1937 248 1977 verba
269 1949 394 1988 supra
414 1938 538 1977 citata
558 1939 716 1977 subdit:
734 1939 851 1979 Illud
868 1943 1158 1989 unumquem-

116 1999 233 2051 piam
249 1999 392 2043 visere,
409 2000 468 2037 rel
486 2000 869 2050 consanyuz‘nitatz's,
887 2001 947 2038 cel
964 2000 1160 2038 amicitioe

120 2070 258 2105 causa,
277 2058 454 2100 alienum
475 2061 534 2099 est
565 2069 591 2099 a
624 2062 764 2099 nostra-
792 2059 1051 2111 professione.
1082 2056 1160 2097 Ubi

119 2120 206 2163 duo
228 2120 384 2159 motiva
413 2120 567 2171 posuit,
598 2130 691 2170 quae
712 2119 819 2159 inter
837 2131 952 2159 mere
974 2119 1159 2159 humana

120 2180 254 2222 videri
271 2185 463 2233 poterant
487 2181 804 2229 honestissima,
826 2185 868 2221 et
893 2181 1159 2220 nihilominus

120 2243 236 2284 aliud
263 2243 386 2283 altius
411 2243 610 2294 postulat,
641 2245 688 2282 ut
717 2243 810 2283 talis
828 2247 946 2282 actus
967 2242 1158 2292 religioso

121 2304 246 2346 statui
281 2305 335 2344 sit
367 2309 689 2345 consentaneus,
726 2304 925 2354 Idemque
957 2303 1083 2344 sentit
1108 2303 1156 2343 D.

118 2367 319 2414 Thomna,
338 2365 448 2405 dicto
469 2370 550 2406 art.
571 2367 613 2414 ἰ),
639 2365 710 2405 ubi
733 2366 1010 2406 intentionem
1025 2363 1161 2406 chari-

122 2428 220 2471 tatis
236 2428 303 2467 vel
322 2427 533 2478 religionis
552 2428 748 2478 postulat.

172 2488 216 2528 8.
235 2488 485 2529 Enucleatur
496 2489 680 2540 probatio
696 2486 880 2542 prooeime
894 2486 1159 2538 facta.-—Ubi

121 2548 312 2597 adverto,
325 2560 409 2587 non
427 2560 519 2589 esse
538 2549 665 2597 idem,
677 2550 882 2591 actionem
902 2562 993 2591 esse
1010 2549 1159 2590 hones-

120 2613 224 2659 tam,
245 2610 311 2649 vel
335 2621 420 2649 non
442 2612 596 2650 malam
615 2611 840 2660 moraliter,
862 2615 902 2650 et
919 2623 1011 2652 esse
1025 2623 1097 2663 per
1111 2621 1159 2651 se

121 2671 442 2712 convenientem
465 2682 514 2711 ac
539 2671 760 2712 decentem
789 2674 910 2712 statui
944 2672 1154 2723 religioso.

121 2731 187 2774 Ad
199 2733 380 2784 primum
401 2732 511 2772 enim
531 2732 722 2773 sufficere
745 2737 880 2784 potest
898 2733 941 2773 in
961 2732 1156 2786 praesenti

118 2793 286 2835 actione
301 2794 502 2849 motivum
517 2794 774 2846 cognationis
791 2795 858 2834 vel
871 2794 1060 2834 amicitiae
1078 2794 1156 2834 hu-

121 2866 259 2896 manae
290 2861 402 2895 recta
426 2856 585 2896 ratione
610 2856 789 2896 naturali
808 2859 1056 2908 regulatum.
1096 2854 1156 2896 Ad

123 2915 354 2958 secundum
374 2920 514 2956 autem
528 2917 648 2956 altius
663 2918 860 2958 motivum
873 2917 1155 2958 necessarium

118 2981 210 3026 est,
245 2977 343 3028 quia
373 2981 502 3017 status
532 2979 744 3029 religionis
773 2979 986 3019 ordinatus
1013 2982 1076 3019 est
1103 2977 1157 3020 ad

122 3038 424 3090 perfectionem
453 3039 662 3079 charitatis
694 3041 766 3080 Dei
796 3041 1094 3092 principaliter,
1116 3043 1157 3080 et

96 3134 98 3136 ,
122 3100 299 3152 proximi
321 3099 579 3148 secundario,
602 3101 778 3152 ideoque
796 3101 980 3142 actiones
1001 3102 1059 3142 illi
1076 3106 1157 3142 sta-

123 3161 185 3201 tui
213 3164 504 3200 consentaneae
533 3173 625 3201 esse
660 3162 814 3202 debent
841 3166 912 3202 aut
945 3175 997 3205 ex
1025 3164 1066 3203 vi
1093 3165 1157 3203 sui

63 3275 65 3279 ¹
120 3221 279 3272 objecti
297 3221 515 3261 tendentes
533 3223 576 3261 in
596 3223 832 3275 hujusmodi
853 3224 993 3275 finem,
1015 3230 1087 3265 aut
1106 3238 1158 3266 ex

62 3282 70 3326 ᾗ
124 3280 354 3321 intentione
370 3283 578 3333 operantis
596 3285 648 3323 ad
668 3285 783 3324 illum
801 3285 987 3325 elevatae.
1003 3287 1052 3325 Et
1063 3299 1156 3338 pro-

69 3340 78 3392 ζ’
124 3346 271 3396 pterea
287 3343 462 3384 Basilius
481 3357 567 3384 non
585 3345 684 3386 dixit
702 3359 791 3386 esse
817 3347 977 3386 malum
991 3348 1154 3390 visitare

69 3427 75 3443 .=
126 3409 342 3457 cognatos,
364 3405 431 3445 vel
452 3407 606 3446 amicos
623 3409 702 3447 hoc
716 3409 804 3448 solo
824 3409 956 3456 titulo,
969 3409 1044 3450 sed
1057 3410 1155 3451 dixit

127 3475 221 3506 osse
239 3466 423 3505 alienum
442 3479 468 3506 a.
489 3467 683 3519 religioso
704 3473 826 3509 statu.
854 3470 903 3509 In
921 3481 1004 3520 quo
1031 3472 1155 3512 etiam

126 3526 477 3568 considerandum
489 3532 552 3569 est
563 3529 658 3582 plus
674 3530 830 3584 requiri
845 3531 889 3571 in
899 3543 1040 3584 opere,
1057 3544 1157 3588 qua-

2146 148 2258 199 {W

1219 221 1342 261 tenus
1362 230 1386 259 a
1404 219 1607 270 religione
1637 218 1753 259 exvi
1773 218 1839 261 sui
1865 217 2040 262 instituti
2067 219 2256 270 postula--

1218 283 1300 329 tur,
1322 292 1449 331 quam
1475 284 1523 321 ut
1547 280 1639 322 fieri
1658 280 2032 334 potest-asiugulis
2050 276 2255 332 religiosis

1217 341 1375 393 privata
1413 342 1667 393 intentione3
1699 353 1798 382 nam
1830 342 1977 395 religio
2008 354 2094 384 non
2127 342 2254 386 debet

1217 404 1428 454 postulare
1447 404 1648 454 opus-nisi
1663 408 1787 456 prout
1805 404 2044 447 ordinatum
2056 404 2111 445 ad
2121 405 2252 449 finem

1216 464 1497 515 perfectioniS,
1517 465 1698 504 maxime
1717 466 1885 516 quando
1911 466 2052 517 ipsum
2078 478 2182 518 opus
2200 466 2254 508 de

1216 537 1261 565 se
1293 528 1521 576 spectatum
1542 526 1678 575 potius
1698 530 1835 576 potest
1859 528 2069 568 remittere
2086 528 2153 570 vel
2171 528 2253 572 im-

1215 586 1360 639 pedire
1379 586 1584 625 fervorem
1601 586 1825 633 charitatis,
1845 600 1971 638 quam
1988 590 2042 628 ad
2056 590 2204 632 illum
2187 602 2255 645 Ju-

1214 660 1342 689 vare:
1359 648 1545 700 privatus
1564 652 1704 686 autem
1722 649 1938 698 religiosus
1952 651 2164 694 interdum
2181 662 2254 706 po-

1214 711 1310 751 terit
1322 710 1404 750 tale
1422 722 1526 762 opus
1545 700 1724 758 efficere,
1742 721 1793 748 ex
1808 711 1995 751 inferiori
2012 716 2053 752 et
2066 713 2255 755 humano

1215 773 1400 821 motivo,
1437 773 1480 811 in
1516 784 1599 823 quo
1638 783 1723 811 non
1758 773 1997 813 necessario
2033 775 2252 826 peccabit,

1216 835 1406 886 quamvis
1429 833 1670 885 imperfecte
1687 833 1806 884 juxta
1832 846 1956 873 suum
1974 837 2128 875 statum
2155 849 2256 888 ope-

1215 899 1343 935 retur.
1366 897 1410 935 In
1427 895 1617 946 praesenti
1639 906 1738 946 ergo
1759 894 1972 935 familiaris
1993 898 2253 939 conversatio

1216 969 1312 996 cum
1333 957 1611 1005 secularibus,
1631 957 1756 996 etiam
1774 957 1918 997 amieis
1938 961 1979 996 et
2002 959 2250 1008 consangui-

1214 1018 1322 1067 neis,
1339 1031 1414 1069 per
1429 1031 1472 1058 se
1486 1022 1670 1070 spectata
1690 1029 1773 1057 non
1784 1018 1902 1069 juvat
1921 1018 1974 1057 ad
1995 1019 2251 1069 spiritualem

1212 1079 1523 1132 perfectionem,
1555 1084 1595 1119 et,
1615 1079 1708 1118 ideo
1730 1091 1780 1118 ex
1798 1080 1836 1119 vi
1858 1079 2032 1120 instituti
2052 1092 2135 1120 non
2157 1092 2255 1132 pos-

1213 1142 1369 1180 tulatur
1384 1172 1394 1189 ‚
1426 1142 1503 1181 nisi
1526 1145 1571 1180 ut
1592 1141 1781 1180 ordinata
1802 1141 1856 1180 ad
1879 1141 2094 1192 proprium
2122 1141 2253 1182 finem

1215 1202 1445 1242 Societatis.
1471 1203 1511 1243 Si
1531 1203 1601 1254 qui
1620 1206 1759 1241 autem
1779 1203 2049 1254 particulares
2067 1202 2251 1252 religiosi

1214 1264 1295 1302 alio
1326 1265 1405 1304 fine
1431 1265 1475 1303 in
1506 1263 1744 1314 hujusmodi
1781 1264 1994 1316 colloquiis
2019 1267 2091 1303 aut
2112 1263 2253 1303 visita-

1213 1325 1394 1365 tionibus
1417 1325 1677 1364 infirmorum
1698 1331 2010 1372 conversantur,
2032 1325 2253 1375 imperfec-

1213 1389 1255 1425 te
1274 1392 1418 1437 agunt,
1453 1390 1495 1426 et
1522 1386 1842 1428 Constitutiones
1859 1397 1957 1427 suas
1975 1388 2138 1440 integre
2166 1398 2250 1429 non

1215 1447 1450 1488 observant.

1268 1511 1307 1550 9.
1332 1509 1458 1556 Quam
1476 1509 1532 1550 sit
1548 1519 1760 1551 consonum
1780 1508 1999 1552 Societatis
2018 1508 2252 1550 institutum

1213 1570 1306 1614 huic
1322 1572 1453 1623 primo
1475 1572 1644 1611 nzembro
1662 1572 1915 1613 assertionis.
1939 1591 1992 1601 —
2012 1571 2116 1611 Nam
2137 1575 2254 1610 sexta

1213 1636 1332 1686 parte
1348 1632 1710 1679 Constitutionum,
1729 1645 1766 1673 c.
1789 1635 1828 1679 2,
1849 1632 1874 1684 ἓ
1893 1634 1933 1679 9,
1955 1631 2065 1673 inter
2090 1631 2172 1671 alia
2194 1632 2255 1672 di-

1214 1694 1319 1734 citur
1352 1706 1364 1733 ε
1396 1695 1628 1734 Primarios
1660 1695 1770 1735 viros
1804 1693 1973 1735 invisere
2010 1693 2142 1734 nostri
2175 1705 2254 1734 non

1212 1760 1484 1803 consuescant,
1499 1756 1583 1797 nisi
1608 1760 1744 1796 sancto
1763 1756 1895 1796 stadio
1914 1755 2078 1807 piorum
2093 1766 2256 1807 operum

1214 1819 1466 1866 ducerentur,
1487 1818 1547 1858 ‘er
1575 1819 1729 1871 quando
1752 1818 1901 1858 intima
1921 1817 2183 1858 benevolentia
2210 1816 2255 1856 in

1214 1880 1384 1920 Domino
1405 1883 1489 1920 tam
1506 1883 1632 1920 essent
1650 1879 1866 1930 conjzcncti,
1880 1881 1926 1918 ut
1942 1878 2172 1927 hujusmodi
2190 1879 2256 1929 of·-

1207 1941 1346 1990 ficium
1375 1941 1588 1988 aliquoties
1614 1940 1671 1977 eis
1695 1940 1824 1979 deberi
1840 1939 2055 1980 videretur.
2079 1938 2198 1984 Quod
2217 1938 2255 1977 si

1215 1998 1294 2037 hoc
1322 1998 1374 2037 de
1406 1997 1613 2050 primariis
1643 1997 1742 2037 viris
1767 1997 1931 2046 dicitur,
1957 1997 2088 2037 multo
2119 1999 2255 2050 magis

1215 2071 1311 2100 cnm
1330 2060 1486 2100 caeteris
1503 2059 1697 2099 omnihus
1713 2059 1963 2100 servandum
1983 2064 2060 2099 est.
2081 2060 2183 2100 Nam
2201 2061 2255 2102 de

1212 2122 1558 2173 consanguineis,
1580 2121 1717 2160 statim
1738 2134 1767 2161 a
1786 2121 2005 2172 principio,
2027 2120 2069 2159 in
2089 2121 2254 2163 Exami-

1212 2194 1283 2232 ne,
1304 2195 1340 2223 c.
1363 2184 1406 2230 4,
1421 2183 1446 2235 §
1462 2186 1501 2231 7,
1521 2182 1768 2222 admonetur
1785 2182 2005 2234 religiosus
2020 2182 2249 2232 Societatis,

1213 2248 1261 2286 ut
1277 2256 1427 2286 omnem
1445 2246 1582 2286 carnis
1601 2246 1792 2297 affectum
1809 2255 1906 2294 erya
1923 2244 2118 2296 sanquine
2130 2245 2251 2294 junc-

1214 2310 1275 2347 tos
1296 2311 1430 2355 exuat,
1459 2306 1647 2349 acilium
1676 2307 1722 2346 in
1749 2305 2006 2360 spiritualem
2034 2309 2250 2356 convertat,

1213 2379 1350 2421 eosque
1368 2368 1537 2420 ditiqat,
1558 2379 1599 2408 eo
1620 2366 1746 2408 solum
1770 2378 1900 2408 amore
1919 2378 2031 2419 quem
2065 2367 2251 2410 ordinata

1213 2430 1397 2472 charitas
1429 2430 1574 2481 eoeiyit.
1612 2429 1662 2469 Et
1678 2429 1723 2470 in
1748 2429 1773 2481 ξ
1804 2430 1830 2468 6
1858 2429 1917 2470 sic
1943 2429 2093 2471 dicitur
2114 2441 2126 2469 ι
2151 2429 2251 2472 Cum

1215 2490 1530 2539 communicatio,
1546 2502 1635 2542 qnoe
1673 2501 1761 2531 eum
1802 2490 1948 2532 amicis
1984 2494 2024 2532 et
2057 2490 2251 2540 sanquine

1205 2553 1378 2604 junctis,
1401 2553 1515 2593 verbo
1533 2556 1606 2592 aut
1620 2551 1771 2603 scripto
1783 2552 1849 2603 fit,
1868 2551 2007 2603 potius
2027 2552 2082 2592 ad
2101 2552 2252 2604 quietis

1208 2614 1562 2666 perturbationem,
1589 2622 1708 2664 quam
1728 2611 1784 2652 ad
1809 2622 1957 2661 eorum,
1982 2612 2053 2664 qui
2081 2613 2251 2664 spiritui

1212 2679 1373 2723 vacant,
1385 2676 1623 2728 profectum,
1638 2672 1867 2724 praesertim
1883 2671 1928 2712 in
1946 2672 2098 2721 initiis,
2118 2674 2250 2721 facere

1211 2736 1366 2784 soleat,·
1388 2736 1688 2786 interroyentur
1717 2745 1812 2774 num
1849 2734 2020 2774 contenti
2046 2734 2130 2774 sint
2159 2745 2248 2777 cum

1210 2797 1440 2847 hujusmodi
1457 2808 1538 2838 non
1557 2795 1861 2843 communicare,
1877 2805 1946 2835 nec
1964 2795 2126 2837 litteras
2145 2795 2249 2837 acci-

1208 2869 1314 2910 pere,
1326 2859 1385 2899 vel
1396 2857 1578 2907 scribere,
1586 2856 1667 2898 nisi
1678 2856 1815 2908 aliqua
1824 2857 2023 2898 occasione
2033 2855 2248 2906 Superiori

1210 2919 1332 2962 aliter
1348 2920 1561 2961 videretur.
1588 2917 1776 2970 Denique
1795 2918 1971 2969 septima
2003 2921 2120 2968 parte
2141 2916 2245 2958 Con—

1211 2981 1486 3024 stitutionum,
1511 2992 1604 3031 cap.
1626 2984 1789 3031 quarto,
1807 2978 1831 3031 ξ
1850 2980 1890 3027 O,
1913 2979 2050 3018 solum
2069 2979 2136 3029 pia
2162 2977 2245 3019 col*

1210 3041 1350 3094 loquia.
1374 3054 1468 3082 cum
1494 3041 1690 3094 proximis
1713 3040 2073 3087 commendantur,
2095 3038 2243 3088 quibus

1210 3104 1370 3157 possint
1401 3104 1455 3143 ad
1486 3103 1659 3143 meliora
1691 3101 1946 3153 promoveri;
1984 3100 2080 3150 quin
2120 3102 2242 3140 etiam

1212 3165 1485 3204 domesticum
1513 3177 1537 3202 a
1558 3163 1785 3203 domestico
1810 3162 2103 3212 separandum,
2125 3161 2157 3198 si
2185 3159 2242 3198 al-

1213 3230 1276 3268 ter
1297 3239 1348 3267 ex
1365 3226 1535 3266 alterius
1555 3225 1762 3266 consortio
1782 3236 1807 3263 a
1830 3222 2017 3275 profectu
2040 3218 2242 3266 spirituali

1210 3288 1509 3336 retardaretur,
1528 3291 1574 3326 ut
1593 3287 1635 3326 in
1652 3286 1771 3326 tertia
1789 3295 1922 3338 parte,
1940 3294 1977 3323 c.
1994 3285 2034 3332 1,
2052 3286 2092 3321 et
2106 3281 2166 3319 lit.
2187 3282 2238 3328 A,

1211 3361 1407 3400 expresse
1425 3351 1608 3388 cavetur.

1264 3412 1330 3450 10.
1360 3411 1566 3451 Probatur
1595 3406 1810 3449 membrum
1839 3403 2036 3457 posterius
2069 3401 2239 3452 eiusdem

1212 3471 1462 3514 assertionis.
1483 3491 1536 3500 —
1561 3470 1650 3509 Duo
1686 3466 1879 3520 requisita
1910 3465 1964 3504 ad
1997 3463 2241 3502 moderamen

1210 3532 1468 3574 conversandi
1485 3542 1571 3571 cum
1587 3528 1801 3582 proximis.
1812 3524 1928 3565 —Ex
1947 3523 2012 3562 his
2032 3522 2152 3564 facile
2167 3522 2243 3564 de-
