2352 3880
46 591 67 627 :i

60 601 88 653 ᾗ
132 602 145 645 j
175 599 395 636 comment.
419 609 431 642 ;

105 227 123 247 ·-
135 191 250 276 ⁷294?
376 194 379 197 ’
447 217 539 260 cir.
560 224 630 261 vn.
654 225 707 259 ns
727 221 837 259 vo‘ro
856 208 940 256 Nou
959 221 1154 258 aninum
1175 221 1427 258 mammen
1445 222 1630 263 sunum
1649 222 1787 264 mres,
1807 219 1898 257 mc.

102 323 110 348 =.·
144 293 426 347 procurare
444 289 560 330 illum
577 291 634 340 (et
651 290 763 330 idem
780 292 843 328 est
862 300 957 328 cum
977 299 1146 340 propor-

62 358 78 462 Ξ
95 406 183 467 wi,
203 425 328 466 quam
347 413 459 452 citati
489 413 686 452 Doctores
713 410 868 450 ibidem
892 411 1084 456 tractant,
1103 411 1144 448 et

57 472 254 700 ’ἔωθε
286 473 412 514 refert
442 473 629 522 Hem-iq„
664 471 711 511 in
747 483 822 510 sua
850 472 1035 518 Summa,
1067 469 1137 509 lib.

132 346 306 401 {ne'de
333 351 528 403 qualibet
561 351 642 391 aua
669 349 920 403 praelatione)
958 347 1143 388 illicitum

105 542 109 548 ⁴
145 536 289 582 ocimu,
311 547 402 586 cap.
421 533 634 585 trigesimo
653 532 853 581 secundo,
868 545 982 572 num.
1005 531 1138 579 tertio,

135 588 138 591 ⁴
461 595 724 644 sentiuntque
744 594 786 632 id
818 606 909 633 esse
939 593 1138 642 illicitum,

140 670 162 698 c
179 658 384 709 pertinere
407 655 461 694 ad
479 655 761 703 ambitionem,
780 655 844 694 vel
858 654 1142 706 praesumptio-

88 756 91 757 γ
111 730 229 768 nem3
253 717 365 768 quod
397 716 521 755 etiam
544 716 695 755 docent
728 716 847 756 Card.
870 717 912 754 in
939 716 1065 756 Clem.
1087 715 1143 756 In

42 767 322 836 sttplerisque,
348 778 399 817 de
416 777 560 825 Elect.‚
578 788 619 827 q.
638 780 684 824 ’ἲς
705 777 828 825 Abb.‚
850 777 942 817 inc.
958 779 1054 819 Non
1066 779 1140 826 est,

70 835 163 885 *lde
180 842 298 887 Voto,
320 852 494 879 numero
527 851 653 887 nono,
691 839 885 890 idemque
920 839 1142 879 insinuavit

107 899 377 954 ffiugustinus,
410 903 459 941 19
479 901 530 940 de
558 901 740 948 civitate,
763 914 854 952 cap.
883 901 1042 941 decimo
1066 913 1141 940 no-

74 975 86 995 2
113 977 181 1011 no,
201 965 372 1004 dicens:
398 964 525 1004 Locus
543 963 737 1014 superior,
760 964 847 1003 sine
876 975 948 1015 quo
969 963 1143 1015 pop-utus

75 1042 78 1043 ⁷
113 1027 198 1079 νομί
215 1038 292 1065 non
319 1029 466 1079 potest,
501 1026 575 1065 etsi
598 1026 916 1073 administretur,
945 1028 991 1064 ut
1020 1025 1140 1073 decet,

108 1090 235 1130 tamen
253 1087 473 1127 indecenter
494 1087 699 1139 appetitur
709 1101 728 1131 ;
746 1090 786 1125 et
805 1087 1139 1136 chrysostomus,

107 1149 177 1189 lib.
197 1150 222 1188 3
244 1148 295 1187 de
315 1148 568 1195 Sacerdotio,
593 1158 740 1198 parum
763 1158 786 1185 a
805 1146 1020 1198 principio,
1044 1159 1140 1187 cum

72 1240 74 1242 -
106 1210 235 1250 multa
263 1212 629 1248 commemorasset
652 1208 854 1259 Episcopo
886 1209 1136 1258 necessaria,

107 1272 269 1312 subdit:
287 1272 477 1322 Interque
507 1269 614 1309 illud
636 1270 899 1320 praecipuum,
927 1272 1141 1312 sacerdotis

103 1334 282 1375 'animum
295 1333 453 1372 bonoris
466 1331 580 1371 itlius
594 1331 784 1371 desiderio
796 1331 966 1382 undique
973 1343 1115 1372 vacare
1122 1350 1139 1381 ;

107 1399 147 1436 et
170 1395 275 1433 infra
308 1394 384 1433 sibi
421 1392 619 1443 objiciens
651 1392 754 1431 illud
787 1393 922 1431 Pauli:
962 1392 1016 1433 St
1051 1395 1142 1446 quis

105 1457 393 1510 Episcopatum
424 1454 632 1499 desiderat.
666 1456 763 1503 etc„
800 1454 1053 1505 respondet:
1085 1455 1142 1498 At

105 1529 169 1572 eqo
188 1530 265 1557 non
291 1517 420 1567 operis
439 1516 586 1566 ipsius,
609 1516 677 1555 sed
695 1516 980 1556 dominationis
1007 1528 1054 1556 ae
1070 1529 1122 1568 po

105 1581 237 1621 tentiae
251 1578 486 1618 desiderium
503 1577 691 1627 pestilens
707 1589 787 1616 esse
804 1578 905 1617 dimi.
928 1577 1045 1623 Quod
1059 1579 1141 1618 ele-

104 1645 249 1693 ganter
279 1639 556 1691 prosequitur,
593 1637 831 1676 ambitionis
852 1639 1037 1689 pericula
1069 1652 1140 1679 ex-

103 1714 324 1757 aggerans.
340 1701 453 1740 Idem
467 1711 580 1746 ver0,
600 1700 712 1738 hom.
728 1701 750 1738 3
769 1700 810 1737 in
829 1700 945 1746 Acta,
967 1713 1064 1740 cum
1083 1702 1140 1742 ita

104 1764 316 1814 ipsiusmet
340 1763 605 1814 Episcopatus
632 1761 865 1812 periculum
906 1763 1136 1811 extulisset,

102 1822 150 1864 ut
164 1837 318 1876 paucos
339 1836 389 1862 ex
415 1823 474 1862 eis
495 1823 659 1869 salvari,
684 1826 724 1862 et
744 1823 823 1860 alia
846 1823 994 1862 similia
1017 1824 1122 1864 ditis

104 1889 180 1930 set,
209 1884 345 1923 subdit
366 1895 377 1923 t
399 1884 503 1923 Hoee
534 1883 686 1934 loquor,
711 1894 787 1921 non
807 1886 857 1922 ut
882 1885 990 1924 vobis
1013 1886 1140 1935 pudo·

102 1957 185 1987 rem
204 1947 412 1993 incutiam,
434 1944 501 1984 sed
518 1947 563 1983 ut
579 1946 750 1983 vestram
772 1944 967 1983 cohibeam
985 1945 1138 1996 cupidi-

104 2011 244 2055 tatem;
264 2019 375 2060 quem
395 2007 497 2046 enim
530 2006 729 2045 conscium
749 2005 894 2050 adibis,
932 2006 971 2045 si
997 2018 1138 2058 procu-

104 2069 211 2110 raris
237 2069 298 2109 vet
320 2079 393 2118 per
413 2067 598 2118 teipsum,
629 2066 690 2106 oet
702 2078 776 2117 per
808 2066 965 2106 atium?
996 2068 1140 2118 quibus

104 2131 228 2171 ocutis
257 2129 471 2169 intueberis
496 2128 610 2167 illum
635 2129 703 2178 qui
736 2128 809 2167 tibi
841 2128 922 2173 fuit
955 2129 1139 2168 auxilio?

102 2192 198 2244 quid
218 2191 375 2230 babebis
396 2190 499 2241 quod
517 2200 672 2228 excuses
686 2189 704 2226 ?
726 2192 766 2226 et
791 2189 903 2227 hom.
929 2190 1137 2240 sexagesi-

104 2264 173 2292 ma
198 2256 310 2291 sexta
331 2252 370 2289 in
384 2252 513 2290 Matt..
528 2253 708 2289 tractans
728 2249 796 2286 illa
818 2250 964 2289 Christi
986 2252 1133 2291 verba:

100 2302 316 2366 ’Principes
344 2313 525 2354 Gentium
545 2312 803 2351 dominantur
823 2323 969 2359 eorum,
991 2313 1134 2352 Matth.

99 2370 172 2424 ¹20,
211 2376 281 2423 ait,
315 2374 392 2413 illis
424 2373 652 2412 ostendisse
689 2372 907 2418 Christum,
949 2374 1137 2423 gentium

103 2449 242 2476 mores
262 2448 351 2475 esse
372 2435 504 2486 prima
524 2445 699 2485 quaeque
723 2438 940 2483 appetere:
978 2434 1140 2485 Tyran-

105 2501 198 2540 nica
232 2497 388 2549 (inquit)
424 2497 504 2536 Izoee
533 2495 667 2547 passio
701 2498 770 2542 est,
797 2499 832 2534 et
858 2506 1136 2547 nonnunquam

106 2560 267 2602 eximios
285 2562 402 2600 etiam
420 2558 525 2597 ‘ciros
538 2556 769 2608 perturbat;
790 2560 1029 2608 quapropter
1051 2570 1136 2598 cum

104 2622 381 2663 vehementiore
393 2620 649 2670 castiyatione
663 2619 749 2657 indi
750 2621 856 2670 qeat,
871 2620 1005 2658 acrius
1018 2620 1136 2659 etiam

103 2685 187 2735 ipse
209 2684 400 2734 insuryit,
421 2682 714 2732 comparatione
729 2680 908 2730 yentium
930 2684 1136 2721 tumentem

105 2745 277 2796 ipsorum
298 2745 471 2783 animum
492 2743 666 2782 retinens
677 2758 692 2788 ,·
713 2753 805 2780 nam
828 2741 895 2792 qui
913 2743 1135 2793 primatum

104 2809 302 2858 quaerunt,
332 2805 409 2844 sibi
439 2805 542 2856 ipsis
565 2803 735 2842 dedecori
766 2806 873 2848 sunt,
906 2803 1135 2856 iynorantes

106 2868 174 2907 boo
193 2879 232 2907 se
247 2869 362 2917 pacto
383 2867 426 2905 in
458 2865 601 2914 infima
635 2865 849 2904 detrudere,
890 2864 1045 2903 Similia
1065 2866 1136 2904 ha-

106 2927 254 2966 bentur
271 2928 314 2965 in
333 2926 591 2977 imperfecto,
609 2926 722 2964 hom.
746 2925 955 2975 trigesima
975 2927 1132 2976 quinta,

105 2988 211 3028 inter
232 2989 312 3028 alia
331 3002 341 3029 z
367 2988 608 3040 Quicumque
637 2988 834 3027 desiderat
850 2988 1071 3038 primatum
1091 2990 1135 3028 in

105 3053 228 3097 terra,
250 3051 416 3090 inveniet
433 3050 696 3099 confusionem
714 3049 755 3087 in
775 3049 882 3096 caeto,
903 3052 949 3089 ut
960 3050 1051 3099 jam
1071 3050 1136 3089 in-

106 3115 164 3151 ter
184 3123 316 3152 servos
338 3111 490 3151 Christi
505 3123 580 3150 non
593 3111 648 3150 sit
670 3110 902 3161 deprimam
926 3115 1132 3151 certamen.

102 3172 154 3210 Et
181 3172 315 3210 infra:
366 3171 502 3214 Valens
529 3172 724 3212 Dominus
761 3171 927 3210 duorum
958 3172 1136 3220 fratrum

107 3233 354 3274 ambitionem
374 3233 613 3283 eatinyuere,
636 3235 673 3272 et
703 3233 825 3272 decem
851 3232 1135 3283 discipulorum

105 3293 313 3338 invidiam,
332 3294 555 3334 introduxit
571 3293 841 3346 differentiam
859 3293 964 3332 inter
980 3294 1135 3344 princi-

103 3365 173 3407 pes
194 3353 416 3394 mundiales
428 3357 463 3393 et
479 3355 774 3402 ecclesiasticos,
798 3355 1013 3402 ostendens,
1042 3356 1135 3407 quia

103 3415 307 3467 primatus
322 3416 366 3454 in
393 3413 549 3455 Christo
578 3427 698 3468 neque
715 3416 763 3456 ab
790 3416 923 3467 atiquo
957 3419 1135 3467 ,oppeten-

107 3476 181 3518 dus
206 3480 267 3517 est
300 3476 486 3523 habente,
517 3487 636 3528 neque
671 3476 789 3518 alteri
820 3476 1055 3516 inridendus
1080 3481 1137 3518 est

63 3536 81 3554 ⁴*
107 3546 184 3577 non
197 3538 370 3578 habenti.
400 3538 494 3577 Haec
513 3541 653 3576 autem
675 3541 718 3576 ct.
735 3538 882 3576 similia
902 3537 1092 3578 dicuntur
1110 3551 1136 3580 a

26 3647 28 3650 Ι
63 3591 83 3616 ³
110 3598 262 3640 sanctis
274 3598 464 3640 Patribus
476 3598 530 3639 de
548 3598 734 3652 appetitu
749 3598 1013 3652 praelationis,
1033 3611 1137 3654 qua-

10 3785 59 3835 's'

1174 0 1215 15 Ἰ·
1275 0 1320 28 *w-
1350 10 1352 15 ·
1530 0 1615 34 m
1634 0 1825 53 avr
1833 0 2211 61 κγ’-’ΨΜ-

1254 29 1262 37 ‘
1382 30 1389 35 '
1426 49 1427 52 ,
1470 55 1471 58 ¹
1519 51 1522 53 ,
1543 42 1573 66 ιι]
1604 40 1606 43 ’
1648 37 1663 67 ἢ·
1680 33 1694 54 ,Ψ
1739 54 1748 65 v
1771 41 1775 47 ¹
1790 25 1819 58 «ὦ
1923 30 1966 72 ῧομ.
1991 39 2047 74 μ’»,Ὶ
2092 35 2101 42 .
2128 44 2171 67 55¹1
2188 75 2197 82 ’
2224 62 2247 77 *A
2267 41 2318 81 54..

1430 79 1434 89 ’
1664 81 1665 84 ’
1732 77 1742 90 ”
1831 95 1834 101 ·
1874 79 1877 82 ”
1916 76 1943 104 2³¹⁴
1984 77 2001 107 ,ἵ
2036 88 2037 91 ’
2139 76 2168 106 V
2187 91 2191 115 l
2220 87 2238 103 '⁴
2259 82 2352 116 ‘2²³‘st-

1199 289 1321 327 tenus
1336 288 1380 327 in
1396 300 1448 328 ea
1463 289 1615 338 honor,
1636 285 1879 329 excellentia
1897 289 1939 328 et
1952 288 2142 340 superior
2155 301 2240 342 po-v

1197 347 1326 389 testas
1344 353 1566 402 spectatur,
1596 354 1639 390 et
1662 349 1992 402 concupiscitur;
2021 362 2120 390 nam
2145 351 2228 393 hoc

1196 410 1321 450 modo
1341 410 1433 450 talis
1444 409 1664 460 appetitus,
1685 415 1727 451 et
1738 412 1872 451 omnis
1882 411 2116 463 praetensio,
2134 423 2228 464 quoe

1195 481 1246 510 ex
1263 471 1332 510 illo
1352 469 1550 521 procedit,
1570 470 1771 511 malitiam
1789 472 1915 512 hahet
1933 473 2227 516 ambitionis.et

1194 542 1312 572 vanae
1333 531 1679 583 praesumptionis.

1248 593 1290 634 3.
1318 593 1467 633 Prima
1492 593 1659 632 assertio
1686 592 1892 645 bipartita.
1909 616 1963 624 —
1977 597 2020 636 Si
2040 608 2139 650 ergo
2155 604 2226 638 vo*

1194 657 1284 695 tum
1304 658 1492 693 sumatur
1511 657 1716 704 quatenus
1737 658 1899 693 coercet
1922 655 2002 694 hoc
2023 658 2164 698 vitium
2185 663 2227 701 et

1194 714 1478 755 inordinatum
1498 715 1741 766 appetitum,
1767 715 2032 754 manifestum
2050 724 2112 759 est
2135 733 2226 760 esse
2271 731 2274 733 ’

1197 776 1423 828 optimum,
1454 780 1496 816 et
1527 775 1718 827 religioni
1739 775 1856 815 valde
1887 777 2124 827 expediens.
2145 782 2228 822 Pri-

1194 847 1310 878 mum
1331 841 1468 888 patet,
1491 837 1589 888 quia
1617 836 1824 876 abstinere
1844 837 1897 875 ab
1916 837 2154 889 hujusmodi
2170 841 2228 882 vi-

1193 897 1267 946 tio,
1288 899 1490 949 optimum
1507 902 1592 945 est;
1616 910 1714 950 ergo
1736 898 1954 949 promissio
1973 899 2024 938 de
2042 902 2225 942 cavendo

1194 959 1275 999 hoc
1293 961 1389 999 vitio
1410 961 1532 1000 etiam
1567 963 1630 999 est
1659 960 1828 1011 optima.
1859 961 1942 999 Nec
1964 960 2092 1000 refert
2117 963 2229 1013 quod

1195 1034 1271 1074 per
1289 1034 1334 1061 se
1351 1052 1362 1070 ,
1395 1025 1436 1061 et
1456 1034 1506 1061 ex
1529 1021 1665 1061 divino
1695 1034 1744 1061 ac
1763 1022 1939 1061 naturali
1955 1023 2066 1074 jure,
2084 1028 2229 1064 tenea-

1195 1096 1290 1123 mur
1308 1083 1453 1122 vitium
1475 1083 1553 1121 hoc
1571 1083 1732 1133 fugere,
1761 1086 1847 1122 tum
1881 1083 1976 1134 quia
2010 1096 2058 1123 ea
2087 1085 2226 1135 etiam,

1194 1157 1287 1196 quae
1306 1157 1381 1196 per
1401 1157 1446 1184 se
1466 1145 1575 1184 bona
1598 1148 1639 1184 et
1657 1146 1891 1183 necessaria
1915 1149 2024 1192 sunt,
2044 1146 2231 1186 laudabi-

1194 1207 1289 1246 liter
1306 1208 1391 1246 Deo
1412 1210 1628 1254 voventur,
1657 1210 1702 1245 ut
1727 1208 1844 1246 tract.
1872 1208 1897 1246 6
1918 1211 1978 1246 est
1998 1211 2227 1258 ostensum,

1194 1269 1238 1308 in
1254 1269 1325 1307 lib.
1342 1270 1367 1307 2
1385 1268 1436 1307 de
1459 1269 1575 1315 Voto,
1595 1279 1632 1306 0.
1651 1268 1695 1314 3;
1720 1271 1809 1306 tum
1827 1268 1949 1306 etiam
1967 1274 2010 1308 ut
2026 1275 2230 1322 augeatur

1197 1330 1415 1380 obligati03
1433 1329 1529 1379 quia
1544 1329 1718 1367 fortasse
1740 1328 1782 1366 in
1802 1328 2041 1379 hujusmodi
2063 1332 2229 1383 negotio

1196 1390 1443 1432 inordinatio
1464 1394 1624 1429 tantum
1646 1393 1755 1428 esset
1775 1390 1947 1428 venialis
1968 1391 2109 1442 culpa,
2135 1404 2230 1444 quae

1195 1451 1498 1491 interveniente
1535 1455 1632 1490 voto
1662 1451 1738 1490 erit
1771 1452 1979 1498 mortalis;
2002 1456 2089 1491 tum
2117 1454 2232 1494 deni-

1195 1525 1277 1564 que
1301 1513 1398 1563 quia
1428 1513 1482 1552 ad
1507 1512 1674 1563 aliquod
1695 1513 1871 1563 amplius
1889 1512 2042 1565 obligat
2062 1515 2139 1554 hoc
2158 1528 2231 1556 vo-

1194 1579 1298 1623 tum,
1321 1587 1446 1626 quam
1467 1573 1520 1613 ad
1549 1574 1761 1613 vitandum
1781 1575 1823 1614 id
1843 1574 1952 1626 quod
1971 1587 2046 1626 per
2074 1587 2118 1615 se
2145 1589 2231 1618 ma-

1194 1636 1280 1679 lum
1305 1640 1378 1682 est,
1401 1639 1444 1674 ut
1465 1635 1602 1674 statim
1622 1636 1771 1675 dicam.

1245 1700 1286 1737 4.
1309 1696 1550 1736 Secundum
1566 1702 1705 1736 autem
1725 1697 1938 1749 probatur,
1956 1697 2052 1750 quia
2068 1700 2232 1743 nullum

1194 1758 1336 1797 vitium
1366 1761 1501 1808 potest
1540 1770 1632 1796 esse
1664 1760 1797 1808 magis
1818 1761 2095 1810 perniciosum
2117 1775 2230 1801 com-

1194 1819 1410 1867 munitati,
1443 1819 1672 1870 praesertim
1695 1820 1915 1870 religiosae,
1937 1826 1976 1861 et
1998 1823 2231 1873 specialiter

1195 1882 1402 1921 societati.
1432 1881 1490 1919 Ex
1518 1881 1597 1919 hoc
1618 1880 1728 1919 enim
1747 1881 1843 1919 vitio
1865 1882 2047 1930 invidiae,
2075 1884 2230 1924 dissen-

1195 1943 1333 1981 siones
1349 1971 1362 1989 ‚
1397 1942 1699 1987 contentiones,
1739 1942 1972 1990 calumniae,
2010 1956 2103 1994 quae
2134 1951 2230 1987 sunt

1192 2007 1329 2054 pestes
1349 2003 1648 2052 cujuscumque
1679 2005 1998 2052 communitatis,
2025 2006 2226 2057 oriuntur,

1191 2068 1238 2103 ut
1275 2063 1451 2102 sumitur
1484 2075 1536 2103 ex
1568 2063 1718 2102 Basilio
1734 2094 1747 2112 ,
1784 2064 1825 2102 in
1860 2065 2230 2108 Constitutionibus

1192 2129 1388 2172 monast.,
1421 2137 1456 2164 c..
1491 2126 1555 2172 46,
1579 2129 1690 2163 etex
1711 2126 1957 2176 Augustino,
1976 2130 1999 2166 5
2019 2128 2069 2167 de
2091 2130 2226 2179 Civit.,

1195 2198 1285 2237 cap.
1310 2185 1555 2224 duodecimo
1577 2189 1616 2224 et
1647 2187 1940 2237 sequentibus3
1966 2193 2005 2228 et
2025 2201 2074 2228 ex
2095 2191 2230 2231 Philo-

1195 2247 1348 2298 sophis,
1372 2246 1611 2292 Plutarcho,
1644 2247 1684 2284 in
1713 2248 1948 2295 Moralibus,
1978 2250 2047 2290 lib.
2072 2251 2123 2291 de
2145 2254 2230 2292 Au-

1194 2309 1337 2348 ditoris
1356 2308 1504 2354 officio,
1528 2312 1622 2346 ante
1642 2309 1839 2347 medium.
1857 2311 1905 2349 Et
1924 2311 2015 2350 ideo
2032 2314 2161 2363 Plato,
2182 2315 2230 2355 in.

1192 2370 1356 2421 Gorgia,
1373 2381 1497 2419 quem
1511 2369 1652 2408 laudat
1666 2370 1881 2418 Eusebius,
1898 2372 1967 2411 lib.
1986 2375 2035 2412 12
2054 2375 2105 2414 de
2121 2377 2228 2416 Prae-

1192 2444 1281 2484 par.
1314 2432 1528 2482 Evangel„
1558 2443 1592 2470 c.
1628 2433 1667 2480 4,
1697 2433 1798 2472 dixit
1827 2447 1836 2471 ε
1866 2435 1994 2475 Nemo
2018 2443 2155 2488 sponte
2174 2441 2228 2480 ad

1192 2494 1486 2545 yubernandam
1507 2493 1808 2544 Rempublicam
1828 2502 2027 2537 accurrat.
2054 2500 2171 2547 Quod
2189 2502 2226 2542 si

1195 2555 1274 2593 hoc
1290 2567 1434 2593 verum
1451 2560 1511 2593 est
1532 2555 1583 2593 de
1611 2555 1787 2593 seculari
1812 2557 2054 2607 Republica,
2093 2563 2223 2604 multo

1192 2617 1325 2666 magis
1358 2616 1409 2655 de
1440 2617 1714 2656 ecclesiastica
1734 2647 1743 2664 ,
1767 2618 1884 2668 eujus
1905 2621 2148 2670 gubernatio
2170 2626 2226 2668 ad

1193 2678 1402 2728 spirituale
1432 2678 1587 2716 bonum
1617 2678 1875 2717 subditorum
1914 2682 2148 2732 ordinatum
2183 2690 2224 2727 et

1190 2740 1283 2780 ideo
1299 2740 1379 2779 Leo
1400 2741 1524 2791 Papa,
1546 2740 1663 2791 epist.
1686 2741 1751 2788 85,
1771 2741 1871 2779 alias
1890 2741 1957 2790 83,
1980 2755 2015 2782 c.
2036 2747 2072 2792 1,
2095 2746 2224 2787 refer-

1189 2806 1257 2841 tur
1275 2813 1310 2840 e.
1330 2803 1550 2850 Miramur,
1572 2804 1619 2841 61
1650 2801 1708 2845 d.,
1734 2814 1817 2840 non
1843 2803 1974 2842 solum
1995 2817 2066 2844 eos
2087 2808 2226 2858 gravi-

1189 2867 1252 2903 ter
1284 2863 1564 2914 reprehendit,
1594 2863 1663 2913 qui
1698 2864 1984 2915 Episcopatum
2016 2869 2219 2920 ambiunt,

1190 2925 1264 2965 sed
1281 2925 1405 2963 etiam
1425 2925 1494 2975 qui
1515 2925 1744 2965 ambientes
1762 2927 1918 2978 eligunt
1934 2939 1944 2967 ε
1959 2928 2054 2970 Non
2073 2936 2131 2972 est
2147 2933 2218 2974 boe

1189 2986 1377 3039 (inquit)
1408 2987 1606 3027 consulere
1630 2988 1814 3038 populis,
1851 2991 1918 3030 sed
1954 3002 2088 3032 nocere
2101 3010 2118 3039 ‚·
2150 3006 2218 3035 nee

1184 3053 1380 3102 proestare
1399 3059 1588 3099 reyzmen,
1619 3050 1686 3089 sed
1709 3061 1854 3101 aupere
1882 3051 2125 3100 discrima,-
2155 3056 2222 3098 iu-¹

1189 3111 1361 3161 teqritas
1387 3112 1490 3148 enim
1516 3111 1814 3160 praesidentium
1834 3113 1947 3152 satus
1964 3118 2024 3154 est
2046 3116 2220 3157 subdito-

1189 3184 1294 3218 rum,
1317 3174 1353 3211 et
1372 3171 1438 3210 ubi
1457 3175 1516 3212 est
1545 3173 1801 3212 incolumitas
1823 3175 2058 3222 obedientiae,
2089 3178 2146 3216 ibi
2162 3182 2220 3219 est

1186 3236 1317 3287 forma
1342 3232 1543 3272 doetrinae.
1566 3234 1833 3286 Principatus
1852 3239 2001 3283 autem,
2019 3249 2128 3288 quem
2149 3238 2220 3277 aut

1187 3295 1329 3335 seditio
1349 3295 1532 3342 extorsit,
1547 3298 1616 3334 aut
1633 3295 1803 3336 ambitus
1822 3300 2040 3349 occupavit,
2059 3298 2219 3337 etiamsi

1188 3356 1364 3396 moribus
1385 3359 1456 3396 aut
1483 3357 1635 3396 actibus
1665 3369 1741 3396 non
1769 3357 1956 3409 offendet,
1983 3360 2065 3408 ipse
2088 3359 2220 3398 tamen

1189 3417 1303 3457 initii
1329 3417 1394 3456 sui
1421 3419 1480 3456 est
1505 3416 1750 3467 perniciosus
1783 3419 1976 3468 eaemplo;
1994 3421 2030 3457 et
2057 3416 2219 3468 difficile

1190 3480 1248 3519 est
1265 3482 1310 3518 ut
1332 3478 1425 3517 bono
1450 3482 1700 3531 peragantur
1731 3479 1861 3524 excitu,
1892 3490 1978 3528 quae
1996 3477 2099 3518 malo
2124 3482 2220 3520 sunt

1189 3540 1375 3580 inchoata
1401 3539 1614 3590 principio.
1638 3539 1734 3585 Quae
1754 3537 1993 3588 gravissima
2014 3540 2218 3580 sententia

1190 3601 1341 3652 majori
1359 3599 1540 3652 quadam
1566 3600 1729 3640 ratione
1752 3599 1887 3639 locum
1906 3599 2033 3642 habet
2047 3601 2093 3642 in
2115 3602 2219 3648 Cou-
