2352 3880
124 209 211 292 ἲ710

125 334 264 389 'potest
281 337 475 376 Praelatus
494 335 537 374 in
555 336 634 374 hoc
661 345 787 385 opere
814 333 1024 374 subditum
1039 332 1157 384 juva-

125 410 185 440 te.
197 397 348 446 Primo,
365 409 439 435 sua
454 395 684 447 vigilantia,
697 407 745 436 00
759 395 1016 447 providentia
1028 405 1156 445 quam

124 461 285 500 ratione
316 459 379 499 sui
403 459 528 498 officii
548 459 746 499 adhibere
769 462 949 498 tenetur.
976 457 1054 496 Vix
1083 469 1156 496 au-

125 524 210 564 tem
240 524 376 572 potest
405 520 649 569 efficaciter,
670 524 713 561 et
730 520 913 560 suaviter
943 519 1023 558 hoc
1051 530 1156 570 prae-

123 587 249 631 stare,
269 582 348 621 nisi
365 582 694 634 uniuscujusque
712 581 999 633 indigentiam,
1017 584 1058 620 et
1083 578 1156 619 dif-

121 644 328 684 ficultates
357 656 433 684 seu
454 644 704 684 tentationes
724 648 964 695 perspectas
983 642 1150 680 habeat.

121 706 253 752 Quam
273 707 551 757 cognitionem
571 706 638 745 vix
657 709 728 744 aut
759 705 873 744 nullo
893 704 1017 742 modo
1039 714 1153 741 asse-

120 767 190 819 qui
209 767 374 819 poterit,
402 767 480 805 nisi
509 766 562 806 ab
592 767 774 818 ipsomet
796 765 961 805 subdito
991 764 1154 803 sincere

119 841 167 869 ac
183 841 286 881 pure
310 829 574 879 aperiantur3
613 833 655 867 et
684 827 777 866 ideo
807 830 1032 870 monentur
1058 825 1153 865 reli-

119 891 224 942 giosi
245 890 475 937 Societatis,
495 894 540 928 ut
556 889 847 940 Superioribus
868 888 954 926 suis
977 887 1078 926 nihil
1108 887 1152 926 in

116 954 196 992 hoc
216 964 370 1005 genere
391 951 613 998 occultent,
632 951 706 990 sed
726 950 972 990 tentationes
987 961 1148 998 omnes,

116 1026 165 1054 ac
187 1014 371 1066 pericula
390 1013 671 1061 manifestent,
693 1017 738 1052 ut
756 1012 810 1052 ab
829 1013 888 1052 eis
908 1011 1066 1063 possint
1078 1011 1151 1061 ju-

115 1076 217 1125 vari,
247 1080 292 1115 ut
322 1079 434 1126 patet
469 1074 511 1113 in
543 1075 704 1122 Exam.,
736 1086 771 1113 c.
793 1074 957 1125 4‚§34,
978 1077 1018 1112 et
1030 1073 1161 1112 tertia>

116 1141 260 1190 parte,
282 1149 319 1176 0.
344 1139 382 1185 l,
406 1136 513 1188 ξω,
545 1136 615 1175 ubi
637 1135 873 1175 declaratur
906 1135 1007 1174 satis
1039 1144 1148 1182 esse,

115 1201 148 1239 si
166 1201 255 1239 haec
273 1199 417 1238 notitia
439 1198 561 1237 detur
579 1198 644 1237 vel
660 1197 885 1248 Superiori,
899 1197 970 1235 vel
991 1196 1151 1235 confes-

116 1261 242 1307 sario,
264 1261 331 1300 101
351 1259 497 1307 alteri,
525 1260 591 1299 cui
612 1259 801 1310 specialis
821 1270 920 1298 cura
941 1259 1049 1297 circa
1067 1257 1152 1308 spi-

113 1321 306 1365 ritualem
335 1322 570 1376 profectum
586 1322 879 1374 religiosorum
899 1319 1152 1362 demandata

112 1383 183 1426 sit.

164 1446 204 1486 4.
223 1439 371 1486 Modus
389 1443 456 1485 liic
474 1447 662 1484 consonat
679 1439 729 1482 S.
743 1440 955 1482 Patribus.
967 1436 1153 1481 *Alter

113 1507 264 1546 modus.
286 1528 340 1534 -
361 1507 446 1544 Hoc
475 1508 615 1543 autem
635 1503 867 1542 remedium
888 1504 942 1542 ab
970 1502 1150 1554 antiquis

112 1568 299 1607 Patribus
330 1567 452 1605 nimis
486 1566 824 1606 commendatum
859 1570 899 1604 et
933 1566 1149 1604 laudatum

112 1631 189 1678 est,
205 1633 251 1668 ut
269 1629 410 1669 videre
427 1629 524 1667 licet
540 1628 653 1678 apud
674 1628 931 1677 Cassianum,
951 1627 1088 1666 collat.
1105 1628 1147 1675 2,

111 1703 202 1743 cap.
227 1692 299 1739 10,
333 1695 373 1730 et
399 1690 692 1742 sequentibus,
725 1694 766 1729 et
791 1690 833 1728 in
855 1690 895 1729 S.
920 1689 1145 1736 Dorotheo,

110 1752 162 1792 de
183 1752 531 1801 Renunciatione,
563 1751 750 1791 doctrina
770 1752 810 1799 5,
834 1762 928 1801 quae
955 1754 1033 1798 est,
1055 1749 1152 1792 Non

115 1814 247 1855 debere
261 1827 490 1866 quemquam
512 1826 595 1853 suoe
613 1814 836 1864 prudentioe
855 1814 1059 1865 confidere‚·
1080 1813 1151 1852 ubi

108 1875 219 1915 inter
238 1876 318 1914 alia
339 1876 418 1922 ait,
451 1874 553 1913 nihil
580 1875 636 1913 ita
657 1875 892 1913 daemonem
915 1875 1149 1913 abominari

112 1949 161 1977 ac
188 1938 359 1990 fugere,
395 1937 502 1976 sicut
534 1937 659 1987 pandi
694 1941 735 1975 et
767 1937 918 1986 aperiri
948 1937 1148 1975 malitiam

113 2011 245 2044 suam,
268 1999 340 2037 ubi
364 1999 441 2038 hoc
461 1999 543 2036 late
564 1997 742 2037 ostendit
763 2002 804 2036 et
827 1998 1026 2048 exemplis
1047 2009 1148 2036 con-

111 2060 250 2101 firmat
267 2060 292 2099 ¹.
320 2061 438 2107 Quod
466 2060 593 2099 etiam
627 2059 781 2109 optime
801 2059 1028 2097 declaravit
1049 2059 1150 2098 Bea-

112 2125 178 2162 tus
196 2122 380 2173 Ignatius
395 2122 439 2159 in
460 2121 544 2159 suis
564 2121 767 2159 exercitiis
789 2120 1084 2171 spiritualibus,
1106 2120 1150 2158 in

112 2185 265 2235 regulis
291 2184 344 2223 ad
372 2188 509 2222 motus
540 2183 690 2222 animae
723 2183 1037 2222 discernendos.
1073 2182 1149 2221 Ubi

112 2246 156 2286 111
177 2249 225 2287 13
244 2246 300 2285 510
316 2246 449 2294 inquit
468 2258 477 2284 :
498 2246 696 2285 Inimicus
715 2249 850 2285 noster
868 2256 1013 2284 morem
1046 2245 1153 2284 inse·

111 2308 252 2361 quitur
279 2307 530 2358 iniquissimi
561 2307 790 2357 cujuspiam
826 2307 1048 2354 amatoris,
1080 2306 1153 2358 qui

112 2370 283 2423 puellam
305 2370 553 2409 honestorum
570 2373 780 2421 parentum
794 2369 925 2418 filiam
945 2369 1076 2408 volens
1091 2378 1150 2408 se-

114 2432 263 2479 ducere,
284 2442 528 2480 summopere
546 2434 762 2481 procurat,
782 2432 829 2468 ut
848 2429 969 2468 cerba
996 2434 1031 2469 et
1064 2441 1153 2470 con·

113 2491 210 2534 sitia
237 2504 313 2533 sua
333 2492 486 2532 occulta
511 2493 610 2540 sint,
635 2492 768 2543 nilque
799 2491 1033 2540 reformidat
1064 2502 1152 2530 ma-

113 2554 192 2606 qis,
213 2565 260 2594 ac
278 2566 380 2604 oeyre
395 2556 494 2602 fert,
512 2565 630 2604 quam
651 2553 687 2592 si
703 2552 841 2603 puella
856 2554 969 2602 patri
988 2563 1059 2592 suo
1075 2553 1153 2594 illa

113 2617 350 2666 patefaciat,
372 2626 460 2654 cum
478 2615 584 2654 sciat
603 2614 673 2653 hoc
693 2616 807 2662 pacto
831 2614 874 2652 de
893 2613 996 2653 votis
1023 2626 1068 2654 ac
1090 2627 1152 2654 co-

114 2677 275 2718 natibus
287 2677 375 2716 suis
392 2680 522 2715 actum
537 2687 628 2715 esse.
646 2674 712 2714 Ad
723 2686 808 2714 eum
823 2675 979 2714 modum
993 2676 1151 2717 obnoxie

116 2740 267 2789 satayit
288 2738 483 2784 diabotus,
498 2742 543 2776 ut
560 2737 714 2784 anima,
730 2747 848 2787 quam
868 2737 1151 2778 circumvenire

116 2802 225 2854 cupit
244 2801 478 2851 imperdere,
502 2799 786 2849 fraudulentas
814 2809 912 2837 suas
939 2800 1150 2848 coqitatio·

116 2871 185 2904 nes
213 2866 339 2902 teneat
357 2865 528 2902 secretas
538 2877 555 2907 ‚·
582 2860 819 2912 indiqnatur
843 2870 932 2899 vero
960 2860 1148 2908 maxime,

117 2927 156 2966 et
173 2925 410 2977 pravissime
435 2924 669 2971 cruciatur,
687 2921 726 2962 si
751 2922 818 2962 cui
843 2921 904 2961 vel
938 2921 1152 2969 confessio-

118 2996 204 3026 nem
229 2986 424 3034 audienti,
454 2987 514 3025 vet
540 2984 751 3036 spirituali
772 2982 924 3022 homini
944 2983 1152 3023 molimina

119 3059 194 3091 sua
214 3049 444 3101 detegantur
457 3079 470 3098 ,
490 3062 514 3090 a
531 3050 671 3101 quibus
688 3060 729 3090 se
748 3048 809 3088 ita
826 3047 1000 3087 excidere
1013 3048 1155 3098 fundi-

121 3113 187 3153 tus
203 3111 409 3161 inteltiyit.
430 3111 555 3162 Cujus
575 3111 634 3150 rei
663 3111 768 3150 ratio
791 3110 1007 3161 multiplex
1033 3109 1153 3149 reddi

120 3176 268 3226 potest.
291 3172 441 3219 Prima,
472 3177 512 3212 et
541 3173 721 3211 maxime
752 3171 934 3223 propria,
957 3171 1054 3222 quia
1073 3171 1155 3210 hoc

124 3235 249 3276 modo
278 3233 476 3285 Superior
505 3235 779 3285 congruentia
800 3233 999 3272 adhibere
1020 3236 1158 3284 potest

123 3293 322 3338 remedia.
347 3295 554 3342 Secunda,
577 3296 673 3346 quia
693 3296 779 3334 suis
797 3294 1055 3334 orationibus
1084 3306 1158 3345 po-

117 3341 206 3400 test
224 3357 353 3398 etiam
382 3361 424 3397 et
444 3356 569 3396 debet
598 3357 733 3425 magis
758 3356 971 3395 subditum
992 3356 1154 3408 juvare.

124 3419 277 3468 Tertia,
293 3419 392 3470 quia
417 3419 526 3459 Deus
544 3418 681 3470 majus
707 3418 834 3457 etiam
860 3418 1022 3457 confert
1045 3418 1158 3458 euxi-

126 3481 230 3524 110111
245 3485 414 3535 propter
439 3479 680 3521 humilitatis
696 3491 805 3533 opus
818 3508 829 3529 ,
851 3484 894 3521 et
911 3479 1161 3534 obedientie

180 3600 198 3632 ¹
224 3601 412 3647 nabetur
423 3607 530 3646 tem.
547 3604 575 3645 2
586 3601 696 3646 81111.
714 3605 895 3646 sanctor.

481 207 558 244 1111.
579 206 636 242 w.
657 205 715 241 110
734 202 856 239 voris
874 203 1125 239 emuniens
1141 202 1386 240 emtum
1404 204 1460 240 111·
1473 196 1889 246 110000110153110.

126 276 167 328 701
181 276 263 316 1100
287 278 634 315 contemneretur.
662 271 835 312 Duobus
864 275 1004 311 autem
1020 271 1172 312 modis>

1211 272 1526 324 subjectionem.
1546 273 1638 313 Jam
1660 270 1813 311 modus*
1822 265 1935 312 01101·
1943 271 2162 314 *sanonum
2176 272 2243 326 ju·-
2312 312 2313 315 ,

1209 334 1332 375 vandi
1348 337 1426 383 est,
1441 337 1487 374 ut
1499 333 1802 384 unusquisqne,
1819 333 1944 373 etiam
1958 332 2014 374 de
2030 335 2096 374 his
2112 334 2248 374 rebus*

1211 405 1306 447 quae
1335 395 1389 434 ad
1418 395 1526 435 >alios
1562 394 1798 447 pertinent,
1832 394 1964 445 possit
1999 394 2243 447 hujusmodi

1209 455 1398 495 notitiam
1417 456 1707 507 Superioribus
1733 460 1946 507 praestare,
1966 460 2135 507 propter
2150 457 2237 496 illo-
2327 485 2352 510 ,Ἰ

1207 529 1302 557 rum
1318 521 1358 556 et
1372 518 1496 556 totius
1511 518 1724 570 religionis
1740 518 1875 569 majus
1893 517 2068 556 bonum.
2088 517 2171 558 Sed
2187 517 2238 559 de
2333 513 2352 570 ⁴¹3

1208 579 1288 619 hoc
1307 583 1460 630 puncto
1479 580 1587 619 infra
1606 581 1830 620 dicendum
1842 583 1906 620 est
1923 580 2061 626 latius,
2076 579 2147 620 lib.
2172 580 2239 629 ⁴0,
2347 573 2352 584 ²

1209 652 1300 692 cap.
1319 642 1361 689 6,
1380 652 1476 680 cum
1498 653 1591 681 eam
1605 643 1794 694 regulam
1815 642 2129 693 explicabimus,
2145 650 2242 693 quae

1205 703 1261 743 ad
1280 702 1575 742 correctionem
1595 703 1822 743 fraternam
1841 704 2033 755 pertinet.

1258 764 1298 803 5.
1332 764 1516 804 Tertium
1533 766 1703 805 medium
1723 778 1771 806 ea
1789 767 1843 806 D.
1868 766 2036 814 Thoona,
2060 762 2239 817 corporis

1205 826 1419 865 maceratio
1445 836 1517 875 per
1543 826 1840 866 abstinentiam.
1862 848 1916 857 -
1933 825 2117 866 Tertium
2149 837 2238 865 me—

1204 885 1333 935 dium,
1359 889 1399 925 et
1429 885 1538 925 inter
1564 890 1731 926 externa
1751 889 1932 928 maxime
1951 886 2241 927 accommoda-

1204 952 1310 996 tum,
1342 951 1406 987 est
1436 948 1622 999 corporis
1653 949 1889 997 maceratio,
1916 951 1962 988 ut
1994 949 2152 987 notavit
2186 946 2238 988 D.

1204 1010 1351 1049 Thom.
1368 1011 1413 1048 ἱ).
1434 1011 1475 1058 2,
1497 1013 1646 1060 quaest.
1670 1010 1760 1057 188,
1785 1014 1861 1049 art.
1885 1010 1927 1057 6,
1947 1010 2000 1050 ad
2019 1011 2058 1056 3,
2081 1009 2153 1048 0111
2175 1009 2248 1047 in·-

1205 1072 1293 1122 quit
1314 1086 1325 1110 :
1360 1072 1429 1111 Aa
1466 1073 1752 1112 continentiam
1790 1071 1996 1120 efficacius
2024 1072 2241 1111 ordinatur

1205 1132 1418 1174 maceratio
1438 1135 1588 1181 carnis,
1614 1136 1698 1174 tam
1715 1144 1789 1186 per
1803 1133 2089 1173 abstinentiam
2107 1132 2183 1172 cibi
2203 1133 2246 1172 et

1200 1198 1322 1246 potus
1336 1226 1346 1241 ,
1371 1206 1458 1247 quae
1469 1196 1669 1247 pertinent
1690 1196 1744 1234 ad
1757 1198 1901 1244 famem
1921 1199 1957 1234 et
1974 1195 2102 1239 sitim,
2122 1203 2242 1244 quam

1202 1267 1278 1307 per
1303 1258 1610 1297 subtractionem
1638 1258 1824 1302 cestium,
1845 1268 1933 1307 quoe
1960 1255 2160 1307 pertinent
2189 1251 2250 1295 ad

1204 1319 1358 1371 fri-qus,
1381 1321 1415 1357 et
1436 1319 1489 1356 ad
1506 1317 1742 1364 ariditatem,
1765 1319 1801 1356 et
1820 1328 1937 1367 quam
1955 1328 2028 1368 per
2054 1326 2244 1366 corpora-

1205 1378 1278 1418 lem
1304 1378 1490 1418 laborem.
1510 1378 1569 1416 Ex
1588 1377 1739 1428 quibus
1757 1378 1896 1416 verbis
1923 1378 2070 1428 colligo
2101 1375 2243 1427 impri-

1204 1438 1298 1486 mis,
1316 1439 1613 1478 abstinentiam
1635 1439 1839 1487 ciborum,
1856 1443 2060 1490 quatenus
2078 1443 2140 1477 est
2157 1449 2245 1477 me-

1206 1501 1322 1540 dium
1350 1501 1566 1540 servandae
1599 1501 1814 1549 castitatis,
1834 1501 1968 1552 magis
1986 1501 2027 1539 in
2049 1500 2243 1539 modera-

1203 1562 1316 1602 tione
1345 1574 1420 1601 seu
1443 1563 1720 1602 diminutione
1741 1562 2002 1614 quantitatis,
2035 1574 2164 1612 quam
2196 1560 2244 1599 in

1204 1624 1391 1663 ciborum
1411 1625 1606 1674 qualitate
1631 1625 1889 1671 consistere;
1913 1636 1998 1663 non
2023 1624 2134 1662 enim
2152 1622 2243 1661 sine

1203 1698 1329 1725 causa
1343 1686 1455 1724 addit
1469 1687 1513 1725 D.
1530 1687 1711 1725 Thomas
1727 1700 1735 1724 :
1754 1686 1831 1725 Per
1849 1686 2144 1725 abstinentiam
2159 1683 2242 1723 cibi

1206 1752 1247 1787 et
1273 1754 1408 1799 potus,
1430 1760 1522 1799 (10εο
1544 1748 1754 1799 pertinent
1775 1748 1826 1786 ad
1846 1747 2000 1786 famem
2029 1752 2069 1786 et
2099 1746 2239 1794 sitim;

1205 1810 1247 1848 hi
1271 1810 1381 1848 enim
1404 1810 1577 1848 effectus
1596 1821 1646 1848 ex
1667 1809 1831 1848 defectu
1852 1809 2092 1860 quantitatis
2111 1805 2245 1847 maxi-

1204 1884 1271 1911 me
1298 1873 1578 1922 proveniunt,
1602 1876 1642 1910 et
1661 1872 1845 1910 radicem
1878 1872 2138 1922 corporalem
2167 1880 2244 1910 5011

1202 1934 1465 1972 materialem
1491 1945 1714 1984 pravorum
1734 1937 1923 1971 motuum
1943 1933 2122 1971 maxime
2152 1943 2244 1971 mo-

1204 1995 1418 2043 derantur,
1452 1998 1492 2034 et
1522 1995 1616 2034 ideo
1644 1995 1861 2034 diminutio
1890 1993 2130 2045 quantitatis
2163 1992 2244 2033 cibi

1204 2061 1246 2096 et
1270 2059 1395 2107 potus
1426 2056 1606 2095 maxime
1631 2057 1750 2107 juvat
1779 2056 1832 2094 ad
1865 2055 2063 2095 castitatis
2100 2054 2246 2093 obser-

1203 2119 1400 2166 vantiam,
1418 2119 1607 2169 quamvis
1622 2118 1746 2156 etiam
1764 2117 1948 2156 ciborum
1969 2116 2153 2156 delectus
2169 2126 2244 2154 seu

1204 2181 1382 2231 qualitas
1398 2180 1545 2231 juvare
1565 2180 1743 2218 multum
1761 2180 1906 2231 possit.
1930 2179 2103 2229 Propter
2131 2176 2246 2229 quod

1204 2243 1305 2282 dixit
1335 2242 1525 2289 Basilius,
1552 2254 1679 2281 serm.
1710 2244 1728 2280 1
1771 2241 1826 2280 de
1862 2240 2127 2280 Institutione
2156 2239 2245 2279 Mo-

1204 2306 1343 2349 nach.,
1376 2304 1608 2342 castitatem
1647 2302 1876 2355 perfectam
1903 2301 2118 2340 includere
2157 2312 2245 2340 om-

1204 2378 1301 2405 nem
1320 2365 1636 2416 temperantiam
1656 2369 1695 2404 et
1713 2363 1974 2403 modestiam.
1995 2363 2156 2409 Quanta
2174 2373 2246 2401 ve-

1203 2440 1250 2467 ro
1274 2427 1504 2466 moderatio
1528 2428 1568 2465 in
1586 2427 1665 2465 hoc
1687 2438 1842 2478 genexe
1862 2426 1905 2464 in
1925 2425 2130 2464 Societate
2159 2435 2245 2462 ser·

1205 2493 1337 2538 vgetux
1363 2490 1625 2529 considerata
1646 2489 1806 2528 ratione
1826 2487 2016 2536 instituti,
2034 2491 2074 2526 et
2092 2476 2247 2526 labori·

1206 2552 1285 2591 bus
1306 2552 1411 2602 ejus,
1433 2552 1532 2591 satis
1552 2551 1595 2590 in
1612 2550 1910 2604 superioribus,
1929 2549 2063 2598 lib.1‚
2086 2547 2250 2590 indica·

1205 2617 1295 2653 tum
1315 2618 1392 2653 est.

1259 2677 1298 2715 6.
1325 2675 1427 2714 Tum
1446 2669 1564 2712 etiam
1581 2682 1654 2722 per
1679 2670 1852 2710 laborem
1870 2681 1938 2710 seu
1957 2666 2246 2712 convenientem
2267 2666 2269 2668 ’

1206 2735 1507 2786 occupationem.
1521 2732 1769 2778 —Quamvis
1789 2735 1926 2771 autem
1939 2732 2048 2771 inter
2063 2733 2142 2771 tria
2156 2744 2245 2772 me-

1205 2798 1270 2837 dia
1287 2795 1530 2846 corporalia,
1542 2805 1633 2843 quae
1647 2794 1696 2832 D.
1711 2794 1890 2832 Thomas
1901 2794 2046 2844 attigit,
2059 2793 2246 2845 corporis

1204 2859 1387 2898 laborem
1413 2856 1556 2894 ultimo
1590 2855 1682 2893 1000
1711 2855 1919 2906 posuerit,
1942 2859 2083 2895 tamen
2116 2860 2158 2896 et
2190 2855 2245 2895 ad

1205 2917 1555 2973 praescribendum
1577 2916 1763 2955 debitum
1794 2916 1985 2966 modum,
2011 2930 2059 2957 ac
2093 2928 2245 2957 conve-

1205 2983 1387 3023 nientem
1403 2980 1577 3031 gradum
1596 2979 1637 3017 in
1652 2979 1785 3029 primo
1802 2979 1943 3018 medio
1962 2980 2013 3018 de
2030 2979 2244 3019 abstinen-

1206 3044 1262 3084 tia
1282 3042 1359 3082 cibi
1381 3046 1420 3080 et
1440 3045 1575 3092 potus,
1590 3042 1678 3091 ejus
1691 3040 1963 3080 consideratio
1975 3041 2153 3079 multum
2171 3052 2247 3090 ne-

1207 3104 1384 3145 cessaria
1406 3106 1489 3148 est;
1513 3106 1553 3141 et
1576 3113 1650 3152 per
1668 3113 1712 3140 se
1733 3102 1859 3140 etiam
1878 3102 2057 3140 multum
2082 3101 2245 3142 confert

1208 3167 1262 3207 ad
1289 3164 1487 3204 castitatis
1516 3163 1656 3202 hostes
1687 3163 1960 3214 superandos,
1993 3175 2078 3202 non
2108 3162 2246 3202 solum

1211 3227 1309 3280 quia
1340 3238 1490 3277 corpus
1517 3227 1715 3265 extenuat
1746 3228 1788 3264 et
1818 3225 1979 3277 affligit,
2011 3223 2088 3264 sed
2119 3224 2248 3283 etiam
2279 3251 2284 3256 -
2323 3258 2352 3268 v,

1212 3290 1308 3340 quia
1332 3289 1461 3327 otium
1486 3287 1677 3334 excludit,
1699 3286 1812 3338 quod
1826 3287 2007 3326 maxime
2027 3286 2133 3325 solet
2151 3297 2247 3337 per-

1210 3352 1376 3393 fectioni
1400 3351 1595 3390 castitatis
1615 3349 1840 3390 adversari.
1863 3350 2045 3401 Propter
2053 3347 2183 3403 qnod
2179 3347 2248 3387 ‘di-
2324 3387 2331 3403 ‚

1211 3416 1320 3455 xisse
1337 3414 1499 3454 videtur
1524 3413 1788 3453 Innocentius
1807 3412 1887 3452 m:
1913 3411 2108 3452 ociositas
2124 3408 2162 3450 et
2175 3411 2248 3450 'vo-
2322 3411 2323 3415 ’

1211 3478 1348 3531 luptas
1363 3488 1478 3517 arma
1488 3480 1581 3517 sunt
1601 3476 1726 3516 hostis
1742 3472 1899 3527 antiqui
1912 3473 2145 3513 admiseras
2158 3464 2246 3513 ani*-

1210 3551 1300 3581 mae
1316 3539 1591 3592 captivandas.
1609 3538 1686 3580 Ubi
1695 3536 1841 3591 glossa
1851 3533 2024 3577 adducit
2033 3530 2140 3573 1111111
2152 3529 2300 3602 Ονὶ·’.

1210 3601 1293 3642 dii:
