2352 3880
75 306 83 325 ,
139 282 360 327 possumus,
393 272 476 312 nisi
497 276 572 314 aut
597 273 646 313 in
673 273 909 318 convictum.
939 275 1013 315 aut
1037 276 1175 324 sponte

39 319 81 363 ³''‘-
140 338 372 378 confusum.
395 334 482 373 Hoc
511 338 652 374 autem
686 334 1004 385 intelligendum
1021 345 1171 373 censeo

138 394 278 449 quoad
296 408 461 446 poenam
477 396 694 446 integram.
719 395 823 434 Nam
837 396 976 446 quoad
991 395 1173 446 aliquam

136 457 397 510 punitionem
417 457 483 497 vel
505 469 674 508 gravem
695 457 1015 507 correptionem,
1038 459 1171 508 potest

137 517 432 566 condemnari,
469 517 660 568 quando,
700 520 852 568 praeter
887 518 1039 556 famam
1072 517 1169 556 satis

137 580 465 630 comprobatam,
484 584 581 618 sunt
597 578 738 628 aliqua
757 580 898 628 gravia
918 579 1085 625 indicia,
1104 577 1171 617 vel

138 642 275 693 gravis
296 641 443 692 aliquis
465 640 603 686 testis;
625 640 736 690 qnia,
759 640 852 680 licet
871 645 969 680 tunc
986 653 1071 680 non
1085 639 1170 692 ple-

136 713 187 742 ne
207 706 367 742 constet
383 702 434 741 de
452 701 618 749 delicto,
637 706 698 740 est
712 703 937 742 vehemens
957 703 1067 742 illius
1082 713 1168 741 sus-

135 762 258 814 picio,
277 763 341 802 vel
364 763 519 814 opinio,
541 776 633 814 quae
648 763 699 801 ad
719 764 898 814 aliquam
922 775 1090 815 poenam
1104 775 1165 802 sa-

135 822 185 864 tis
207 836 298 863 esse
316 825 454 863 debet.
470 825 557 863 Imo
578 826 619 863 in
641 826 716 864 hoc
729 838 923 876 processu
946 839 1021 876 per
1038 824 1169 876 inqui-

133 884 339 934 sitionem,
361 887 550 937 quamvis
568 887 692 937 plena
712 887 898 938 probatio
918 888 1166 934 obtineatur,

134 947 272 987 mitius
307 949 518 994 agendum
555 953 619 988 est
655 949 695 987 in
734 961 858 1000 poena
890 949 1167 1000 imponenda,

136 1020 263 1062 quam
296 1010 331 1049 si
353 1023 428 1061 per
459 1011 767 1050 accusationem
799 1011 1054 1050 criminalem
1076 1022 1170 1060 pro-

135 1082 299 1112 cessum
321 1076 457 1116 esset;
478 1071 575 1122 qnia
596 1084 690 1110 cum
708 1084 824 1120 reus,
840 1084 976 1121 neque
1006 1083 1169 1110 accusa-

133 1134 202 1174 tus
221 1134 273 1172 sit
304 1133 358 1172 ab
389 1133 555 1183 aliquo,
587 1145 725 1182 neque
758 1133 847 1183 ipse
874 1132 1086 1170 confessus
1119 1130 1171 1170 sil:

135 1207 257 1234 suum
277 1195 598 1245 delictum,jura
613 1195 757 1232 volunt
777 1193 959 1243 utjudex
978 1192 1169 1243 prudenti

134 1255 304 1296 arbitrio
323 1256 563 1295 moderetur
590 1267 772 1301 poenam,
808 1265 898 1303 cap.
927 1253 1171 1306 Inquisitio-

132 1317 214 1366 πίε,
260 1317 312 1356 de
345 1317 713 1363 Accusationibus;
758 1316 1022 1354 consentiunt
1058 1315 1170 1354 citati

133 1377 347 1425 Doctores,
367 1378 617 1422 Antonin.,3
631 1389 691 1428 p.,
711 1376 816 1416 titul.
840 1379 880 1421 9,
903 1389 993 1428 cap.
1017 1380 1056 1423 7,
1076 1377 1164 1428 ξὸς

134 1439 327 1492 Sylvest.,
345 1439 581 1490 Inquisitio,
605 1441 643 1487 -1,
662 1444 805 1489 quaest.
824 1439 914 1481 ult.;
931 1441 1045 1486 Soto,
1059 1439 1169 1478 dicto

133 1502 287 1541 memb.
309 1502 348 1547 2,
378 1513 418 1551 q.
452 1502 492 1547 6,
515 1500 613 1540 dub.
653 1503 699 1547 11;
733 1501 900 1547 Navar.,
932 1512 1025 1551 cap.
1055 1501 1172 1540 Inter

132 1559 260 1606 verba.
278 1563 319 1599 in
337 1562 523 1612 antiquo,
541 1561 730 1600 corollar.
749 1563 818 1608 48,
836 1574 949 1600 num.
972 1562 1072 1609 5823
1087 1560 1171 1599 An-

136 1627 219 1663 ton.
241 1623 409 1667 Gomez,
435 1627 536 1662 tom.
558 1622 775 1673 3Variar.,
797 1634 833 1665 c.
861 1625 901 1672 1,
919 1634 1036 1662 num.
1053 1621 1172 1675 quin-

134 1685 377 1737 quagesimo
398 1685 546 1734 primo.

185 1748 256 1786 34.
278 1746 510 1795 Appellatio
531 1757 586 1788 an
609 1746 657 1787 m
674 1744 935 1799 reliqionibns
955 1745 1080 1786 locum
1101 1743 1171 1786 ha-

134 1804 234 1849 beat.
250 1828 304 1836 -
321 1807 412 1845 Post
427 1806 677 1846 sententiam
696 1808 813 1858 sequi
830 1809 934 1847 solet
950 1806 1170 1858 appellatio

134 1867 178 1909 in
197 1868 371 1907 seculari
395 1870 504 1913 l‘oro;
527 1868 569 1906 in
598 1868 780 1919 regulari
809 1881 909 1908 vero
930 1868 1067 1907 audiri
1086 1879 1171 1906 non

134 1927 272 1973 debet,
298 1929 378 1967 nisi
397 1928 594 1968 Praetatus
618 1930 835 1969 manifeste
862 1934 906 1969 et
938 1929 1173 1968 notabiliter

134 1990 306 2032 excedat
336 1989 507 2029 modum
540 1989 582 2028 in
618 1991 762 2042 regula
793 1991 1096 2042 praescriptum,
1132 1992 1172 2028 et

134 2052 364 2106 praesertim
400 2051 443 2089 in
475 2051 681 2092 Societate
710 2057 774 2092 est
803 2051 982 2102 speciale
1012 2049 1172 2102 privile-

135 2113 246 2167 gium
271 2112 384 2152 Pauli
412 2113 479 2158 ΙΙΙ,
502 2116 546 2151 ut
564 2113 609 2151 in
634 2125 683 2152 ea
699 2114 911 2165 appellare
939 2124 1026 2151 non
1049 2112 1172 2152 liceat

136 2185 159 2216 a
177 2175 356 2226 regulari
381 2174 658 2221 correctione3
680 2179 740 2213 est
760 2180 900 2214 autem
916 2186 1016 2214 usus
1031 2178 1077 2213 ut
1093 2173 1173 2211 hoc

136 2241 337 2282 servetur,
358 2234 523 2284 quando
539 2236 738 2274 correctio
757 2235 802 2274 fit
819 2237 1049 2276 seeundum
1067 2233 1174 2273 ordi-

136 2298 327 2337 nationes
346 2295 577 2341 Societatis,
602 2301 644 2336 ut
672 2301 833 2336 constat
849 2309 901 2336 ex
918 2295 1171 2347 Compendio

135 2359 443 2412 privilegiorum
461 2388 473 2406 ,
494 2357 622 2397 verbo
654 2357 897 2411 Appellatio.
924 2358 949 2410 ξ
976 2360 1013 2397 1.
1047 2358 1098 2396 Et
1116 2357 1172 2396 ita

133 2432 220 2460 non
231 2420 461 2459 admittitur
473 2420 694 2471 appellatio
715 2423 767 2459 ab
785 2420 992 2460 ordinaria
1012 2430 1175 2470 correp-

134 2481 264 2530 tione,
290 2481 599 2530 reformatione,
627 2483 847 2527 mandatis‚
882 2485 923 2520 et
955 2480 1172 2527 similibus,

135 2541 189 2583 de
208 2543 359 2594 quibus
374 2544 419 2582 in
439 2543 480 2582 d.
501 2543 628 2582 verbo
648 2544 892 2594 Appellatio,
914 2542 939 2596 ἓ
961 2546 1000 2583 2.
1030 2544 1062 2581 A
1083 2553 1175 2580 sen-

137 2605 265 2645 tentia
303 2608 441 2643 autem
480 2604 820 2645 condemnatoria
854 2617 935 2643 non
977 2608 1170 2655 negatur,

135 2665 215 2707 nisi
236 2667 414 2717 ipsamet
442 2667 663 2718 appellatio
698 2667 750 2706 sit
778 2668 997 2705 manifeste
1027 2666 1173 2704 frivola

136 2728 203 2769 vel
222 2729 376 2780 injusta
391 2739 401 2772 ;
422 2728 539 2779 plura
554 2729 605 2767 de
622 2729 699 2767 hoc
717 2729 1006 2779 appellationis
1018 2730 1172 2779 puncto

139 2787 283 2831 dixiin
299 2794 418 2828 tract.
447 2788 488 2837 8,
509 2788 582 2829 lib.
603 2791 645 2836 2,
668 2803 703 2828 c.
731 2791 796 2829 11.

138 2886 201 2932 Dc
228 2890 344 2930 modo
377 2888 609 2939 procedendi
642 2891 690 2930 in
718 2890 903 2942 requlari
928 2889 1079 2938 judicio
1101 2900 1176 2943 per

312 2951 421 2990 viam
440 2951 755 2991 denuntiationis
765 2953 995 3001 ,judicialia

190 3032 258 3073 35.
281 3031 347 3073 Ad
358 3033 668 3072 denuntiandum
676 3035 930 3084 judicialiter
946 3047 1024 3075 non
1040 3034 1174 3086 requi-

138 3092 251 3136 ritur
282 3095 711 3142 infamia—Duobus
749 3095 881 3133 modis
916 3100 1050 3146 potest
1087 3098 1173 3135 haec

138 3154 207 3195 via
227 3155 429 3201 inchoari,
466 3156 622 3206 primo,
664 3168 735 3206 per
768 3168 810 3194 se
844 3161 884 3195 et
918 3157 1173 3206 immediate,

139 3216 307 3270 qnando
325 3217 473 3268 aliquis
502 3217 642 3268 incipit
662 3229 828 3256 causam
857 3219 1059 3258 sumendo
1079 3232 1175 3258 mu-

141 3289 222 3318 nus
245 3278 546 3318 denuntiatoris
575 3280 686 3330 apud
718 3280 932 3318 Praelatum
966 3291 1037 3319 seu
1070 3282 1176 3331 judi-

142 3350 262 3386 cem;
288 3340 486 3385 secunda,
520 3341 776 3380 transeundo
811 3353 835 3379 a
865 3341 1176 3383 denuntiatione

72 3436 77 3441 ,.
141 3400 390 3450 Evangelica
402 3401 454 3439 ad
469 3401 732 3451 judicialem3
753 3415 848 3441 nam
867 3403 959 3440 finis
975 3403 1095 3442 unius
1109 3417 1179 3444 so-

118 3463 200 3503 -let
219 3462 310 3502 esse
340 3463 549 3502 inchoatio
585 3464 769 3510 alterius,
799 3466 903 3504 utin
934 3477 1024 3516 cap.
1049 3467 1178 3513 10,in

72 3538 82 3542 ·
143 3522 243 3572 fine,
257 3525 571 3574 insinuavimus,
590 3526 836 3565 remittendo
857 3527 897 3565 in
921 3527 1029 3566 hunc
1043 3527 1180 3568 locum

64 3584 81 3634 ζ
147 3590 334 3627 exactam
347 3587 686 3636 declarationem,
697 3599 788 3640 quae
804 3589 881 3628 erit
891 3588 1036 3639 facilis,
1053 3590 1177 3642 expli—

39 3651 115 3880 l

432 205 526 242 CAP.
547 205 620 243 xit.
641 206 698 241 DE
715 205 828 240 110Ώο
847 204 1103 240 emmenum
1123 205 1204 240 PER
1224 207 1328 242 vm!
1347 209 1557 245 spumans
1574 210 1874 254 ml'fflmls,
1888 208 1986 246 mc.

2145 210 2256 252 1131

1227 278 1320 314 cata
1337 276 1452 327 prius
1469 277 1785 319 denuntiatione
1807 279 1902 331 ipsa
1931 277 2163 319 secundnm
2192 292 2256 322 se.

1226 335 1280 376 Ut
1304 347 1406 387 ergo
1429 338 1580 390 aliquis
1601 340 1713 390 juste
1744 339 1962 379 denuntiet
1987 339 2257 392 judicialiter,

1226 400 1507 439 necessarium
1523 413 1607 441 non
1628 406 1691 442 est
1708 406 1752 440 ut
1781 403 1987 453 praeeedat
2005 403 2192 452 infamia,
2213 405 2260 444 ut

1226 463 1388 499 constat
1406 472 1458 500 ex
1470 462 1633 512 juribus
1661 475 1774 514 saepe
1791 464 1940 512 citatis,
1964 475 2056 515 cap.
2077 465 2263 516 Inquisi-

1226 520 1364 566 tionis,
1385 533 1478 571 cap.
1500 523 1685 570 Qualiter
1709 528 1747 564 et
1778 526 1949 576 quando,
1984 538 2081 565 cum
2114 525 2259 566 simili-

1223 579 1319 628 bm,
1334 583 1376 620 et
1391 594 1440 621 ex
1456 583 1648 622 omnibus
1663 585 1915 625 auctoribus.
1934 587 2052 626 Ratio
2063 599 2163 626 vero
2179 591 2259 636 est,

1224 641 1326 692 quia
1354 641 1398 680 in
1419 642 1486 681 via
1519 643 1797 695 inquisitioni-s
1828 647 1998 687 infamia
2018 649 2256 700 requiritur,

1224 706 1270 741 ut
1288 703 1479 754 suppleat
1496 698 1631 743 viceni
1650 708 1926 755 accusatoris;
1946 708 1988 746 in
2020 709 2099 748 hac
2117 711 2259 749 autem

1223 763 1290 802 via
1314 764 1583 804 denuntiator
1615 766 1790 805 sustinet
1819 768 1953 806 vicem
1988 771 2256 819 accusatoris,

1224 827 1414 875 quamvis
1429 840 1511 866 non
1535 828 1704 867 omnin'o
1724 828 1922 879 suscipiat
1938 834 2068 870 totum
2090 845 2194 871 onus
2214 833 2260 872 il-

1223 888 1317 934 lius,
1341 880 1437 939 quia
1457 901 1542 928 non
1575 890 1632 930 ita
1664 889 1874 942 obligatur
1905 890 1960 930 ad
1978 892 2257 943 probandum,

1224 949 1330 988 sicut
1349 955 1580 992 accusator.

1277 1012 1343 1052 36.
1382 1012 1452 1054 An
1483 1014 1718 1066 requiratur
1748 1013 1997 1071 praemonitio
2031 1019 2260 1058 secreta.—

1223 1074 1442 1126 Responsio
1480 1077 1635 1127 quando
1677 1077 1924 1118 denuntiatio
1952 1078 2006 1128 fit
2041 1078 2096 1119 ad
2132 1078 2261 1119 solam

1223 1138 1425 1177 emendam
1443 1148 1531 1178 cum
1556 1149 1625 1189 spe
1649 1138 1814 1190 ejaets.—
1834 1139 1947 1179 Data
1962 1140 2168 1192 responsio
2195 1152 2263 1180 va-

1224 1198 1280 1239 let
1298 1198 1420 1239 etiam
1439 1199 1545 1239 inter
1562 1199 1785 1251 reliqz'osos.
1797 1219 1852 1231 —
1867 1201 1935 1239 Est
1953 1205 2094 1240 autem
2130 1213 2262 1252 quaes-

1224 1258 1299 1307 tio,
1335 1270 1391 1298 an
1428 1259 1579 1299 debeat
1612 1260 1847 1311 praecedere
1876 1262 2048 1301 monitio
2077 1261 2260 1302 fraterna

1224 1324 1323 1358 ante
1341 1319 1451 1360 hanc
1482 1319 1860 1369 denuntiationem,
1898 1323 1943 1361 id
1963 1324 2074 1363 enim
2108 1323 2260 1364 sienifi-

1224 1383 1321 1419 cant
1334 1381 1432 1431 jura
1450 1381 1589 1422 citata.
1604 1383 1654 1422 Et
1671 1389 1975 1433 consequenter
1990 1390 2053 1424 est
2071 1386 2262 1434 dubium,

1225 1445 1380 1490 utrum,
1398 1443 1433 1482 si
1453 1455 1526 1494 per
1545 1444 1675 1483 solam
1693 1445 2021 1485 admonitionem
2033 1447 2160 1486 frater
2176 1459 2262 1486 cor-

1225 1504 1396 1554 rigatur,
1416 1504 1538 1543 liceat
1558 1506 1824 1545 nihilominus
1843 1507 1896 1545 ad
1916 1507 2025 1547 hane
2042 1509 2264 1548 denuntia-

1225 1566 1380 1604 tionem
1401 1566 1643 1616 piocedere.
1667 1568 1765 1607 Haec
1784 1580 1884 1607 vero
1905 1570 2031 1609 dubia
2065 1575 2116 1610 ex
2146 1571 2266 1610 dictis

1224 1639 1252 1665 a
1266 1638 1303 1665 c.
1325 1629 1350 1666 8
1370 1627 1458 1667 fere
1475 1629 1660 1667 resoluta
1679 1634 1788 1669 sunt.
1823 1631 1904 1669 Aut
1925 1632 2037 1670 enim
2065 1633 2158 1670 talis
2196 1634 2265 1672 de—

1226 1689 1430 1727 nuntiatio
1456 1689 1672 1728 ordinatur
1688 1691 1824 1730 solum
1843 1692 1895 1730 ad
1927 1693 2264 1732 emendationem

1224 1749 1379 1798 delicti,
1412 1750 1484 1800 qui
1521 1755 1587 1791 est
1622 1752 1871 1800 ordinarius,
1894 1757 1935 1793 et
1971 1755 2151 1794 maxime
2173 1767 2265 1806 pro·

1226 1812 1340 1862 prius
1368 1811 1467 1851 finis
1493 1813 1599 1863 ejus,
1628 1818 1702 1853 aut
1733 1815 1787 1854 ad
1816 1816 2014 1854 damnum
2044 1816 2167 1863 tertii,
2199 1817 2265 1856 vel

1225 1873 1460 1912 communis
1491 1874 1589 1912 honi
1617 1880 1917 1915 nocumentum
1949 1878 2180 1916 vitandum.
2220 1878 2266 1916 In

1226 1934 1355 1985 priori
1374 1934 1706 1983 denuntiatione,
1724 1949 1818 1987 quae
1834 1939 2082 1989 Evangelica
2098 1939 2262 1987 dicitur,

1227 1996 1260 2033 si
1282 1999 1346 2034 est
1370 2007 1467 2046 spes
1484 1996 1688 2044 emendae,
1710 1998 1799 2036 sine
1819 1998 1945 2037 dubio
1966 1999 2092 2038 debet
2111 2011 2266 2050 praece·-

1224 2055 1325 2096 dere
1348 2056 1550 2096 correctio
1570 2057 1775 2105 fraterna;
1798 2071 1897 2098 narn
1917 2063 1958 2099 et
1986 2062 2184 2099 naturalis
2204 2074 2268 2101 ra-

1224 2118 1282 2157 tio
1305 2118 1516 2158 charitatis
1537 2123 1579 2159 et
1599 2120 1771 2169 Justitiae
1794 2121 1837 2159 id
1857 2122 2050 2171 postulat,
2085 2136 2180 2161 cum
2207 2127 2270 2163 ta-

1226 2178 1278 2218 lis
1303 2179 1565 2218 denuntiatio
1582 2182 1973 2234 (utpotejndicialis)
1994 2195 2075 2222 non
2092 2184 2165 2222 fiat
2178 2185 2266 2225 sine

1228 2252 1381 2291 magna
1395 2245 1436 2279 et
1451 2241 1618 2291 publica
1634 2242 1801 2282 laesione
1814 2243 1950 2289 famae,
1967 2256 2059 2295 quae
2079 2250 2178 2284 tunc
2196 2258 2268 2287 ne-

1229 2302 1409 2341 cessaria
1428 2313 1512 2340 non
1533 2307 1610 2349 est,
1629 2308 1670 2342 et
1685 2303 1751 2343 hic
1770 2305 1872 2344 ordo
1894 2309 1956 2345 est
1972 2307 2151 2345 maxime
2169 2318 2267 2346 con-

1229 2368 1455 2403 sentaneus
1475 2363 1721 2411 Evangelim
1746 2365 1847 2412 imo,
1861 2367 1979 2417 juxta
2009 2369 2267 2408 communio-

1228 2437 1318 2464 rem
1340 2426 1579 2476 opinionem
1599 2427 1920 2477 Theologorum,
1941 2434 2137 2467 censetur
2155 2430 2198 2468 in
2215 2441 2268 2468 eo

1228 2491 1474 2537 praeceptuS,
1502 2487 1683 2526 maxime
1705 2500 1780 2538 pro
1798 2488 2037 2539 hujusmodi
2055 2503 2156 2530 casu
2178 2490 2267 2542 spei

1229 2548 1430 2594 emendae,
1449 2551 1691 2587 conservata
1721 2548 1861 2595 fama;
1888 2555 1928 2589 et
1946 2552 2042 2602 jura
2065 2554 2269 2592 canonica

1227 2610 1352 2648 etiam
1372 2609 1451 2648 hoc
1485 2608 1726 2659 disponunt,
1760 2612 1991 2661 praesertim
2021 2612 2065 2651 in
2085 2625 2122 2652 c.
2158 2615 2266 2655 Licet

1226 2670 1342 2717 Heli,
1363 2670 1415 2709 de
1434 2670 1632 2718 Simonia,
1653 2675 1694 2710 et
1710 2673 1870 2711 notavit
1886 2673 2038 2724 glossa,
2055 2673 2098 2712 in
2118 2687 2208 2725 cap.
2222 2678 2268 2724 2,

1228 2731 1680 2781 deCalumniatoribus,
1697 2745 1746 2772 ex
1758 2746 1842 2784 quo
1861 2739 1970 2773 textu
1980 2736 2082 2774 mihi
2098 2737 2264 2786 colligo,

1227 2795 1313 2831 tani
1335 2794 1616 2832 necessariam
1633 2805 1723 2833 esse
1740 2794 1848 2834 hanc
1864 2796 2204 2846 admonitionem,
2222 2802 2268 2837 ut

1229 2852 1265 2892 si
1283 2854 1549 2893 denuntiator
1573 2856 1616 2893 in
1639 2855 1884 2906 probatione
1906 2857 2087 2906 deficiat,
2121 2863 2160 2897 et
2180 2870 2266 2897 non

1229 2915 1422 2955 ostendat
1440 2916 1554 2967 prius
1574 2921 1730 2955 secrete
1756 2918 1980 2958 monuisse.
2002 2920 2069 2958 vix
2089 2920 2219 2970 possit
2236 2918 2266 2958 a

1230 2975 1438 3015 calumnia
1463 2977 1658 3027 purgari;
1680 2977 1775 3017 ideo
1794 2979 1905 3017 enim
1938 2979 2100 3018 videtur
2120 2980 2175 3018 ihi
2195 2979 2265 3018 de-

1228 3038 1440 3076 nuntiator
1459 3037 1512 3077 ab
1539 3038 1672 3077 offimo
1705 3043 1746 3078 et
1784 3039 1984 3079 beneficio
2016 3041 2141 3079 fuisse
2174 3051 2266 3078 sus-

1228 3111 1399 3150 pensus,
1426 3099 1560 3138 donec
1576 3101 1776 3140 canonice
1797 3114 1915 3141 snam
1934 3107 2127 3152 purgaret
2145 3101 2264 3138 inno-

1228 3160 1421 3208 centiam,
1433 3161 1543 3211 quod
1557 3173 1642 3199 non
1659 3163 1938 3200 calumniandi
1953 3162 2089 3199 animo
2104 3162 2155 3200 ad
2167 3161 2265 3201 talia

1232 3222 1406 3261 crimina
1442 3223 1715 3273 proponenda
1743 3223 2023 3274 processisset.
2052 3224 2135 3262 Nec
2170 3222 2263 3261 reli-

1231 3284 1335 3335 giosi
1365 3283 1418 3322 ab
1450 3284 1528 3322 hoc
1550 3296 1676 3323 onere
1706 3286 1955 3330 eximuntur,
1977 3284 2075 3334 qnia
2103 3284 2262 3322 nullum

1230 3345 1282 3385 de
1304 3346 1381 3384 hoc
1399 3345 1555 3385 hahent
1570 3346 1844 3397 privilegium,
1866 3350 1908 3384 et
1926 3345 2079 3395 alioqui
2107 3350 2168 3384 est
2189 3357 2263 3396 per

1233 3420 1276 3447 se
1305 3409 1483 3448 maxime
1505 3414 1826 3448 consentaneum
1847 3420 1931 3447 non
1953 3409 2084 3447 solum
2109 3408 2264 3458 perfec-¹

1232 3469 1350 3519 tioni,
1377 3471 1451 3509 sed
1477 3471 1601 3509 etiam
1635 3469 1868 3509 necessitati
1901 3470 2123 3509 charitatis.
2144 3469 2268 3510 Undev

1235 3530 1359 3570 etiam
1378 3531 1420 3570 in
1438 3531 1635 3570 Societate
1657 3542 1730 3579 pro
1748 3535 1959 3580 comperto
1978 3534 2039 3569 est
2054 3530 2168 3581 apud
2179 3542 2266 3569 om·

1234 3603 1327 3641 nes,
1348 3591 1393 3632 in
1412 3592 1556 3631 ordine
1575 3590 1629 3630 ad
1646 3590 1756 3630 hanc
1780 3591 2019 3642 judicialem
2043 3591 2266 3632 denuntia-
