2352 3880
157 275 161 277 ’
192 269 416 318 moritum3
453 269 566 309 unde
605 273 693 309 tam
724 269 779 310 ad
819 269 1111 315 sacerdotium,

148 320 208 371 ”m
227 321 280 370 ad
295 329 611 382 professionem,
632 335 797 383 tempus
818 334 880 370 est
909 330 953 369 in
975 329 1114 371 Socie-

141 405 166 433 e
186 390 464 442 indefinitum,
485 397 526 432 et
544 393 704 444 judicio
722 393 954 444 Superioris
974 392 1113 432 deter-

5 473 13 498 f
104 450 322 501 sinendum
345 454 454 504 (licet
476 453 585 493 enim
607 454 660 492 ad
683 454 959 493 sacerdotium
977 453 1112 493 solum

0 515 13 568 ἶ
42 504 55 527 ”
136 519 249 555 artus
266 527 400 554 annus
411 515 645 567 Theologlae
659 527 770 554 nunc
787 520 1027 566 expectetur
1046 527 1111 555 or-

0 575 11 588 “’
6 514 260 630 ffiarie,
284 579 465 615 attamen
485 576 521 615 is
558 576 646 627 ipse
674 577 856 615 incertus
877 582 953 625 est,
977 576 1061 616 ob'
1049 588 1112 615 m-

59 606 306 697 *ferruptum
340 637 492 688 saepius
530 637 761 677 studiorum
796 650 978 684 cursum,
1001 641 1046 677 ut
1063 649 1107 676 n.

59 683 131 740 35
154 698 432 748 dicebamus),
452 702 493 737 et
520 698 790 738 nihilominus
818 699 983 750 longius
1011 705 1113 739 tem-

39 767 155 819 γυε
195 758 248 797 ad
281 759 584 811 professionem
616 761 856 811 requiritur,
898 774 1024 812 quam
1058 761 1112 801 ad

22 817 26 820 ’
70 820 249 871 ‘simplex
270 822 575 868 sacerdotium;
601 834 700 860 nam
741 822 938 873 piofessio
975 835 1112 862 sacer-

0 879 5 881 ’
66 870 231 924 'fiotium
278 883 500 933 supponit,
538 887 584 922 ut
628 884 784 923 dictum
835 890 896 923 est
933 897 1109 924 numero

77 947 234 996 quarto,
256 947 295 982 et
333 943 448 982 addit
481 945 682 995 majorem
721 945 1034 996 obligationem,
1070 949 1110 986 et

69 1005 244 1056 ,requirit
265 1006 464 1056 majorem
489 1007 763 1058 capacitatem
783 1008 835 1046 ad
857 1008 996 1046 omnia
1022 1020 1110 1046 mu-

71 1064 141 1109 'n'ia
178 1067 408 1117 Societatis,
449 1073 488 1107 et
523 1069 752 1121 principale
778 1070 967 1120 regimen
1002 1071 1105 1120 ejus,

76 1127 185 1180 quod
200 1128 319 1178 juxta
337 1129 673 1175 Constitutiones‚
692 1135 809 1181 parte
831 1135 993 1181 quarta,
1014 1143 1105 1181 cap.

75 1189 249 1233 decimo,
274 1196 313 1229 et
349 1196 466 1242 parte
499 1192 676 1239 decima,
701 1192 724 1244 ξ
745 1195 846 1240 4,,61
881 1193 994 1242 alibi,
1016 1206 1109 1245 pro-

72 1251 188 1292 fessis
208 1254 405 1292 committi
425 1254 563 1293 debet.

124 1314 190 1353 20.
223 1315 391 1354 Decreta
408 1315 449 1354 in
464 1317 588 1356 eodem
600 1317 737 1368 primo
757 1322 990 1367 armamento
1009 1318 1109 1358 cita—

77 1377 118 1417 ta
135 1377 407 1427 erpeizduntur
417 1389 491 1428 pro
503 1376 628 1423 nobis,
645 1379 970 1430 prima—Unde
982 1380 1107 1418 etiam

74 1435 126 1476 ad
144 1437 222 1476 hoc
237 1438 442 1488 expendo,
465 1439 505 1477 in
524 1439 710 1489 ipsismet
732 1439 937 1478 decretis
929 1453 970 1478 ln
988 1454 1109 1491 argu-

72 1502 211 1539 mento
233 1499 282 1537 cit
289 1500 380 1546 itis,
401 1499 499 1539 licet
519 1501 790 1552 designentur
814 1506 925 1540 certa
952 1507 1106 1553 tempo-

71 1571 118 1598 ra
137 1560 372 1599 admdines
405 1562 590 1612 singulos
621 1563 925 1613 suscipiendos,
946 1565 998 1602 ad
1017 1565 1108 1615 Epi-

72 1627 284 1672 scopatum
320 1627 430 1662 certe
469 1636 553 1662 non
591 1625 752 1663 definiri
787 1629 980 1676 tempus3
1010 1639 1108 1665 nam

72 1681 239 1721 Siricius
258 1684 357 1721 nihil
379 1684 430 1722 de
459 1685 537 1724 hoc
559 1685 674 1728 dixit,
691 1687 764 1724 sed
793 1687 943 1732 solum,
964 1688 1001 1726 si
1021 1700 1108 1727 eum

72 1743 170 1784 cleri
196 1756 242 1783 ac
266 1745 391 1794 plebis
408 1748 607 1787 vocat-eric
622 1748 754 1787 electio
769 1766 782 1793 ,·
798 1749 985 1787 Zosimus
1007 1761 1105 1787 vero

70 1803 192 1843 dixit:
215 1805 266 1845 Si
286 1818 372 1844 eum
393 1809 567 1847 exactior
582 1810 635 1847 ad
647 1809 762 1848 bonos
778 1822 904 1848 mores
924 1809 1008 1848 ‘cita
1018 1822 1104 1857 per-

69 1865 241 1906 duoeerz't.
261 1867 543 1905 Sacerdotium
567 1869 675 1906 enim
697 1881 782 1906 non
802 1873 883 1907 tam
914 1881 1106 1907 necessa-

68 1926 176 1965 rium
208 1927 331 1965 hahet
357 1940 566 1966 annexum
587 1942 739 1967 munus
775 1930 967 1980 pastoris,
1002 1931 1106 1969 sicut

68 1987 350 2039 Episcopatus,
375 1994 414 2028 et
437 1990 545 2035 ideo,
570 1991 663 2029 licet
684 1991 807 2029 vitam
838 1991 1104 2030 innocentem

68 2049 266 2099 requirat,
288 2050 415 2089 multo
437 2052 568 2102 magis
598 2051 783 2103 perfecta
804 2053 932 2091 virtus
955 2053 995 2091 in
1017 2053 1107 2103 Epi-

70 2121 195 2160 scopo
215 2112 457 2161 postulatur,
491 2114 562 2162 qui
584 2118 804 2164 propterea
826 2115 866 2152 in
889 2117 995 2153 statu
1013 2128 1108 2165 per-

67 2170 282 2211 fectiorum
299 2186 390 2212 esse
410 2174 571 2213 dicitur.
589 2175 743 2214 Etidco
766 2176 855 2226 ejus
875 2177 1105 2224 assumptio

67 2244 149 2272 non
167 2236 371 2285 tempore,
395 2236 467 2274 sed
499 2237 645 2275 merito
667 2239 947 2275 mensuranda
977 2237 1102 2276 venit.

69 2293 245 2334 Professi
262 2301 400 2334 autem
423 2297 653 2342 Societatis,
671 2296 763 2334 licet
796 2309 880 2334 non
902 2297 1107 2347 attingant

68 2355 183 2394 illum
204 2358 396 2407 gradum,
414 2360 555 2394 tamen
590 2369 685 2395 eum
706 2358 954 2408 participant
975 2370 1105 2408 quan-

67 2419 154 2456 tum
178 2417 230 2454 ad
261 2417 596 2467 praedicationem
618 2418 830 2468 Evangelii
854 2424 893 2457 et
928 2420 1104 2458 salutem

69 2477 304 2516 animarum
325 2478 627 2528 procurandam
648 2483 711 2524 ;et
734 2479 828 2517 ideo
851 2479 1002 2517 mirum
1021 2492 1105 2518 non

70 2540 134 2577 est
154 2538 266 2587 quod
281 2539 322 2575 in
343 2538 399 2576 eis
425 2539 546 2576 etiam
569 2539 757 2577 doctrina
778 2540 914 2590 potius
939 2545 980 2579 et
1003 2542 1103 2590 vita,

69 2609 195 2650 quam
220 2603 332 2637 certa
353 2601 550 2650 temporis
565 2601 776 2651 provectio
797 2602 1047 2651 requiratur.

117 2661 187 2699 21.
202 2661 498 2711 Expenduntur
514 2663 692 2709 secundo,
707 2667 743 2702 et
758 2667 925 2714 retorqus
938 2667 1106 2703 ntur.—

26 2755 32 2762 .
68 2719 219 2762 Ultimo
240 2725 301 2760 est
320 2721 441 2760 valde
468 2723 831 2772 considerandum,
857 2724 898 2762 in
918 2725 998 2763 illis
1033 2726 1107 2765 de-

68 2782 191 2822 cretis
211 2794 294 2820 non
311 2784 512 2835 assignari
533 2783 601 2822 illa
618 2788 807 2835 tempora
826 2797 900 2836 pro
920 2787 1108 2827 terminis

70 2843 382 2895 magnitudiniS‚
410 2845 483 2884 sed
517 2846 755 2897 parvitatis;
782 2850 967 2886 statuunt
996 2849 1106 2888 enim

71 2907 118 2944 ut
132 2917 259 2944 nemo
281 2911 518 2945 assumatur
537 2907 590 2945 ad
610 2908 782 2956 clerum,
809 2913 880 2947 aut
909 2909 1020 2948 hunc
1040 2911 1106 2950 vel

72 2965 185 3006 illum
208 2967 411 3014 ordinem,
431 2968 510 3007 nisi
547 2974 640 3020 post
671 2974 831 3009 tantum
854 2970 919 3009 vel
944 2976 1104 3011 tantum

73 3029 258 3080 tempus;
290 3041 373 3067 non
407 3033 548 3069 tamen
584 3034 770 3070 statuunt
805 3035 863 3079 ut,
896 3036 1103 3073 transacto

72 3087 142 3128 ino
175 3092 377 3140 tempore,
397 3092 550 3141 lstatim
585 3098 874 3140 assumantur3
912 3095 985 3133 sed
1025 3095 1105 3135 hoc

40 3149 41 3157 ³
75 3161 238 3202 semper
252 3151 1008 3205 relinquiturarbitriuEpiscoporum,
1028 3157 1105 3196 sub

43 3214 126 3252 ‘ea
145 3211 378 3251 conditione
397 3225 523 3264 quam
540 3227 624 3254 non
661 3216 855 3254 omittunt
876 3216 975 3256 dicti
997 3219 1103 3258 Pon-

27 3235 221 3327 inlices,
243 3271 296 3313 Si
321 3285 393 3325 per
421 3275 501 3315 hoee
525 3280 702 3329 tempora
722 3279 866 3330 diqnus
894 3279 1105 3330 judicatus

42 3330 212 3380 merit.
242 3334 358 3374 Unde
387 3335 468 3374 Leo
503 3337 627 3388 Papa,
661 3340 780 3390 epist.
807 3340 873 3384 85
898 3339 999 3379 alias
1035 3342 1101 3390 87,

24 3400 48 3431 Ιἰ
76 3406 168 3448 cap.
187 3398 225 3445 1,
249 3399 290 3435 et
310 3395 484 3435 habetur
506 3409 597 3450 cap.
617 3400 834 3448 Miramur,
851 3401 897 3440 61
920 3401 978 3449 (1.,
999 3403 1105 3441 trac-

43 3460 70 3501 ,1
72 3457 171 3500 13115
196 3456 319 3496 verba
359 3457 500 3496 Pauli:
523 3459 676 3500 Manus
701 3462 779 3502 cito
799 3463 946 3502 nemini
983 3475 1107 3513 impo-

54 3518 236 3574 mne,
257 3518 510 3570 interrogat:
534 3519 640 3567 Quid
671 3525 729 3561 est
758 3523 835 3563 cito
862 3535 1004 3562 manus
1031 3524 1108 3564 im-

30 3564 234 3629 ἕῼῦιινσ,
245 3577 324 3620 nisi
339 3583 430 3623 ante
450 3582 726 3623 maturitatem
745 3583 894 3631 ceratis,
913 3586 1004 3626 ante
1013 3586 1106 3626 tem-

27 3624 60 3665 .ιῖγὶ

37 3670 63 3691 fl

15 3602 90 3880 {v

349 3817 403 3880 β

488 204 578 238 m.
600 204 628 238 1.
651 203 707 239 AN
727 203 945 248 Pnomssm
964 202 1009 238 {N
1028 201 1256 239 SOOE'EATE
1277 203 1411 239 mem
1430 203 1503 239 Dm
1522 202 1795 245 mmm.

1164 279 1246 322 pus
1261 271 1474 317 examinis,
1497 274 1590 312 ante
1611 274 1800 314 meritum
1816 272 1984 324 Laboris,
2003 277 2107 315 mate
2135 289 2204 316 ex-

1164 331 1404 382 parientiam
1437 333 1679 385 disciplinoe,
1708 335 1992 376 sacerdotalem
2018 336 2204 378 Bonnam

1167 394 1340 435 tribuere
1375 405 1454 433 nan
1478 394 1691 444 probatis?
1719 396 1769 435 Et
1797 395 2038 448 Gregorius,
2064 397 2139 438 lib.
2159 400 2202 448 4,

1167 456 1286 507 epist.
1308 455 1631 506 quadragesima
1653 461 1819 507 quarta,
1834 471 1972 509 agens
1989 460 2042 500 de
2057 471 2205 499 mona-

1167 517 1245 557 cho
1278 516 1533 556 assumendo
1567 516 1621 555 ad
1645 518 1861 567 quodlibet
1881 521 2204 560 ecclesiasticum

1167 579 1364 626 officium,
1386 582 1538 629 prester
1560 581 1750 628 tem-pora
1767 592 1792 618 a
1818 582 1947 620 sacris
1973 583 2205 623 canonibus

1166 640 1350 692 praefixa,
1373 639 1559 690 requirit.
1580 643 1626 679 ut
1653 640 1700 678 in
1732 643 1958 682 monachali
1991 645 2126 684 habitu
2145 656 2204 685 w-

1167 703 1337 742 eundum
1375 703 1550 742 Patriam
1580 700 1764 751 eeyulas,
1799 702 2208 752 irreprehensibiliter

1166 767 1420 804 conversatus
1445 762 1585 808 suerit.
1605 763 1750 813 Neque
1783 763 1828 802 111
1848 764 1926 802 1106
1958 765 2083 803 aliam
2102 771 2204 806 tem-

1165 826 1278 877 poris
1298 826 1588 865 limitationem
1609 825 1809 876 praefigit;
1836 838 1936 877 ergo
1958 827 2016 865 sic
2051 828 2204 876 ponde-

1164 891 1255 927 rata
1294 888 1362 926 illa
1393 887 1560 926 decreta
1597 887 1734 938 potius
1765 891 1938 938 possent
1973 890 2204 938 retorqueri

1164 952 1308 988 contra
1344 949 1391 987 B.
1428 949 1655 999 Ignatium,
1677 961 1726 988 eo
1764 949 1877 999 quod
1913 949 2205 989 brevissimum

1164 1010 1320 1050 biennii
1342 1015 1503 1060 tempus
1522 1023 1596 1060 pro
1610 1010 1786 1050 termino
1808 1011 2021 1062 parvitatis
2041 1011 2093 1049 ad
2113 1023 2205 1062 pro-

1164 1072 1390 1112 fessionem
1410 1072 1615 1122 posuerit3
1637 1073 1711 1111 sed
1731 1073 1857 1123 hujus
1873 1072 1936 1111 rei
1961 1073 2065 1111 ratio
2085 1072 2206 1113 facile

1164 1147 1215 1174 ex
1233 1134 1351 1173 dictis
1373 1134 1415 1171 in
1447 1147 1489 1172 n.
1514 1135 1535 1171 7
1558 1133 1827 1182 intelligitur3
1850 1146 1947 1173 nam
1967 1134 2068 1172 illud
2088 1134 2207 1173 bien-

1164 1197 1279 1235 nium
1301 1195 1352 1233 ad
1370 1195 1589 1233 minimum
1609 1196 1857 1246 postulatur,
1875 1196 1981 1234 ultra
1997 1200 2207 1235 maturam

1164 1261 1325 1298 aetatem
1347 1261 1387 1296 et
1425 1257 1529 1295 ultra
1564 1257 1858 1296 sacerdotium.
1891 1261 1932 1296 et
1954 1257 2060 1296 ultra
2095 1258 2207 1296 suffi-

1165 1321 1344 1359 cientem
1377 1318 1672 1365 eruditionem,
1704 1322 1746 1358 et
1787 1319 1868 1357 alia
1909 1318 2045 1366 dona3
2073 1319 2129 1357 ita
2161 1321 2207 1357 ut

1165 1381 1331 1432 quando
1352 1380 1568 1419 biennium
1590 1379 1724 1418 solum
1745 1379 1882 1428 fuerit,
1903 1380 2038 1429 magis
2074 1380 2127 1418 sit
2151 1380 2206 1419 ad

1164 1455 1404 1494 personam,
1425 1445 1467 1480 et
1486 1441 1625 1480 omnia
1648 1440 1759 1480 dona
1792 1444 1882 1491 eJ'us
1916 1442 2105 1491 religioni
2139 1454 2205 1480 ac-

1165 1503 1493 1550 commodanda,
1535 1514 1661 1552 quam
1698 1503 1786 1542 haec
1830 1502 1883 1541 de
1920 1515 2028 1542 novo
2065 1503 2205 1554 acqui-

1162 1565 1312 1605 reuda.

1217 1629 1282 1666 22.
1316 1625 1385 1665 Ad
1404 1626 1612 1665 seeundum
1651 1628 1931 1675 arcumentum
1959 1626 2140 1671 insnum.
2163 1626 2203 1664 2.

1162 1709 1215 1718 —
1234 1687 1297 1726 Ad
1317 1687 1498 1725 rationes
1518 1686 1810 1736 respondetur.
1829 1686 1891 1725 Ad
1907 1686 2083 1736 primam
2102 1685 2205 1724 diei-

1162 1760 1255 1786 mus
1282 1759 1426 1785 verum
1463 1759 1554 1784 esse
1594 1751 1873 1795 assumptum,
1895 1747 2098 1785 nimirum
2131 1759 2207 1796 per

1162 1809 1276 1857 leges
1310 1806 1579 1846 determinari
1618 1812 1811 1855 oportere
1845 1818 1911 1849 ea.
1935 1819 2026 1856 quae
2049 1807 2204 1846 suntin

1162 1880 1415 1918 unaquaque
1435 1868 1735 1906 communitate
1759 1867 1975 1917 graviora;
1999 1867 2042 1905 id
2063 1871 2139 1910 est,
2159 1870 2205 1907 ut

1161 1931 1277 1980 leges
1297 1929 1567 1980 praescribant
1588 1928 1774 1974 modum,
1797 1933 1833 1966 et
1856 1928 2034 1966 formam
2062 1928 2102 1965 in
2123 1928 2204 1966 hu-

1156 1991 1339 2045 jusmodi
1360 1990 1487 2028 rebus
1520 1989 1784 2028 servandam.
1810 1989 1859 2027 Et
1878 1989 1933 2027 ita
1954 1989 1996 2027 in
2015 1988 2204 2039 praesenti

1159 2053 1412 2093 sufficienter
1431 2051 1583 2090 factum
1605 2055 1666 2090 est
1683 2051 1725 2089 in
1744 2051 1963 2090 Societate.
1983 2052 2070 2089 Non
2092 2051 2204 2089 enim

1162 2117 1325 2166 oportet
1345 2117 1390 2152 ut
1408 2112 1698 2152 determinatio
1718 2112 1823 2162 legis
1845 2124 2010 2162 semper
2035 2111 2086 2150 sit
2104 2124 2200 2162 quo-

1162 2176 1215 2212 ad
1246 2186 1392 2211 omnes
1430 2173 1761 2211 circumstantias
1800 2173 1881 2211 loci
1918 2177 1958 2211 et
1986 2173 2201 2223 temporis,

1162 2235 1236 2274 sed
1256 2247 1330 2285 pro
1352 2233 1549 2283 qualitate
1572 2233 1835 2283 negotiorum
1856 2245 1903 2271 ac
1919 2245 2084 2281 rerum;
2103 2245 2204 2273 nam

1162 2308 1253 2348 quae
1272 2295 1370 2334 talia
1395 2298 1505 2341 sunt,
1530 2298 1574 2332 ut
1594 2294 1662 2333 vel
1698 2294 1961 2343 frequentem
2001 2296 2202 2333 mutatio-

1161 2369 1257 2395 nem
1289 2357 1514 2407 patiantur‚
1535 2355 1602 2394 vel
1637 2367 1688 2393 ex
1723 2355 1846 2393 variis
1881 2355 2201 2395 circumstantiis

1160 2418 1385 2469 pendeant,
1423 2429 1507 2454 non
1545 2420 1719 2466 possunt
1753 2427 1935 2464 semper,
1959 2416 2097 2465 quoad
2124 2417 2200 2455 has

1161 2477 1504 2522 circumstantias,
1529 2489 1603 2526 per
1638 2476 1775 2526 legem
1809 2475 2101 2523 determinari;
2126 2477 2200 2516 sed

1161 2538 1457 2579 committenda
1485 2539 1720 2575 necessario
1758 2541 1852 2575 sunt
1887 2538 2079 2576 animatae
2099 2539 2198 2589 legi,

1162 2601 1295 2652 qualis
1317 2603 1379 2638 est
1404 2610 1624 2649 supremus
1657 2598 1926 2648 gubernator.
1947 2599 2006 2637 lta
2036 2612 2134 2650 ergo
2155 2600 2200 2639 in

1160 2660 1354 2714 praesenti
1367 2659 1610 2703 factumest,
1624 2671 1722 2697 nam
1742 2659 1890 2697 modus
1912 2659 2197 2709 professionis,

1162 2728 1203 2762 et
1222 2722 1478 2761 conditiones
1499 2721 1552 2759 ad
1572 2720 1685 2758 illam
1713 2721 1938 2770 requisitae,
1962 2725 2002 2760 et
2030 2722 2200 2772 aliquod

1164 2789 1344 2835 tempus,
1371 2783 1483 2833 quod
1502 2781 1749 2832 regulariter
1768 2785 1901 2832 potest
1918 2782 2056 2831 quoad
2076 2782 2200 2821 mini-

1162 2857 1275 2884 mum
1299 2856 1392 2883 esse
1413 2844 1712 2889 necessarium,
1737 2855 1812 2894 per
1842 2843 1957 2893 leges
1981 2843 2198 2882 Societatis

1162 2907 1435 2946 determinata
1457 2909 1552 2944 sunt
1563 2916 1575 2954 ;
1592 2909 1634 2943 at
1652 2917 1749 2943 vero
1770 2903 2078 2943 circumstantia
2092 2909 2205 2943 tem·

1161 2969 1272 3020 poris
1312 2967 1450 3018 quoad
1491 2967 1720 3005 maximum
1768 2966 1992 3005 terminum
2027 2967 2196 3005 omnino

1160 3028 1391 3081 praefixum,
1410 3028 1508 3079 quia
1530 3028 1682 3079 pendet
1710 3039 1760 3066 ex
1776 3027 1900 3066 variis
1926 3026 2198 3066 circumstan-

1160 3092 1240 3138 tiis,
1264 3103 1342 3130 nec
1371 3089 1530 3137 debuit,
1553 3102 1631 3129 nec
1662 3088 1882 3128 commode
1900 3089 2031 3139 potuit
2060 3088 2201 3129 deter-

1161 3153 1323 3192 minari.

1210 3215 1277 3254 23.
1305 3213 1374 3254 Ad
1402 3213 1564 3253 tertium
1592 3213 1754 3252 ductum
1783 3223 1831 3252 em
1857 3210 2114 3251 incommodis
2152 3210 2201 3248 inl

1157 3288 1266 3317 num.
1286 3278 1325 3315 3.
1344 3297 1397 3304 —
1410 3275 1473 3315 Ad
1491 3275 1606 3313 aliud
1625 3286 1722 3313 vero
1753 3285 1803 3313 ex
1831 3273 2106 3312 incommodis
2125 3270 2197 3308 de-

1161 3342 1388 3390 sumptum,
1410 3337 1614 3388 imprimis
1632 3337 1721 3387 jam
1741 3339 1953 3374 ostensum
1976 3338 2051 3374 est.
2074 3343 2138 3379 ea,
2161 3331 2197 3369 si

1160 3412 1251 3451 quae
1269 3404 1379 3448 sunt,
1390 3411 1472 3438 non
1488 3397 1773 3467 evitaiiposita
1785 3397 1878 3448 lege
1893 3392 2194 3434 determinante

1159 3465 1324 3514 tempus
1359 3461 1601 3507 maximum,
1626 3460 1703 3499 nisi
1741 3459 1833 3498 talis
1858 3460 1967 3496 esset
1999 3454 2080 3500 1611,
2102 3463 2196 3503 quae

1159 3525 1290 3563 multa
1305 3524 1464 3575 majora
1481 3523 1653 3562 haberet
1669 3517 1946 3563 incommoda,
1971 3518 2012 3554 et
2037 3510 2195 3552 nullam

1160 3584 1332 3626 haberet
1358 3574 1727 3636 dispensationem.
1748 3581 1889 3630 Neque
1907 3577 1953 3616 in
1970 3575 2098 3617 rebus
2114 3576 2192 3616 hu-
