2352 3880
145 285 187 323 et
206 271 300 321 cum
321 292 370 320 eo
397 279 562 330 reliqui,
581 279 924 324 considerandam
953 292 1044 320 esse
1065 280 1176 320 radi-

144 354 232 384 cem
254 340 457 386 infamiae;
477 352 574 378 nam
592 340 686 378 oriri
701 341 834 391 potuit
853 353 904 379 ex
922 340 1016 390 odio
1037 345 1077 381 et
1098 340 1176 380 ini-

144 404 295 443 micitia
329 401 518 452 alicujus,
554 402 619 441 vel
653 413 703 441 ex
732 402 891 442 levibus
925 402 1101 451 indiciis,
1133 405 1176 444 et

143 464 252 514 vulgi
273 463 507 514 suspicione
525 475 572 502 ac
593 463 816 511 locutione,
836 468 876 503 et
891 467 989 503 tunc
1008 477 1091 503 non
1113 467 1175 504 est

142 536 240 564 vera
276 524 462 570 infamia,
499 524 598 574 quia
626 537 711 563 non
747 529 881 576 potest
915 526 1078 577 probari
1100 539 1174 578 per

141 586 377 637 opinionem
398 586 653 638 generalem,
673 599 800 638 quare
822 588 854 626 si
875 587 926 627 de
946 588 1016 627 tali
1035 589 1173 628 radice

141 651 323 695 constet,
354 660 436 686 non
463 648 636 688 sufficiet
671 649 724 687 ad
749 649 1068 699 inquirendum,
1100 650 1175 689 sed

141 714 303 760 oportet
323 714 368 749 ut
387 711 580 761 suspicio,
603 722 693 761 quae
715 711 925 761 generavit
945 711 1171 760 infamiam,

139 782 188 810 ex
204 771 315 822 justa
336 776 374 811 ei
404 772 605 823 probabili
625 785 750 811 causa
770 772 1031 823 processerit,
1054 777 1094 811 et
1112 773 1174 811 in-

141 837 202 873 ter
233 834 386 884 probos
409 838 449 874 et
473 848 556 874 non
590 840 803 885 suspectos
826 834 1017 873 homines
1046 834 1175 873 divul-

139 900 233 948 gata
260 897 323 944 sit,
354 902 399 936 ut
422 910 472 936 ex
502 898 619 936 dictis
650 897 837 947 capitulis
869 897 1171 948 Inquisitionis‚

139 961 179 997 et
203 958 386 1004 Qualiter
405 963 442 998 et
463 959 630 1009 quando,
646 959 693 1003 2,
713 961 854 1007 aperte
871 958 1090 1007 colligitur.

189 1021 257 1060 26.
289 1021 464 1060 Dubium
490 1020 702 1058 secundum
728 1019 836 1059 circa
855 1021 1022 1059 eamdem
1045 1031 1174 1061 asser·

137 1081 488 1126 t2'0nem.-Quaeri
505 1081 687 1118 secundo
702 1085 839 1131 potest
858 1081 963 1119 circa
983 1083 1173 1121 eamdem

138 1142 363 1181 secundam
405 1143 715 1180 conclusionem
730 1172 739 1190 ‚
779 1143 986 1193 quomodo
1024 1144 1173 1184 debeat

134 1204 259 1255 judici
283 1203 334 1241 de
355 1202 526 1241 infamia
548 1209 752 1250 constare,
769 1208 814 1242 ut
833 1207 930 1242 tnnc
947 1205 1173 1255 possitjus-

136 1269 177 1304 te
197 1265 425 1315 inquirere;
450 1269 520 1303 aut
548 1265 657 1303 enim
678 1264 803 1303 debet
837 1267 1027 1303 constare
1046 1266 1087 1303 in
1103 1267 1170 1316 ju-

138 1325 259 1372 dicio,
281 1326 343 1366 vel
365 1331 501 1372 extra;
522 1327 553 1364 si
573 1326 614 1364 in
638 1326 807 1376 judicio,
829 1327 1102 1376 procedemus
1131 1328 1173 1366 in

138 1387 356 1431 infinitum,
377 1388 487 1426 unde
507 1388 618 1426 enim
637 1387 737 1425 iliud
759 1388 871 1425 aliud
886 1388 1086 1438 judicium
1107 1390 1173 1427 in—

137 1449 285 1499 cipiet?
302 1450 506 1500 oportebit
525 1450 634 1488 enim
657 1449 735 1487 alia
762 1449 930 1487 infamia
950 1451 1171 1501 praecedat,

134 1510 288 1560 alioqui
322 1524 404 1550 non
426 1511 575 1562 poterit
599 1523 649 1549 ex
671 1511 802 1549 officio
821 1511 949 1561 judex
976 1513 1173 1551 inchoare

135 1584 398 1622 processum;
429 1573 462 1610 si
496 1577 635 1611 autem
673 1573 820 1610 sufficit
844 1577 885 1610 ut
917 1577 1029 1611 extra
1062 1573 1174 1623 judi-

136 1638 247 1672 cium
280 1638 574 1681 coenoscatur,
597 1634 801 1672 accusatio
835 1637 946 1671 extra
971 1634 1169 1684 judicium

137 1694 241 1733 facta
275 1695 447 1733 sntiiciet
483 1695 535 1733 ad
570 1694 874 1745 procedendum
915 1695 967 1732 ad
996 1695 1173 1733 interro-

136 1756 317 1807 gandum
342 1769 456 1795 reum
479 1756 544 1794 vel
563 1760 688 1794 testes
702 1755 966 1806 judicialiter,
984 1757 1094 1806 quod
1112 1761 1172 1796 est

136 1818 300 1857 falsum.
317 1818 494 1868 Sequela
511 1830 607 1856 vero
626 1822 749 1868 patet,
768 1817 862 1867 quia
884 1817 989 1854 fama
1010 1818 1172 1868 supplet

135 1880 267 1918 vicem
291 1879 556 1919 accusatoris.
580 1880 679 1917 Item
703 1883 765 1917 est
795 1878 1016 1916 similitudo
1046 1879 1171 1918 ratio-

138 1942 213 1986 nis,
233 1941 327 1991 quia
350 1943 507 1991 privata
523 1941 665 1979 notitia
685 1952 768 1978 non
783 1939 945 1978 videtur
963 1940 1172 1979 sufficiens

137 2002 188 2040 ad
211 2002 489 2040 exercendum
519 2001 696 2039 officium
720 2001 869 2049 judicis
899 2005 938 2037 ul
962 2001 1032 2040 sio.
1058 2001 1171 2040 Circa

137 2064 214 2101 boc
241 2063 437 2113 Angelus,
456 2062 570 2101 verb.
594 2060 829 2113 Inquisitio,
850 2073 964 2099 num.
985 2065 1025 2110 4,
1049 2063 1172 2101 sentit

136 2125 415 2163 necessarium
452 2135 570 2169 esse,
604 2127 650 2161 ut
681 2122 848 2160 infamia
880 2122 1091 2161 deseratur
1118 2122 1173 2162 ad

132 2186 329 2238 judicem,
350 2190 395 2224 ut
415 2185 465 2223 de
486 2185 553 2222 illa
572 2184 703 2235 primo
725 2182 902 2234 juridice
932 2189 1167 2235 cognoscat,

137 2251 177 2286 et
197 2260 311 2285 num.
341 2249 365 2286 2
386 2246 441 2284 ait
462 2251 654 2297 oportere
679 2249 724 2283 ut
744 2245 852 2282 fama
878 2245 1089 2284 deferatur
1117 2247 1172 2286 ad

132 2309 317 2360 judicem
339 2308 553 2346 sedentem
583 2319 658 2358 pro
681 2306 891 2353 tribunali,
914 2307 1091 2358 citatque
1107 2309 1173 2359 ju-

133 2370 191 2410 ris
214 2371 386 2421 peritos;
409 2369 483 2408 sed
504 2370 581 2407 hoc
607 2381 689 2407 non
710 2371 843 2418 potest
870 2368 910 2406 in
934 2371 1172 2410 universum

134 2432 316 2483 probari,
337 2435 383 2470 ut
402 2432 557 2470 notavit
576 2430 768 2480 Sylvest.,
792 2429 907 2468 verb.
931 2430 1171 2481 summitto,

135 2495 173 2542 1,
193 2498 337 2544 quest.
358 2495 397 2538 8,
418 2504 534 2531 num.
559 2493 621 2532 Μ,
642 2490 744 2529 alias
766 2502 980 2541 nunquam
1004 2497 1171 2542 possent

134 2555 292 2594 iudices
305 2555 503 2592 inchoare
518 2552 825 2603 inquisitionem
841 2553 1077 2602 specialem,
1092 2555 1169 2595 nisi

135 2618 184 2657 ad
219 2630 246 2668 p
265 2618 461 2655 ·titionem
482 2615 546 2654 vel
573 2614 931 2653 denuntiationem
960 2615 1135 2666 alicujus
1156 2629 1167 2656 τ

134 2678 247 2731 quod
268 2682 328 2717 est
357 2682 499 2716 contra
523 2677 640 2728 jura,
661 2680 701 2716 et
725 2680 867 2715 contra
885 2676 1042 2715 bonum
1062 2677 1170 2730 regi-

133 2751 232 2781 men
254 2740 515 2785 lteipnblicae.

185 2805 210 2840 ΕΞ
223 2806 233 2838 i
242 2833 249 2840 .
275 2801 500 2852 Adoeqaata
519 2800 627 2839 dubii
647 2799 862 2852 responsio.
880 2801 1053 2840 —Illud
1070 2814 1167 2854 ergo

135 2862 261 2900 habet
287 2864 432 2907 iocum,
464 2861 631 2912 quando
651 2860 764 2900 sarna
784 2873 858 2911 per
879 2863 1073 2912 seipsam,
1095 2877 1170 2903 seu

135 2923 292 2962 clamor
320 2923 408 2974 ejus
438 2935 521 2961 non
555 2924 740 2973 pervenit
772 2922 824 2960 ad
852 2935 977 2963 aures
999 2924 1167 2974 judicis,

136 2996 181 3025 se
242 2996 273 3023 u
291 2997 351 3021 ins
390 2985 453 3022 vel
490 2985 595 3022 alius
633 2984 692 3022 illi
722 2984 968 3023 denuntiant
1005 2985 1168 3025 Petrum

136 3058 227 3087 esse
262 3044 506 3084 infimatum
537 3046 589 3084 de
625 3044 696 3084 tali
729 3045 903 3093 delicto;
937 3051 1034 3086 tunc
1057 3049 1168 3087 enim

133 3108 374 3163 priusquam
398 3106 449 3144 de
473 3106 541 3144 illo
563 3107 771 3156 inquirere
793 3106 975 3157 incipiat,
997 3120 1168 3148 necesse

134 3174 197 3211 est
230 3173 272 3207 ut
305 3167 470 3206 infamia
499 3167 672 3218 juridice
698 3167 920 3217 probetur;
951 3169 1048 3219 quia
1073 3182 1168 3208 cum

134 3233 326 3281 respectu
340 3228 491 3280 judicis
510 3241 583 3279 per
603 3240 646 3266 se
667 3240 750 3265 non
772 3231 823 3267 sit
842 3229 1020 3279 publica,
1043 3243 1167 3281 opor—

135 3295 196 3334 tet
213 3296 259 3332 ut
281 3302 350 3342 [θ’
370 3291 576 3342 publicam
595 3290 882 3341 probationem
903 3291 954 3330 de
977 3291 1045 3330 illa
1068 3304 1165 3331 con-

137 3359 230 3395 stet.
262 3354 390 3392 ethoc
412 3353 561 3402 probat
578 3352 684 3391 ratio
706 3351 829 3399 facta,
856 3351 1053 3402 idemque
1075 3365 1167 3392 sen-

136 3416 183 3455 tit
201 3416 367 3462 Navar„
392 3413 487 3453 dict.
513 3413 702 3452 corollar.
726 3414 793 3460 63,
815 3413 856 3450 in
870 3413 942 3453 fin.
965 3414 1048 3454 Nec
1068 3418 1168 3454 tunc

138 3476 323 3527 sequitur
340 3487 559 3527 processus
580 3476 623 3514 in
642 3475 864 3522 infinitum,
886 3475 984 3526 quia
1006 3476 1168 3516 initium

138 3542 234 3580 tunc
259 3541 433 3579 sumitur
451 3551 476 3578 a
497 3539 564 3579 via
584 3537 909 3578 denuntiationis
922 3567 935 3586 ,
956 3551 1039 3577 non
1059 3552 1082 3577 a
1100 3541 1168 3579 via

137 3599 434 3650 inquisitionis;
460 3602 502 3641 et
531 3600 590 3640 ita
619 3601 753 3652 prima
781 3611 920 3649 causa,
947 3611 1040 3652 quae
1067 3604 1167 3642 tunc

415 215 492 250 Lm.
515 215 556 249 X.
580 215 635 248 ΒΕ
653 197 851 252 Bm
871 213 1122 257 sociamus,
1145 216 1199 253 ΕΤ
1219 211 1535 259 CONSEQOENTER
1555 218 1611 253 D!
1629 215 1841 257 mimam
1859 220 1966 260 ms,

1229 285 1440 330 tractatur,
1463 295 1550 322 non
1568 287 1630 323 est
1649 283 1734 323 de
1722 295 1813 335 ipso
1824 285 1995 336 delicto,
2017 289 2106 331 sed
2113 282 2222 340 ὃν

1227 346 1353 385 famia
1376 345 1527 393 delicti,
1551 358 1604 384 an
1626 346 1692 395 sit,
1717 358 1874 396 necne;
1900 350 2026 392 stilla
2048 354 2222 395 sufficia
2232 371 2260 391 r
2296 298 2319 378 ivn-:⁴

1227 411 1287 446 ter
1309 407 1481 458 probata
1494 407 1699 458 juridice,
1726 406 1869 459 incipit
1887 408 2093 462 inquisitio
2111 416 2163 455 de
2182 413 2265 457 do-
2308 456 2309 459 ,

1228 468 1339 515 licto,
1362 468 1412 508 de
1430 480 1511 519 quo
1531 468 1735 507 videndus
1754 469 1947 520 Sylvest„
1965 473 2257 526 Inquisitio,2;
2251 470 2295 522 ''jr

1228 530 1322 569 dict.
1342 531 1393 573 5:
1427 530 1641 577 Antonin„
1670 531 1694 569 3
1721 533 1844 580 part„
1876 531 1982 571 titul.
2008 535 2048 573 9.
2081 538 2132 577 At
2155 550 2254 578 vero
2278 566 2285 574 l.

1228 591 1435 630 interdum
1454 592 1563 630 fama
1579 603 1655 642 per
1673 591 1851 642 seipsam
1868 594 2122 644 pervenitad
2134 610 2313 642 aures-,¹

1230 653 1401 699 Praelati,
1438 657 1478 692 et
1509 653 1660 692 clamat
1692 657 1834 692 contra
1865 666 2013 704 reum;
2045 660 2086 695 et
2108 657 2160 697 de
2177 658 2270 707 hac,
2294 663 2299 673 ’·

1228 715 1453 764 loquuntur
1477 714 1734 764 frequentius
1759 715 1855 765 jura
1881 716 2018 763 citata,
2047 728 2138 767 quae
2163 710 2312 769 pro-ff

1228 781 1370 827 pterea
1390 788 1484 815 cum
1505 775 1676 814 infamia
1703 777 1961 828 conjungunt
1987 769 2317 823 clamorosamff³⁵

1226 838 1567 877 insinuationem.
1615 838 1729 876 Tunc
1762 850 1860 888 ergo
1898 851 1981 878 non
2020 845 2181 891 oportet
2213 830 2309 890 ntis

1229 899 1434 950 praecedat
1447 898 1653 949 judicialis
1673 899 1859 949 probatio
1880 900 2078 948 infamiae,
2103 906 2148 941 ut
2167 889 2305 954 sen-⁸2¹¹*

1229 962 1276 1000 tit
1295 962 1389 1012 Sylv
1394 966 1516 1008 ester,
1537 963 1577 999 et
1595 965 1707 999 tenet
1722 962 1928 1000 Navarrus
1945 967 1984 1000 et
2002 962 2086 1010 alii,
2108 967 2148 1002 et
2165 975 2303 1015 pro-

1228 1023 1298 1065 bat
1330 1024 1452 1074 plane
1487 1022 1591 1061 ratio
1623 1022 1745 1071 facta,
1781 1023 1878 1074 quia
1914 1023 2015 1062 alias
2044 1036 2277 1078 nunquam
2275 1028 2300 1065 ’ζ

1228 1088 1367 1136 posset
1393 1084 1618 1123 Praelatus
1608 1085 1792 1135 incipere
1821 1096 1870 1124 ex
1897 1085 2029 1124 officio
2049 1085 2102 1124 ab
2123 1086 2285 1139 inqui·
2278 1107 2311 1118 w

1229 1147 1373 1186 sitione
1396 1147 1521 1196 speci
1513 1146 1578 1184 ι1ἱ.
1599 1147 1716 1185 Ratio
1738 1158 1834 1185 vero
1862 1158 1885 1184 a
1907 1147 2031 1197 priori
2053 1152 2130 1195 est,
2160 1147 2297 1199 quia

1226 1208 1270 1246 in
1290 1208 1465 1258 publicis
1492 1211 1532 1245 et
1551 1206 1811 1246 evidentibus
1830 1219 1914 1245 non
1941 1211 2002 1247 est
2027 1206 2279 1250 necessaria

1228 1269 1416 1320 specialis
1448 1268 1664 1319 probatio3
1699 1272 1796 1307 tunc
1830 1273 1968 1308 autem
1998 1269 2168 1308 infamia
2197 1270 2296 1310 est

1228 1342 1304 1382 per
1323 1343 1366 1370 se
1388 1330 1554 1369 evidens
1575 1334 1615 1367 et
1635 1329 1822 1380 publica,
1846 1334 1887 1369 et
1905 1330 1999 1369 ideo
2020 1343 2103 1369 non
2122 1335 2185 1369 est
2204 1330 2257 1370 si-
2284 1355 2286 1359 -

1228 1392 1350 1440 mile,
1387 1392 1496 1442 quod
1532 1392 1783 1430 afferebatur
1815 1391 1865 1430 de
1901 1394 2058 1442 privata
2093 1402 2256 1432 accusa-

1229 1455 1365 1500 tione3
1399 1452 1568 1491 infamia
1598 1453 1707 1490 enim
1737 1453 1887 1491 clamat
1916 1458 1956 1492 et
1988 1459 2155 1492 accusat
2182 1465 2258 1505 pu-

1228 1514 1358 1562 blice,
1395 1518 1433 1552 et
1453 1514 1545 1552 ideo
1567 1525 1642 1563 per
1664 1525 1709 1552 se
1736 1513 1884 1553 sufficit
1906 1513 1960 1553 ad
1983 1513 2259 1555 inchoandam

1229 1575 1553 1625 inquisitionem.

1281 1636 1346 1674 28.
1380 1636 1554 1676 Interest
1571 1636 1679 1676 inter
1694 1636 1919 1677 Pmtatum
1944 1640 1979 1677 et
2002 1638 2087 1688 ejzcs
2107 1637 2261 1691 deleqa-
2332 1676 2340 1691 2

1229 1701 1313 1738 tum
1331 1698 1376 1736 in
1402 1699 1634 1748 inquio-endo
1654 1698 1698 1737 de
1724 1699 1910 1746 infamia.
1933 1721 1984 1726 —
2008 1699 2125 1738 Unde
2145 1698 2204 1745 fit,
2227 1698 2260 1737 si
2289 1699 2307 1747 22'

1229 1758 1425 1796 Praelatus
1446 1757 1677 1797 ordinarios
1695 1770 1745 1798 ex
1766 1759 1900 1797 officio
1916 1759 2111 1809 procedat
2130 1759 2212 1798 ad
2201 1771 2261 1799 m-
2306 1755 2307 1758 ’
2325 1773 2342 1813 .‘'.

1228 1818 1519 1870 quisitionem,
1541 1822 1638 1858 satis
1661 1832 1752 1859 esse
1771 1821 1882 1871 quod
1903 1821 1956 1859 sit
1975 1826 2112 1859 certus
2130 1821 2181 1859 de
2200 1811 2264 1860 in-'
2329 1825 2341 1873 ‚j

1227 1880 1378 1928 famia,
1409 1884 1450 1919 et
1469 1885 1566 1919 tunc
1595 1893 1669 1919 sua
1700 1882 1928 1921 assertione
1949 1883 2198 1921 sufficienter
2213 1882 2261 1921 11-
2293 1904 2301 1911 -=
2330 1879 2342 1922 ἶ-

1226 1942 1309 1981 lam
1330 1941 1476 1992 probet
1504 1946 1545 1980 et
1573 1942 1800 1981 confirmet.
1842 1943 2098 1993 Quapropter
2117 1944 2148 1982 si
2169 1955 2258 1983 mu·
2323 1949 2342 1982 f·

1226 2001 1551 2052 nusinquirendi
1567 2002 1730 2053 deleget
1747 2003 1878 2050 alteri,
1897 2004 2107 2042 instruens
2125 2005 2256 2054 illum,
2294 2002 2310 2064 j
2337 2014 2341 2058 j

1227 2068 1267 2103 et
1288 2064 1496 2102 affirmans
1523 2063 1598 2102 sibi
1626 2068 1817 2103 constare
1846 2066 2011 2104 Petrum
2039 2077 2129 2104 esse
2155 2066 2258 2106 infa-
2294 2067 2313 2114 ‘ij
2339 2101 2341 2107 .

1226 2129 1382 2164 matum
1395 2125 1445 2163 de
1458 2124 1524 2163 tali
1537 2125 1702 2171 delicto,
1712 2126 1751 2164 id
1763 2126 1861 2164 satis
1872 2131 1980 2164 esset
1994 2130 2035 2167 ut
2047 2125 2261 2178 delegatus
2296 2118 2311 2157 3¹³
2330 2114 2342 2140 ⁷⁹

1225 2188 1351 2238 possit
1371 2186 1607 2226 immediate
1622 2187 1823 2238 incipere,
1846 2187 2093 2238 inquirendo
2114 2189 2154 2226 in
2170 2199 2260 2239 spe-
2292 2186 2305 2242 ‚j

1226 2248 1318 2287 ciali
1336 2247 1387 2286 de
1406 2247 1554 2286 delicto
1569 2248 1663 2285 talis
1679 2259 1890 2297 personat,
1914 2260 1996 2286 non
2014 2249 2259 2299 inquirendo
2290 2277 2295 2279 Α
2331 2260 2341 2270 “

1228 2310 1279 2351 de
1297 2309 1481 2352 infamia,
1504 2321 1582 2349 nec
1602 2310 1889 2360 probationem
1906 2310 1995 2361 ejus
2010 2311 2260 2364 investigan-
2287 2315 2311 2364 ιζ]
2330 2310 2341 2356 ,ἶ

1227 2372 1304 2411 do:
1326 2370 1437 2422 qno-:l
1451 2375 1591 2409 tamen
1608 2371 1745 2410 facere
1761 2383 1845 2410 non
1866 2377 2020 2422 posset,
2043 2373 2078 2411 si
2096 2373 2261 2425 delega-
2287 2377 2295 2388 ⁴

1226 2434 1282 2473 tio
1305 2431 1543 2485 simpliciter
1562 2434 1670 2471 facta
1690 2432 1850 2478 fuisset,
1879 2437 1918 2472 et
1939 2433 2140 2485 delegans
2159 2434 2260 2474 nihil

1226 2495 1278 2534 de
1298 2494 1464 2533 infamia
1486 2494 1758 2542 affirmassem
1786 2497 1886 2534 tunc
1919 2496 2028 2533 enim
2053 2498 2262 2546 oporteret
2287 2541 2291 2549 Ι
2337 2542 2339 2547 A

1227 2555 1464 2607 delegatum
1479 2555 1673 2594 inchoare
1694 2556 1747 2596 ab
1765 2556 2032 2607 inquisitione
2049 2556 2228 2598 infamiae
2245 2586 2257 2606 ,
2288 2598 2289 2601 ,
2311 2575 2335 2605 gf

1224 2617 1302 2657 nisi
1338 2620 1450 2656 tanta
1486 2617 1554 2655 illa
1588 2621 1719 2665 esset,
1749 2622 1797 2657 ut
1824 2631 1899 2670 per
1931 2630 1976 2657 se
2007 2620 2131 2658 etiam
2162 2621 2257 2660 nota
2286 2646 2289 2650 -

1226 2681 1335 2719 esset
1352 2683 1393 2718 et
1410 2675 1579 2718 evidens
1599 2679 1791 2730 delegato
1811 2692 1820 2725 3
1847 2681 1904 2726 ut,
1926 2681 2039 2719 verbi
2059 2681 2206 2731 gratia,
2224 2680 2257 2721 si

1225 2742 1556 2780 committeretur
1580 2741 1773 2780 delictum
1803 2740 2093 2791 inquirendum
2119 2742 2160 2780 in
2185 2742 2256 2782 tali

1226 2803 1332 2849 loco,
1356 2806 1395 2842 et
1418 2802 1635 2853 delegatus
1653 2801 1706 2840 ad
1725 2802 1839 2840 illum
1857 2802 1990 2840 locum
2014 2803 2256 2853 perveniens
2286 2825 2296 2860 ί
2338 2846 2340 2856 ζ

1225 2864 1362 2904 statim
1386 2864 1630 2911 intelligeret
1658 2874 1733 2913 per
1754 2862 1964 2914 publicum
1986 2877 2195 2904 rumorem
2216 2868 2256 2905 et
2300 2896 2302 2900 .
2332 2859 2335 2891 ἶ

1224 2936 1457 2965 sermonem
1478 2924 1697 2962 multorum
1719 2925 1882 2964 Petrum
1901 2937 1992 2964 esse
2014 2926 2254 2967 infamatum
2332 2923 2339 2961 ·{

1223 2987 1276 3027 de
1294 2987 1362 3024 tali
1384 2985 1550 3032 delicto,
1572 2987 1709 3025 statim
1731 2990 1869 3037 posset
1883 2987 2092 3037 inquirere
2112 2988 2164 3027 de
2183 2987 2255 3028 de·
2331 2991 2339 3001 “

1223 3048 1331 3096 licto,
1354 3052 1393 3087 et
1413 3047 1464 3087 de
1486 3061 1662 3099 persona
1680 3061 1689 3096 ;
1721 3049 1833 3100 quod
1850 3049 2083 3088 insinuatur
2099 3050 2140 3088 in
2161 3060 2252 3102 cap.

1224 3109 1318 3151 Cum
1336 3114 1526 3161 oporteat,
1537 3110 1588 3150 de
1601 3111 1915 3150 Accusationibu
1922 3123 1956 3159 s,
1969 3111 2036 3150 ubi
2048 3123 2182 3151 sermo
2193 3111 2282 3152 est

1222 3170 1274 3210 de
1289 3172 1428 3222 judice
1449 3172 1638 3224 delegato
1654 3202 1663 3220 ,
1691 3176 1732 3212 et
1751 3173 1808 3211 illi
1829 3173 1977 3212 dicitur
1993 3186 2002 3212 :
2018 3174 2120 3216 Nisi
2138 3180 2265 3225 super

1221 3235 1427 3286 praedictis
1452 3236 1608 3283 lamam
1632 3236 1762 3285 ipsius
1780 3235 1916 3275 loesam
1935 3247 2018 3275 esse
2041 3235 2282 3284 noverim,

1222 3306 1290 3334 vos
1311 3296 1363 3335 ad
1380 3296 1676 3347 inquisicionem
1702 3296 1816 3336 illius
1834 3309 1912 3336 non
1927 3296 2056 3336 subito
2070 3293 2271 3347 proceda-

1222 3355 1276 3395 tis
1289 3373 1306 3402 ,·
1328 3368 1427 3407 ergo
1445 3357 1478 3395 si
1497 3357 1676 3396 novisset
1697 3357 1850 3396 famam
1871 3369 1958 3396 esse
1975 3357 2116 3396 laesam
2131 3385 2141 3402 ,
2162 3358 2253 3402 ,εἱα-

1222 3418 1295 3455 tim
1315 3419 1540 3469 procedere
1560 3424 1711 3470 posset.
1731 3419 1874 3469 Neque
1893 3419 1947 3458 ibi
1964 3418 2192 3469 postula-tur
2204 3416 2277 3456 ut

1221 3541 1374 3581 tionem
1394 3542 1436 3581 in
1463 3542 1557 3592 illo;
1587 3543 1735 3582 sufficit
1755 3554 1855 3596 ergo
1873 3541 1988 3593 quod
2010 3539 2068 3580 sit
2083 3537 2235 3590 publi
2255 3169 2339 3741 ³
2338 3512 2340 3521 ‚

2252 3734 2255 3747 ²
2302 3757 2313 3803 τ

1222 3479 1290 3518 illa
1322 3481 1464 3520 notitia
1494 3481 1546 3520 sit
1571 3493 1647 3533 per
1675 3481 1787 3520 aliud
1807 3480 2007 3533 judicium
2033 3481 2075 3518 et
2101 3475 2273 3529 proba-

1221 3606 1262 3643 et
1280 3603 1495 3644 moraliter
1514 3604 1697 3645 evidens.
1967 3627 1970 3631 ›
2219 3614 2243 3643 '-
