2352 3880
95 258 141 317 ᾗ
199 267 280 309 911

199 341 366 389 scilicet,
375 350 423 379 ne
430 330 632 388 ⁸iudicium
649 342 675 371 a
687 327 902 370 reservatis
918 326 1141 370 absolvendi
1151 338 1239 368 con-

198 401 389 453 fessariis
405 395 580 439 absolute
595 391 865 443 relinquatur,
883 389 987 429 utin
1007 389 1149 428 eodem
1169 388 1193 441 ἓ
1212 388 1241 429 3

199 462 377 505 dicitur;
395 459 462 499 sed
479 456 598 496 liceat
617 453 723 493 inter
726 453 817 492 dum
838 450 1054 501 Superiori
1076 462 1149 502 pro
1167 462 1238 490 ra-

198 521 300 562 tione
313 522 380 562 sui
396 517 522 571 officii
537 514 764 567 hujusmodi
778 513 1013 562 facultatem
1030 513 1234 563 deneqarc,

196 582 308 622 iniis
325 581 497 624 casibus,
517 577 562 617 in
588 575 728 628 quibus
748 576 914 622 constat.
927 573 1055 623 juxta
1071 584 1130 620 ea,
1149 584 1237 624 quoe

197 643 388 683 Doctores
405 641 556 686 dicunt,
577 639 615 678 et
633 637 808 677 discreta
828 635 1010 675 charitas
1029 635 1149 680 docet,
1163 634 1237 673 hu-

189 704 370 756 jusmodi
390 698 594 742 licentiam
613 708 694 737 esse
726 696 1006 744 deneqandam.
1031 693 1134 732 Illud
1163 694 1236 733 de-

196 765 322 816 nique
342 764 386 802 in
411 762 520 801 dicto
554 759 715 797 decreto
743 756 956 795 observare
975 754 1085 800 licet,
1108 755 1234 794 etiam

195 836 294 864 cum
310 824 380 863 illa
396 820 561 862 licentia
580 817 714 857 danda
733 821 806 864 est,
826 827 908 854 non
933 815 1024 865 cogi
1044 815 1232 865 Superio-

194 896 282 924 rem
299 885 397 923 dare
429 879 562 928 illam,
583 878 647 917 vel
666 876 901 928 generalem
931 887 1004 927 pro
1034 875 1232 915 electione

194 944 452 999 poenitentis,
473 941 537 981 vel
555 938 845 991 particularem
873 949 947 988 pro
966 936 1038 975 tali
1058 949 1232 988 persona

193 1007 248 1047 ab
282 1008 369 1058 ipso
390 1003 615 1056 poenitente
649 998 892 1048 designata;
917 1010 1017 1037 nam
1043 999 1231 1038 Pontifex

193 1067 283 1108 vult
319 1074 526 1118 personas,
551 1058 701 1111 quibus
737 1059 871 1097 danda
903 1063 978 1103 est
1011 1071 1096 1098 esse
1130 1059 1233 1098 desi-

188 1128 377 1180 gnandas
395 1138 419 1163 a
439 1122 654 1173 Superiore
671 1120 774 1171 ipso,
793 1124 834 1158 et
850 1119 1053 1169 significat
1071 1120 1233 1170 regula-

190 1189 290 1228 riter
309 1184 600 1225 remittendam
621 1193 706 1220 esse
726 1181 785 1219 illi
806 1192 1004 1231 personae,
1019 1193 1110 1231 quae
1128 1180 1234 1231 gerit

191 1249 372 1288 officium
413 1244 611 1284 ordinarii
646 1242 887 1281 confessoris
925 1243 1014 1292 ejus
1049 1253 1232 1293 personae

190 1322 282 1362 quae
302 1320 439 1347 casum
467 1305 593 1344 habet
620 1308 888 1343 reservatum.
914 1303 1016 1352 Imo,
1038 1304 1234 1355 supponit

189 1371 402 1410 licentiam
438 1367 547 1406 hanc
579 1378 653 1418 per
685 1365 923 1416 hujusmodi
959 1365 1232 1404 confessorem

188 1443 274 1471 esse
309 1443 335 1470 a
371 1429 591 1479 Superiore
621 1427 854 1477 petendam,
873 1430 913 1465 et
934 1438 1008 1477 pro
1042 1425 1112 1464 illo
1148 1437 1234 1466 esse

190 1492 369 1531 dandam
391 1503 414 1528 a
431 1489 662 1540 Superiore,
679 1487 842 1538 quando
859 1487 1050 1538 expedire
1063 1487 1152 1525 dari
1170 1487 1235 1538 J‘u·

190 1552 366 1591 dicatum
390 1551 542 1596 fuerit}
567 1549 638 1600 qui
667 1549 810 1587 modus
831 1552 890 1587 est
925 1548 1043 1587 valde
1073 1549 1235 1588 ordina·

189 1616 271 1660 tus,
292 1617 332 1651 et
349 1613 378 1650 si
397 1611 639 1663 poenitentes
655 1609 771 1648 illum
789 1617 1013 1657 servarent,
1030 1609 1146 1648 facile
1158 1610 1234 1648 Su-

188 1674 370 1725 periores
388 1673 467 1710 illis
499 1672 813 1721 acquiescerent.
835 1671 1005 1717 Quando
1025 1683 1122 1709 vero
1143 1670 1233 1708 sub-

189 1734 263 1773 diti
283 1734 391 1772 hanc
412 1733 664 1779 facultatem,
685 1744 757 1783 per
778 1731 878 1770 alios
899 1732 1143 1777 sacerdotes,
1167 1730 1235 1770 vel

188 1808 262 1847 pro
280 1796 370 1834 aliis
387 1808 458 1834 suo
482 1794 649 1834 arbitrio
668 1797 828 1844 petunt,
851 1806 934 1832 non
965 1797 1131 1832 tenetur
1151 1793 1231 1831 Su-

187 1857 323 1908 perior
344 1857 480 1894 statim
497 1854 833 1900 condescendere,
855 1854 924 1892 sed
958 1854 1073 1892 facile
1099 1855 1234 1904 potest

186 1917 312 1956 talem
333 1916 569 1955 facultatem
582 1928 749 1965 negare,
768 1915 833 1953 vel
852 1920 974 1966 prout
985 1915 1233 1955 conveniens

185 1977 447 2028 judicaverit,
470 1989 560 2014 eam
585 1976 802 2014 moderari.

243 2039 310 2077 10.
339 2037 498 2077 Promis
516 2036 733 2075 Societatis
754 2037 863 2071 eirca
888 2037 1093 2082 petendam
1111 2036 1230 2076 licen-

190 2099 290 2140 tiam
325 2110 351 2138 a
380 2095 617 2141 confessario
644 2093 892 2146 poenitentis.
916 2093 1070 2132 —Hoc
1102 2098 1230 2143 igitur

189 2163 248 2198 est
275 2159 344 2209 jus
371 2156 616 2207 regulariter
649 2154 953 2192 observandum
987 2154 1093 2192 circa
1124 2154 1231 2193 hanc

187 2220 523 2261 reservationem.
544 2217 675 2264 Quam
693 2227 790 2254 vero
811 2216 871 2253 illi
891 2219 1162 2254 consentanea
1179 2215 1231 2254 sit

189 2281 327 2332 praxis
351 2279 562 2318 Societatis
577 2308 586 2326 ,
614 2277 733 2316 facile
754 2277 844 2328 quis
863 2277 1067 2327 intelliget
1089 2288 1139 2315 ex
1168 2277 1231 2316 in-

188 2342 413 2382 structione
431 2370 440 2385 ,
463 2350 555 2390 quae
585 2343 646 2377 est
676 2346 789 2377 sexta
817 2350 865 2377 ex
894 2337 1101 2389 impressis
1121 2349 1230 2377 anno

189 2403 316 2450 1606,
342 2413 549 2453 quamque
568 2400 807 2451 Superiores
842 2399 950 2437 circa
979 2399 1056 2437 hoc
1091 2398 1228 2438 obser-

187 2468 301 2502 vant.
319 2463 423 2502 Nam
443 2463 487 2500 in
504 2465 518 2500 1
540 2461 649 2499 illius
663 2460 687 2512 ξ
702 2461 990 2506 admonentur,
1009 2463 1054 2499 ut
1075 2461 1228 2512 quando

189 2526 479 2574 confessarius,
502 2526 623 2564 tacito
655 2523 810 2562 nomine
828 2522 1081 2575 poenitentis,
1103 2533 1128 2561 a
1146 2522 1229 2563 Su-

187 2588 342 2638 periore
369 2586 475 2638 petit
506 2584 746 2634 facultatem
774 2584 1148 2623 absolvendiacasu
1168 2594 1229 2624 re-

189 2651 366 2694 servato,
385 2646 494 2686 nullo
514 2647 624 2686 modo
648 2644 842 2694 Superior
862 2645 1040 2695 difficilis
1060 2656 1141 2684 esse
1165 2645 1230 2685 de·

190 2708 302 2756 beat,
323 2709 390 2748 sed
412 2707 549 2757 facilis
565 2707 701 2757 potius
719 2710 756 2746 et
772 2709 983 2758 promptus
1004 2707 1051 2745 in
1074 2717 1119 2746 ea
1144 2716 1231 2745 con-

191 2771 370 2819 cedenda,
393 2773 468 2808 ete.
490 2769 540 2807 Et
559 2769 603 2805 in
620 2767 644 2819 ξ
664 2769 689 2806 2
711 2767 891 2814 additur,
911 2767 1044 2805 solum
1066 2767 1230 2817 quaudo

189 2829 412 2868 intervenit
435 2829 652 2869 necessitas
682 2827 837 2867 ‘citandi
873 2828 1131 2874 scandalum,
1170 2826 1230 2868 ccl

192 2890 306 2930 aliud
325 2902 447 2941 qrave
466 2891 653 2929 damnum
673 2888 844 2938 colleqii,
860 2899 927 2927 seu
944 2889 1096 2936 domus,
1115 2888 1230 2927 illam

191 2951 335 3000 negari
359 2962 491 3000 posse,
523 2949 652 2987 donec
667 2949 871 2998 poenitens
889 2959 960 2999 per
980 2960 1019 2988 se
1033 2978 1043 2995 ,
1069 2948 1130 2988 eet
1158 2960 1230 2999 per

192 3011 500 3057 confessarium,
519 3008 788 3048 sufficientem
811 3008 999 3047 notitiam
1021 3010 1231 3060 Superiori

193 3070 402 3116 adhibeat3
419 3074 517 3108 tunc
532 3070 644 3108 enim
659 3070 863 3119 poenitens
881 3071 1051 3110 omnino
1067 3075 1231 3112 tenetur

193 3130 300 3170 hanc
316 3131 511 3181 notitiam
541 3129 748 3180 Superiori
779 3129 894 3179 dare,
928 3132 1038 3172 unde
1068 3145 1143 3172 nec
1169 3137 1230 3173 est

193 3194 320 3239 tutus,
354 3203 431 3231 nec
467 3190 564 3230 satis
586 3190 804 3241 dispositus
841 3191 890 3230 ad
912 3193 1226 3244 absolutionem,

193 3253 322 3292 donec
332 3253 453 3304 justae
472 3251 675 3290 voluntati
697 3255 738 3290 et
756 3254 983 3292 necessitati
1001 3255 1228 3306 Superioris

194 3313 240 3353 in
270 3325 318 3353 ea
349 3318 462 3364 parte
484 3312 723 3358 satisfaciat;
747 3314 892 3353 merito
919 3327 1015 3366 ergo
1035 3320 1133 3355 tunc
1156 3328 1228 3368 po·

193 3377 273 3413 test
305 3374 499 3424 Superior
523 3373 649 3412 talem
681 3373 917 3415 facultatem
940 3389 1104 3428 negare.
1123 3378 1224 3427 Imo,

194 3434 290 3476 licet
321 3435 514 3487 obligatio
544 3434 783 3486 poenitentis
817 3437 870 3476 ad
902 3438 1080 3478 dandam
1113 3438 1227 3481 illam

194 3497 386 3536 notitiam
403 3496 627 3548 Superiori,
647 3497 802 3536 seclusa
825 3500 1122 3548 reservatione,
1142 3511 1227 3541 nou

195 3559 249 3597 sit
266 3560 435 3598 omnino
464 3557 572 3597 clara
590 3562 632 3597 et
650 3562 759 3598 certa
778 3588 791 3606 ,
824 3560 859 3597 si
889 3563 1027 3600 tamen
1052 3561 1105 3600 sit
1126 3572 1228 3613 opus

197 3619 368 3675 maioris
390 3619 554 3661 virtutis
582 3622 628 3659 et
653 3619 886 3669 charitatis),
905 3620 950 3663 id
972 3621 1070 3664 satis
1088 3623 1167 3665 erit
1182 3626 1231 3666 ut

582 263 848 300 L13.V111.m?1
866 262 1016 304 uanus,
1039 262 1188 303 QUIBUS
1206 261 1264 297 AD
1285 260 1491 296 moenum
1512 257 1843 304 Psamerlom;
1851 245 1971 312 ᾙΒ

1293 326 1487 378 Superior
1507 327 1617 378 juste
1648 331 1772 379 neget
1791 323 2021 390 licentram,
2066 339 2197 378 ouen

1291 392 1382 428 tens
1413 399 1500 427 rem
1531 392 1662 427 totam
1689 388 1750 428 illi
1781 383 2030 462 manifestet,
2051 403 2160 445 quau
2183 399 2218 429 ἰ·
2231 425 2252 434 „

1291 449 1516 489 remedium
1533 449 1812 490 adhibendum
1834 464 1970 492 necess
1955 453 2104 495 arium
2122 445 2215 495 esti?

1290 512 1375 562 ipse
1397 510 1520 550 habet
1549 511 1613 556 ius
1643 511 1837 551 audiendi
1861 513 1986 552 talem
2007 511 2250 555 confessio
2323 559 2325 564 ,

1290 575 1330 612 et
1350 583 1423 622 per
1441 583 1483 611 se
1501 571 1704 624 loquendo
1724 585 1808 612 non
1834 577 1996 613 tenetur
2015 573 2127 614 illam
2143 571 2239 628 ροξ]
2252 619 2255 621 ,
2313 594 2325 630 »;

1289 637 1374 672 tem
1393 631 1605 684 delegare3
1626 634 1923 674 considerando
1938 639 2076 675 autem
2097 643 2261 679 causas
2312 647 2316 654 ¹

1290 694 1500 737 trinsecus,
1518 695 1652 745 potius
1668 698 1832 734 tenetur
1856 696 2067 735 consulere
2085 695 2192 736 bono
2239 707 2257 739 ·;“

1286 755 1428 802 muni,
1459 767 1583 806 quam
1606 756 1877 795 irrationabili
1895 757 1960 795 vel
1987 757 2231 808 imperfectae
2249 765 2268 803 ζ,

1287 817 1438 857 luntati
1456 817 1696 868 poenitentis
1717 819 2053 859 condescendere.
2075 819 2137 859 Ad
2152 820 2230 858 hoc

1286 883 1370 918 tem
1389 878 1688 918 moderandum
1707 880 1872 919 additur
1891 881 1934 918 in
1957 880 1981 932 ἓ
2006 883 2047 927 4,
2073 881 2106 919 si
2126 880 2232 920 conf·
2246 899 2253 915 ι

1285 941 1371 979 rius
1399 945 1557 990 urgeat,
1587 952 1636 979 eo
1660 941 1769 992 quod
1791 942 1945 992 judicet
1965 942 2192 993 Superioris
2211 953 2266 982 se

1285 1001 1449 1041 ritatem
1473 1001 1765 1040 detrimentum
1789 1003 1923 1054 potius
1949 1004 2173 1054 spirituale,
2196 1016 2281 1055 qu
2320 995 2327 1045 i

1285 1062 1544 1103 commodum
1564 1063 1800 1111 allaturam,
1813 1068 1853 1103 et
1865 1066 2033 1103 tentatis
2050 1065 2141 1103 aliis
2158 1060 2283 1108 med‘f

1286 1124 1448 1163 nullum
1471 1124 1632 1171 sufficit,
1653 1125 1722 1163 sed
1743 1126 1943 1176 poenitens
1966 1126 2107 1164 durior
2122 1126 2209 1174 fiat,
2230 1130 2284 1166 ta
2316 1050 2329 1176 Ξ

1287 1185 1379 1224 dem
1398 1185 1654 1236 Superiorem
1670 1199 1746 1226 non
1763 1187 1895 1227 debere
1912 1188 2148 1236 facultatem
2161 1198 2259 1239 noya
2276 1180 2283 1189 ”
2320 1191 2329 1236 j:

1286 1247 1354 1285 sed
1384 1246 1598 1297 fragilitati
1629 1247 1780 1286 subditi
1807 1248 2153 1296 condescendere,
2181 1248 2290 1298 hahis
2319 1246 2329 1289 i'

1287 1319 1446 1358 semper
1481 1308 1638 1347 ratione
1680 1308 1888 1347 charitatis
1905 1339 1917 1357 ,
1967 1310 2084 1361 cujus
2127 1309 2222 1348 finis
2268 1327 2278 1345 '-
2320 1323 2329 1362 ᾗ

1286 1368 1477 1419 prodesse
1503 1381 1577 1419 per
1605 1370 1915 1417 correctionem,
1945 1370 2011 1409 vel
2044 1370 2318 1410 severitatew

1288 1433 1328 1469 et
1345 1430 1459 1469 illam
1480 1434 1723 1481 temperare.
1744 1431 1909 1482 quando
1929 1431 1999 1471 illa
2019 1445 2107 1483 spes
2127 1431 2290 1478 deest3i
2319 1445 2330 1482 ·¹.

1288 1502 1335 1531 eo
1352 1495 1490 1530 autem
1510 1504 1622 1537 casu,
1643 1491 1742 1532 licet
1763 1493 1957 1543 Superior
1976 1493 2211 1532 facultatem
2233 1492 2329 1550 ἀψὲ

1287 1552 1408 1591 debet
1439 1552 1706 1592 confessarius
1726 1553 1934 1593 attendere
1954 1558 2000 1593 ut
2022 1555 2220 1604 poenitens
2238 1566 2296 1592 su
2320 1568 2329 1587 ο

1288 1613 1529 1661 obligationi
1561 1614 1801 1660 satisfaciat,
1822 1614 1867 1652 in
1887 1614 2117 1653 adhibendo
2138 1613 2329 1652 remedi

1288 1686 1449 1713 commu
1456 1675 1497 1712 ni
1518 1674 1641 1721 malo,
1672 1674 1738 1712 vel
1757 1674 1962 1721 scandalo,
1991 1674 2025 1712 si
2045 1675 2196 1713 m01ale
2216 1684 2324 1726 per

1288 1735 1427 1774 culum
1448 1735 1556 1774 illius
1581 1736 1649 1782 sit,
1667 1736 1764 1785 quia
1786 1735 1868 1773 nisi
1886 1735 1962 1774 hoc
1979 1734 2116 1782 faciat,
2147 1733 2229 1775 ron
2253 1746 2323 1786 ρο,

1287 1797 1382 1834 terit
1399 1795 1569 1843 absolvi,
1588 1807 1671 1834 non
1692 1808 1742 1834 ex
1756 1795 2233 1845 defectujurisdictionis,
2250 1807 2319 1835 se·-

1286 1857 1385 1907 quia
1403 1857 1621 1907 dispositus
1640 1868 1723 1895 non
1745 1861 1818 1895 est.
1835 1857 1896 1895 Ad
1909 1856 1986 1895 hoc
2004 1860 2140 1895 autem
2160 1859 2316 1909 oportv-

1287 1921 1333 1955 ut
1363 1921 1403 1956 et
1428 1917 1624 1967 obligatio
1650 1918 1887 1968 poenitentis
1913 1922 2025 1956 certa
2044 1916 2111 1967 sit,
2139 1921 2180 1956 et
2208 1928 2305 1970 qu·-

1285 1978 1365 2018 alia
1380 1979 1561 2018 remedia
1578 1979 1762 2018 adhiberi
1779 1991 1863 2018 non
1885 1979 2052 2030 possint.

1336 2039 1402 2080 11.
1438 2037 1544 2086 Quia
1560 2040 1598 2080 si
1615 2043 1777 2090 petatur
1799 2052 1824 2080 a
1842 2051 1920 2080 aon
1940 2041 2144 2080 ordinamo
2172 2041 2308 2091 confes

1282 2102 1395 2141 sario
1421 2101 1664 2152 poenitentis.
1681 2123 1734 2131 -
1756 2102 1809 2141 At
1836 2112 1934 2140 vero
1957 2102 2122 2150 quando
2154 2099 2306 2140 licenti
2317 2112 2334 2157 q

1283 2168 1367 2196 non
1388 2168 1461 2208 per
1483 2162 1790 2204 confessarium,
1812 2162 1883 2200 sed
1903 2172 1974 2208 per
1990 2160 2117 2198 alium
2135 2162 2293 2200 sacerd
2317 2152 2333 2190 5

1283 2222 1367 2257 tem
1389 2218 1543 2269 petitur
1559 2247 1572 2266 ,
1597 2221 1695 2256 tuno
1720 2219 1854 2269 praxis
1874 2218 2085 2258 Societatis
2105 2219 2171 2272 (ut
2184 2232 2235 2259 ex
2252 2221 2314 2273 ἓ

1286 2279 1518 2329 colligitur)
1538 2284 1612 2326 est,
1636 2283 1683 2317 nt
1704 2279 1870 2318 licentia
1889 2291 1971 2318 non
1998 2283 2083 2318 tam
2111 2277 2230 2319 facile
2252 2282 2296 2320 d.
2312 2288 2333 2327 Τί

1283 2344 1364 2387 tur,
1388 2340 1498 2391 quod
1525 2341 1651 2380 etiam
1681 2345 1739 2379 est
1763 2346 2082 2380 consentaneum
2113 2342 2261 2381 rationi
2286 2351 2332 2386 μμ

1281 2401 1379 2453 juri,
1401 2406 1443 2440 ut
1465 2413 1638 2440 numero
1655 2414 1765 2441 nono
1788 2402 2055 2441 ostendimus.
2076 2403 2158 2442 Nec
2177 2407 2305 2443 tame·

1284 2475 1445 2514 semper
1467 2462 1708 2513 deneganda
1729 2463 1895 2509 dicitur,
1925 2464 1994 2502 sed
2013 2465 2209 2503 attentius
2240 2467 2291 2504 ci
2319 2462 2331 2506 ’ς

1285 2525 1552 2564 cumstantias
1570 2525 1740 2575 negotii,
1767 2528 1808 2563 et
1824 2536 2007 2576 personae
2029 2538 2114 2564 esse
2137 2527 2271 2565 consid
2283 2542 2305 2580 ιγ

1285 2586 1446 2633 randas,
1479 2589 1520 2624 ct
1549 2585 1607 2624 ita
1624 2586 1713 2624 dari
1740 2597 1869 2637 posse,
1892 2586 1958 2625 vel
1976 2587 2188 2636 negotium
2208 2599 2304 2626 con,

1284 2647 1393 2687 mitti
1428 2647 1545 2686 alteri
1565 2659 1749 2698 personae
1782 2646 1990 2697 prudenti,
2012 2647 2138 2686 doctae
2157 2651 2202 2686 et
2221 2647 2281 2687 rel

1285 2709 1409 2759 giosae
1420 2738 1433 2757 ,
1465 2720 1554 2759 quae
1574 2708 1626 2746 ad
1644 2707 1871 2747 remedium
1891 2706 2171 2747 adhibendum
2192 2709 2300 2760 apti

1284 2770 1387 2808 sima
1425 2770 1502 2817 sit,
1540 2773 1581 2808 et
1615 2769 1732 2819 cujus
1769 2771 2030 2819 conspectum
2074 2780 2158 2808 non
2193 2781 2300 2821 poss

1283 2830 1485 2882 poenitens
1531 2829 1826 2868 rationabiliter
1876 2828 2173 2880 subterfugere.
2219 2831 2305 2878 Qu'

1282 2890 1422 2930 omnia
1449 2900 1522 2943 per
1541 2901 1625 2929 sese
1654 2893 1750 2929 sunt
1768 2889 1886 2928 valde
1905 2894 2174 2930 consentanea
2193 2891 2299 2931 rati·

1282 2951 1328 2991 ni
1341 2982 1355 3001 ,
1385 2963 1482 2990 nam
1509 2951 1596 2990 sine
1618 2951 1743 2990 dubio
1765 2955 1924 3002 oportet
1945 2951 2125 3003 aliquam
2145 2953 2251 2992 diffie
2292 2958 2297 2978 ·”

1282 3016 1409 3051 tatem
1427 3016 1466 3051 et
1486 3013 1743 3052 severitatem
1763 3013 1990 3063 ostendere,
2003 3013 2103 3052 alias
2122 3013 2205 3053 fere
2223 3026 2269 3054 n·
2292 3041 2295 3044 s

1282 3073 1362 3113 lius
1382 3075 1579 3113 momenti
1599 3079 1702 3114 esset
1724 3075 1964 3122 reservatio;
1996 3087 2155 3126 semper
2172 3079 2273 3114 tam

1282 3135 1462 3187 prudens
1496 3136 1564 3174 illa
1599 3135 1777 3175 conditio
1818 3135 2137 3186 subintelligitur
2154 3165 2170 3186 ,
2199 3139 2246 3175 ut

1281 3196 1449 3236 tandem
1481 3197 1674 3248 Superior
1706 3196 1910 3247 intelligat
1955 3208 1999 3236 se
2048 3195 2154 3235 nihil
2209 3212 2284 3236 οοκ.

1280 3259 1488 3310 prodesse,
1516 3258 1826 3306 condescendat,
1845 3258 1918 3297 tali
1948 3258 2144 3297 sacerdoti
2172 3254 2287 3308 (dufl

1280 3320 1402 3359 modo
1422 3319 1662 3371 simpliciter
1680 3319 1851 3358 idoneus
1870 3319 1949 3371 sit)
1968 3320 2183 3369 negotium
2201 3312 2268 3358 οο”

1280 3381 1497 3430 mittendo,
1514 3384 1561 3420 ut
1578 3381 1712 3432 majus
1728 3380 1954 3432 periculum
1970 3379 2158 3420 evitetur.

1335 3444 1399 3482 12.
1433 3443 1571 3484 Tertia
1590 3442 1795 3482 calumnia
1822 3441 1867 3481 de
1892 3451 1970 3481 usu
1987 3440 2144 3481 notitioe
2163 3449 2235 3494 con,

1279 3505 1387 3545 soris
1399 3503 1626 3544 resolvitur.
1645 3521 1699 3533 -
1715 3498 1795 3550 Qui
1812 3511 1911 3554 usus
1929 3499 2044 3541 dictoe
2065 3500 2233 3540 notitia>
2248 3539 2268 3548 ,

1281 3576 1321 3606 se
1359 3562 1758 3605 liceat.—Tandem
1790 3561 2010 3602 dicendum
2042 3562 2224 3610 superest
2257 3600 2269 3612 Ι,

1280 3625 1428 3667 ultimo
1454 3624 1611 3674 abusu,
1639 3622 1712 3676 qui
1740 3621 1788 3663 in
1813 3621 1894 3664 hae
1913 3620 2188 3662 reservatione
2214 3617 2252 3651 ²5

2320 637 2326 697 ἐ

2321 710 2326 730 1

2321 748 2325 807 i

2322 835 2327 860 l

2318 896 2327 928 i

2320 954 2327 991 l

2312 1723 2322 1743 ,1
