2352 3880
174 285 298 319 Utrum
310 283 424 328 possit
435 279 514 316 lieri
527 276 720 324 inquisitio
732 278 773 314 in
786 277 1007 323 particulari,
1019 281 1166 325 quando

222 338 306 368 ntur
323 333 446 375 aliqua
462 330 601 365 indicia
621 337 785 374 personae
806 329 1064 373 delinquentis,
1083 337 1165 387 (με

132 387 148 394 ’·
173 387 302 419 tamen
314 381 415 416 nulla
430 380 570 415 laborat
590 379 755 422 infamia,
774 379 827 415 ib.

131 431 255 469 utrum
278 431 389 474 possit
404 431 513 474 judex
530 429 731 473 specialiter
749 429 935 473 inquirere
952 428 1000 464 ad
1025 429 1166 465 instan-

172 481 261 515 tiam
284 479 448 523 alicujus,
465 480 631 523 quamvis
649 487 724 514 non
743 480 847 514 detur
868 479 1031 519 infamia,
1052 479 1103 515 ib.

163 529 307 565 *mmm*
323 528 515 572 inquisitio
545 530 741 564 criminum
754 556 763 571 ,
785 530 1063 571 inhabilitatum,
1083 531 1163 573 etc„

171 589 255 623 quae
275 589 349 614 non
372 580 412 614 lit
430 581 476 614 ad
494 580 736 623 punitionem,
750 581 813 615 sed
835 581 882 615 ad
901 580 991 615 alios
1008 581 1111 622 fines,
1125 583 1166 615 ut

112 664 113 668 ,
170 631 218 664 od
234 629 478 672 provisionem
492 630 674 670 beneficii,
693 634 774 672 etc.,
793 631 905 673 possit
925 630 1003 664 fieri
1021 631 1059 664 in
1079 639 1165 673 par-

108 697 112 703 ·
171 680 329 720 tiemari,
345 681 435 723 quin
453 681 631 724 praecedat
653 680 805 715 infamia
823 690 948 716 eorum
970 681 1016 715 de
1032 680 1165 724 quibus

174 729 383 772 inquiritur,
397 729 448 763 ib.

129 777 322 823 inquisitio
347 779 573 823 particularis
591 781 815 823 praecedente
836 779 990 813 infamia
1010 785 1084 814 non
1101 786 1165 815 so-

173 831 248 864 lum
271 834 398 874 potest,
422 831 485 865 sed
508 831 616 864 etiam
643 831 749 864 debet
772 829 850 863 fieri
874 839 894 863 a
919 829 1078 871 Praelato,
1102 830 1164 867 in-

172 882 387 924 terrogando
405 881 442 914 in
462 880 668 923 particulari
692 880 736 914 de
751 880 811 913 tali
828 887 992 922 persona,
1013 879 1063 915 ib.

171 929 215 968 St
244 932 410 966 subditus
443 932 681 972 interrogatus
714 929 925 972 regulariter
954 933 1096 964 tenetur
1123 929 1164 967 i·

170 982 393 1016 conscientia
412 981 595 1015 veritatem
615 980 765 1022 aperire,
782 980 831 1013 ib.

170 1030 256 1074 ouae
279 1031 430 1065 infamia
454 1030 655 1072 requiratur
676 1033 715 1063 ut
734 1029 922 1072 inquisitio
939 1029 1165 1072 particularis

168 1078 251 1117 fleri
275 1081 397 1124 possit,
418 1081 467 1114 ib.

170 1130 358 1173 Quomodo
379 1128 586 1173 hujusmodi
613 1128 765 1163 infamia
782 1127 895 1171 judici
921 1129 1084 1163 constare
1098 1125 1165 1162 de-

171 1178 265 1220 beat,
283 1181 332 1215 ib.

130 1229 382 1273 Inquisitionis
400 1229 565 1272 specialis
587 1229 708 1272 praxis
725 1226 908 1271 quomodo
926 1228 969 1263 in
989 1228 1166 1271 religione

171 1282 364 1326 procedere
381 1281 520 1322 debeat,
532 1280 581 1313 ib.

172 1333 357 1375 Quomodo
375 1331 581 1374 inquirendi
598 1333 717 1371 testes,
734 1329 783 1364 ib.

168 1379 358 1425 Quomodo
377 1381 652 1423 interrogandus
671 1389 765 1422 reus,
781 1378 830 1414 ib.

170 1430 325 1474 Quando
343 1431 375 1466 si
399 1431 459 1466 hic
477 1431 631 1464 fateatur
650 1435 710 1464 aut
725 1432 841 1473 neget,
855 1427 905 1464 ib.

537 1515 763 1541 iuranti-ierus.

128 1578 334 1617 Intellectus
354 1587 426 1621 qua
448 1578 587 1613 ratione
614 1578 714 1620 juvet
734 1578 955 1613 voluntatem
987 1576 1035 1613 ad
1064 1577 1164 1612 actus

171 1630 363 1670 studiosos,
378 1633 422 1663 tr.
437 1631 490 1671 1ο,
507 1628 530 1661 l.
550 1631 581 1669 4,
599 1635 631 1661 c.
649 1631 701 1663 15.

547 1712 757 1740 mninsrlrm.

129 1786 184 1820 uu
200 1781 339 1815 Praelati
361 1780 541 1823 regulares
567 1779 776 1822 dispensare
795 1777 935 1820 possint
947 1777 988 1812 in
1007 1776 1164 1813 intersti-

172 1832 232 1866 tiis
251 1832 421 1865 ordinum
441 1839 523 1864 cum
540 1830 615 1864 suis
631 1829 795 1868 subditis,
811 1832 854 1862 tr.
871 1831 901 1868 8,
919 1828 942 1861 l.
961 1831 993 1868 2,
1007 1835 1039 1861 c.
1055 1830 1107 1861 12.

129 1881 355 1925 Dispensatio
377 1881 413 1914 in
436 1880 635 1914 interstitiis
659 1889 704 1913 an
721 1882 898 1921 competat
914 1878 1090 1921 Episcopo
1107 1884 1166 1915 or-

172 1932 329 1974 dinanti,
347 1931 404 1966 vel
419 1932 538 1974 potius
557 1931 780 1966 dimissorias
793 1929 1025 1972 concedenti,
1039 1929 1094 1966 ib.

519 2017 783 2042 mltEGULAulus.

130 2078 429 2122 Irregularitatem
452 2085 525 2111 non
545 2079 695 2119 possunt
719 2076 860 2110 Praelati
884 2077 1075 2120 religionis
1092 2075 1163 2111 im-

174 2137 308 2173 ponere
323 2128 398 2161 suis
416 2127 582 2166 subditis,
596 2130 640 2159 tr.
657 2129 687 2166 8,
709 2126 732 2158 l.
748 2130 780 2168 2,
797 2135 827 2159 c.
846 2129 878 2158 9.

171 2181 226 2215 An
244 2182 278 2212 et
292 2181 467 2220 quantum
492 2176 631 2219 possint
650 2175 787 2210 Praelati
811 2175 994 2218 regulares
1015 2175 1166 2219 dispen-

173 2239 251 2264 sare
271 2229 308 2261 in
339 2226 658 2270 irregularitatibus
680 2234 763 2259 cum
790 2225 865 2260 suis
884 2225 1064 2259 subditis?
1078 2226 1166 2259 Vide

172 2278 408 2322 Dispensatio.

173 2332 226 2365 An
244 2338 306 2371 per
325 2327 513 2370 privilegia
533 2329 568 2360 et
590 2326 733 2359 indulta
754 2325 990 2358 concedentia
1017 2327 1167 2367 potesta-

174 2383 245 2414 tem
277 2378 323 2412 ad
348 2377 606 2411 absolvendum
630 2376 674 2408 ab
703 2375 963 2416 irregularitate
992 2379 1026 2407 et
1047 2375 1166 2416 poenis

175 2427 441 2467 ecclesiasticis,
474 2426 585 2468 possit
615 2423 863 2468 privilegiatus
891 2424 1099 2468 dispensare
1126 2424 1166 2462 in

175 2478 448 2522 irregularitate,
462 2484 494 2511 c.
517 2478 574 2512 21.

597 2747 705 2779 nm.

133 2831 237 2868 Jesaei
264 2830 463 2873 nuncupati
485 2829 573 2865 olim
591 2829 764 2864 Catholici
783 2838 806 2864 a
823 2830 974 2865 nomine
993 2830 1089 2871 Iesu,
1116 2827 1171 2864 si·

179 2886 240 2917 cut
253 2886 288 2915 et
302 2881 495 2916 Christiani
512 2891 534 2915 a
547 2882 699 2923 Christo,
718 2884 763 2915 tr.
779 2883 832 2923 1ο,
846 2881 872 2915 l.
886 2883 920 2923 1,
939 2888 972 2915 c.
991 2883 1025 2915 1.

549 2973 624 3000 RSU
643 2974 767 2999 noum.

139 3048 222 3082 Iesu
241 3054 374 3080 nomen
393 3053 466 3087 quo
485 3044 720 3079 fundamento
741 3047 777 3080 et
807 3045 1024 3088 proprietate
1046 3042 1172 3080 socie-

181 3096 243 3131 tati
263 3095 584 3134 accommodatum,
602 3099 645 3128 tr.
660 3098 714 3136 1ο,
731 3095 757 3129 1.
772 3097 803 3136 1,
821 3103 854 3129 c.
872 3098 903 3129 1.

179 3149 209 3181 A
228 3154 313 3189 quo,
329 3149 369 3179 *ct
381 3146 538 3188 quando,
553 3145 604 3177 ib.

135 3197 222 3232 Jcsu
241 3205 374 3230 nomen
388 3195 565 3238 signifieat
575 3194 805 3234 salvatorem,
823 3201 867 3228 ac
881 3193 1076 3235 medicum,
1089 3199 1121 3227 c.
1138 3194 1170 3227 ⁷.

472 3288 679 3314 susurroni!
700 3287 843 3312 nancto.

136 3351 366 3389 ’contorum
380 3350 509 3394 religio
524 3358 618 3393 quae,
631 3349 710 3393 eius
728 3349 922 3391 institutor,
935 3346 1071 3391 regula,
1087 3349 1172 3391 etc..

184 3406 230 3438 tr.
247 3406 280 3445 9,
295 3401 323 3436 i.
345 3405 381 3444 ι,
397 3408 433 3436 c.
456 3404 562 3444 ηπ.
588 3402 641 3439 14,
658 3400 684 3443 l,
699 3401 826 3442 1,c.1.

522 3494 663 3520 m
684 3493 799 3519 low}-

162 3581 300 3610 oannes
307 3575 427 3608 Bonus
442 3571 506 3616 qui
520 3571 642 3613 fuerit,
660 3575 696 3607 et
708 3580 755 3606 an
769 3567 836 3606 sub
849 3570 973 3614 regula
985 3567 1173 3613 Auguani

187 3625 356 3660 eremitas
376 3623 583 3665 instituerit,
602 3626 646 3657 tr.
662 3625 697 3664 9,
709 3621 734 3656 l.
748 3624 781 3664 Ξ,
796 3629 829 3656 c.
845 3625 878 3656 ⁹.

1216 379 1369 418 lubitaea
1382 378 1529 423 qnando
1543 379 1724 414 censenda
1737 382 1822 414 sunt
1839 373 1986 415 extendi*
1995 379 2246 425 atl‚religiost›‘
2296 375 2297 378 ’

1261 429 1381 475 quoad
1403 429 1565 464 effectum
1584 428 1742 472 eligendi
1765 429 2017 475 confessorem,
2041 433 2088 468 trs.
2105 435 2142 476 8,
2167 433 2193 469 t.
2212 435 2251 475 Ξ,
2279 466 2305 479 ,,

1260 489 1291 515 c.
1312 482 1365 514 16.
1678 534 1794 567 mnn-

1259 577 1348 613 vide
1363 575 1567 622 Inquisitio.

1620 656 1847 690 struit-numi.

1217 731 1463 766 sui-amentum
1488 730 1618 764 falsum
1638 731 1676 764 in
1693 732 1833 774 judicio
1855 733 1908 766 est
1930 739 2046 766 unum
2062 739 2082 765 e
2095 731 2252 774 peccatis

1259 780 1356 823 quod
1390 780 1563 815 reservari
1593 781 1810 824 permittitur
1827 791 1850 815 a
1870 781 2051 815 Clemente
2077 781 2170 824 VIII,
2189 789 2253 816 re·

1259 830 1415 872 quiritur
1444 833 1563 864 autem
1593 831 1640 864 ad
1674 830 1931 865 incurrendam
1958 830 2248 873 reservationem,

1257 885 1298 915 ut
1319 880 1510 923 religiosus
1525 882 1620 923 juste
1634 880 1883 923 interrogetur,
1899 882 1935 915 et
1948 883 1988 914 ut
2004 880 2183 922 judicium
2203 881 2253 916 sit

1259 931 1473 973 legitimum,
1487 934 1531 964 tr.
1549 934 1580 972 8,
1597 931 1621 964 l.
1635 933 1668 971 2,
1684 933 1784 964 c.18.

1259 979 1347 1015 Cum
1370 979 1503 1023 aliquis
1529 979 1596 1014 suh
1621 980 1825 1022 juramento
1854 979 2092 1022 interrogatur
2119 979 2165 1014 de
2193 978 2253 1014 his

1260 1038 1340 1073 quae
1360 1030 1438 1071 scit,
1456 1038 1530 1064 non
1544 1030 1661 1064 solum
1679 1033 1794 1073 potest
1807 1030 1930 1072 jurare
1950 1037 1987 1063 se
2006 1029 2098 1063 scire
2114 1037 2155 1063 ea
2170 1037 2252 1072 quae

1259 1079 1362 1122 vidit,
1390 1079 1453 1114 sed
1476 1080 1583 1114 etiam
1600 1087 1680 1123 quae
1706 1079 1953 1114 indubitanter
1968 1079 2093 1122 credit,
2109 1082 2254 1128 propter

1261 1131 1506 1166 auctoritatem
1522 1131 1789 1170 humanam,·tr.
1806 1132 1859 1171 1ο,
1872 1130 1897 1163 l.
1912 1132 1946 1172 6,
1958 1137 1990 1163 c.
2004 1131 2056 1163 1ο.

1632 1216 1840 1241 ΠΠὶῐὸῡίῦΤῘΟ.

1219 1275 1487 1314 Iurisdictionis
1504 1280 1660 1321 potestas
1675 1277 1871 1321 quotuplex
1888 1276 1947 1319 sit,
1971 1278 2015 1310 tr.
2033 1279 2065 1319 8,
2081 1275 2108 1311 t.
2125 1279 2161 1320 2,
2172 1284 2205 1312 c.
2220 1277 2256 1311 8..

1261 1328 1431 1367 Quaenam
1450 1328 1496 1362 sit
1511 1328 1708 1368 ordinaria,
1730 1331 1764 1361 et
1779 1335 1859 1369 quae
1879 1326 2049 1369 delegata,
2064 1333 2094 1360 c.
2115 1328 2147 1360 2.

1217 1376 1424 1412 lurisdictio
1447 1379 1548 1421 quasi
1568 1378 1787 1421 Episcopalis
1804 1385 1971 1420 quaenam
1994 1376 2146 1418 dicatur,
2161 1375 2211 1411 ib.

1216 1425 1425 1462 Surisdictio
1438 1427 1657 1470 Episcopalis
1674 1427 1858 1461 ordinaria
1879 1427 1926 1461 ad
1944 1434 2112 1469 quaenam
2129 1429 2254 1460 exten-

1261 1478 1377 1518 datur,
1397 1485 1428 1512 c.
1447 1481 1499 1510 12.

1258 1526 1443 1566 Quomodo
1466 1526 1699 1569 participetur
1724 1535 1747 1560 a
1763 1526 1922 1559 Praelatis
1947 1526 2166 1568 religionum
2193 1525 2255 1559 ha-

1260 1576 1431 1610 bentibus
1447 1577 1736 1618 jurisdictionem
1759 1575 1861 1616 quasi
1889 1575 2145 1617 Episcopalem,
2161 1574 2211 1608 ib.

1218 1623 1511 1661 iurisdictionem
1531 1626 1810 1660 ecclesiasticam
1832 1628 1947 1668 potest
1967 1625 2134 1659 Summus
2159 1626 2258 1666 Pon-‚

1260 1678 1349 1711 tifex
1368 1678 1412 1712 de
1433 1681 1603 1720 potestate
1626 1677 1789 1711 absoluta
1813 1675 1978 1710 conferre
2005 1674 2099 1709 laico
2120 1675 2159 1708 in
2174 1672 2258 1718 per-¹

1260 1735 1367 1761 sonas
1389 1727 1659 1768 ecclesiasticas,
1677 1735 1706 1759 e.
1727 1730 1758 1758 3.

1258 1778 1333 1811 Non
1355 1786 1439 1811 vcro
1463 1778 1507 1811 de
1524 1780 1693 1819 potestate
1711 1775 1910 1816 ordinaria,
1926 1775 1976 1808 ib.

1215 1827 1423 1864 Iurisdictio
1447 1828 1631 1862 inferioris
1660 1827 1799 1861 Praelati
1823 1826 2006 1869 quomodo
2039 1825 2194 1868 pendeat
2220 1829 2256 1861 et

1259 1880 1427 1922 restringi
1448 1879 1561 1922 possit
1575 1887 1598 1913 a
1612 1878 1798 1921 superiore
1811 1878 1974 1920 Praelato,
1987 1876 2072 1911 vide
2087 1877 2258 1910 Praelatus

1260 1929 1460 1971 religionis.

1219 1977 1425 2014 iurisdictio
1447 1980 1560 2020 potest
1579 1977 1717 2019 acquiri
1742 1975 2017 2015 consuetudine,
2034 1983 2064 2009 c.
2082 1977 2133 2007 1ο.

1217 2027 1423 2064 iurisdictio
1443 2028 1481 2060 in
1514 2028 1592 2061 foro
1611 2027 1848 2069 poenitentiae,
1873 2034 1981 2068 quam
2010 2024 2168 2067 religiosi
2185 2024 2254 2058 ha·—

1257 2078 1346 2112 bent
1371 2087 1391 2110 a
1413 2078 1559 2111 Summo
1588 2076 1758 2110 Pontifice
1787 2077 1833 2110 ad
1862 2075 2061 2109 audiendas
2090 2073 2256 2108 omnium

1259 2128 1421 2162 fidelium
1443 2127 1700 2167 confessiones,
1716 2135 1762 2159 an
1786 2129 1820 2158 et
1838 2134 1860 2158 a
1881 2124 2014 2167 quibus
2030 2123 2186 2158 Praelatis
2199 2131 2261 2162 re-,

1261 2178 1407 2219 ligionis
1429 2176 1577 2209 limitari
1603 2175 1728 2217 possit,
1746 2182 1777 2208 o.
1794 2176 1846 2209 17.

1220 2227 1353 2261 Caetera
1374 2226 1458 2262 vide
1471 2225 1649 2259 Praelatus.

2331 1086 2352 1309 ξ

1676 2453 1802 2481 Lucus.

1221 2520 1318 2561 Laiei
1338 2519 1536 2563 religionis,
1553 2517 1783 2560 quantumvis
1808 2516 2010 2559 superiores
2028 2516 2112 2556 sint,
2134 2518 2255 2559 potes-

1214 2579 1218 2583 ·
1264 2575 1371 2605 tatem
1391 2569 1667 2604 ecclesiasticam
1685 2566 1758 2600 non
1774 2567 1909 2600 babent
1926 2566 1972 2600 ad
1987 2566 2154 2600 ferendas
2167 2575 2255 2601 oen-

1264 2630 1378 2662 suras,
1400 2624 1480 2662 etc.,
1500 2623 1544 2653 tr.
1569 2621 1599 2658 8,
1625 2618 1648 2651 l.
1672 2621 1704 2659 2,
1724 2625 1755 2651 e.
1772 2619 1822 2668 ⁹2

1219 2670 1338 2714 Laicis
1358 2672 1470 2713 potest
1489 2670 1656 2703 Summus
1670 2666 1832 2701 Pontifex
1853 2666 1896 2700 de
1920 2664 2076 2708 potentia
2095 2664 2254 2698 absoluta

1264 2723 1474 2766 potestatem
1509 2718 1787 2753 ecclesiasticam
1817 2715 1979 2750 conferre
2016 2715 2054 2747 in
2082 2722 2254 2757 personas
2328 2710 2352 2758 x,

1266 2771 1546 2811 ecclesiasticas,
1568 2767 1734 2812 quamvis
1764 2774 1840 2800 non
1861 2766 1908 2799 de
1928 2763 2088 2808 potentia
2103 2764 2255 2799 ordina-

1265 2824 1332 2865 ria,
1356 2831 1386 2856 c.
1408 2825 1439 2854 3.
2127 2829 2131 2832 ⁴

1220 2872 1312 2907 vide
1327 2873 1537 2910 Conversus,
1554 2870 1589 2901 et
1598 2868 1768 2900 Donatus.

1567 2952 1680 2977 LECTIO
1699 2950 1911 2975 splnl'ruAms.

1221 3020 1342 3057 Lectio
1366 3018 1562 3062 spiritualis
1593 3026 1700 3060 quam
1733 3016 1834 3051 utilis
1863 3014 1910 3050 ad
1929 2961 2308 3056 meditationem}

1265 3070 1476 3110 orationem,
1501 3072 1545 3102 tr.
1561 3071 1594 3109 9,
1607 3069 1632 3101 l.
1647 3071 1678 3108 2,
1695 3075 1725 3101 c.
1741 3069 1773 3100 5.
1809 3075 1815 3085 ·

1222 3121 1265 3158 In
1291 3120 1446 3154 lectione
1479 3118 1656 3161 spirituali
1683 3119 1776 3151 Deus
1802 3114 1994 3149 nobiscum
2019 3113 2195 3156 loquitur,
2212 3103 2259 3146 in

1267 3170 1428 3204 oratione
1446 3177 1512 3202 nos
1530 3168 1634 3202 illum
1653 3165 1884 3209 alloquimur,
1901 3164 1950 3198 ib.

1225 3214 1385 3254 Lectioni
1408 3217 1585 3261 spirituali
1609 3221 1742 3260 quanto
1764 3220 1924 3258 tempore
1944 3214 1980 3248 et
2000 3218 2072 3255 quo
2093 3209 2166 3244 fine
2186 3216 2290 3246 vn--s

1265 3278 1350 3305 vare
1365 3269 1520 3304 debeant
1534 3266 1692 3310 religiosi
1706 3263 1903 3307 societatis,
1918 3266 1964 3298 tr.
1977 3265 2031 3304 10,
2041 3261 2070 3295 1.
2085 3262 2120 3303 1,
2132 3260 2217 3295 0:9-

1700 3351 1775 3378 nu.

1222 3418 1337 3464 Leges
1353 3420 1488 3456 divinae
1506 3419 1668 3463 positivae
1686 3420 1748 3453 aut
1765 3415 1947 3451 naturales
1961 3396 2124 3456 ohligant
2172 3395 2190 3405 '-
2223 3400 2258 3434 ⁷-

1267 3474 1323 3506 ter
1347 3473 1407 3505 aut
1434 3469 1561 3506 leviter
1585 3469 1686 3511 juxta
1707 3467 1950 3511 capacitatem*
1966 3450 2166 3517 mittet-iffi&
2199 3450 2207 3466 '
2228 3465 2255 3492 n
2292 3503 2294 3505 ‚

1269 3519 1319 3554 ita
1330 3523 1450 3554 tamen
1463 3526 1604 3562 semper
1618 3516 1749 3552 accidit
1765 3517 1804 3551 in
1818 3515 1960 3559 tegibus
1972 3509 2261 3568 nummum-trs,

1224 3568 1350 3662 ultimis
1365 3578 1402 3654 gt
1424 3593 1606 3663 ‘praecepta
1637 3618 1796 3652 humana
1822 3616 1914 3659 qumi
1937 3603 2092 3648 ausim
