2352 3880
393 229 484 264 cAP.
506 230 533 264 1.
556 230 612 264 AN
633 230 828 266 somnus
847 230 927 265 PER
947 229 1090 267 nomm
1108 229 1358 264 MONARcmAE
1378 200 1647 266 GuBEnNETUR
1669 229 1992 266 couvemm‘rm.

62 274 121 325 '35³'
137 298 336 346 metm-3
363 294 478 334 addit
508 298 648 336 tamen
683 295 762 336 hoc
791 295 878 335 fore
915 296 1057 336 utilius
1077 325 1092 346 ,
1126 294 1162 334 si

56 355 65 357 ’
92 348 113 378 ’·
137 368 259 405 unus,
287 357 358 407 qui
391 356 510 408 regit,
536 361 639 397 esset
665 356 932 408 Augustinus,
954 361 995 397 et
1013 356 1162 397 subditi

137 422 270 462 essent
293 419 533 458 Possidonii.
555 419 658 466 Quia
683 431 780 458 vero
808 419 969 458 Praelati
999 425 1040 459 et
1069 417 1161 458 sub-

134 479 211 520 diti
237 479 414 519 multum
433 491 458 519 a
477 479 657 519 moribus
681 481 902 530 Augustini
922 485 961 519 et
981 479 1161 520 Possido-

133 540 195 582 nii
217 540 516 592 degenerarunt
530 570 540 587 ,
561 539 652 579 ideo
681 540 835 592 aliquid
854 543 1076 592 oportuisse
1101 539 1162 579 illi

132 602 287 653 regulae
323 602 484 641 addere.
518 601 814 641 Verumtamen
851 603 1052 654 imprimis
1087 613 1162 653 ego

131 674 217 703 non
245 663 303 702 ita
323 663 464 713 judico
489 661 540 701 de
566 663 834 713 praesentibus
865 665 1045 703 moribus
1075 675 1161 702 om·

82 763 84 766 ,
131 724 248 763 nium
272 723 520 772 religionum
540 727 580 762 et
602 724 910 775 religiosorum,
935 730 981 764 ut
1005 737 1162 764 monar-

74 789 78 792 ”
130 783 225 824 chia
242 796 324 822 non
345 788 468 835 possa
485 785 543 823 eis
560 796 645 824 esse
661 786 893 836 utilissima,
921 787 1078 826 etiamsi
1097 798 1161 825 or-

130 843 292 884 dinaria
312 849 488 896 potestas
507 846 692 896 (servata
710 849 970 899 proportione
987 851 999 899 )
1021 850 1061 887 in
1079 859 1160 887 uno

129 908 294 945 tantum
329 907 394 954 sit,
427 919 518 945 cum
552 908 734 958 regulari
763 909 1013 960 obligatione
1045 909 1159 949 illam

130 967 342 1006 exercendi
363 980 413 1007 ex
432 969 623 1019 prudenti
642 971 808 1009 consilio
823 1001 835 1019 ,
857 975 902 1009 ut
933 970 1070 1009 statim
1100 970 1160 1008 di-

130 1040 283 1067 cemus.
305 1029 479 1078 Deinde,
500 1030 699 1081 quidquid
718 1032 769 1070 sit
791 1032 839 1070 de
861 1036 967 1069 statu
984 1031 1159 1070 aliarum

129 1089 394 1140 religionum,
413 1095 519 1130 certe
539 1092 584 1130 B.
602 1092 795 1142 ignatius,
815 1093 884 1143 qui
904 1104 1052 1130 novam
1066 1091 1159 1130 reli-

129 1150 295 1202 gionem
315 1152 565 1202 instituebat,
588 1165 671 1191 non
690 1153 830 1192 debuit
854 1153 1021 1192 modum
1041 1153 1159 1192 illum

130 1212 302 1263 eligere,
324 1215 394 1265 qui
414 1214 547 1253 solnm
565 1214 617 1253 ob
636 1214 878 1266 depravatos
912 1215 975 1254 vel
1011 1215 1159 1266 imper-

126 1272 252 1313 fectos
285 1287 417 1314 mores
449 1276 635 1327 expedire
664 1281 873 1326 censetur,
904 1277 972 1316 sed
1000 1280 1158 1316 tentare

127 1337 261 1387 potius
280 1337 421 1375 debuit
448 1337 730 1388 perfectiorem
759 1338 925 1377 modum
955 1339 1156 1377 instaura-

126 1407 188 1444 re,
213 1400 253 1434 et
270 1397 360 1435 aliis
379 1397 567 1436 remediis
592 1398 804 1448 providere
824 1403 884 1445 ut,
907 1399 939 1437 si
960 1398 1048 1437 fieri
1068 1411 1156 1451 pos-

127 1455 194 1503 sit,
217 1468 266 1495 ex
292 1457 364 1495 tali
391 1458 592 1508 regimine
621 1471 668 1498 ea
695 1460 956 1498 incommoda
981 1473 1065 1498 non
1097 1472 1157 1500 se-

126 1522 319 1569 quantur,
336 1531 426 1569 quae
445 1519 612 1558 fortasse
631 1521 675 1559 in
692 1521 780 1559 aliis
799 1522 851 1560 ob
869 1522 1073 1561 incuriam
1091 1522 1152 1562 ve¹

125 1580 358 1629 temporum
378 1580 651 1620 conditionem
670 1590 806 1620 secuta
825 1587 933 1622 sunt.

180 1643 244 1679 10.
275 1642 478 1682 Adductos
498 1642 646 1683 Patres
672 1645 811 1683 multis
842 1647 886 1684 de
914 1645 1044 1685 causis
1063 1644 1154 1686 imi-

126 1704 236 1742 tatus
254 1708 310 1742 est
329 1703 381 1742 B.
405 1703 610 1757 Iynalius.
625 1725 676 1733 —-
692 1706 804 1743 Hanc
824 1706 950 1756 igitur
969 1708 1155 1746 existimo

124 1762 249 1802 fuisse
279 1766 495 1813 rationem,
526 1771 577 1804 ob
605 1778 726 1817 quam
755 1767 932 1817 [gnatius
960 1770 1089 1807 voluit
1111 1773 1157 1807 ut

125 1827 402 1875 unusquisque
423 1828 616 1878 Superior
647 1829 870 1876 Societatis,
893 1842 966 1879 pro
998 1831 1155 1869 ratione

125 1888 166 1924 et
202 1897 394 1924 mensura
422 1887 485 1924 sui
518 1889 714 1936 muneris,
749 1890 951 1940 integram
987 1891 1156 1931 haberet

122 1950 378 1998 potestatem,
392 1947 603 1998 solumque
623 1949 887 1998 consiliarios,
909 1963 992 1989 non
1014 1954 1156 2002 conjii-

126 2007 234 2047 dices
266 2008 327 2046 illi
360 2009 564 2060 adiunxit.
597 2010 733 2049 Primo
753 2012 916 2062 quidem
931 2043 940 2056 ,
963 2013 1058 2063 quia
1080 2013 1155 2051 hoc

124 2069 350 2108 secuudum
369 2082 423 2118 se,
448 2076 486 2110 et
506 2083 556 2110 ex
575 2083 723 2122 genere
744 2084 832 2119 suo,
852 2073 997 2112 melius
1017 2078 1091 2122 est,
1109 2079 1155 2113 ut

123 2141 260 2181 supra,
287 2144 328 2170 n.
350 2134 388 2181 1,
410 2144 456 2171 ex
483 2134 692 2172 communi
720 2135 921 2173 sententia
946 2137 1154 2187 supposui-

122 2201 245 2240 mus;
268 2193 414 2231 deinde
434 2194 529 2243 quia
548 2194 590 2232 iu
617 2198 724 2232 statu
750 2195 939 2245 religioso
971 2198 1055 2235 sine
1082 2197 1153 2236 du-

122 2250 191 2292 bio
210 2256 341 2304 potest
360 2254 540 2292 maxime
569 2254 755 2292 conferre
776 2257 827 2292 ad
849 2257 1151 2304 perfectionem,

121 2317 212 2353 tum
231 2315 326 2365 quia
346 2315 420 2354 hoc
440 2314 560 2353 modo
580 2315 720 2366 purior
751 2319 790 2354 et
819 2316 1032 2366 perfectior
1061 2316 1153 2355 obe-

121 2374 277 2414 dientia
296 2381 533 2424 exercetur3
562 2380 650 2415 tum
669 2377 792 2415 etiam
814 2378 908 2427 quia
935 2376 1011 2416 hoc
1032 2378 1152 2416 modo

120 2440 184 2476 est
207 2437 338 2487 major
365 2438 638 2488 dependentia
659 2438 940 2476 membrorum
962 2450 986 2476 a
1005 2439 1148 2490 capite,

121 2501 162 2538 et
181 2498 239 2536 ita
255 2500 379 2537 etiam
397 2500 476 2539 erit
501 2499 630 2550 major
648 2500 747 2537 unio
763 2528 774 2540 ,
804 2499 934 2549 qualis
959 2499 1065 2538 iuter·
1084 2513 1151 2551 pa-

120 2562 226 2598 trem
247 2563 287 2597 et
306 2559 411 2597 filios
431 2571 517 2598 esse
536 2559 668 2597 debet.
688 2560 791 2597 Tum
815 2561 936 2597 etiam
958 2563 1052 2611 qnia
1076 2561 1150 2601 hoc

119 2621 241 2659 modo
269 2619 427 2658 tollitur
460 2620 617 2658 occasio
644 2619 942 2671 multiplicandi
975 2621 1151 2671 dignita-

118 2684 180 2720 tes
206 2685 265 2720 tot
292 2681 494 2731 judicum,
515 2685 555 2719 et
574 2681 690 2732 quasi
717 2682 974 2731 praelationes
991 2683 1034 2721 in
1058 2683 1150 2722 reli-

119 2741 258 2793 gione,
276 2746 316 2781 et
335 2746 630 2793 consequenter
648 2743 772 2781 etiam
794 2745 993 2782 minuitur
1021 2744 1151 2783 ambi-

117 2805 240 2844 tionis
257 2805 425 2844 occasio.
441 2805 546 2843 Tum
564 2805 739 2856 deniqne
760 2806 856 2856 quia
875 2806 909 2844 si
928 2806 1150 2846 ordinatio-

118 2877 207 2915 nes,
225 2867 393 2917 judicia,
412 2870 452 2905 et
468 2866 559 2913 aliae
575 2868 832 2918 negotiorum
852 2869 1144 2919 expeditiones,

119 2937 146 2966 a
177 2928 355 2979 plurium
389 2928 589 2965 sententia
620 2934 660 2966 et
694 2928 901 2967 voluntate
926 2930 1144 2980 pendeant,

120 2990 445 3041 multiplicantur
482 2990 659 3040 pericula
685 2990 973 3038 schismatum,
1013 2997 1052 3030 et
1085 2993 1146 3031 di-

120 3051 324 3090 visionum
341 3081 352 3098 ,
381 3063 428 3090 ae
456 3052 808 3099 subornationum,
838 3064 928 3102 quae
955 3053 1146 3094 videntur

121 3123 206 3153 esse
239 3113 404 3163 majoris
442 3114 639 3152 momenti
672 3113 884 3163 magisque
915 3113 1146 3164 frequentia

120 3183 243 3225 quam
263 3174 408 3212 sintin
433 3186 534 3224 pura
553 3174 792 3213 monarchia
825 3177 1051 3226 temperata
1080 3187 1144 3215 so·-

79 3266 82 3267 ⁷
119 3231 207 3273 lum
233 3246 305 3285 per
332 3234 499 3273 consilia
525 3235 771 3286 sapientum.

176 3296 241 3334 11.
276 3294 456 3335 collectio
490 3295 762 3336 Proelatorum
795 3294 1144 3339 subordinatorum

72 3381 82 3387 ·-
119 3357 379 3409 participatio
406 3360 464 3396 ost
482 3357 764 3397 aristocratiae.
788 3379 839 3384 —
858 3356 1023 3395 Accedit
1043 3370 1144 3409 prae-

28 3446 33 3447 ν
68 3438 79 3459 ,·
121 3419 258 3464 terea,
288 3415 482 3469 quod(ut
499 3421 606 3456 recte
628 3418 826 3456 indicavit
858 3418 1141 3469 Bellarminus,

79 3495 82 3497 ·
118 3495 122 3499 ·
142 3505 154 3517 .
172 3480 192 3517 1
212 3478 261 3517 de
275 3478 458 3517 Romano
477 3477 669 3516 Pontifice
683 3507 696 3526 ,
717 3490 805 3529 cap.
827 3479 874 3527 3)
896 3478 1145 3520 aristocratia

42 3529 63 3559 '2
85 3571 89 3574 .
118 3547 207 3578 ·non
225 3539 358 3579 solum
371 3539 560 3577 miscetur
574 3539 835 3585 monarchiae,
851 3551 923 3590 per
943 3540 1018 3578 hoc
1035 3540 1145 3591 quod

123 3598 309 3652 princeps
325 3611 406 3639 uon
423 3599 548 3652 possit
562 3598 731 3639 definire
746 3611 795 3639 ea
810 3611 899 3651 quae
924 3601 977 3639 ad
995 3601 1143 3653 guber?

23 3821 130 3880 κ

2141 226 2244 266 106¹

1214 297 1424 336 nationem
1455 298 1688 348 pertinent,
1716 297 1804 336 sine
1835 296 2008 336 aliorum
2039 293 2244 345 suffragiis

1214 356 1414 407 decisiviS,
1437 358 1507 397 sed
1531 371 1601 409 per
1619 358 1695 398 hoc
1715 358 1908 406 maxime,
1936 355 2045 410 quod
2064 368 2149 395 non
2169 365 2242 407 per

1215 419 1394 470 seipsum
1421 419 1544 458 homo
1571 419 1804 458 immediate
1824 418 2040 470 gubernat,
2070 417 2141 457 sed
2171 425 2245 469 per

1215 479 1500 519 subordinatos
1516 480 1733 531 principes,
1752 480 1819 520 vel
1839 480 2045 527 Praelatos,
2072 479 2116 518 in
2144 488 2246 530 quo-

1214 553 1309 580 rum
1334 541 1505 592 singulis
1531 542 1771 580 monarchia
1787 543 2068 593 participatur,
2086 553 2137 580 ex
2157 551 2243 580 om-

1214 602 1331 640 nium
1352 606 1490 641 tamen
1511 601 1746 641 collectione
1765 603 1951 654 quaedam
1981 601 2238 654 participatio

1206 663 1477 702 'aristocratiae
1509 664 1731 713 consurgit.
1759 664 1843 702 lmo
1868 664 1979 714 prior
2005 664 2076 703 illa
2107 662 2244 703 mistio

1214 725 1525 775 suffragantium
1562 725 1737 764 decisive
1762 754 1775 772 ,
1809 725 1944 774 potius
1975 729 2034 763 est
2069 724 2243 763 mutatio

1213 787 1401 839 quaedam
1418 787 1629 837 regiminis
1646 785 1909 831 monarchici,
1924 797 2018 824 nam
2036 786 2079 824 in
2096 786 2243 825 effectu

1214 859 1297 887 non
1330 852 1389 887 est
1419 848 1672 894 monarchia,
1699 847 1841 886 saltem
1871 847 1915 885 in
1936 846 1998 884 his
2026 858 2115 896 quae
2142 858 2240 896 pen-

1215 910 1312 949 dent
1339 922 1387 948 ex
1419 910 1598 960 plurium
1627 909 1781 960 judicio
1806 912 1846 947 et
1866 907 2103 955 voluntate;
2131 907 2240 947 unde

1213 972 1247 1010 si
1269 972 1453 1022 regimen
1473 971 1619 1022 majori
1638 983 1687 1009 ex
1709 974 1822 1022 parte
1839 970 1895 1008 ita
1914 968 1998 1016 fiat,
2018 981 2102 1007 non
2129 977 2241 1019 pote·
2286 988 2290 994 Α

1212 1033 1266 1072 rit
1287 1034 1363 1071 dici
1386 1033 1711 1079 monarchicum,
1735 1032 1803 1070 sed
1830 1031 1964 1083 potius
1996 1029 2240 1069 aristocrati-

1213 1107 1321 1142 cum,
1344 1095 1410 1134 vel
1430 1099 1574 1146 quarta
1597 1094 1746 1146 species
1766 1093 1993 1144 regiminis,
2018 1097 2063 1131 ut
2093 1093 2242 1131 Navar-

1212 1168 1283 1195 rus
1303 1156 1415 1195 illam
1433 1156 1667 1208 appellavit.
1688 1157 1734 1194 In
1754 1155 1966 1206 posteriori
1985 1158 2121 1193 autem
2146 1153 2241 1192 mis-

1212 1218 1333 1256 tionis
1353 1230 1516 1267 genere,
1536 1218 1862 1268 suffragantinm‚
1883 1216 2049 1262 scilicet,
2079 1214 2238 1254 consul-

1212 1279 1294 1317 tive
1311 1283 1487 1326 tantum,
1508 1283 1690 1316 servatur
1715 1290 1874 1328 semper
1894 1277 2057 1328 propria
2084 1280 2124 1315 et
2151 1287 2240 1328 per·

1210 1339 1316 1379 fecta
1351 1339 1586 1378 monarchia
1606 1369 1619 1387 ,
1653 1351 1746 1378 cum
1781 1339 1926 1377 ultima
1962 1337 2154 1376 resolutio
2188 1336 2241 1376 ad

1211 1414 1341 1440 unum
1363 1402 1563 1452 pertineat
1581 1414 1589 1449 ;
1613 1401 1804 1439 miscetur
1822 1405 1961 1438 autem
1990 1399 2241 1438 aristocratia

1210 1475 1282 1514 per
1307 1463 1645 1513 gubernationem
1678 1462 1855 1512 plurium
1888 1473 1932 1499 ac
1959 1460 2240 1499 subordinato-

1213 1536 1306 1562 rum
1330 1524 1560 1575 principum
1582 1536 1627 1562 ac
1657 1523 1937 1569 Praelatorum,
1962 1523 2057 1572 quia
2077 1533 2159 1559 nou
2179 1529 2240 1560 est

1212 1585 1262 1624 de
1289 1585 1445 1624 ratione
1462 1585 1722 1624 aristocratiae
1743 1583 1992 1634 participatae
2006 1613 2016 1630 ,
2036 1582 2143 1632 quod
2164 1594 2240 1632 gu·

1211 1648 1396 1686 bernatio
1427 1648 1498 1685 fiat
1531 1659 1556 1685 a
1590 1645 1775 1698 pluribus
1794 1675 1803 1691 ,
1825 1649 1870 1683 ut
1905 1643 2240 1694 componentibus

1210 1721 1339 1747 unum
1371 1721 1530 1760 corpus,
1558 1720 1629 1746 seu
1656 1706 1849 1753 tribunal,
1881 1705 1951 1745 sed
1973 1706 2068 1743 satis
2100 1710 2159 1743 est
2193 1707 2239 1743 ut

1210 1783 1465 1822 quacumque
1485 1770 1641 1808 ratione
1660 1770 1888 1818 integretur
1904 1780 1953 1805 ex
1978 1766 2158 1817 pluribus
2180 1766 2240 1804 in-

1210 1836 1273 1871 ter
1291 1844 1332 1870 se
1352 1832 1488 1882 aliquo
1510 1831 1629 1869 modo
1652 1830 1776 1867 unitis
1796 1834 1836 1867 et
1853 1829 2049 1867 ordinatis
2062 1827 2112 1864 ad
2129 1838 2239 1865 com-

1210 1894 1365 1944 pletum
1383 1893 1566 1942 regimen
1590 1892 1712 1930 totius
1729 1891 1922 1940 corporis,
1946 1894 1985 1927 et
2003 1890 2059 1926 ita
2077 1888 2153 1926 hoc
2170 1899 2238 1938 ge-

1210 1968 1291 1993 nus
1310 1955 1510 1993 mistionis
1530 1953 1762 1991 invenimus
1781 1951 1824 1989 iu
1850 1950 2064 2002 praecipuis
2085 1955 2237 1999 tempo-

1210 2016 1363 2056 ralibus
1387 2016 1538 2066 regnis,
1570 2014 1747 2052 maxime
1772 2024 1869 2051 vero
1893 2013 1935 2050 in
1968 2011 2141 2050 Ecclesia
2161 2012 2238 2049 Ca-

1209 2077 1374 2122 tholica,
1406 2083 1452 2114 ut
1484 2076 1645 2126 egregie
1671 2086 1791 2125 supra
1817 2073 2086 2111 Bellarmiuus
2107 2071 2237 2110 decla-

1209 2143 1288 2187 rat,
1311 2138 1601 2189 perfectionem
1619 2136 1712 2174 talis
1734 2134 1979 2173 monarchiae
2000 2133 2231 2172 ostendens.

1209 2199 1421 2245 Quomodo
1436 2203 1573 2236 autem
1585 2197 1761 2236 Societas
1773 2197 1877 2234 hanc
1894 2194 2234 2245 gubernationem

1208 2257 1393 2295 Ecclesiae
1419 2258 1539 2295 modo
1565 2258 1754 2308 religioni
1774 2256 2075 2296 accommodato
2104 2254 2235 2294 imite-

1207 2323 1289 2367 tur,
1312 2319 1408 2357 satis
1425 2319 1510 2369 jam
1529 2319 1778 2358 declaratum
1797 2323 1856 2357 est
1875 2320 1918 2357 in
1941 2330 2053 2356 num.
2077 2319 2116 2356 2.

1263 2382 1325 2420 12.
1360 2381 1539 2431 Denique
1570 2379 1612 2418 in
1642 2380 1718 2417 hoc
1735 2381 1859 2418 etiam
1889 2383 2072 2417 servatur
2091 2375 2234 2418 simili-

1206 2443 1320 2489 tudo,
1339 2442 1446 2492 quod
1474 2442 1516 2479 in
1537 2440 1725 2486 Ecclesia,
1747 2440 1840 2478 licet
1862 2439 2046 2478 Pontifex
2063 2438 2113 2477 de
2140 2450 2234 2478 con-

1206 2503 1296 2543 silio
1316 2502 1590 2542 Cardinalium
1623 2502 1811 2552 graviora
1846 2502 2055 2551 disponat,
2076 2512 2233 2551 semper

1206 2569 1340 2603 tamen
1364 2568 1548 2602 servatur
1578 2563 1757 2614 perfecta
1793 2562 2053 2609 monarchia,
2076 2562 2170 2612 quia
2189 2562 2233 2601 in

1204 2627 1339 2676 rigore
1353 2626 1501 2664 decisio
1519 2637 1568 2663 ex
1590 2624 1674 2663 solo
1702 2623 1892 2662 Pontifice
1925 2623 2085 2674 pvndet.
2114 2624 2230 2671 Nam,

1204 2687 1299 2726 licet
1329 2686 1582 2737 frequentius
1609 2685 1777 2724 fortasse
1812 2684 2011 2730 Pontifex,
2040 2684 2082 2722 in
2110 2684 2233 2723 rebus

1206 2749 1430 2800 praesertim
1453 2747 1724 2798 gravioribus,
1744 2758 1828 2784 non
1859 2746 2051 2784 decernat
2089 2750 2232 2784 contra

1203 2810 1321 2861 plura
1343 2809 1536 2859 suffragia
1566 2808 1860 2856 Cardinalium,
1882 2808 1924 2846 id
1943 2812 2080 2846 tamen
2102 2812 2161 2846 est
2180 2818 2231 2846 ex

1203 2883 1276 2909 sua
1305 2870 1537 2921 prudentia,
1564 2874 1604 2908 et
1635 2869 1762 2908 libera
1801 2868 2027 2915 voluntate,
2065 2880 2148 2906 non
2180 2880 2231 2908 ex

1201 2931 1473 2982 dependentia
1487 2943 1610 2981 quam
1626 2930 1775 2968 habeat
1786 2929 1837 2968 ab
1854 2941 1995 2968 eorum
2010 2929 2226 2979 suffragiis.

1200 2992 1388 3043 Episcopi
1402 2992 1525 3030 etiam
1546 2993 1590 3030 in
1607 2992 1690 3030 suis
1713 2990 1957 3030 dioecesibus
1972 2991 2123 3028 habeut
2144 3001 2228 3028 mo-

1200 3053 1437 3091 narchicnm
1453 3055 1652 3104 regimen,
1668 3053 1711 3091 in
1727 3065 1808 3104 quo
1825 3052 2029 3091 ordinarie
2048 3052 2228 3101 plurium

1199 3115 1392 3164 suffragia
1413 3114 1589 3153 decisiva
1608 3128 1690 3153 non
1707 3114 1943 3166 requirunt;
1970 3122 2068 3160 ergo
2103 3111 2226 3150 etiam

1198 3175 1242 3214 in
1265 3175 1463 3226 religione
1505 3178 1653 3227 poterit
1684 3176 1894 3215 commode
1932 3173 2007 3210 hoc
2041 3172 2226 3222 regimen

1199 3237 1455 3289 participari,
1477 3250 1567 3276 cum
1606 3238 1649 3276 in
1680 3238 1750 3276 illa
1783 3241 1823 3274 et
1842 3233 2094 3272 subditorum
2131 3232 2225 3272 obe-

1198 3298 1352 3337 dientia
1366 3298 1511 3337 debeat
1529 3311 1614 3337 esse
1636 3296 1874 3350 promptior,
1899 3299 1938 3334 et
1969 3295 2011 3332 in
2038 3294 2222 3343 Superio-

1197 3358 1311 3397 ribus
1330 3361 1494 3398 suavior
1512 3360 1698 3409 quaedam
1730 3361 1770 3395 et
1798 3357 1927 3405 magis
1949 3360 2115 3406 paterna
2143 3365 2220 3404 gu·

1198 3419 1396 3459 bernatio.
1416 3422 1464 3458 ht
1483 3425 1690 3470 praeterea,
1707 3418 1805 3469 quia
1830 3418 2007 3466 religiosi
2026 3427 2073 3453 ex
2093 3416 2133 3453 vi
2152 3413 2217 3455 sui

1197 3484 1324 3518 status
1342 3486 1531 3518 tenentur
1547 3478 1721 3530 perfecte
1742 3479 1899 3528 operari
1919 3475 2140 3513 secundum
2155 3486 2218 3514 re-

1198 3540 1336 3590 gulam
1357 3552 1471 3578 suam
1486 3553 1496 3586 ;
1513 3547 1552 3578 et
1572 3539 1675 3584 ideo,
1697 3538 1789 3576 licet
1806 3538 1914 3576 solus
1932 3537 2123 3586 Superior
2143 3536 2217 3576 ha-

1197 3599 1292 3641 beat
1318 3605 1560 3656 potestatem
1593 3599 1828 3647 decisivam,
1850 3602 1897 3636 ut
1930 3597 2220 3638 convenienter
