2352 3880
206 285 324 347 fdium
341 298 813 345 conscientiaeordinata,
830 308 923 348 quae
943 308 1019 335 suo
1039 294 1164 335 modo
1178 298 1241 334 est

207 350 446 405 'hominibus
464 360 701 399 necessaria
719 359 773 398 ad
791 359 948 398 bonum
969 357 1131 404 animae,
1148 356 1240 396 inu·

205 416 290 475 tilis
309 428 381 462 aut
400 433 577 462 onerosa
595 421 682 468 fiat,
704 432 900 472 magnam
915 419 1060 459 secreti
1081 417 1240 470 obliga-

207 486 366 526 tionem
398 495 541 523 secum
574 483 722 522 afferre
755 494 925 522 necesse
953 485 1030 530 est,
1051 479 1239 532 quamvis

207 559 294 587 11011
306 547 348 585 in
362 557 411 584 eo
429 544 577 596 gradu,
591 548 635 584 ut
645 544 695 583 sit
713 555 807 583 cum
821 543 954 594 sigillo
970 540 1240 581 confessionis

208 606 505 659 comparanda,
524 606 620 657 quia
638 618 716 645 nec
736 617 803 644 res
825 605 883 644 ita
914 616 1030 644 sacra
1051 607 1125 651 est,
1162 614 1242 641 1100

208 669 264 709 ita
283 668 531 708 necessaria.
562 667 612 706 Et
642 667 739 706 ideo
763 666 845 706 dixi
865 666 990 717 paulo
1013 669 1123 712 ante,
1146 663 1242 702 licet

207 731 286 770 hoc
305 734 510 768 secretum
529 741 614 767 non
634 728 790 780 obliget
809 739 974 777 semper
989 729 1030 764 et
1045 726 1134 764 sine
1154 724 1240 763 ulla

208 792 464 843 exceptione,
488 790 593 829 sicut
625 790 807 841 sigillum
834 787 1122 832 confessionis,
1154 797 1239 825 non

207 858 346 893 tamen
366 864 488 903 posse
508 851 666 897 violari,
688 851 766 888 nisi
785 849 1032 899 gravissima
1052 859 1240 887 commu-

207 915 269 955 nis
284 927 408 953 causa
422 913 666 952 intercedat.
689 912 740 950 Ut
754 914 894 949 autem
913 922 1038 949 causa
1057 910 1239 960 pruden-

207 981 268 1016 ter
278 976 487 1026 Judicetur
504 973 726 1018 sufficiens,
747 984 832 1010 non
851 972 984 1011 solum
1003 971 1239 1022 ponderan-

204 1039 302 1077 dum
321 1041 383 1075 est
400 1034 707 1073 incommodum
727 1033 990 1084 particulare,
1009 1033 1121 1083 quod
1138 1032 1238 1072 inde

203 1098 388 1138 accidere
410 1099 546 1147 potest
564 1095 621 1132 illi
641 1106 844 1146 personae,
879 1095 999 1145 cujus
1029 1099 1237 1133 secretum

201 1158 428 1202 revelatur;
446 1156 521 1195 sed
541 1157 665 1195 etiam
682 1156 762 1194 hoc
777 1155 987 1207 generale.
1004 1155 1116 1206 quod
1134 1154 1238 1194 illud

199 1213 515 1259 ¹consultationis
539 1217 770 1256 remedium
802 1217 979 1256 multum
1001 1222 1235 1266 enervatur,

199 1282 243 1320 'et
261 1279 308 1319 fit
329 1280 519 1319 odiosum
538 1290 614 1329 per
630 1278 757 1317 talem
775 1278 1086 1318 revelationem.

254 1343 320 1382 30.
338 1341 510 1383 Sextum
526 1341 853 1393 pronuntiatum,
867 1341 910 1379 ob
928 1340 1076 1379 dictam
1097 1339 1238 1389 97·αυί-

200 1407 322 1445 tatem
351 1405 489 1443 secreti
516 1402 711 1441 illicitum
732 1413 812 1441 esse
842 1401 1017 1440 revelare
1051 1399 1238 1440 delictum

198 1442 338 1526 {contra
354 1465 422 1503 hoc
443 1467 592 1503 cotum.
608 1484 660 1492 —
678 1462 906 1502 Observatio
922 1463 1146 1502 necessaria
1162 1473 1237 1514 pro

198 1526 463 1578 supradictis.
486 1546 539 1554 —
559 1526 616 1562 Ex
641 1525 718 1562 hac
741 1525 865 1574 igitur
885 1523 1087 1571 doctrina,
1110 1535 1238 1573 quarn

198 1587 456 1627 verissimam
476 1586 682 1633 existimo,
700 1589 740 1624 et
760 1585 881 1623 bonis
894 1584 1079 1623 moribus
1094 1597 1238 1624 neces-

199 1648 371 1694 sariam,
411 1647 546 1686 infero
582 1647 624 1684 in
659 1647 855 1697 praesenti
891 1645 1119 1696 quaestione
1150 1658 1236 1685 non

201 1710 385 1760 obligare
398 1709 475 1747 hoc
489 1711 646 1756 votum,
667 1707 834 1758 quando
849 1718 914 1747 res
934 1711 1093 1746 tantum
1110 1706 1238 1746 scitur

198 1771 275 1809 sub
296 1771 374 1808 hac
392 1770 695 1808 consultatione
721 1772 895 1817 secreta,
910 1768 1008 1819 quia
1027 1781 1112 1807 non
1130 1768 1238 1807 exis-

196 1832 296 1870 timo
330 1843 422 1869 esse
457 1835 556 1869 tunc
584 1830 739 1868 licitam
767 1829 892 1869 talem
919 1830 1232 1870 revelationem.

198 1893 316 1940 Nam,
338 1892 434 1931 licet
466 1892 637 1930 ambitio
659 1892 711 1930 sit
740 1904 791 1930 ex
811 1892 994 1941 peccatis
1025 1903 1118 1941 quae
1140 1903 1236 1931 ver-

198 1957 301 2005 gunt
341 1953 384 1991 in
420 1953 714 1991 detrimentum
750 1953 1073 1998 communitatis,
1096 1952 1236 2002 majus

198 2026 348 2054 censeo
376 2025 467 2052 esse
508 2017 830 2061 nocumentum,
856 2013 968 2062 quod
1002 2013 1081 2063 ipsi
1110 2014 1236 2052 etiam

197 2075 389 2126 religioni
415 2074 636 2125 provenire
663 2077 800 2124 potest
828 2085 879 2112 ex
898 2073 1093 2114 facilitate
1114 2086 1236 2114 reve-

197 2137 310 2176 landi
333 2136 415 2175 tale
437 2141 645 2174 secretum
662 2149 673 2182 3
692 2135 761 2173 vix
789 2135 901 2173 enim
930 2135 1040 2173 ullus
1062 2135 1237 2175 auderet

199 2211 283 2238 suae
304 2197 566 2236 conscientiae
589 2195 808 2247 providere
829 2208 903 2246 per
927 2196 1055 2235 talem
1074 2197 1238 2235 consul-

198 2261 413 2307 tationem,
437 2258 548 2309 quod
575 2257 802 2296 maximum
829 2258 986 2296 bonum
1004 2263 1088 2308 est;
1122 2259 1239 2297 simi-

198 2322 282 2360 lem
303 2320 415 2359 enim
435 2320 487 2358 ob
505 2319 647 2366 finem,
665 2331 733 2367 ne,
747 2318 918 2366 scilicet,
938 2318 1123 2370 religiosi
1141 2332 1238 2360 nos-

200 2383 252 2422 tri
288 2386 523 2420 terreantur
554 2393 580 2420 a
617 2380 921 2420 manifestanda
943 2381 1237 2433 Superioribus

202 2443 471 2491 conscicntia,
513 2447 559 2481 ut
596 2442 702 2481 libro
740 2442 902 2481 decimo
917 2472 927 2489 ,
966 2453 1059 2494 cap.
1103 2449 1235 2493 sexto,

202 2504 459 2551 tractabitur,
482 2504 665 2543 districte
686 2503 925 2554 praecipitur
943 2502 1091 2543 iisdem
1105 2505 1238 2558 Supe-

203 2566 379 2606 1ioribus
399 2570 445 2605 ut
464 2566 611 2606 secreti
632 2566 740 2604 illius
769 2565 970 2606 naturalis
999 2566 1126 2607 fidem
1151 2580 1240 2608 om-

204 2629 300 2667 nino
322 2631 486 2667 servent
507 2626 536 2666 ¹.
558 2629 621 2675 Et,
643 2628 756 2678 quod
777 2631 902 2679 caput
926 2631 1009 2677 est,
1032 2641 1169 2681 nuper
1195 2631 1240 2671 in

204 2695 321 2729 sexta
340 2690 670 2741 Congregatione
707 2690 908 2740 generali,
942 2702 1034 2731 can.
1073 2693 1138 2740 12,
1160 2697 1242 2734 sta-

203 2751 345 2804 tuitur,
367 2751 480 2802 quod
497 2751 548 2790 de
570 2751 884 2790 manifestandis
909 2752 1119 2802 Superiori
1139 2755 1243 2795 alio-

203 2805 297 2850 'rum
335 2811 567 2851 defectibus
587 2812 631 2849 in
657 2813 804 2862 regula
832 2812 1033 2861 habetur,
1064 2817 1243 2868 intelliqi

207 2874 251 2913 de
269 2873 355 2913 illis
375 2874 600 2923 defectibus,
623 2885 710 2925 quoe
728 2875 775 2913 ab
795 2873 927 2926 aliquo
944 2875 1024 2915 alio
1043 2881 1182 2917 notata
1205 2882 1245 2920 et

206 2935 414 2991 ¹observata
426 2935 593 2983 fuerint,
609 2946 687 2974 non
703 2939 834 2975 autem
850 2936 895 2975 de
911 2936 967 2975 iis
979 2948 1065 2988 quoe
1086 2939 1245 2989 ipsimet

206 2991 368 3042 secreto,
390 3001 428 3035 et
447 2996 606 3035 consilii
624 2996 783 3047 petendi
802 2998 955 3049 qratia,
985 3002 1032 3037 ut
1057 2999 1245 3052 diriyan-

210 3060 279 3097 tur
297 3056 357 3096 vel
376 3056 585 3107 juventur,
608 3057 729 3097 atteri
749 3060 1139 3101 communicaverint.
1162 3061 1247 3103 Un-

211 3117 262 3156 de
279 3116 392 3167 quod
421 3116 479 3156 sic
497 3117 638 3163 scitur,
666 3118 745 3157 dici
767 3123 900 3168 potest
923 3121 1135 3162 moraliter
1153 3134 1247 3162 nes-

211 3178 300 3226 ciri,
322 3181 363 3216 et
379 3178 459 3216 hoc
481 3178 604 3217 etiam
619 3179 736 3218 titulo
757 3192 841 3218 non
856 3182 1151 3232 comprehendi
1168 3185 1247 3226 sub

211 3240 388 3279 materia
413 3240 537 3292 hujus
558 3241 656 3280 voti.
679 3241 875 3290 Accedit,
898 3243 1009 3294 quod
1036 3244 1069 3283 si
1090 3249 1248 3287 attente

213 3314 282 3342 res
301 3303 596 3351 consideretur,
613 3304 747 3354 majus
760 3306 1027 3345 commodum
1040 3307 1136 3347 inde
1151 3320 1247 3359 pro-

209 3362 353 3407 venire
378 3367 513 3414 potest
532 3364 585 3403 ad
605 3365 852 3405 ambitiones
871 3367 995 3407 etiam
1012 3368 1245 3420 impedien-

209 3423 311 3471 das;
334 3425 430 3476 quia
450 3425 528 3475 ipsi
552 3438 719 3477 quoque
748 3427 953 3468 ambitiosi
974 3431 1123 3481 majori
1148 3443 1245 3471 cum

209 3485 361 3526 fiducia
381 3487 599 3527 consulent
620 3488 726 3527 viros
746 3488 890 3529 doctos
906 3503 954 3530 ac
971 3491 1203 3543 religiosos,
1219 3505 1245 3533 a

263 3601 279 3628 ¹
307 3603 409 3644 Vide
425 3605 746 3646 Instructionem
760 3609 828 3656 23,
849 3607 991 3647 datam
1005 3583 1076 3648 an.
1097 3610 1216 3650 160⁶.

557 234 634 269 Lm.
656 233 712 267 Vl.
734 233 789 267 DE
810 230 1094 271 PROFESSIONE,
1115 230 1212 273 QUAE
1231 230 1274 266 m
1294 227 1522 264 SOCOETATB
1540 227 1620 271 811²,
1642 227 1697 264 8⁰1·
1717 227 1773 264 DE
1791 229 1857 271 ns.
1877 228 1972 266 mc.

1295 293 1446 346 quibus
1480 296 1677 346 poterunt
1700 292 1849 333 saltem
1884 291 2057 335 consilio
2085 294 2174 348 ‚inv
2312 341 2314 346 ,

1294 351 1432 396 autem
1453 355 1585 395 sciant
1601 365 1692 393 esse
1706 353 1968 402 revelandos,
1982 366 2067 394 non
2087 350 2201 400 const¹
2241 351 2317 410 ,ἶ

1294 417 1410 458 etita
1427 428 1505 457 nec
1523 416 1755 463 consilium,
1777 427 1854 455 nec
1873 415 2069 455 revelatio
2091 405 2239 467 locuni-¹
2294 409 2302 456 Ϊ

1293 477 1466 518 bebunt.
1486 477 1625 519 Unum
1645 488 1744 517 vero
1763 476 1871 516 addo
1902 469 2299 524 considerationes

1294 551 1440 591 gnum,
1462 543 1652 591 oportere
1669 541 1716 578 ut
1733 538 1978 578 consultatio
1988 550 2086 579 vera
2096 541 2159 590 sit,
2183 531 2299 593 e-Usp‘

1293 601 1405 649 ficta,
1425 600 1466 640 id
1490 605 1566 649 est,
1587 601 1699 652 quod
1717 599 1791 640 fiat
1817 599 1956 639 animo
1978 601 2233 654 intelligendi
2257 612 2309 651 :j

1294 663 1456 702 ritatem
1474 662 1528 702 ad
1545 662 1775 702 cavendum
1790 665 2023 713 peccatum,
2042 663 2110 702 vel
2125 664 2178 704 oh
2197 655 2302 706 aI'·⁴·¹

1293 725 1422 763 finem
1459 724 1639 771 bonum;
1664 735 1763 762 nam
1798 723 1832 762 si
1867 724 1962 775 quis
1992 725 2131 777 specie
2164 730 2253 773 tant
2299 735 2306 737 ·

1295 786 1606 825 consultationis
1646 789 1813 834 utatur,
1848 785 1915 826 vel
1956 786 2010 826 ad
2043 782 2304 839 1“11(1110011(1
2342 781 2349 796 ²

1295 847 1422 886 alium
1449 846 1503 885 ad
1529 847 1701 895 malum,
1731 847 1797 885 vel
1826 846 1880 886 ad
1908 848 2210 898 explorandum
2344 855 2346 861 ·

1293 921 1409 948 11111111
1432 909 1537 959 ejus,
1557 909 1623 949 vel
1643 908 1742 960 quid
1754 908 1900 957 simile,
1918 909 2102 961 profecto
2121 912 2213 952 talis
2229 898 2295 953 ,οῖ’

1294 971 1458 1010 sultatio
1482 982 1566 1009 non
1587 974 1649 1009 est
1669 970 1794 1020 digna
1814 975 1990 1021 secreto,
2010 975 2051 1012 et
2070 972 2164 1012 ideo
2176 985 2226 1012 ea
2238 957 2305 1015 ns,

1291 1033 1484 1072 obstante
1512 1032 1712 1084 obligabit
1730 1031 1810 1072 hoc
1828 1036 1988 1082 votum,
2017 1045 2069 1073 eo
2098 1034 2223 1076 modo
2250 1052 2306 1069 ·

1292 1094 1346 1135 de
1366 1095 1455 1133 aliis
1478 1094 1642 1134 casibus
1660 1093 1832 1135 occultis
1853 1093 2046 1135 diximus.
2288 1125 2303 1166 'e‘
2328 1126 2345 1147 ,-

1299 1196 1443 1237 Utrum
1464 1199 1556 1236 ante
1586 1194 1932 1236 denunciationem
1958 1195 2078 1237 dietoe
2095 1179 2352 1263 ambitionb'f

1430 1256 1715 1310 praemittenda
1733 1257 1792 1296 sit
1810 1260 1960 1298 secreta
1978 1258 2144 1299 monitio
2155 1259 2177 1298 3
2296 1261 2307 1290 ·-'

1345 1344 1413 1383 31.
1436 1338 1737 1388 Quoestiuncula
1754 1343 1902 1391 quarta
1920 1340 2030 1382 cirea
2040 1341 2141 1382 idem
2161 1332 2352 1401 tertimJ'nf

1287 1406 1495 1456 punctum.
1518 1424 1570 1430 —-
1589 1402 1748 1454 Dupleoe
1765 1413 1920 1450 sensus,
1941 1414 1986 1443 ae
2006 1404 2196 1446 resolutio
2214 1398 2352 1458 prius-1

1291 1465 1368 1504 ris,
1390 1484 1443 1492 -
1462 1463 1612 1503 Ultimo
1637 1462 1790 1511 inquiri
1826 1462 1891 1501 hic
1911 1467 2062 1514 potest,
2092 1477 2145 1505 an
2179 1467 2222 1505 in
2246 1466 2352 1519 illini

1293 1525 1473 1571 casibus,
1490 1524 1534 1562 in
1548 1524 1698 1574 quibus
1713 1524 1965 1564 manifestari
1982 1531 2116 1577 potest
2131 1528 2352 1581 Superionss'

1292 1588 1326 1626 ri
1348 1587 1426 1625 hoc
1449 1585 1622 1632 crimen,
1660 1585 1823 1625 etiamsi
1860 1591 2067 1627 secretum
2101 1589 2168 1639 sit,
2198 1573 2352 1652 possit·

1291 1648 1358 1687 vel
1405 1646 1557 1686 debeat
1587 1650 1748 1685 secreta
1790 1645 2019 1687 admonitio
2057 1637 2345 1708 praecederefifl

1291 1709 1461 1760 quando
1482 1707 1595 1747 enim
1620 1707 1816 1747 delictum
1849 1711 1914 1748 est
1945 1709 2172 1762 publicum,
2214 1718 2348 1762 certat

1291 1783 1360 1811 res
1381 1775 1444 1810 est
1480 1781 1563 1808 non
1588 1781 1681 1809 esse
1716 1770 2017 1821 necessarium,
2057 1774 2154 1824 quia
2187 1768 2346 1825 potest·

1292 1833 1428 1873 statim
1443 1830 1611 1883 procedi
1631 1831 1685 1870 ad
1701 1831 2068 1874 denunciationem
2084 1830 2343 1887 judicialem·

1285 1895 1405 1945 juxta
1416 1893 1647 1933 doctrinam
1667 1904 1950 1940 communem,
1967 1897 2007 1935 2.
2026 1898 2067 1944 2,
2092 1904 2237 1949 quaest.
2257 1898 2341 1955 33„

1293 1959 1369 1993 art.
1386 1956 1427 2001 7,
1457 1953 1527 1992 ubi
1549 1954 1675 2004 Cajet.
1709 1954 1818 1993 circa
1843 1955 1897 1994 ad
1917 1957 2098 2006 tertium,
2130 1963 2172 1999 et
2211 1959 2345 2019 Sota„

1291 2016 1363 2056 lib.
1387 2017 1414 2055 5
1440 2015 1494 2055 de
1519 2015 1698 2060 Justitia‚
1720 2019 1867 2065 quaest.
1896 2019 1939 2064 5,
1960 2022 2037 2058 art.
2068 2022 2105 2058 1.
2128 2020 2174 2060 In
2191 2019 2348 2078 000111ἓὸ

1290 2077 1343 2116 tis
1369 2081 1511 2116 autem
1537 2077 1701 2116 videtur
1734 2089 1902 2129 semper
1933 2080 2222 2129 praemittenda
2253 2076 2347 2123 adt-n

1291 2139 1466 2178 monitio
1483 2139 1603 2189 juxta
1626 2138 1815 2177 ordinem
1838 2139 2148 2192 Evangelicum,
2177 2130 2352 2192 Mattht³[

1294 2201 1362 2247 18,
1373 2204 1415 2239 et
1434 2212 1525 2251 cap.
1547 2200 1728 2248 Qualiter
1749 2203 1784 2240 et
1797 2202 1967 2252 quando,
1987 2202 2041 2243 de
2058 2204 2344 2250 Accusationu

1294 2261 1377 2302 Sed
1393 2261 1446 2300 de
1475 2262 1553 2300 hoc
1581 2260 1686 2299 infra
1712 2261 1782 2299 lib.
1808 2263 1873 2309 10,
1895 2275 1987 2314 cap.
2023 2265 2052 2304 9
2084 2269 2125 2305 et
2153 2267 2228 2315 13,
2256 2267 2345 2315 exi-i

1294 2321 1488 2375 plicando
1519 2322 1739 2373 generales
1775 2323 1960 2374 regulas,
1981 2324 2104 2364 latius
2125 2317 2344 2392 dicamne-¹.

1294 2389 1413 2428 Nunc
1426 2386 1560 2425 solum
1579 2386 1765 2434 adverto,
1788 2386 1996 2438 duplicem
2010 2388 2076 2429 hic
2093 2402 2185 2430 esse
2205 2380 2352 2448 poss‘uss

1294 2448 1568 2500 quaestionem
1591 2457 1602 2487 t
1630 2459 1715 2486 una
1731 2450 1808 2496 est,
1829 2460 1882 2487 an
1898 2448 2057 2489 habens
2072 2450 2152 2490 hoc
2167 2456 2265 2491 votu
2296 2439 2347 2508 '¹‘

1293 2510 1424 2563 possit
1448 2510 1557 2548 banc
1589 2509 1918 2550 admonitionem
1946 2513 2218 2562 praemittere;
2247 2463 2352 2575 alixilgt

1297 2575 1374 2622 est,
1393 2584 1447 2611 an
1473 2575 1677 2610 teneatur.
1697 2571 1761 2611 Ad
1785 2572 1966 2623 priorem
2001 2572 2225 2614 dicendum
2249 2570 2327 2615 es*

1296 2635 1340 2674 id
1356 2644 1487 2686 perse
1507 2644 1593 2672 non
1617 2644 1709 2671 esse
1731 2637 1875 2672 contra
1892 2638 2049 2680 votum,
2074 2636 2172 2685 quia
2189 2576 2352 2803 νοῒυὲε

1297 2707 1382 2735 11011
1403 2694 1480 2732 fuit
1494 2693 1547 2732 de
1566 2693 1898 2733 manifestatione
1917 2694 2120 2744 facienda,
2133 2697 2246 2737 nulla
2259 2711 2283 2738 a

1298 2755 1526 2796 monitione
1557 2755 1784 2805 praemissa.
1818 2755 1973 2793 Dices:
2004 2756 2230 2798 admonitio
2317 2755 2322 2759 ”

1297 2817 1430 2857 tendit
1449 2820 1494 2855 ut
1511 2814 1787 2854 manifestatio
1805 2828 1890 2855 non
1908 2816 1994 2866 fiat,
2027 2818 2062 2857 si
2082 2819 2294 2871 delinque⁴

1299 2877 1572 2924 emendetur;
1596 2881 1637 2916 et
1658 2888 1710 2915 ex
1734 2876 1814 2916 hac
1831 2882 1949 2929 parte
1979 2890 2071 2918 esse
2097 2886 2241 2922 contra

1298 2944 1404 2987 tum,
1446 2938 1544 2988 quia
1581 2937 1712 2978 tendit
1757 2938 1812 2978 ad
1843 2938 2156 2990 impediendum
2192 2947 2284 2983 actu

1301 3000 1406 3051 ejus.
1432 2999 1680 3050 Respondeo
1694 2999 1830 3050 primo
1845 3001 2099 3042 antecedens
2116 3015 2202 3043 non
2239 3015 2262 3044 0

1300 3062 1601 3110 necessarium,
1619 3061 1720 3112 quia
1741 3066 1878 3113 potest
1894 3062 1963 3101 illa
1981 3064 2208 3106 admonitio
2223 3065 2275 3107 fle
2311 3079 2317 3090 ’-

1301 3126 1348 3163 ut
1363 3123 1465 3162 sciat
1491 3123 1740 3173 delinquens
1771 3135 1895 3163 suum
1914 3124 2111 3166 delictum
2130 3139 2222 3168 esse
2314 3160 2318 3162 ἡ

1301 3184 1585 3224 nifestandum
1604 3185 1831 3236 Superiori,
1853 3189 1895 3226 et
1927 3187 1986 3226 ita
2004 3187 2246 3240 disponatur
2314 3232 2318 3235 ,

1303 3245 1654 3290 emendationem,
1678 3250 1720 3285 et
1748 3248 2049 3288 correctionem
2083 3250 2255 3302 Superio

1302 3307 1459 3346 Deinde
1476 3307 1625 3346 dicitur
1639 3307 1752 3346 illam
1767 3308 2038 3350 intentionem
2056 3310 2194 3352 debito
2206 3320 2328 3358 ms:-

1302 3373 1545 3419 conceptam
1564 3381 1649 3407 non
1667 3381 1758 3408 esse
1775 3371 1945 3420 malam,
1966 3383 2064 3410 nam
2077 3373 2144 3412 vel
2163 3383 2253 3423 petz
2267 3371 2285 3410 ,sp
2315 3372 2322 3378 ’

1302 3429 1575 3468 monitionem
1594 3430 1804 3470 obtinetur
1823 3432 1995 3472 effectus
2021 3433 2202 3473 intentus

1300 3489 1418 3530 fectae
1456 3490 1762 3531 emendationis
1809 3496 1850 3532 et
1880 3493 2163 3544 impeditionis

1301 3551 1538 3591 ambitionis
1568 3553 1786 3604 omnisque
1805 3553 1978 3593 effectus
1996 3555 2102 3606 eJ'uS‚
2121 3554 2188 3595 vel
2202 3600 2206 3612 ¹
2221 3545 2282 3609 z'=
2299 3546 2309 3582 ἴ

1301 3612 1337 3651 si
1362 3624 1479 3662 non,
1515 3613 1827 3664 procedendum
1853 3618 1920 3654 est
1951 3614 2007 3654 ad
2030 3613 2164 3655 manif
2170 3632 2199 3647 ιι
2217 3622 2261 3648 ’κ’
2285 3659 2295 3669 1

2320 2994 2321 2997 2
2257 2804 2347 2947 ea.
