<?xml version="1.0" encoding="UTF-8"?>
<!DOCTYPE html PUBLIC "-//W3C//DTD XHTML 1.0 Transitional//EN"
    "http://www.w3.org/TR/xhtml1/DTD/xhtml1-transitional.dtd">
<html xmlns="http://www.w3.org/1999/xhtml" xml:lang="en" lang="en">
 <head>
  <title>
</title>
<meta http-equiv="Content-Type" content="text/html;charset=utf-8" />
  <meta name='ocr-system' content='tesseract 3.04.00' />
  <meta name='ocr-capabilities' content='ocr_page ocr_carea ocr_par ocr_line ocrx_word'/>
</head>
<body>
  <div class='ocr_page' id='page_1' title='image "./operaomnia16suaauoft_0496.png"; bbox 0 0 2352 3880; ppageno 0'>
   <div class='ocr_carea' id='block_1_1' title="bbox 107 118 2218 288">
    <p class='ocr_par' dir='ltr' id='par_1_1' title="bbox 107 118 2248 291">
     <span class='ocr_line' id='line_1_1' title="bbox 384 118 2218 209; baseline -0.011 -71"><span class='ocrx_word' id='word_1_1' title='bbox 384 118 399 138; x_wconf 68' lang='grc' dir='ltr'>α</span> <span class='ocrx_word' id='word_1_2' title='bbox 415 139 419 142; x_wconf 72' lang='grc'><strong>,</strong></span> <span class='ocrx_word' id='word_1_3' title='bbox 1706 151 1767 191; x_wconf 39' lang='grc' dir='ltr'>ἃ</span> <span class='ocrx_word' id='word_1_4' title='bbox 1791 143 1802 159; x_wconf 67' lang='lat' dir='ltr'>x</span> <span class='ocrx_word' id='word_1_5' title='bbox 1867 160 1896 198; x_wconf 39' lang='grc' dir='ltr'>ἦ</span> <span class='ocrx_word' id='word_1_6' title='bbox 2190 156 2195 174; x_wconf 40' lang='lat' dir='ltr'><em>Q</em></span> <span class='ocrx_word' id='word_1_7' title='bbox 2213 204 2218 209; x_wconf 33' lang='lat'>¹</span> 
     </span>
     <span class='ocr_line' id='line_1_2' title="bbox 107 217 2189 288; baseline -0.006 -5"><span class='ocrx_word' id='word_1_8' title='bbox 107 242 214 283; x_wconf 76' lang='lat'><strong>1136</strong></span> <span class='ocrx_word' id='word_1_9' title='bbox 389 244 467 282; x_wconf 61' lang='lat' dir='ltr'>mx.</span> <span class='ocrx_word' id='word_1_10' title='bbox 488 242 530 279; x_wconf 86' lang='lat' dir='ltr'>x.</span> <span class='ocrx_word' id='word_1_11' title='bbox 554 242 608 277; x_wconf 73' lang='lat' dir='ltr'>nn</span> <span class='ocrx_word' id='word_1_12' title='bbox 628 241 825 276; x_wconf 66' lang='lat' dir='ltr'>accimus</span> <span class='ocrx_word' id='word_1_13' title='bbox 844 239 1094 282; x_wconf 60' lang='lat' dir='ltr'>socie-raris,</span> <span class='ocrx_word' id='word_1_14' title='bbox 1115 241 1171 277; x_wconf 77' lang='lat' dir='ltr'>ur</span> <span class='ocrx_word' id='word_1_15' title='bbox 1190 239 1508 282; x_wconf 68' lang='lat' dir='ltr'>conscensurus</span> <span class='ocrx_word' id='word_1_16' title='bbox 1529 240 1584 275; x_wconf 67' lang='lat' dir='ltr'>nr:</span> <span class='ocrx_word' id='word_1_17' title='bbox 1605 217 1815 281; x_wconf 66' lang='lat' dir='ltr'>ramus</span> <span class='ocrx_word' id='word_1_18' title='bbox 1831 235 1940 286; x_wconf 55' lang='lat' dir='ltr'>§gns</span> <span class='ocrx_word' id='word_1_19' title='bbox 2018 220 2029 230; x_wconf 82' lang='grc'>“’</span> <span class='ocrx_word' id='word_1_20' title='bbox 2151 219 2189 288; x_wconf 54' lang='grc' dir='ltr'>«ζ,</span> 
     </span>
    </p>
   </div>
   <div class='ocr_carea' id='block_1_2' title="bbox 35 303 1136 3675">
    <p class='ocr_par' dir='ltr' id='par_1_2' title="bbox 56 303 1136 1835">
     <span class='ocr_line' id='line_1_3' title="bbox 106 303 1134 359; baseline -0.004 -10"><span class='ocrx_word' id='word_1_21' title='bbox 106 309 291 358; x_wconf 82' lang='lat' dir='ltr'>tasjuste</span> <span class='ocrx_word' id='word_1_22' title='bbox 319 305 518 359; x_wconf 82' lang='lat' dir='ltr'>procedat</span> <span class='ocrx_word' id='word_1_23' title='bbox 550 306 592 345; x_wconf 87' lang='lat' dir='ltr'>in</span> <span class='ocrx_word' id='word_1_24' title='bbox 627 303 848 356; x_wconf 84' lang='lat' dir='ltr'><strong>puniendis</strong></span> <span class='ocrx_word' id='word_1_25' title='bbox 877 304 1134 346; x_wconf 87' lang='lat' dir='ltr'>subditorum</span> 
     </span>
     <span class='ocr_line' id='line_1_4' title="bbox 56 359 1135 418; baseline -0.004 -8"><span class='ocrx_word' id='word_1_26' title='bbox 56 380 59 382; x_wconf 66' lang='grc'><strong><em>’</em></strong></span> <span class='ocrx_word' id='word_1_27' title='bbox 106 369 356 416; x_wconf 80' lang='lat' dir='ltr'><strong>excessibus,</strong></span> <span class='ocrx_word' id='word_1_28' title='bbox 379 359 502 406; x_wconf 85' lang='lat' dir='ltr'>etiam</span> <span class='ocrx_word' id='word_1_29' title='bbox 522 377 657 418; x_wconf 83' lang='lat' dir='ltr'>usque</span> <span class='ocrx_word' id='word_1_30' title='bbox 680 366 731 406; x_wconf 88' lang='lat' dir='ltr'>ad</span> <span class='ocrx_word' id='word_1_31' title='bbox 755 367 1016 416; x_wconf 81' lang='lat' dir='ltr'>ejectionem.</span> <span class='ocrx_word' id='word_1_32' title='bbox 1046 365 1135 407; x_wconf 83' lang='lat' dir='ltr'>abs-</span> 
     </span>
     <span class='ocr_line' id='line_1_5' title="bbox 105 428 1136 481; baseline -0.001 -11"><span class='ocrx_word' id='word_1_33' title='bbox 105 441 187 481; x_wconf 83' lang='lat' dir='ltr'>que</span> <span class='ocrx_word' id='word_1_34' title='bbox 219 431 351 469; x_wconf 79' lang='lat' dir='ltr'>forma</span> <span class='ocrx_word' id='word_1_35' title='bbox 379 428 560 480; x_wconf 82' lang='lat' dir='ltr'>judiciali</span> <span class='ocrx_word' id='word_1_36' title='bbox 596 429 829 468; x_wconf 87' lang='lat' dir='ltr'>communis</span> <span class='ocrx_word' id='word_1_37' title='bbox 861 428 979 481; x_wconf 69' lang='lat' dir='ltr'>juris.</span> <span class='ocrx_word' id='word_1_38' title='bbox 1001 431 1136 480; x_wconf 77' lang='lat' dir='ltr'>Atque</span> 
     </span>
     <span class='ocr_line' id='line_1_6' title="bbox 103 490 1135 541; baseline -0.002 -10"><span class='ocrx_word' id='word_1_39' title='bbox 103 492 317 541; x_wconf 81' lang='lat' dir='ltr'><strong>imprimis,</strong></span> <span class='ocrx_word' id='word_1_40' title='bbox 346 490 484 541; x_wconf 88' lang='lat' dir='ltr'>quoad</span> <span class='ocrx_word' id='word_1_41' title='bbox 517 490 888 537; x_wconf 70' lang='lat' dir='ltr'>denuntiationem,</span> <span class='ocrx_word' id='word_1_42' title='bbox 909 490 950 530; x_wconf 88' lang='lat' dir='ltr'>in</span> <span class='ocrx_word' id='word_1_43' title='bbox 980 490 1135 529; x_wconf 87' lang='lat' dir='ltr'>Consti-</span> 
     </span>
     <span class='ocr_line' id='line_1_7' title="bbox 102 551 1135 592; baseline 0 0"><span class='ocrx_word' id='word_1_44' title='bbox 102 553 330 592; x_wconf 82' lang='lat' dir='ltr'>tutionibus</span> <span class='ocrx_word' id='word_1_45' title='bbox 352 555 422 590; x_wconf 88' lang='lat' dir='ltr'>aut</span> <span class='ocrx_word' id='word_1_46' title='bbox 446 552 569 591; x_wconf 87' lang='lat' dir='ltr'>Bullis</span> <span class='ocrx_word' id='word_1_47' title='bbox 590 551 807 592; x_wconf 79' lang='lat' dir='ltr'>Pontificiis</span> <span class='ocrx_word' id='word_1_48' title='bbox 825 552 935 590; x_wconf 87' lang='lat' dir='ltr'>nulla</span> <span class='ocrx_word' id='word_1_49' title='bbox 959 553 1048 591; x_wconf 87' lang='lat' dir='ltr'>talis</span> <span class='ocrx_word' id='word_1_50' title='bbox 1065 552 1135 592; x_wconf 87' lang='lat' dir='ltr'>de-</span> 
     </span>
     <span class='ocr_line' id='line_1_8' title="bbox 103 613 1136 665; baseline -0.001 -12"><span class='ocrx_word' id='word_1_51' title='bbox 103 614 304 654; x_wconf 72' lang='lat' dir='ltr'>nuntiatio</span> <span class='ocrx_word' id='word_1_52' title='bbox 323 614 529 664; x_wconf 86' lang='lat' dir='ltr'>judicialis</span> <span class='ocrx_word' id='word_1_53' title='bbox 551 614 849 665; x_wconf 75' lang='lat' dir='ltr'>praescribitur3</span> <span class='ocrx_word' id='word_1_54' title='bbox 878 613 950 654; x_wconf 86' lang='lat' dir='ltr'>sed</span> <span class='ocrx_word' id='word_1_55' title='bbox 974 615 1136 664; x_wconf 86' lang='lat' dir='ltr'>quoties</span> 
     </span>
     <span class='ocr_line' id='line_1_9' title="bbox 103 674 1135 715; baseline 0 -1"><span class='ocrx_word' id='word_1_56' title='bbox 103 686 239 714; x_wconf 87' lang='lat' dir='ltr'>sermo</span> <span class='ocrx_word' id='word_1_57' title='bbox 262 674 402 713; x_wconf 83' lang='lat' dir='ltr'>incidit</span> <span class='ocrx_word' id='word_1_58' title='bbox 425 675 476 714; x_wconf 89' lang='lat' dir='ltr'>de</span> <span class='ocrx_word' id='word_1_59' title='bbox 496 675 808 714; x_wconf 77' lang='lat' dir='ltr'>denuntiatione</span> <span class='ocrx_word' id='word_1_60' title='bbox 830 680 899 715; x_wconf 88' lang='lat' dir='ltr'>aut</span> <span class='ocrx_word' id='word_1_61' title='bbox 917 675 1135 714; x_wconf 84' lang='lat' dir='ltr'>correctio-</span> 
     </span>
     <span class='ocr_line' id='line_1_10' title="bbox 101 735 1136 788; baseline -0.001 -13"><span class='ocrx_word' id='word_1_62' title='bbox 101 747 154 775; x_wconf 89' lang='lat' dir='ltr'>ne</span> <span class='ocrx_word' id='word_1_63' title='bbox 173 736 427 784; x_wconf 83' lang='lat' dir='ltr'>defectuum,</span> <span class='ocrx_word' id='word_1_64' title='bbox 453 748 618 788; x_wconf 82' lang='lat' dir='ltr'>semper</span> <span class='ocrx_word' id='word_1_65' title='bbox 651 736 830 780; x_wconf 82' lang='lat' dir='ltr'>additur,</span> <span class='ocrx_word' id='word_1_66' title='bbox 859 741 899 774; x_wconf 92' lang='lat' dir='ltr'>ut</span> <span class='ocrx_word' id='word_1_67' title='bbox 930 735 1029 775; x_wconf 85' lang='lat' dir='ltr'>fiant</span> <span class='ocrx_word' id='word_1_68' title='bbox 1051 746 1136 775; x_wconf 88' lang='lat' dir='ltr'>om-</span> 
     </span>
     <span class='ocr_line' id='line_1_11' title="bbox 101 797 1135 850; baseline -0.001 -13"><span class='ocrx_word' id='word_1_69' title='bbox 101 799 171 838; x_wconf 85' lang='lat' dir='ltr'>nia</span> <span class='ocrx_word' id='word_1_70' title='bbox 191 800 245 838; x_wconf 84' lang='lat' dir='ltr'>ad</span> <span class='ocrx_word' id='word_1_71' title='bbox 265 799 456 850; x_wconf 77' lang='lat' dir='ltr'>majorem</span> <span class='ocrx_word' id='word_1_72' title='bbox 478 799 553 839; x_wconf 84' lang='lat' dir='ltr'>Dei</span> <span class='ocrx_word' id='word_1_73' title='bbox 571 798 758 850; x_wconf 71' lang='lat' dir='ltr'>qloriam,</span> <span class='ocrx_word' id='word_1_74' title='bbox 779 797 842 836; x_wconf 81' lang='lat' dir='ltr'>vcl</span> <span class='ocrx_word' id='word_1_75' title='bbox 864 801 984 848; x_wconf 72' lang='lat' dir='ltr'>prout</span> <span class='ocrx_word' id='word_1_76' title='bbox 1001 797 1135 837; x_wconf 73' lang='lat' dir='ltr'>ckari-</span> 
     </span>
     <span class='ocr_line' id='line_1_12' title="bbox 101 857 1135 910; baseline -0.002 -10"><span class='ocrx_word' id='word_1_77' title='bbox 101 863 166 901; x_wconf 73' lang='lat' dir='ltr'>tas</span> <span class='ocrx_word' id='word_1_78' title='bbox 199 861 341 910; x_wconf 66' lang='lat' dir='ltr'>eoeiqit,</span> <span class='ocrx_word' id='word_1_79' title='bbox 368 865 439 899; x_wconf 88' lang='lat' dir='ltr'>aut</span> <span class='ocrx_word' id='word_1_80' title='bbox 464 860 619 910; x_wconf 86' lang='lat' dir='ltr'>aliquid</span> <span class='ocrx_word' id='word_1_81' title='bbox 648 859 915 909; x_wconf 75' lang='lat' dir='ltr'>aequivalenS,</span> <span class='ocrx_word' id='word_1_82' title='bbox 939 857 1051 908; x_wconf 91' lang='lat' dir='ltr'>quod</span> <span class='ocrx_word' id='word_1_83' title='bbox 1080 857 1135 898; x_wconf 78' lang='lat' dir='ltr'>ad</span> 
     </span>
     <span class='ocr_line' id='line_1_13' title="bbox 99 919 1133 970; baseline -0.001 -10"><span class='ocrx_word' id='word_1_84' title='bbox 99 919 324 960; x_wconf 73' lang='lat' dir='ltr'>fraternam</span> <span class='ocrx_word' id='word_1_85' title='bbox 340 921 709 965; x_wconf 78' lang='lat' dir='ltr'>denuntiationem,</span> <span class='ocrx_word' id='word_1_86' title='bbox 728 925 1029 970; x_wconf 79' lang='lat' dir='ltr'>paternamque</span> <span class='ocrx_word' id='word_1_87' title='bbox 1047 930 1133 959; x_wconf 87' lang='lat' dir='ltr'>cor-</span> 
     </span>
     <span class='ocr_line' id='line_1_14' title="bbox 99 981 1132 1033; baseline -0.002 -12"><span class='ocrx_word' id='word_1_88' title='bbox 99 983 326 1022; x_wconf 85' lang='lat' dir='ltr'>rectionem</span> <span class='ocrx_word' id='word_1_89' title='bbox 357 982 520 1033; x_wconf 88' lang='lat' dir='ltr'>proprie</span> <span class='ocrx_word' id='word_1_90' title='bbox 556 981 746 1019; x_wconf 85' lang='lat' dir='ltr'>refertur.</span> <span class='ocrx_word' id='word_1_91' title='bbox 784 981 1001 1028; x_wconf 84' lang='lat' dir='ltr'>Similiter,</span> <span class='ocrx_word' id='word_1_92' title='bbox 1038 992 1132 1019; x_wconf 92' lang='lat' dir='ltr'>cum</span> 
     </span>
     <span class='ocr_line' id='line_1_15' title="bbox 98 1042 1128 1094; baseline -0.001 -11"><span class='ocrx_word' id='word_1_93' title='bbox 98 1043 326 1094; x_wconf 90' lang='lat' dir='ltr'>loquuntur</span> <span class='ocrx_word' id='word_1_94' title='bbox 341 1044 391 1082; x_wconf 87' lang='lat' dir='ltr'>de</span> <span class='ocrx_word' id='word_1_95' title='bbox 408 1042 687 1092; x_wconf 83' lang='lat' dir='ltr'>inquisitione,</span> <span class='ocrx_word' id='word_1_96' title='bbox 701 1053 772 1081; x_wconf 89' lang='lat' dir='ltr'>seu</span> <span class='ocrx_word' id='word_1_97' title='bbox 791 1042 1128 1092; x_wconf 71' lang='lat' dir='ltr'>interrogatione,</span> 
     </span>
     <span class='ocr_line' id='line_1_16' title="bbox 99 1103 1130 1155; baseline -0.001 -11"><span class='ocrx_word' id='word_1_98' title='bbox 99 1106 232 1144; x_wconf 89' lang='lat' dir='ltr'>solum</span> <span class='ocrx_word' id='word_1_99' title='bbox 253 1106 304 1143; x_wconf 90' lang='lat' dir='ltr'>de</span> <span class='ocrx_word' id='word_1_100' title='bbox 320 1103 521 1155; x_wconf 83' lang='lat' dir='ltr'>paternali</span> <span class='ocrx_word' id='word_1_101' title='bbox 543 1103 604 1152; x_wconf 86' lang='lat' dir='ltr'>(ut</span> <span class='ocrx_word' id='word_1_102' title='bbox 621 1103 681 1141; x_wconf 88' lang='lat' dir='ltr'>sic</span> <span class='ocrx_word' id='word_1_103' title='bbox 708 1103 854 1149; x_wconf 82' lang='lat' dir='ltr'>dicam)</span> <span class='ocrx_word' id='word_1_104' title='bbox 877 1103 1130 1154; x_wconf 82' lang='lat' dir='ltr'>procedunt;</span> 
     </span>
     <span class='ocr_line' id='line_1_17' title="bbox 100 1164 1132 1216; baseline -0.001 -10"><span class='ocrx_word' id='word_1_105' title='bbox 100 1167 206 1206; x_wconf 88' lang='lat' dir='ltr'>sicut</span> <span class='ocrx_word' id='word_1_106' title='bbox 226 1166 334 1204; x_wconf 88' lang='lat' dir='ltr'>enim</span> <span class='ocrx_word' id='word_1_107' title='bbox 358 1176 407 1204; x_wconf 84' lang='lat' dir='ltr'>ex</span> <span class='ocrx_word' id='word_1_108' title='bbox 429 1169 545 1216; x_wconf 88' lang='lat' dir='ltr'>parte</span> <span class='ocrx_word' id='word_1_109' title='bbox 564 1164 716 1203; x_wconf 88' lang='lat' dir='ltr'>subditi</span> <span class='ocrx_word' id='word_1_110' title='bbox 734 1164 855 1203; x_wconf 88' lang='lat' dir='ltr'>datur</span> <span class='ocrx_word' id='word_1_111' title='bbox 873 1165 1132 1205; x_wconf 82' lang='lat' dir='ltr'>denuntiatio</span> 
     </span>
     <span class='ocr_line' id='line_1_18' title="bbox 96 1226 1133 1278; baseline -0.002 -10"><span class='ocrx_word' id='word_1_112' title='bbox 96 1228 205 1268; x_wconf 84' lang='lat' dir='ltr'>facta</span> <span class='ocrx_word' id='word_1_113' title='bbox 227 1226 436 1278; x_wconf 86' lang='lat' dir='ltr'>Superiori</span> <span class='ocrx_word' id='word_1_114' title='bbox 457 1231 503 1265; x_wconf 87' lang='lat' dir='ltr'>ut</span> <span class='ocrx_word' id='word_1_115' title='bbox 530 1227 652 1278; x_wconf 88' lang='lat' dir='ltr'>patri,</span> <span class='ocrx_word' id='word_1_116' title='bbox 676 1230 715 1265; x_wconf 87' lang='lat' dir='ltr'>et</span> <span class='ocrx_word' id='word_1_117' title='bbox 746 1237 828 1264; x_wconf 90' lang='lat' dir='ltr'>non</span> <span class='ocrx_word' id='word_1_118' title='bbox 851 1230 893 1264; x_wconf 89' lang='lat' dir='ltr'>ut</span> <span class='ocrx_word' id='word_1_119' title='bbox 908 1226 1054 1276; x_wconf 87' lang='lat' dir='ltr'>judici,</span> <span class='ocrx_word' id='word_1_120' title='bbox 1076 1226 1133 1266; x_wconf 87' lang='lat' dir='ltr'>ita</span> 
     </span>
     <span class='ocr_line' id='line_1_19' title="bbox 96 1287 1132 1341; baseline -0.001 -13"><span class='ocrx_word' id='word_1_121' title='bbox 96 1292 232 1341; x_wconf 89' lang='lat' dir='ltr'>potest</span> <span class='ocrx_word' id='word_1_122' title='bbox 252 1288 451 1338; x_wconf 87' lang='lat' dir='ltr'>Superior</span> <span class='ocrx_word' id='word_1_123' title='bbox 468 1287 676 1327; x_wconf 89' lang='lat' dir='ltr'>interdum</span> <span class='ocrx_word' id='word_1_124' title='bbox 698 1287 954 1339; x_wconf 83' lang='lat' dir='ltr'>interrogare</span> <span class='ocrx_word' id='word_1_125' title='bbox 983 1292 1029 1326; x_wconf 84' lang='lat' dir='ltr'>ut</span> <span class='ocrx_word' id='word_1_126' title='bbox 1063 1299 1132 1340; x_wconf 91' lang='lat' dir='ltr'>pa-</span> 
     </span>
     <span class='ocr_line' id='line_1_20' title="bbox 96 1349 1131 1401; baseline -0.002 -11"><span class='ocrx_word' id='word_1_127' title='bbox 96 1354 175 1398; x_wconf 86' lang='lat' dir='ltr'>ter,</span> <span class='ocrx_word' id='word_1_128' title='bbox 199 1354 239 1389; x_wconf 89' lang='lat' dir='ltr'>et</span> <span class='ocrx_word' id='word_1_129' title='bbox 259 1361 340 1388; x_wconf 92' lang='lat' dir='ltr'>non</span> <span class='ocrx_word' id='word_1_130' title='bbox 363 1354 407 1387; x_wconf 89' lang='lat' dir='ltr'>ut</span> <span class='ocrx_word' id='word_1_131' title='bbox 423 1349 567 1401; x_wconf 77' lang='lat' dir='ltr'>judex,</span> <span class='ocrx_word' id='word_1_132' title='bbox 589 1360 665 1400; x_wconf 90' lang='lat' dir='ltr'>par</span> <span class='ocrx_word' id='word_1_133' title='bbox 694 1349 805 1387; x_wconf 89' lang='lat' dir='ltr'>enim</span> <span class='ocrx_word' id='word_1_134' title='bbox 834 1352 895 1388; x_wconf 85' lang='lat' dir='ltr'>est</span> <span class='ocrx_word' id='word_1_135' title='bbox 915 1349 1131 1400; x_wconf 83' lang='lat' dir='ltr'>utriusque</span> 
     </span>
     <span class='ocr_line' id='line_1_21' title="bbox 95 1410 1132 1462; baseline -0.002 -10"><span class='ocrx_word' id='word_1_136' title='bbox 95 1413 216 1452; x_wconf 86' lang='lat' dir='ltr'>ratio.</span> <span class='ocrx_word' id='word_1_137' title='bbox 234 1412 297 1451; x_wconf 92' lang='lat' dir='ltr'>Ad</span> <span class='ocrx_word' id='word_1_138' title='bbox 317 1410 659 1462; x_wconf 78' lang='lat' dir='ltr'>interrogandum</span> <span class='ocrx_word' id='word_1_139' title='bbox 674 1422 771 1450; x_wconf 87' lang='lat' dir='ltr'>vero</span> <span class='ocrx_word' id='word_1_140' title='bbox 787 1411 865 1449; x_wconf 88' lang='lat' dir='ltr'>hoc</span> <span class='ocrx_word' id='word_1_141' title='bbox 878 1410 1018 1458; x_wconf 87' lang='lat' dir='ltr'>modo,</span> <span class='ocrx_word' id='word_1_142' title='bbox 1034 1411 1132 1450; x_wconf 84' lang='lat' dir='ltr'>saci·</span> 
     </span>
     <span class='ocr_line' id='line_1_22' title="bbox 110 1472 1131 1524; baseline -0.003 -11"><span class='ocrx_word' id='word_1_143' title='bbox 110 1473 176 1513; x_wconf 91' lang='lat' dir='ltr'>ius</span> <span class='ocrx_word' id='word_1_144' title='bbox 197 1477 331 1524; x_wconf 89' lang='lat' dir='ltr'>potest</span> <span class='ocrx_word' id='word_1_145' title='bbox 352 1473 506 1512; x_wconf 87' lang='lat' dir='ltr'>habere</span> <span class='ocrx_word' id='word_1_146' title='bbox 536 1473 619 1524; x_wconf 86' lang='lat' dir='ltr'>jus,</span> <span class='ocrx_word' id='word_1_147' title='bbox 642 1472 747 1510; x_wconf 89' lang='lat' dir='ltr'>sicut</span> <span class='ocrx_word' id='word_1_148' title='bbox 767 1472 891 1510; x_wconf 89' lang='lat' dir='ltr'>etiam</span> <span class='ocrx_word' id='word_1_149' title='bbox 917 1483 942 1510; x_wconf 87' lang='lat' dir='ltr'>e</span> <span class='ocrx_word' id='word_1_150' title='bbox 969 1475 1131 1511; x_wconf 84' lang='lat' dir='ltr'>contra—</span> 
     </span>
     <span class='ocr_line' id='line_1_23' title="bbox 94 1531 1127 1584; baseline -0.003 -10"><span class='ocrx_word' id='word_1_151' title='bbox 94 1535 174 1583; x_wconf 88' lang='lat' dir='ltr'>rio,</span> <span class='ocrx_word' id='word_1_152' title='bbox 192 1535 380 1574; x_wconf 88' lang='lat' dir='ltr'>subditus</span> <span class='ocrx_word' id='word_1_153' title='bbox 397 1535 560 1573; x_wconf 86' lang='lat' dir='ltr'>facilius</span> <span class='ocrx_word' id='word_1_154' title='bbox 580 1538 715 1584; x_wconf 90' lang='lat' dir='ltr'>potest</span> <span class='ocrx_word' id='word_1_155' title='bbox 728 1532 808 1572; x_wconf 89' lang='lat' dir='ltr'>hoc</span> <span class='ocrx_word' id='word_1_156' title='bbox 829 1531 975 1572; x_wconf 89' lang='lat' dir='ltr'>eodem</span> <span class='ocrx_word' id='word_1_157' title='bbox 988 1532 1127 1580; x_wconf 88' lang='lat' dir='ltr'>modo,</span> 
     </span>
     <span class='ocr_line' id='line_1_24' title="bbox 96 1593 1130 1647; baseline -0.003 -12"><span class='ocrx_word' id='word_1_158' title='bbox 96 1607 222 1647; x_wconf 87' lang='lat' dir='ltr'>quam</span> <span class='ocrx_word' id='word_1_159' title='bbox 240 1597 492 1647; x_wconf 80' lang='lat' dir='ltr'>judicialiter</span> <span class='ocrx_word' id='word_1_160' title='bbox 510 1594 783 1646; x_wconf 76' lang='lat' dir='ltr'>1nterrogar13</span> <span class='ocrx_word' id='word_1_161' title='bbox 807 1595 905 1645; x_wconf 89' lang='lat' dir='ltr'>quia</span> <span class='ocrx_word' id='word_1_162' title='bbox 929 1593 1018 1632; x_wconf 82' lang='lat' dir='ltr'>haec</span> <span class='ocrx_word' id='word_1_163' title='bbox 1047 1593 1130 1632; x_wconf 89' lang='lat' dir='ltr'>duo</span> 
     </span>
     <span class='ocr_line' id='line_1_25' title="bbox 94 1655 1126 1704; baseline -0.004 -6"><span class='ocrx_word' id='word_1_164' title='bbox 94 1659 180 1698; x_wconf 85' lang='lat' dir='ltr'>fere</span> <span class='ocrx_word' id='word_1_165' title='bbox 212 1658 454 1697; x_wconf 68' lang='lat' dir='ltr'>correlative.</span> <span class='ocrx_word' id='word_1_166' title='bbox 481 1662 592 1704; x_wconf 88' lang='lat' dir='ltr'>sunt,</span> <span class='ocrx_word' id='word_1_167' title='bbox 615 1660 659 1696; x_wconf 81' lang='lat' dir='ltr'>et</span> <span class='ocrx_word' id='word_1_168' title='bbox 695 1656 748 1695; x_wconf 87' lang='lat' dir='ltr'>ad</span> <span class='ocrx_word' id='word_1_169' title='bbox 769 1655 962 1695; x_wconf 85' lang='lat' dir='ltr'>eumdem</span> <span class='ocrx_word' id='word_1_170' title='bbox 984 1655 1126 1704; x_wconf 90' lang='lat' dir='ltr'>finem,</span> 
     </span>
     <span class='ocr_line' id='line_1_26' title="bbox 94 1717 1128 1761; baseline -0.004 0"><span class='ocrx_word' id='word_1_171' title='bbox 94 1731 143 1761; x_wconf 83' lang='lat' dir='ltr'>ac</span> <span class='ocrx_word' id='word_1_172' title='bbox 164 1721 288 1760; x_wconf 84' lang='lat' dir='ltr'>etiam</span> <span class='ocrx_word' id='word_1_173' title='bbox 311 1720 512 1760; x_wconf 83' lang='lat' dir='ltr'>servando</span> <span class='ocrx_word' id='word_1_174' title='bbox 536 1719 614 1759; x_wconf 85' lang='lat' dir='ltr'>sub</span> <span class='ocrx_word' id='word_1_175' title='bbox 630 1717 781 1760; x_wconf 85' lang='lat' dir='ltr'>eodem</span> <span class='ocrx_word' id='word_1_176' title='bbox 795 1721 954 1758; x_wconf 85' lang='lat' dir='ltr'>secreto</span> <span class='ocrx_word' id='word_1_177' title='bbox 973 1717 1128 1758; x_wconf 85' lang='lat' dir='ltr'>famam</span> 
     </span>
     <span class='ocr_line' id='line_1_27' title="bbox 96 1782 566 1835; baseline -0.004 -13"><span class='ocrx_word' id='word_1_178' title='bbox 96 1783 287 1835; x_wconf 86' lang='lat' dir='ltr'>proximi,</span> <span class='ocrx_word' id='word_1_179' title='bbox 307 1782 566 1820; x_wconf 86' lang='lat' dir='ltr'>ordinantur.</span> 
     </span>
    </p>

    <p class='ocr_par' dir='ltr' id='par_1_3' title="bbox 35 1838 1131 3675">
     <span class='ocr_line' id='line_1_28' title="bbox 145 1838 1130 1896; baseline -0.004 -12"><span class='ocrx_word' id='word_1_180' title='bbox 145 1846 186 1884; x_wconf 80' lang='lat'>2.</span> <span class='ocrx_word' id='word_1_181' title='bbox 217 1845 357 1896; x_wconf 80' lang='lat' dir='ltr'>Neque</span> <span class='ocrx_word' id='word_1_182' title='bbox 389 1844 443 1884; x_wconf 83' lang='lat' dir='ltr'>ad</span> <span class='ocrx_word' id='word_1_183' title='bbox 474 1846 686 1896; x_wconf 79' lang='lat' dir='ltr'>paternam</span> <span class='ocrx_word' id='word_1_184' title='bbox 717 1842 995 1883; x_wconf 73' lang='lat' dir='ltr'>correctionem</span> <span class='ocrx_word' id='word_1_185' title='bbox 1039 1838 1130 1881; x_wconf 74' lang='lat' dir='ltr'>licet</span> 
     </span>
     <span class='ocr_line' id='line_1_29' title="bbox 94 1902 1131 1956; baseline -0.004 -10"><span class='ocrx_word' id='word_1_186' title='bbox 94 1903 275 1946; x_wconf 76' lang='lat' dir='ltr'>Proelaco</span> <span class='ocrx_word' id='word_1_187' title='bbox 303 1907 504 1956; x_wconf 63' lang='lat' dir='ltr'>inquirere</span> <span class='ocrx_word' id='word_1_188' title='bbox 523 1907 568 1943; x_wconf 66' lang='lat' dir='ltr'>in</span> <span class='ocrx_word' id='word_1_189' title='bbox 583 1905 831 1956; x_wconf 57' lang='lat' dir='ltr'>particulari</span> <span class='ocrx_word' id='word_1_190' title='bbox 869 1905 1012 1954; x_wconf 74' lang='lat' dir='ltr'>absque</span> <span class='ocrx_word' id='word_1_191' title='bbox 1041 1902 1131 1942; x_wconf 72' lang='lat' dir='ltr'>ulla</span> 
     </span>
     <span class='ocr_line' id='line_1_30' title="bbox 93 1963 1129 2015; baseline -0.004 -11"><span class='ocrx_word' id='word_1_192' title='bbox 93 1965 341 2015; x_wconf 76' lang='lat' dir='ltr'>infamia.——</span> <span class='ocrx_word' id='word_1_193' title='bbox 355 1966 639 2006; x_wconf 75' lang='lat' dir='ltr'>Limitatio.-</span> <span class='ocrx_word' id='word_1_194' title='bbox 658 1966 706 2003; x_wconf 90' lang='lat' dir='ltr'>Et</span> <span class='ocrx_word' id='word_1_195' title='bbox 725 1965 996 2003; x_wconf 86' lang='lat' dir='ltr'>nihilomiuus</span> <span class='ocrx_word' id='word_1_196' title='bbox 1014 1963 1129 2001; x_wconf 86' lang='lat' dir='ltr'>nulla</span> 
     </span>
     <span class='ocr_line' id='line_1_31' title="bbox 94 2024 1129 2076; baseline -0.005 -9"><span class='ocrx_word' id='word_1_197' title='bbox 94 2029 214 2067; x_wconf 84' lang='lat' dir='ltr'>estin</span> <span class='ocrx_word' id='word_1_198' title='bbox 249 2028 451 2067; x_wconf 85' lang='lat' dir='ltr'>Societate</span> <span class='ocrx_word' id='word_1_199' title='bbox 488 2026 649 2076; x_wconf 82' lang='lat' dir='ltr'>regula,</span> <span class='ocrx_word' id='word_1_200' title='bbox 673 2037 765 2075; x_wconf 84' lang='lat' dir='ltr'>quae</span> <span class='ocrx_word' id='word_1_201' title='bbox 797 2025 869 2064; x_wconf 88' lang='lat' dir='ltr'>det</span> <span class='ocrx_word' id='word_1_202' title='bbox 894 2025 1064 2064; x_wconf 79' lang='lat' dir='ltr'>Praelato</span> <span class='ocrx_word' id='word_1_203' title='bbox 1083 2024 1129 2062; x_wconf 89' lang='lat' dir='ltr'>li-</span> 
     </span>
     <span class='ocr_line' id='line_1_32' title="bbox 94 2084 1127 2139; baseline -0.007 -9"><span class='ocrx_word' id='word_1_204' title='bbox 94 2090 269 2131; x_wconf 85' lang='lat' dir='ltr'>centiam</span> <span class='ocrx_word' id='word_1_205' title='bbox 289 2089 342 2127; x_wconf 92' lang='lat' dir='ltr'>ad</span> <span class='ocrx_word' id='word_1_206' title='bbox 362 2087 657 2139; x_wconf 87' lang='lat' dir='ltr'>inquirendum</span> <span class='ocrx_word' id='word_1_207' title='bbox 682 2087 803 2126; x_wconf 87' lang='lat' dir='ltr'>etiam</span> <span class='ocrx_word' id='word_1_208' title='bbox 827 2088 905 2125; x_wconf 91' lang='lat' dir='ltr'>hoc</span> <span class='ocrx_word' id='word_1_209' title='bbox 924 2084 1127 2136; x_wconf 83' lang='lat' dir='ltr'>paternali</span> 
     </span>
     <span class='ocr_line' id='line_1_33' title="bbox 96 2147 1123 2198; baseline -0.006 -8"><span class='ocrx_word' id='word_1_210' title='bbox 96 2151 221 2190; x_wconf 91' lang='lat' dir='ltr'>modo</span> <span class='ocrx_word' id='word_1_211' title='bbox 241 2150 293 2188; x_wconf 90' lang='lat' dir='ltr'>de</span> <span class='ocrx_word' id='word_1_212' title='bbox 315 2149 395 2188; x_wconf 82' lang='lat' dir='ltr'>vita</span> <span class='ocrx_word' id='word_1_213' title='bbox 426 2149 595 2187; x_wconf 81' lang='lat' dir='ltr'>alterius</span> <span class='ocrx_word' id='word_1_214' title='bbox 628 2147 780 2186; x_wconf 90' lang='lat' dir='ltr'>subditi</span> <span class='ocrx_word' id='word_1_215' title='bbox 806 2147 851 2185; x_wconf 89' lang='lat' dir='ltr'>in</span> <span class='ocrx_word' id='word_1_216' title='bbox 871 2147 1123 2198; x_wconf 85' lang='lat' dir='ltr'>particulari,</span> 
     </span>
     <span class='ocr_line' id='line_1_34' title="bbox 93 2207 1127 2260; baseline -0.005 -10"><span class='ocrx_word' id='word_1_217' title='bbox 93 2215 164 2251; x_wconf 85' lang='lat' dir='ltr'>aut</span> <span class='ocrx_word' id='word_1_218' title='bbox 181 2211 231 2250; x_wconf 91' lang='lat' dir='ltr'>de</span> <span class='ocrx_word' id='word_1_219' title='bbox 248 2210 385 2260; x_wconf 88' lang='lat' dir='ltr'>aliquo</span> <span class='ocrx_word' id='word_1_220' title='bbox 408 2210 497 2260; x_wconf 84' lang='lat' dir='ltr'>ejus</span> <span class='ocrx_word' id='word_1_221' title='bbox 514 2209 700 2257; x_wconf 87' lang='lat' dir='ltr'>crimine,</span> <span class='ocrx_word' id='word_1_222' title='bbox 724 2207 891 2258; x_wconf 83' lang='lat' dir='ltr'>quando</span> <span class='ocrx_word' id='word_1_223' title='bbox 928 2208 1042 2246; x_wconf 90' lang='lat' dir='ltr'>nulla</span> <span class='ocrx_word' id='word_1_224' title='bbox 1062 2208 1127 2245; x_wconf 83' lang='lat' dir='ltr'>in·</span> 
     </span>
     <span class='ocr_line' id='line_1_35' title="bbox 94 2267 1126 2319; baseline -0.006 -7"><span class='ocrx_word' id='word_1_225' title='bbox 94 2272 220 2312; x_wconf 87' lang='lat' dir='ltr'>famia</span> <span class='ocrx_word' id='word_1_226' title='bbox 250 2283 327 2310; x_wconf 88' lang='lat' dir='ltr'>nec</span> <span class='ocrx_word' id='word_1_227' title='bbox 359 2283 500 2309; x_wconf 86' lang='lat' dir='ltr'>rumor</span> <span class='ocrx_word' id='word_1_228' title='bbox 522 2270 572 2308; x_wconf 90' lang='lat' dir='ltr'>de</span> <span class='ocrx_word' id='word_1_229' title='bbox 605 2270 674 2307; x_wconf 88' lang='lat' dir='ltr'>illa</span> <span class='ocrx_word' id='word_1_230' title='bbox 697 2267 928 2319; x_wconf 82' lang='lat' dir='ltr'>praecessit3</span> <span class='ocrx_word' id='word_1_231' title='bbox 953 2269 994 2307; x_wconf 92' lang='lat' dir='ltr'>id</span> <span class='ocrx_word' id='word_1_232' title='bbox 1015 2268 1126 2307; x_wconf 88' lang='lat' dir='ltr'>enim</span> 
     </span>
     <span class='ocr_line' id='line_1_36' title="bbox 92 2330 1128 2382; baseline -0.004 -9"><span class='ocrx_word' id='word_1_233' title='bbox 92 2346 177 2374; x_wconf 91' lang='lat' dir='ltr'>non</span> <span class='ocrx_word' id='word_1_234' title='bbox 192 2333 325 2372; x_wconf 90' lang='lat' dir='ltr'>solum</span> <span class='ocrx_word' id='word_1_235' title='bbox 346 2333 397 2371; x_wconf 91' lang='lat' dir='ltr'>ad</span> <span class='ocrx_word' id='word_1_236' title='bbox 418 2331 714 2382; x_wconf 85' lang='lat' dir='ltr'>perfectionem</span> <span class='ocrx_word' id='word_1_237' title='bbox 735 2330 1002 2380; x_wconf 81' lang='lat' dir='ltr'>providentiae</span> <span class='ocrx_word' id='word_1_238' title='bbox 1020 2330 1128 2369; x_wconf 82' lang='lat' dir='ltr'>illius</span> 
     </span>
     <span class='ocr_line' id='line_1_37' title="bbox 93 2391 1128 2440; baseline -0.005 -5"><span class='ocrx_word' id='word_1_239' title='bbox 93 2395 375 2435; x_wconf 85' lang='lat' dir='ltr'>necessarium</span> <span class='ocrx_word' id='word_1_240' title='bbox 399 2406 480 2432; x_wconf 91' lang='lat' dir='ltr'>non</span> <span class='ocrx_word' id='word_1_241' title='bbox 514 2396 590 2438; x_wconf 88' lang='lat' dir='ltr'>est,</span> <span class='ocrx_word' id='word_1_242' title='bbox 613 2403 757 2430; x_wconf 89' lang='lat' dir='ltr'>verum</span> <span class='ocrx_word' id='word_1_243' title='bbox 779 2391 905 2430; x_wconf 85' lang='lat' dir='ltr'>etiam</span> <span class='ocrx_word' id='word_1_244' title='bbox 924 2403 1128 2440; x_wconf 74' lang='lat' dir='ltr'>generare</span> 
     </span>
     <span class='ocr_line' id='line_1_38' title="bbox 92 2452 1129 2510; baseline -0.005 -14"><span class='ocrx_word' id='word_1_245' title='bbox 92 2461 228 2510; x_wconf 88' lang='lat' dir='ltr'>potest</span> <span class='ocrx_word' id='word_1_246' title='bbox 249 2455 527 2506; x_wconf 89' lang='lat' dir='ltr'>suspicionem</span> <span class='ocrx_word' id='word_1_247' title='bbox 547 2454 753 2493; x_wconf 83' lang='lat' dir='ltr'>sinistram</span> <span class='ocrx_word' id='word_1_248' title='bbox 771 2453 815 2491; x_wconf 89' lang='lat' dir='ltr'>in</span> <span class='ocrx_word' id='word_1_249' title='bbox 827 2452 990 2491; x_wconf 88' lang='lat' dir='ltr'>subdito</span> <span class='ocrx_word' id='word_1_250' title='bbox 1007 2452 1129 2491; x_wconf 83' lang='lat' dir='ltr'>inter·</span> 
     </span>
     <span class='ocr_line' id='line_1_39' title="bbox 93 2514 1128 2570; baseline -0.007 -12"><span class='ocrx_word' id='word_1_251' title='bbox 93 2523 237 2570; x_wconf 78' lang='lat' dir='ltr'>rogato</span> <span class='ocrx_word' id='word_1_252' title='bbox 274 2518 326 2556; x_wconf 91' lang='lat' dir='ltr'>de</span> <span class='ocrx_word' id='word_1_253' title='bbox 364 2517 459 2565; x_wconf 88' lang='lat' dir='ltr'>alio,</span> <span class='ocrx_word' id='word_1_254' title='bbox 492 2516 543 2555; x_wconf 92' lang='lat' dir='ltr'>de</span> <span class='ocrx_word' id='word_1_255' title='bbox 583 2527 667 2567; x_wconf 90' lang='lat' dir='ltr'>quo</span> <span class='ocrx_word' id='word_1_256' title='bbox 703 2515 857 2554; x_wconf 88' lang='lat' dir='ltr'>bonam</span> <span class='ocrx_word' id='word_1_257' title='bbox 888 2514 1128 2565; x_wconf 82' lang='lat' dir='ltr'>opinionem</span> 
     </span>
     <span class='ocr_line' id='line_1_40' title="bbox 92 2575 1126 2627; baseline -0.007 -7"><span class='ocrx_word' id='word_1_258' title='bbox 92 2580 197 2620; x_wconf 87' lang='lat' dir='ltr'>forte</span> <span class='ocrx_word' id='word_1_259' title='bbox 216 2579 420 2627; x_wconf 82' lang='lat' dir='ltr'>habebat3</span> <span class='ocrx_word' id='word_1_260' title='bbox 451 2581 490 2617; x_wconf 89' lang='lat' dir='ltr'>et</span> <span class='ocrx_word' id='word_1_261' title='bbox 516 2577 608 2616; x_wconf 89' lang='lat' dir='ltr'>ideo</span> <span class='ocrx_word' id='word_1_262' title='bbox 642 2588 856 2627; x_wconf 87' lang='lat' dir='ltr'>nunquam</span> <span class='ocrx_word' id='word_1_263' title='bbox 876 2575 1035 2614; x_wconf 76' lang='lat' dir='ltr'>Praelati</span> <span class='ocrx_word' id='word_1_264' title='bbox 1062 2576 1126 2614; x_wconf 91' lang='lat' dir='ltr'>in-</span> 
     </span>
     <span class='ocr_line' id='line_1_41' title="bbox 92 2636 1125 2692; baseline -0.007 -10"><span class='ocrx_word' id='word_1_265' title='bbox 92 2643 317 2692; x_wconf 76' lang='lat' dir='ltr'>terrogant,</span> <span class='ocrx_word' id='word_1_266' title='bbox 337 2641 460 2678; x_wconf 89' lang='lat' dir='ltr'>etiam</span> <span class='ocrx_word' id='word_1_267' title='bbox 479 2643 525 2678; x_wconf 90' lang='lat' dir='ltr'>ut</span> <span class='ocrx_word' id='word_1_268' title='bbox 543 2643 697 2690; x_wconf 87' lang='lat' dir='ltr'>patres,</span> <span class='ocrx_word' id='word_1_269' title='bbox 712 2639 763 2677; x_wconf 90' lang='lat' dir='ltr'>de</span> <span class='ocrx_word' id='word_1_270' title='bbox 779 2637 1007 2677; x_wconf 87' lang='lat' dir='ltr'>defectibus</span> <span class='ocrx_word' id='word_1_271' title='bbox 1027 2636 1125 2676; x_wconf 88' lang='lat' dir='ltr'>alio-</span> 
     </span>
     <span class='ocr_line' id='line_1_42' title="bbox 93 2699 1124 2751; baseline -0.006 -8"><span class='ocrx_word' id='word_1_272' title='bbox 93 2716 200 2750; x_wconf 90' lang='lat' dir='ltr'>rum,</span> <span class='ocrx_word' id='word_1_273' title='bbox 222 2703 299 2742; x_wconf 90' lang='lat' dir='ltr'>nisi</span> <span class='ocrx_word' id='word_1_274' title='bbox 325 2706 485 2741; x_wconf 86' lang='lat' dir='ltr'>tantum</span> <span class='ocrx_word' id='word_1_275' title='bbox 509 2700 773 2751; x_wconf 81' lang='lat' dir='ltr'>generaliter,</span> <span class='ocrx_word' id='word_1_276' title='bbox 796 2701 828 2739; x_wconf 90' lang='lat' dir='ltr'>si</span> <span class='ocrx_word' id='word_1_277' title='bbox 850 2699 1019 2737; x_wconf 86' lang='lat' dir='ltr'>infamia</span> <span class='ocrx_word' id='word_1_278' title='bbox 1043 2710 1124 2738; x_wconf 89' lang='lat' dir='ltr'>non</span> 
     </span>
     <span class='ocr_line' id='line_1_43' title="bbox 92 2760 1127 2816; baseline -0.006 -12"><span class='ocrx_word' id='word_1_279' title='bbox 92 2765 317 2816; x_wconf 78' lang='lat' dir='ltr'>praecessit.</span> <span class='ocrx_word' id='word_1_280' title='bbox 355 2765 440 2802; x_wconf 88' lang='lat' dir='ltr'>Hoc</span> <span class='ocrx_word' id='word_1_281' title='bbox 471 2765 614 2801; x_wconf 86' lang='lat' dir='ltr'>tamen</span> <span class='ocrx_word' id='word_1_282' title='bbox 634 2774 801 2812; x_wconf 90' lang='lat' dir='ltr'>semper</span> <span class='ocrx_word' id='word_1_283' title='bbox 822 2761 1064 2811; x_wconf 83' lang='lat' dir='ltr'>intelligitur</span> <span class='ocrx_word' id='word_1_284' title='bbox 1081 2760 1127 2799; x_wconf 89' lang='lat' dir='ltr'>in</span> 
     </span>
     <span class='ocr_line' id='line_1_44' title="bbox 94 2822 1126 2877; baseline -0.006 -11"><span class='ocrx_word' id='word_1_285' title='bbox 94 2827 321 2866; x_wconf 88' lang='lat' dir='ltr'>defectibus</span> <span class='ocrx_word' id='word_1_286' title='bbox 363 2825 634 2877; x_wconf 85' lang='lat' dir='ltr'>gravioribus,</span> <span class='ocrx_word' id='word_1_287' title='bbox 673 2825 746 2874; x_wconf 88' lang='lat' dir='ltr'>qui</span> <span class='ocrx_word' id='word_1_288' title='bbox 780 2826 981 2874; x_wconf 84' lang='lat' dir='ltr'>generant</span> <span class='ocrx_word' id='word_1_289' title='bbox 1018 2822 1126 2860; x_wconf 87' lang='lat' dir='ltr'>infa—</span> 
     </span>
     <span class='ocr_line' id='line_1_45' title="bbox 93 2885 1127 2935; baseline -0.004 -9"><span class='ocrx_word' id='word_1_290' title='bbox 93 2889 239 2933; x_wconf 81' lang='lat' dir='ltr'>miam3</span> <span class='ocrx_word' id='word_1_291' title='bbox 257 2899 354 2926; x_wconf 88' lang='lat' dir='ltr'>nam</span> <span class='ocrx_word' id='word_1_292' title='bbox 374 2889 418 2925; x_wconf 91' lang='lat' dir='ltr'>in</span> <span class='ocrx_word' id='word_1_293' title='bbox 437 2885 743 2932; x_wconf 85' lang='lat' dir='ltr'>communibus,</span> <span class='ocrx_word' id='word_1_294' title='bbox 760 2885 813 2924; x_wconf 91' lang='lat' dir='ltr'>ad</span> <span class='ocrx_word' id='word_1_295' title='bbox 829 2885 1127 2935; x_wconf 90' lang='lat' dir='ltr'>inquirendum</span> 
     </span>
     <span class='ocr_line' id='line_1_46' title="bbox 95 2947 1127 2998; baseline -0.003 -11"><span class='ocrx_word' id='word_1_296' title='bbox 95 2949 219 2988; x_wconf 89' lang='lat' dir='ltr'>etiam</span> <span class='ocrx_word' id='word_1_297' title='bbox 271 2948 314 2986; x_wconf 90' lang='lat' dir='ltr'>in</span> <span class='ocrx_word' id='word_1_298' title='bbox 359 2948 620 2998; x_wconf 87' lang='lat' dir='ltr'>particulari,</span> <span class='ocrx_word' id='word_1_299' title='bbox 660 2947 808 2985; x_wconf 86' lang='lat' dir='ltr'>sufficit</span> <span class='ocrx_word' id='word_1_300' title='bbox 854 2957 1127 2996; x_wconf 86' lang='lat' dir='ltr'>quaecumque</span> 
     </span>
     <span class='ocr_line' id='line_1_47' title="bbox 94 3007 1126 3060; baseline -0.005 -11"><span class='ocrx_word' id='word_1_301' title='bbox 94 3008 272 3060; x_wconf 87' lang='lat' dir='ltr'>suspicio</span> <span class='ocrx_word' id='word_1_302' title='bbox 288 3038 300 3056; x_wconf 90' lang='lat'>,</span> <span class='ocrx_word' id='word_1_303' title='bbox 336 3008 403 3046; x_wconf 87' lang='lat' dir='ltr'>vel</span> <span class='ocrx_word' id='word_1_304' title='bbox 446 3009 606 3047; x_wconf 88' lang='lat' dir='ltr'>occasio</span> <span class='ocrx_word' id='word_1_305' title='bbox 646 3019 737 3058; x_wconf 82' lang='lat' dir='ltr'>quae</span> <span class='ocrx_word' id='word_1_306' title='bbox 775 3007 819 3045; x_wconf 91' lang='lat' dir='ltr'>in</span> <span class='ocrx_word' id='word_1_307' title='bbox 857 3013 974 3057; x_wconf 90' lang='lat' dir='ltr'>patre</span> <span class='ocrx_word' id='word_1_308' title='bbox 1015 3007 1126 3045; x_wconf 85' lang='lat' dir='ltr'>suffi-</span> 
     </span>
     <span class='ocr_line' id='line_1_48' title="bbox 95 3068 1125 3119; baseline -0.004 -9"><span class='ocrx_word' id='word_1_309' title='bbox 95 3071 208 3111; x_wconf 90' lang='lat' dir='ltr'>ciens</span> <span class='ocrx_word' id='word_1_310' title='bbox 248 3082 337 3108; x_wconf 90' lang='lat' dir='ltr'>esse</span> <span class='ocrx_word' id='word_1_311' title='bbox 373 3069 477 3107; x_wconf 89' lang='lat' dir='ltr'>solet</span> <span class='ocrx_word' id='word_1_312' title='bbox 510 3069 563 3107; x_wconf 90' lang='lat' dir='ltr'>ad</span> <span class='ocrx_word' id='word_1_313' title='bbox 605 3069 779 3107; x_wconf 89' lang='lat' dir='ltr'>similem</span> <span class='ocrx_word' id='word_1_314' title='bbox 823 3068 1125 3119; x_wconf 88' lang='lat' dir='ltr'>providentiam</span> 
     </span>
     <span class='ocr_line' id='line_1_49' title="bbox 101 3129 1124 3184; baseline -0.004 -13"><span class='ocrx_word' id='word_1_315' title='bbox 101 3136 319 3184; x_wconf 86' lang='lat' dir='ltr'>paternam</span> <span class='ocrx_word' id='word_1_316' title='bbox 340 3130 532 3168; x_wconf 89' lang='lat' dir='ltr'>filiorum.</span> <span class='ocrx_word' id='word_1_317' title='bbox 559 3130 742 3179; x_wconf 89' lang='lat' dir='ltr'>Denique</span> <span class='ocrx_word' id='word_1_318' title='bbox 776 3129 889 3179; x_wconf 90' lang='lat' dir='ltr'>quod</span> <span class='ocrx_word' id='word_1_319' title='bbox 923 3130 976 3168; x_wconf 84' lang='lat' dir='ltr'>ad</span> <span class='ocrx_word' id='word_1_320' title='bbox 1006 3142 1124 3168; x_wconf 86' lang='lat' dir='ltr'>accu-</span> 
     </span>
     <span class='ocr_line' id='line_1_50' title="bbox 97 3190 1126 3240; baseline -0.003 -8"><span class='ocrx_word' id='word_1_321' title='bbox 97 3193 299 3232; x_wconf 82' lang='lat' dir='ltr'>sationem</span> <span class='ocrx_word' id='word_1_322' title='bbox 339 3190 506 3237; x_wconf 88' lang='lat' dir='ltr'>attinet,</span> <span class='ocrx_word' id='word_1_323' title='bbox 539 3190 669 3228; x_wconf 79' lang='lat' dir='ltr'>multo</span> <span class='ocrx_word' id='word_1_324' title='bbox 709 3190 845 3228; x_wconf 90' lang='lat' dir='ltr'>minus</span> <span class='ocrx_word' id='word_1_325' title='bbox 875 3191 966 3240; x_wconf 85' lang='lat' dir='ltr'>ejus</span> <span class='ocrx_word' id='word_1_326' title='bbox 1002 3191 1126 3229; x_wconf 88' lang='lat' dir='ltr'>vesti-</span> 
     </span>
     <span class='ocr_line' id='line_1_51' title="bbox 94 3249 1124 3307; baseline -0.005 -14"><span class='ocrx_word' id='word_1_327' title='bbox 94 3255 208 3307; x_wconf 86' lang='lat' dir='ltr'>gium</span> <span class='ocrx_word' id='word_1_328' title='bbox 243 3253 431 3292; x_wconf 88' lang='lat' dir='ltr'>relictum</span> <span class='ocrx_word' id='word_1_329' title='bbox 465 3254 525 3291; x_wconf 85' lang='lat' dir='ltr'>est</span> <span class='ocrx_word' id='word_1_330' title='bbox 553 3250 597 3289; x_wconf 92' lang='lat' dir='ltr'>in</span> <span class='ocrx_word' id='word_1_331' title='bbox 625 3249 853 3298; x_wconf 81' lang='lat' dir='ltr'>Societate3</span> <span class='ocrx_word' id='word_1_332' title='bbox 878 3251 919 3289; x_wconf 90' lang='lat' dir='ltr'>in</span> <span class='ocrx_word' id='word_1_333' title='bbox 947 3250 1124 3289; x_wconf 84' lang='lat' dir='ltr'>formula</span> 
     </span>
     <span class='ocr_line' id='line_1_52' title="bbox 94 3311 1126 3367; baseline -0.003 -13"><span class='ocrx_word' id='word_1_334' title='bbox 94 3315 264 3367; x_wconf 86' lang='lat' dir='ltr'>quidem</span> <span class='ocrx_word' id='word_1_335' title='bbox 275 3313 480 3365; x_wconf 84' lang='lat' dir='ltr'>generalis</span> <span class='ocrx_word' id='word_1_336' title='bbox 500 3311 850 3363; x_wconf 84' lang='lat' dir='ltr'>Congregationis,</span> <span class='ocrx_word' id='word_1_337' title='bbox 870 3323 1040 3351; x_wconf 87' lang='lat' dir='ltr'>numero</span> <span class='ocrx_word' id='word_1_338' title='bbox 1055 3312 1126 3351; x_wconf 89' lang='lat' dir='ltr'>tri·</span> 
     </span>
     <span class='ocr_line' id='line_1_53' title="bbox 97 3373 1124 3427; baseline -0.004 -11"><span class='ocrx_word' id='word_1_339' title='bbox 97 3377 257 3427; x_wconf 87' lang='lat' dir='ltr'>gesimo</span> <span class='ocrx_word' id='word_1_340' title='bbox 286 3379 418 3423; x_wconf 83' lang='lat' dir='ltr'>sexto,</span> <span class='ocrx_word' id='word_1_341' title='bbox 437 3373 682 3413; x_wconf 84' lang='lat' dir='ltr'>deferendus</span> <span class='ocrx_word' id='word_1_342' title='bbox 700 3373 947 3424; x_wconf 84' lang='lat' dir='ltr'>praecipitur,</span> <span class='ocrx_word' id='word_1_343' title='bbox 969 3373 1039 3424; x_wconf 90' lang='lat' dir='ltr'>qui</span> <span class='ocrx_word' id='word_1_344' title='bbox 1062 3374 1124 3412; x_wconf 91' lang='lat' dir='ltr'>in-</span> 
     </span>
     <span class='ocr_line' id='line_1_54' title="bbox 35 3434 1125 3488; baseline -0.004 -10"><span class='ocrx_word' id='word_1_345' title='bbox 35 3447 37 3450; x_wconf 59' lang='lat'><strong>⁴</strong></span> <span class='ocrx_word' id='word_1_346' title='bbox 94 3438 384 3478; x_wconf 87' lang='lat' dir='ltr'>formationem</span> <span class='ocrx_word' id='word_1_347' title='bbox 404 3436 456 3475; x_wconf 93' lang='lat' dir='ltr'>de</span> <span class='ocrx_word' id='word_1_348' title='bbox 485 3447 665 3488; x_wconf 88' lang='lat' dir='ltr'>persona</span> <span class='ocrx_word' id='word_1_349' title='bbox 695 3435 736 3473; x_wconf 90' lang='lat' dir='ltr'>in</span> <span class='ocrx_word' id='word_1_350' title='bbox 769 3434 1013 3474; x_wconf 89' lang='lat' dir='ltr'>Generalem</span> <span class='ocrx_word' id='word_1_351' title='bbox 1051 3435 1125 3474; x_wconf 93' lang='lat' dir='ltr'>eli-</span> 
     </span>
     <span class='ocr_line' id='line_1_55' title="bbox 96 3495 1121 3551; baseline -0.003 -12"><span class='ocrx_word' id='word_1_352' title='bbox 96 3500 230 3551; x_wconf 85' lang='lat' dir='ltr'>genda</span> <span class='ocrx_word' id='word_1_353' title='bbox 261 3497 503 3545; x_wconf 85' lang='lat' dir='ltr'>obtruserit;</span> <span class='ocrx_word' id='word_1_354' title='bbox 537 3497 674 3547; x_wconf 86' lang='lat' dir='ltr'>qualis</span> <span class='ocrx_word' id='word_1_355' title='bbox 698 3498 840 3535; x_wconf 88' lang='lat' dir='ltr'>tamen</span> <span class='ocrx_word' id='word_1_356' title='bbox 875 3507 924 3536; x_wconf 89' lang='lat' dir='ltr'>ea</span> <span class='ocrx_word' id='word_1_357' title='bbox 955 3495 1121 3546; x_wconf 88' lang='lat' dir='ltr'>delatio,</span> 
     </span>
     <span class='ocr_line' id='line_1_56' title="bbox 95 3554 1123 3610; baseline 0 -12"><span class='ocrx_word' id='word_1_358' title='bbox 95 3560 299 3604; x_wconf 66' lang='lat' dir='ltr'>iudicialis</span> <span class='ocrx_word' id='word_1_359' title='bbox 321 3573 391 3610; x_wconf 90' lang='lat' dir='ltr'>ne,</span> <span class='ocrx_word' id='word_1_360' title='bbox 423 3570 478 3599; x_wconf 86' lang='lat' dir='ltr'>an</span> <span class='ocrx_word' id='word_1_361' title='bbox 506 3557 690 3598; x_wconf 86' lang='lat' dir='ltr'>fraterna</span> <span class='ocrx_word' id='word_1_362' title='bbox 724 3557 875 3598; x_wconf 87' lang='lat' dir='ltr'>debeat</span> <span class='ocrx_word' id='word_1_363' title='bbox 905 3554 1012 3606; x_wconf 87' lang='lat' dir='ltr'>esse,</span> <span class='ocrx_word' id='word_1_364' title='bbox 1038 3569 1123 3598; x_wconf 89' lang='lat' dir='ltr'>non</span> 
     </span>
     <span class='ocr_line' id='line_1_57' title="bbox 97 3617 1124 3675; baseline 0 -15"><span class='ocrx_word' id='word_1_365' title='bbox 97 3621 353 3672; x_wconf 57' lang='lat' dir='ltr'>explicatum</span> <span class='ocrx_word' id='word_1_366' title='bbox 383 3620 737 3675; x_wconf 83' lang='lat' dir='ltr'>quemadmodum</span> <span class='ocrx_word' id='word_1_367' title='bbox 766 3617 935 3674; x_wconf 84' lang='lat' dir='ltr'>quando</span> <span class='ocrx_word' id='word_1_368' title='bbox 965 3619 1010 3662; x_wconf 82' lang='lat' dir='ltr'>in</span> <span class='ocrx_word' id='word_1_369' title='bbox 1043 3617 1124 3661; x_wconf 83' lang='lat' dir='ltr'>for·</span> 
     </span>
    </p>
   </div>
   <div class='ocr_carea' id='block_1_3' title="bbox 1188 303 2328 494">
    <p class='ocr_par' dir='ltr' id='par_1_4' title="bbox 1188 295 2328 494">
     <span class='ocr_line' id='line_1_58' title="bbox 1191 303 2328 364; baseline 0.003 -18"><span class='ocrx_word' id='word_1_370' title='bbox 1191 306 1301 346; x_wconf 83' lang='lat' dir='ltr'>mula</span> <span class='ocrx_word' id='word_1_371' title='bbox 1321 303 1660 355; x_wconf 81' lang='lat' dir='ltr'>Congregationis</span> <span class='ocrx_word' id='word_1_372' title='bbox 1677 304 1951 357; x_wconf 74' lang='lat' dir='ltr'>provincialis,</span> <span class='ocrx_word' id='word_1_373' title='bbox 1960 318 2013 354; x_wconf 65' lang='lat' dir='ltr'>n.</span> <span class='ocrx_word' id='word_1_374' title='bbox 2029 309 2099 356; x_wconf 70' lang='lat'>24,</span> <span class='ocrx_word' id='word_1_375' title='bbox 2110 308 2218 359; x_wconf 58' lang='lat' dir='ltr'>alius</span> <span class='ocrx_word' id='word_1_376' title='bbox 2311 307 2328 364; x_wconf 50' lang='lat' dir='ltr'>J</span> 
     </span>
     <span class='ocr_line' id='line_1_59' title="bbox 1190 365 2277 423; baseline 0.005 -16"><span class='ocrx_word' id='word_1_377' title='bbox 1190 369 1256 415; x_wconf 75' lang='lat'>16,</span> <span class='ocrx_word' id='word_1_378' title='bbox 1271 365 1495 419; x_wconf 85' lang='lat' dir='ltr'>privandus</span> <span class='ocrx_word' id='word_1_379' title='bbox 1513 365 1664 405; x_wconf 89' lang='lat' dir='ltr'>dicitur</span> <span class='ocrx_word' id='word_1_380' title='bbox 1679 377 1780 405; x_wconf 86' lang='lat' dir='ltr'>voce</span> <span class='ocrx_word' id='word_1_381' title='bbox 1794 365 1942 416; x_wconf 78' lang='lat' dir='ltr'>activa,</span> <span class='ocrx_word' id='word_1_382' title='bbox 1955 369 2021 410; x_wconf 79' lang='lat' dir='ltr'>vel</span> <span class='ocrx_word' id='word_1_383' title='bbox 2031 370 2212 423; x_wconf 78' lang='lat' dir='ltr'>passiva,</span> <span class='ocrx_word' id='word_1_384' title='bbox 2240 388 2242 390; x_wconf 96' lang='lat'>·</span> <span class='ocrx_word' id='word_1_385' title='bbox 2267 371 2277 403; x_wconf 67' lang='lat'>&#39;,</span> 
     </span>
     <span class='ocr_line' id='line_1_60' title="bbox 1188 427 2320 494; baseline 0.001 -27"><span class='ocrx_word' id='word_1_386' title='bbox 1188 429 1260 480; x_wconf 90' lang='lat' dir='ltr'>qui</span> <span class='ocrx_word' id='word_1_387' title='bbox 1284 428 1335 467; x_wconf 91' lang='lat' dir='ltr'>de</span> <span class='ocrx_word' id='word_1_388' title='bbox 1356 427 1511 467; x_wconf 81' lang='lat' dir='ltr'>ambitu</span> <span class='ocrx_word' id='word_1_389' title='bbox 1543 427 1664 467; x_wconf 79' lang='lat' dir='ltr'>tuerit</span> <span class='ocrx_word' id='word_1_390' title='bbox 1685 428 1909 475; x_wconf 85' lang='lat' dir='ltr'>convictus,</span> <span class='ocrx_word' id='word_1_391' title='bbox 1933 429 2044 474; x_wconf 83' lang='lat' dir='ltr'>nulla</span> <span class='ocrx_word' id='word_1_392' title='bbox 2063 431 2214 487; x_wconf 77' lang='lat' dir='ltr'>proba·</span> <span class='ocrx_word' id='word_1_393' title='bbox 2275 427 2277 433; x_wconf 76' lang='grc'>’</span> <span class='ocrx_word' id='word_1_394' title='bbox 2315 469 2320 494; x_wconf 51' lang='lat'>3</span> 
     </span>
    </p>
   </div>
   <div class='ocr_carea' id='block_1_4' title="bbox 1191 488 2212 540">
    <p class='ocr_par' dir='ltr' id='par_1_5' title="bbox 1191 488 2212 540">
     <span class='ocr_line' id='line_1_61' title="bbox 1191 488 2212 540; baseline 0.006 -10"><span class='ocrx_word' id='word_1_395' title='bbox 1191 490 1311 530; x_wconf 86' lang='lat' dir='ltr'>tionis</span> <span class='ocrx_word' id='word_1_396' title='bbox 1328 488 1458 527; x_wconf 80' lang='lat' dir='ltr'>torma</span> <span class='ocrx_word' id='word_1_397' title='bbox 1484 489 1740 540; x_wconf 81' lang='lat' dir='ltr'>exprimitur,</span> <span class='ocrx_word' id='word_1_398' title='bbox 1761 494 1910 540; x_wconf 78' lang='lat' dir='ltr'>proeter</span> <span class='ocrx_word' id='word_1_399' title='bbox 1930 489 2212 536; x_wconf 79' lang='lat' dir='ltr'>sufficientiam</span> 
     </span>
    </p>
   </div>
   <div class='ocr_carea' id='block_1_5' title="bbox 1190 550 2322 664">
    <p class='ocr_par' dir='ltr' id='par_1_6' title="bbox 1190 550 2322 674">
     <span class='ocr_line' id='line_1_62' title="bbox 1191 550 2306 603; baseline 0 -14"><span class='ocrx_word' id='word_1_400' title='bbox 1191 552 1317 596; x_wconf 89' lang='lat' dir='ltr'>illam,</span> <span class='ocrx_word' id='word_1_401' title='bbox 1341 562 1431 601; x_wconf 66' lang='lat' dir='ltr'>quw</span> <span class='ocrx_word' id='word_1_402' title='bbox 1447 551 1536 600; x_wconf 83' lang='lat' dir='ltr'>jure</span> <span class='ocrx_word' id='word_1_403' title='bbox 1557 551 1732 589; x_wconf 85' lang='lat' dir='ltr'>naturali</span> <span class='ocrx_word' id='word_1_404' title='bbox 1756 551 1796 589; x_wconf 91' lang='lat' dir='ltr'>in</span> <span class='ocrx_word' id='word_1_405' title='bbox 1821 550 1957 601; x_wconf 86' lang='lat' dir='ltr'>aliqua</span> <span class='ocrx_word' id='word_1_406' title='bbox 1979 550 2046 590; x_wconf 89' lang='lat' dir='ltr'>tali</span> <span class='ocrx_word' id='word_1_407' title='bbox 2067 553 2213 603; x_wconf 73' lang='lat' dir='ltr'>proba,-</span> <span class='ocrx_word' id='word_1_408' title='bbox 2269 577 2271 583; x_wconf 72' lang='lat'>‚</span> <span class='ocrx_word' id='word_1_409' title='bbox 2301 569 2306 578; x_wconf 69' lang='lat'>,</span> 
     </span>
     <span class='ocr_line' id='line_1_63' title="bbox 1190 612 2322 664; baseline 0.003 -14"><span class='ocrx_word' id='word_1_410' title='bbox 1190 612 1300 650; x_wconf 87' lang='lat' dir='ltr'>tione</span> <span class='ocrx_word' id='word_1_411' title='bbox 1322 614 1580 662; x_wconf 78' lang='lat' dir='ltr'>requiretur;</span> <span class='ocrx_word' id='word_1_412' title='bbox 1605 612 1713 652; x_wconf 85' lang='lat' dir='ltr'>unde</span> <span class='ocrx_word' id='word_1_413' title='bbox 1747 612 1913 652; x_wconf 88' lang='lat' dir='ltr'>tandem</span> <span class='ocrx_word' id='word_1_414' title='bbox 1941 612 2210 664; x_wconf 80' lang='lat' dir='ltr'>concluditur,</span> <span class='ocrx_word' id='word_1_415' title='bbox 2320 618 2322 621; x_wconf 81' lang='grc'><strong>“</strong></span> 
     </span>
    </p>
   </div>
   <div class='ocr_carea' id='block_1_6' title="bbox 1188 672 2218 847">
    <p class='ocr_par' dir='ltr' id='par_1_7' title="bbox 1188 672 2218 847">
     <span class='ocr_line' id='line_1_64' title="bbox 1188 672 2217 724; baseline 0.006 -13"><span class='ocrx_word' id='word_1_416' title='bbox 1188 672 1241 712; x_wconf 91' lang='lat' dir='ltr'>de</span> <span class='ocrx_word' id='word_1_417' title='bbox 1267 675 1351 711; x_wconf 89' lang='lat' dir='ltr'>toto</span> <span class='ocrx_word' id='word_1_418' title='bbox 1389 672 1532 712; x_wconf 84' lang='lat' dir='ltr'>ordine</span> <span class='ocrx_word' id='word_1_419' title='bbox 1567 672 1764 724; x_wconf 76' lang='lat' dir='ltr'>Judiciali,</span> <span class='ocrx_word' id='word_1_420' title='bbox 1786 685 2050 724; x_wconf 82' lang='lat' dir='ltr'>quacumque</span> <span class='ocrx_word' id='word_1_421' title='bbox 2081 674 2148 714; x_wconf 87' lang='lat' dir='ltr'>via</span> <span class='ocrx_word' id='word_1_422' title='bbox 2166 685 2217 717; x_wconf 83' lang='lat' dir='ltr'>ex</span> 
     </span>
     <span class='ocr_line' id='line_1_65' title="bbox 1191 732 2218 787; baseline 0.004 -15"><span class='ocrx_word' id='word_1_423' title='bbox 1191 732 1440 784; x_wconf 86' lang='lat' dir='ltr'>supradictis</span> <span class='ocrx_word' id='word_1_424' title='bbox 1458 734 1720 786; x_wconf 83' lang='lat' dir='ltr'>procedatur,</span> <span class='ocrx_word' id='word_1_425' title='bbox 1738 734 1836 774; x_wconf 84' lang='lat' dir='ltr'>nihil</span> <span class='ocrx_word' id='word_1_426' title='bbox 1860 735 2066 787; x_wconf 89' lang='lat' dir='ltr'>peculiare</span> <span class='ocrx_word' id='word_1_427' title='bbox 2082 734 2218 786; x_wconf 85' lang='lat' dir='ltr'>dispo-</span> 
     </span>
     <span class='ocr_line' id='line_1_66' title="bbox 1191 795 2218 847; baseline 0.002 -14"><span class='ocrx_word' id='word_1_428' title='bbox 1191 796 1313 834; x_wconf 90' lang='lat' dir='ltr'>situm</span> <span class='ocrx_word' id='word_1_429' title='bbox 1336 806 1427 834; x_wconf 87' lang='lat' dir='ltr'>esse</span> <span class='ocrx_word' id='word_1_430' title='bbox 1450 807 1469 832; x_wconf 83' lang='lat' dir='ltr'>a</span> <span class='ocrx_word' id='word_1_431' title='bbox 1496 795 1536 835; x_wconf 88' lang='grc' dir='ltr'>Ρ.</span> <span class='ocrx_word' id='word_1_432' title='bbox 1562 796 1608 835; x_wconf 83' lang='grc' dir='ltr'>Ν.</span> <span class='ocrx_word' id='word_1_433' title='bbox 1630 796 1672 836; x_wconf 91' lang='lat' dir='ltr'>S.</span> <span class='ocrx_word' id='word_1_434' title='bbox 1695 796 1852 847; x_wconf 76' lang='lat' dir='ltr'>ignatio</span> <span class='ocrx_word' id='word_1_435' title='bbox 1883 808 1921 835; x_wconf 87' lang='grc' dir='ltr'>ιη</span> <span class='ocrx_word' id='word_1_436' title='bbox 1957 795 2218 835; x_wconf 88' lang='lat' dir='ltr'>Constitutio-</span> 
     </span>
    </p>
   </div>
   <div class='ocr_carea' id='block_1_7' title="bbox 1189 855 2283 970">
    <p class='ocr_par' dir='ltr' id='par_1_8' title="bbox 1189 855 2317 970">
     <span class='ocr_line' id='line_1_67' title="bbox 1191 855 2218 908; baseline -0.002 -13"><span class='ocrx_word' id='word_1_437' title='bbox 1191 856 1314 895; x_wconf 87' lang='lat' dir='ltr'>nibus</span> <span class='ocrx_word' id='word_1_438' title='bbox 1333 855 1430 903; x_wconf 85' lang='lat' dir='ltr'>suis,</span> <span class='ocrx_word' id='word_1_439' title='bbox 1458 859 1591 895; x_wconf 87' lang='lat' dir='ltr'>necin</span> <span class='ocrx_word' id='word_1_440' title='bbox 1617 856 1834 896; x_wconf 86' lang='lat' dir='ltr'>Pontiticiis</span> <span class='ocrx_word' id='word_1_441' title='bbox 1864 856 2113 908; x_wconf 87' lang='lat' dir='ltr'>diplomatis,</span> <span class='ocrx_word' id='word_1_442' title='bbox 2128 857 2218 908; x_wconf 85' lang='lat' dir='ltr'>qui-</span> 
     </span>
     <span class='ocr_line' id='line_1_68' title="bbox 1189 916 2283 970; baseline 0.001 -13"><span class='ocrx_word' id='word_1_443' title='bbox 1189 916 1266 957; x_wconf 91' lang='lat' dir='ltr'>bus</span> <span class='ocrx_word' id='word_1_444' title='bbox 1279 917 1368 956; x_wconf 87' lang='lat' dir='ltr'>illas</span> <span class='ocrx_word' id='word_1_445' title='bbox 1385 918 1630 957; x_wconf 85' lang='lat' dir='ltr'>conformari</span> <span class='ocrx_word' id='word_1_446' title='bbox 1649 918 1876 968; x_wconf 86' lang='lat' dir='ltr'>oportebat,</span> <span class='ocrx_word' id='word_1_447' title='bbox 1896 923 2039 969; x_wconf 87' lang='lat' dir='ltr'>praeter</span> <span class='ocrx_word' id='word_1_448' title='bbox 2053 917 2093 957; x_wconf 94' lang='lat' dir='ltr'>id</span> <span class='ocrx_word' id='word_1_449' title='bbox 2106 916 2217 970; x_wconf 86' lang='lat' dir='ltr'>quod</span> <span class='ocrx_word' id='word_1_450' title='bbox 2276 946 2283 967; x_wconf 68' lang='lat'>·,</span> 
     </span>
    </p>
   </div>
   <div class='ocr_carea' id='block_1_8' title="bbox 1188 978 2214 1027">
    <p class='ocr_par' dir='ltr' id='par_1_9' title="bbox 1188 978 2214 1027">
     <span class='ocr_line' id='line_1_69' title="bbox 1188 978 2214 1027; baseline 0.001 -8"><span class='ocrx_word' id='word_1_451' title='bbox 1188 978 1240 1019; x_wconf 87' lang='lat' dir='ltr'>de</span> <span class='ocrx_word' id='word_1_452' title='bbox 1262 979 1574 1019; x_wconf 88' lang='lat' dir='ltr'>denuntiatione</span> <span class='ocrx_word' id='word_1_453' title='bbox 1600 979 1831 1019; x_wconf 81' lang='lat' dir='ltr'>ambitionis</span> <span class='ocrx_word' id='word_1_454' title='bbox 1859 980 2042 1024; x_wconf 87' lang='lat' dir='ltr'>alterius,</span> <span class='ocrx_word' id='word_1_455' title='bbox 2063 978 2153 1018; x_wconf 87' lang='lat' dir='ltr'>libr.</span> <span class='ocrx_word' id='word_1_456' title='bbox 2172 979 2214 1027; x_wconf 86' lang='lat'>6,</span> 
     </span>
    </p>
   </div>
   <div class='ocr_carea' id='block_1_9' title="bbox 1189 1039 2321 1091">
    <p class='ocr_par' dir='ltr' id='par_1_10' title="bbox 1189 1039 2321 1091">
     <span class='ocr_line' id='line_1_70' title="bbox 1189 1039 2321 1091; baseline -0.003 -12"><span class='ocrx_word' id='word_1_457' title='bbox 1189 1051 1280 1091; x_wconf 89' lang='lat' dir='ltr'>cap.</span> <span class='ocrx_word' id='word_1_458' title='bbox 1305 1042 1372 1086; x_wconf 84' lang='lat'>10,</span> <span class='ocrx_word' id='word_1_459' title='bbox 1393 1052 1416 1078; x_wconf 84' lang='lat' dir='ltr'>a</span> <span class='ocrx_word' id='word_1_460' title='bbox 1437 1052 1551 1079; x_wconf 85' lang='lat' dir='ltr'>num.</span> <span class='ocrx_word' id='word_1_461' title='bbox 1574 1043 1640 1083; x_wconf 71' lang='lat' dir='ltr'>tr,</span> <span class='ocrx_word' id='word_1_462' title='bbox 1667 1046 1882 1080; x_wconf 85' lang='lat' dir='ltr'>tractatum</span> <span class='ocrx_word' id='word_1_463' title='bbox 1918 1045 1975 1080; x_wconf 89' lang='lat' dir='ltr'>est</span> <span class='ocrx_word' id='word_1_464' title='bbox 1995 1051 2006 1090; x_wconf 93' lang='lat'>;</span> <span class='ocrx_word' id='word_1_465' title='bbox 2031 1039 2140 1080; x_wconf 85' lang='lat' dir='ltr'>unde</span> <span class='ocrx_word' id='word_1_466' title='bbox 2159 1039 2215 1078; x_wconf 88' lang='lat' dir='ltr'>vi·</span> <span class='ocrx_word' id='word_1_467' title='bbox 2283 1042 2290 1076; x_wconf 61' lang='grc' dir='ltr'>ε·</span> <span class='ocrx_word' id='word_1_468' title='bbox 2320 1046 2321 1049; x_wconf 72' lang='grc'>’</span> 
     </span>
    </p>
   </div>
   <div class='ocr_carea' id='block_1_10' title="bbox 1189 1100 2216 1153">
    <p class='ocr_par' dir='ltr' id='par_1_11' title="bbox 1189 1100 2216 1153">
     <span class='ocr_line' id='line_1_71' title="bbox 1189 1100 2216 1153; baseline -0.002 -10"><span class='ocrx_word' id='word_1_469' title='bbox 1189 1101 1276 1143; x_wconf 86' lang='lat' dir='ltr'>deri</span> <span class='ocrx_word' id='word_1_470' title='bbox 1307 1105 1447 1153; x_wconf 86' lang='lat' dir='ltr'>posset</span> <span class='ocrx_word' id='word_1_471' title='bbox 1475 1104 1515 1141; x_wconf 90' lang='lat' dir='ltr'>in</span> <span class='ocrx_word' id='word_1_472' title='bbox 1554 1102 1756 1142; x_wconf 85' lang='lat' dir='ltr'>Societate</span> <span class='ocrx_word' id='word_1_473' title='bbox 1778 1101 1973 1142; x_wconf 88' lang='lat' dir='ltr'>utendum</span> <span class='ocrx_word' id='word_1_474' title='bbox 2005 1112 2095 1141; x_wconf 88' lang='lat' dir='ltr'>esse</span> <span class='ocrx_word' id='word_1_475' title='bbox 2110 1100 2216 1153; x_wconf 86' lang='lat' dir='ltr'>juris</span> 
     </span>
    </p>
   </div>
   <div class='ocr_carea' id='block_1_11' title="bbox 1187 1164 2313 1223">
    <p class='ocr_par' dir='ltr' id='par_1_12' title="bbox 1187 1154 2313 1223">
     <span class='ocr_line' id='line_1_72' title="bbox 1187 1164 2313 1223; baseline 0.002 -19"><span class='ocrx_word' id='word_1_476' title='bbox 1187 1165 1418 1204; x_wconf 87' lang='lat' dir='ltr'>communis</span> <span class='ocrx_word' id='word_1_477' title='bbox 1457 1164 1589 1204; x_wconf 77' lang='lat' dir='ltr'>forma</span> <span class='ocrx_word' id='word_1_478' title='bbox 1619 1164 1820 1215; x_wconf 86' lang='lat' dir='ltr'>judiciali,</span> <span class='ocrx_word' id='word_1_479' title='bbox 1847 1175 1942 1204; x_wconf 89' lang='lat' dir='ltr'>cum</span> <span class='ocrx_word' id='word_1_480' title='bbox 1974 1175 2080 1216; x_wconf 85' lang='lat' dir='ltr'>opus</span> <span class='ocrx_word' id='word_1_481' title='bbox 2106 1165 2218 1204; x_wconf 79' lang='lat' dir='ltr'>esset</span> <span class='ocrx_word' id='word_1_482' title='bbox 2284 1165 2313 1223; x_wconf 42' lang='grc' dir='ltr'>Τ</span> 
     </span>
    </p>
   </div>
   <div class='ocr_carea' id='block_1_12' title="bbox 2285 1342 2349 1910">
    <p class='ocr_par' dir='ltr' id='par_1_13' title="bbox 2285 1342 2349 1910">
     <span class='ocr_line' id='line_1_73' title="bbox 2285 1342 2324 1364; baseline 0 -9"><span class='ocrx_word' id='word_1_483' title='bbox 2285 1342 2294 1364; x_wconf 53' lang='grc' dir='ltr'>Ἰ</span> <span class='ocrx_word' id='word_1_484' title='bbox 2309 1345 2324 1359; x_wconf 60' lang='lat' dir='ltr'>lu·</span> 
     </span>
     <span class='ocr_line' id='line_1_74' title="bbox 2288 1357 2322 1451; baseline 0 -6"><span class='ocrx_word' id='word_1_485' title='bbox 2288 1357 2322 1451; x_wconf 61' lang='lat' dir='ltr'>§i</span> 
     </span>
     <span class='ocr_line' id='line_1_75' title="bbox 2290 1480 2322 1719; baseline 0 -4"><span class='ocrx_word' id='word_1_486' title='bbox 2290 1480 2322 1719; x_wconf 73' lang='lat' dir='ltr'>i</span> 
     </span>
     <span class='ocr_line' id='line_1_76' title="bbox 2299 1733 2349 1806; baseline 0 0"><span class='ocrx_word' id='word_1_487' title='bbox 2299 1733 2317 1795; x_wconf 46' lang='grc' dir='ltr'>Ξ</span> <span class='ocrx_word' id='word_1_488' title='bbox 2333 1758 2349 1806; x_wconf 70' lang='lat'>1</span> 
     </span>
     <span class='ocr_line' id='line_1_77' title="bbox 2299 1868 2313 1910; baseline 0 -33"><span class='ocrx_word' id='word_1_489' title='bbox 2299 1868 2313 1910; x_wconf 40' lang='lat'>2.</span> 
     </span>
    </p>
   </div>
   <div class='ocr_carea' id='block_1_13' title="bbox 1178 1226 2218 2872">
    <p class='ocr_par' dir='ltr' id='par_1_14' title="bbox 1187 1226 1624 1277">
     <span class='ocr_line' id='line_1_78' title="bbox 1187 1226 1624 1277; baseline -0.002 -10"><span class='ocrx_word' id='word_1_490' title='bbox 1187 1226 1328 1277; x_wconf 82' lang='lat' dir='ltr'>aliqua</span> <span class='ocrx_word' id='word_1_491' title='bbox 1343 1226 1531 1277; x_wconf 85' lang='lat' dir='ltr'>judiciali</span> <span class='ocrx_word' id='word_1_492' title='bbox 1551 1227 1624 1266; x_wconf 84' lang='lat' dir='ltr'>uti.</span> 
     </span>
    </p>

    <p class='ocr_par' dir='ltr' id='par_1_15' title="bbox 1179 1286 2218 2630">
     <span class='ocr_line' id='line_1_79' title="bbox 1240 1286 2214 1342; baseline 0.003 -16"><span class='ocrx_word' id='word_1_493' title='bbox 1240 1287 1278 1327; x_wconf 88' lang='lat'>3.</span> <span class='ocrx_word' id='word_1_494' title='bbox 1309 1287 1374 1328; x_wconf 83' lang='lat' dir='ltr'>Ad</span> <span class='ocrx_word' id='word_1_495' title='bbox 1397 1287 1627 1330; x_wconf 73' lang='lat' dir='ltr'>Generalem</span> <span class='ocrx_word' id='word_1_496' title='bbox 1653 1298 1739 1329; x_wconf 80' lang='lat' dir='ltr'>cum</span> <span class='ocrx_word' id='word_1_497' title='bbox 1777 1298 1874 1340; x_wconf 76' lang='lat' dir='ltr'>opus</span> <span class='ocrx_word' id='word_1_498' title='bbox 1910 1287 2002 1336; x_wconf 74' lang='lat' dir='ltr'>erit,</span> <span class='ocrx_word' id='word_1_499' title='bbox 2037 1296 2111 1342; x_wconf 76' lang='lat' dir='ltr'>pro</span> <span class='ocrx_word' id='word_1_500' title='bbox 2140 1286 2214 1330; x_wconf 76' lang='lat' dir='ltr'>tali</span> 
     </span>
     <span class='ocr_line' id='line_1_80' title="bbox 1186 1345 2212 1400; baseline -0.002 -10"><span class='ocrx_word' id='word_1_501' title='bbox 1186 1345 1326 1400; x_wconf 72' lang='lat' dir='ltr'>aliqua</span> <span class='ocrx_word' id='word_1_502' title='bbox 1351 1353 1511 1398; x_wconf 80' lang='lat' dir='ltr'>forma,</span> <span class='ocrx_word' id='word_1_503' title='bbox 1542 1349 1836 1392; x_wconf 68' lang='lat' dir='ltr'>recuro-endum.</span> <span class='ocrx_word' id='word_1_504' title='bbox 1861 1370 1914 1380; x_wconf 92' lang='lat'><em>-</em></span> <span class='ocrx_word' id='word_1_505' title='bbox 1937 1350 2141 1390; x_wconf 64' lang='lat' dir='ltr'>Caeterum</span> <span class='ocrx_word' id='word_1_506' title='bbox 2172 1348 2212 1388; x_wconf 87' lang='lat' dir='ltr'>in</span> 
     </span>
     <span class='ocr_line' id='line_1_81' title="bbox 1186 1409 2214 1463; baseline 0.003 -15"><span class='ocrx_word' id='word_1_507' title='bbox 1186 1410 1360 1460; x_wconf 86' lang='lat' dir='ltr'>septima</span> <span class='ocrx_word' id='word_1_508' title='bbox 1413 1410 1746 1463; x_wconf 78' lang='lat' dir='ltr'>Congregatione</span> <span class='ocrx_word' id='word_1_509' title='bbox 1785 1410 1969 1462; x_wconf 84' lang='lat' dir='ltr'>generali</span> <span class='ocrx_word' id='word_1_510' title='bbox 2009 1409 2214 1462; x_wconf 81' lang='lat' dir='ltr'>proposita</span> 
     </span>
     <span class='ocr_line' id='line_1_82' title="bbox 1185 1470 2214 1525; baseline 0.002 -16"><span class='ocrx_word' id='word_1_511' title='bbox 1185 1471 1354 1521; x_wconf 86' lang='lat' dir='ltr'>quidem</span> <span class='ocrx_word' id='word_1_512' title='bbox 1376 1470 1454 1512; x_wconf 85' lang='lat' dir='ltr'>fuit</span> <span class='ocrx_word' id='word_1_513' title='bbox 1478 1472 1611 1512; x_wconf 86' lang='lat' dir='ltr'>forma</span> <span class='ocrx_word' id='word_1_514' title='bbox 1627 1471 1835 1524; x_wconf 80' lang='lat' dir='ltr'>judicialis</span> <span class='ocrx_word' id='word_1_515' title='bbox 1866 1485 1891 1511; x_wconf 92' lang='lat' dir='ltr'>a</span> <span class='ocrx_word' id='word_1_516' title='bbox 1928 1473 2114 1524; x_wconf 88' lang='lat' dir='ltr'>patribus</span> <span class='ocrx_word' id='word_1_517' title='bbox 2140 1482 2214 1525; x_wconf 81' lang='lat' dir='ltr'>per</span> 
     </span>
     <span class='ocr_line' id='line_1_83' title="bbox 1185 1532 2216 1585; baseline 0.001 -14"><span class='ocrx_word' id='word_1_518' title='bbox 1185 1543 1280 1571; x_wconf 88' lang='lat' dir='ltr'>eam</span> <span class='ocrx_word' id='word_1_519' title='bbox 1300 1532 1519 1585; x_wconf 84' lang='lat' dir='ltr'>deputatis,</span> <span class='ocrx_word' id='word_1_520' title='bbox 1541 1538 1586 1572; x_wconf 86' lang='lat' dir='ltr'>ut</span> <span class='ocrx_word' id='word_1_521' title='bbox 1606 1533 1782 1573; x_wconf 85' lang='lat' dir='ltr'>habetur</span> <span class='ocrx_word' id='word_1_522' title='bbox 1798 1535 1840 1572; x_wconf 90' lang='lat' dir='ltr'>in</span> <span class='ocrx_word' id='word_1_523' title='bbox 1859 1534 2024 1574; x_wconf 87' lang='lat' dir='ltr'>decreto</span> <span class='ocrx_word' id='word_1_524' title='bbox 2041 1536 2108 1575; x_wconf 79' lang='lat'>94.</span> <span class='ocrx_word' id='word_1_525' title='bbox 2125 1534 2216 1573; x_wconf 90' lang='lat' dir='ltr'>Non</span> 
     </span>
     <span class='ocr_line' id='line_1_84' title="bbox 1186 1595 2215 1646; baseline 0 -11"><span class='ocrx_word' id='word_1_526' title='bbox 1186 1595 1346 1635; x_wconf 85' lang='lat' dir='ltr'>censuit</span> <span class='ocrx_word' id='word_1_527' title='bbox 1370 1599 1510 1634; x_wconf 89' lang='lat' dir='ltr'>tamen</span> <span class='ocrx_word' id='word_1_528' title='bbox 1529 1595 1802 1646; x_wconf 79' lang='lat' dir='ltr'>congregatio</span> <span class='ocrx_word' id='word_1_529' title='bbox 1830 1606 1905 1646; x_wconf 88' lang='lat' dir='ltr'>pro</span> <span class='ocrx_word' id='word_1_530' title='bbox 1926 1599 2024 1636; x_wconf 83' lang='lat' dir='ltr'>tunc</span> <span class='ocrx_word' id='word_1_531' title='bbox 2047 1595 2215 1637; x_wconf 88' lang='lat' dir='ltr'>decreto</span> 
     </span>
     <span class='ocr_line' id='line_1_85' title="bbox 1183 1655 2215 1708; baseline 0.004 -14"><span class='ocrx_word' id='word_1_532' title='bbox 1183 1655 1269 1695; x_wconf 89' lang='lat' dir='ltr'>ullo</span> <span class='ocrx_word' id='word_1_533' title='bbox 1289 1667 1380 1695; x_wconf 87' lang='lat' dir='ltr'>esse</span> <span class='ocrx_word' id='word_1_534' title='bbox 1413 1655 1676 1705; x_wconf 88' lang='lat' dir='ltr'>firmandam,</span> <span class='ocrx_word' id='word_1_535' title='bbox 1700 1655 1774 1696; x_wconf 87' lang='lat' dir='ltr'>sed</span> <span class='ocrx_word' id='word_1_536' title='bbox 1801 1655 1956 1707; x_wconf 82' lang='lat' dir='ltr'>judicio</span> <span class='ocrx_word' id='word_1_537' title='bbox 1986 1655 2115 1708; x_wconf 86' lang='lat' dir='ltr'>patris</span> <span class='ocrx_word' id='word_1_538' title='bbox 2138 1655 2215 1698; x_wconf 84' lang='lat' dir='ltr'>Ge-</span> 
     </span>
     <span class='ocr_line' id='line_1_86' title="bbox 1184 1716 2217 1768; baseline 0.002 -12"><span class='ocrx_word' id='word_1_539' title='bbox 1184 1717 1337 1757; x_wconf 87' lang='lat' dir='ltr'>neralis</span> <span class='ocrx_word' id='word_1_540' title='bbox 1368 1718 1721 1765; x_wconf 85' lang='lat' dir='ltr'>committendam,</span> <span class='ocrx_word' id='word_1_541' title='bbox 1748 1719 1819 1768; x_wconf 86' lang='lat' dir='ltr'>qui</span> <span class='ocrx_word' id='word_1_542' title='bbox 1840 1729 1931 1758; x_wconf 89' lang='lat' dir='ltr'>eam</span> <span class='ocrx_word' id='word_1_543' title='bbox 1954 1716 2217 1759; x_wconf 77' lang='lat' dir='ltr'>Provinciali-</span> 
     </span>
     <span class='ocr_line' id='line_1_87' title="bbox 1184 1778 2218 1831; baseline 0 -14"><span class='ocrx_word' id='word_1_544' title='bbox 1184 1778 1264 1817; x_wconf 86' lang='lat' dir='ltr'>hus</span> <span class='ocrx_word' id='word_1_545' title='bbox 1308 1780 1658 1827; x_wconf 81' lang='lat' dir='ltr'>communicaret,</span> <span class='ocrx_word' id='word_1_546' title='bbox 1695 1778 1876 1818; x_wconf 81' lang='lat' dir='ltr'>maxime</span> <span class='ocrx_word' id='word_1_547' title='bbox 1911 1790 2005 1818; x_wconf 89' lang='lat' dir='ltr'>cum</span> <span class='ocrx_word' id='word_1_548' title='bbox 2053 1779 2218 1831; x_wconf 87' lang='lat' dir='ltr'>gravior</span> 
     </span>
     <span class='ocr_line' id='line_1_88' title="bbox 1185 1839 2218 1892; baseline 0 -14"><span class='ocrx_word' id='word_1_549' title='bbox 1185 1840 1323 1891; x_wconf 86' lang='lat' dir='ltr'>aliqua</span> <span class='ocrx_word' id='word_1_550' title='bbox 1350 1841 1577 1880; x_wconf 87' lang='lat' dir='ltr'>necessitas</span> <span class='ocrx_word' id='word_1_551' title='bbox 1596 1839 1639 1879; x_wconf 93' lang='lat' dir='ltr'>id</span> <span class='ocrx_word' id='word_1_552' title='bbox 1674 1841 1938 1892; x_wconf 88' lang='lat' dir='ltr'>postulasset.</span> <span class='ocrx_word' id='word_1_553' title='bbox 1967 1839 2085 1881; x_wconf 90' lang='lat' dir='ltr'>Unde</span> <span class='ocrx_word' id='word_1_554' title='bbox 2113 1839 2218 1880; x_wconf 87' lang='lat' dir='ltr'>indi-</span> 
     </span>
     <span class='ocr_line' id='line_1_89' title="bbox 1185 1900 2215 1953; baseline -0.001 -12"><span class='ocrx_word' id='word_1_555' title='bbox 1185 1903 1273 1942; x_wconf 86' lang='lat' dir='ltr'>cari</span> <span class='ocrx_word' id='word_1_556' title='bbox 1296 1902 1457 1942; x_wconf 86' lang='lat' dir='ltr'>videtur</span> <span class='ocrx_word' id='word_1_557' title='bbox 1476 1914 1550 1953; x_wconf 88' lang='lat' dir='ltr'>pro</span> <span class='ocrx_word' id='word_1_558' title='bbox 1585 1902 1758 1952; x_wconf 82' lang='lat' dir='ltr'>singulis</span> <span class='ocrx_word' id='word_1_559' title='bbox 1793 1903 1957 1942; x_wconf 89' lang='lat' dir='ltr'>casibus</span> <span class='ocrx_word' id='word_1_560' title='bbox 1978 1900 2215 1952; x_wconf 83' lang='lat' dir='ltr'>judicialem</span> 
     </span>
     <span class='ocr_line' id='line_1_90' title="bbox 1184 1962 2215 2014; baseline 0 -12"><span class='ocrx_word' id='word_1_561' title='bbox 1184 1963 1360 2002; x_wconf 87' lang='lat' dir='ltr'>formam</span> <span class='ocrx_word' id='word_1_562' title='bbox 1373 1964 1696 2014; x_wconf 88' lang='lat' dir='ltr'>requirentibus,</span> <span class='ocrx_word' id='word_1_563' title='bbox 1710 1975 1793 2002; x_wconf 90' lang='lat' dir='ltr'>non</span> <span class='ocrx_word' id='word_1_564' title='bbox 1814 1964 1921 2002; x_wconf 89' lang='lat' dir='ltr'>illico</span> <span class='ocrx_word' id='word_1_565' title='bbox 1936 1962 2215 2002; x_wconf 85' lang='lat' dir='ltr'>adhibendam</span> 
     </span>
     <span class='ocr_line' id='line_1_91' title="bbox 1183 2023 2213 2075; baseline -0.003 -11"><span class='ocrx_word' id='word_1_566' title='bbox 1183 2025 1358 2064; x_wconf 86' lang='lat' dir='ltr'>formam</span> <span class='ocrx_word' id='word_1_567' title='bbox 1391 2025 1499 2075; x_wconf 76' lang='lat' dir='ltr'>J&#39;uris</span> <span class='ocrx_word' id='word_1_568' title='bbox 1525 2025 1771 2072; x_wconf 89' lang='lat' dir='ltr'>communis,</span> <span class='ocrx_word' id='word_1_569' title='bbox 1812 2024 1885 2064; x_wconf 94' lang='lat' dir='ltr'>sed</span> <span class='ocrx_word' id='word_1_570' title='bbox 1917 2023 2213 2066; x_wconf 88' lang='lat' dir='ltr'>recurrendum</span> 
     </span>
     <span class='ocr_line' id='line_1_92' title="bbox 1182 2084 2215 2137; baseline -0.002 -11"><span class='ocrx_word' id='word_1_571' title='bbox 1182 2097 1274 2126; x_wconf 89' lang='lat' dir='ltr'>esse</span> <span class='ocrx_word' id='word_1_572' title='bbox 1294 2086 1345 2124; x_wconf 89' lang='lat' dir='ltr'>ad</span> <span class='ocrx_word' id='word_1_573' title='bbox 1367 2086 1625 2125; x_wconf 81' lang='lat' dir='ltr'>Generalem.</span> <span class='ocrx_word' id='word_1_574' title='bbox 1648 2087 1804 2125; x_wconf 86' lang='lat' dir='ltr'>Rursus</span> <span class='ocrx_word' id='word_1_575' title='bbox 1824 2087 1866 2124; x_wconf 89' lang='lat' dir='ltr'>in</span> <span class='ocrx_word' id='word_1_576' title='bbox 1883 2096 2042 2124; x_wconf 90' lang='lat' dir='ltr'>canone</span> <span class='ocrx_word' id='word_1_577' title='bbox 2061 2086 2125 2132; x_wconf 85' lang='lat'>10,</span> <span class='ocrx_word' id='word_1_578' title='bbox 2144 2084 2170 2137; x_wconf 66' lang='grc' dir='ltr'>ἓ</span> <span class='ocrx_word' id='word_1_579' title='bbox 2187 2085 2215 2124; x_wconf 79' lang='grc'><strong>5</strong></span> 
     </span>
     <span class='ocr_line' id='line_1_93' title="bbox 1181 2146 2215 2199; baseline -0.002 -11"><span class='ocrx_word' id='word_1_580' title='bbox 1181 2152 1305 2188; x_wconf 70' lang='lat' dir='ltr'>sextze</span> <span class='ocrx_word' id='word_1_581' title='bbox 1322 2148 1674 2199; x_wconf 58' lang='lat' dir='ltr'>Csngregationis,</span> <span class='ocrx_word' id='word_1_582' title='bbox 1686 2147 1836 2198; x_wconf 79' lang='lat' dir='ltr'>Judicis</span> <span class='ocrx_word' id='word_1_583' title='bbox 1851 2147 2019 2198; x_wconf 87' lang='lat' dir='ltr'>quidem</span> <span class='ocrx_word' id='word_1_584' title='bbox 2034 2146 2215 2188; x_wconf 86' lang='lat' dir='ltr'>officium</span> 
     </span>
     <span class='ocr_line' id='line_1_94' title="bbox 1182 2207 2214 2261; baseline -0.002 -11"><span class='ocrx_word' id='word_1_585' title='bbox 1182 2211 1352 2251; x_wconf 57' lang='lat' dir='ltr'>assumi,</span> <span class='ocrx_word' id='word_1_586' title='bbox 1385 2221 1434 2249; x_wconf 89' lang='lat' dir='ltr'>ac</span> <span class='ocrx_word' id='word_1_587' title='bbox 1469 2210 1823 2249; x_wconf 82' lang='lat' dir='ltr'>denuntiationem</span> <span class='ocrx_word' id='word_1_588' title='bbox 1853 2208 2095 2261; x_wconf 82' lang='lat' dir='ltr'>judicialem</span> <span class='ocrx_word' id='word_1_589' title='bbox 2120 2207 2214 2249; x_wconf 87' lang='lat' dir='ltr'>fieri</span> 
     </span>
     <span class='ocr_line' id='line_1_95' title="bbox 1183 2270 2214 2324; baseline 0 -14"><span class='ocrx_word' id='word_1_590' title='bbox 1183 2272 1433 2324; x_wconf 76' lang='lat' dir='ltr'>praecipitur,</span> <span class='ocrx_word' id='word_1_591' title='bbox 1449 2272 1610 2322; x_wconf 87' lang='lat' dir='ltr'>quoties</span> <span class='ocrx_word' id='word_1_592' title='bbox 1630 2271 1740 2311; x_wconf 89' lang='lat' dir='ltr'>bono</span> <span class='ocrx_word' id='word_1_593' title='bbox 1758 2271 1983 2318; x_wconf 89' lang='lat' dir='ltr'>communi,</span> <span class='ocrx_word' id='word_1_594' title='bbox 2000 2274 2070 2310; x_wconf 88' lang='lat' dir='ltr'>aut</span> <span class='ocrx_word' id='word_1_595' title='bbox 2086 2270 2214 2311; x_wconf 73' lang='lat' dir='ltr'>tertiae</span> 
     </span>
     <span class='ocr_line' id='line_1_96' title="bbox 1183 2332 2214 2384; baseline 0 -12"><span class='ocrx_word' id='word_1_596' title='bbox 1183 2343 1373 2384; x_wconf 80' lang='lat' dir='ltr'>personae</span> <span class='ocrx_word' id='word_1_597' title='bbox 1414 2341 1498 2371; x_wconf 66' lang='lat' dir='ltr'>n&#39;on</span> <span class='ocrx_word' id='word_1_598' title='bbox 1538 2332 1825 2383; x_wconf 81' lang='lat' dir='ltr'>provideretur</span> <span class='ocrx_word' id='word_1_599' title='bbox 1854 2332 2109 2373; x_wconf 84' lang='lat' dir='ltr'>sufficienter</span> <span class='ocrx_word' id='word_1_600' title='bbox 2138 2341 2214 2383; x_wconf 83' lang='lat' dir='ltr'>per</span> 
     </span>
     <span class='ocr_line' id='line_1_97' title="bbox 1183 2393 2214 2446; baseline -0.001 -13"><span class='ocrx_word' id='word_1_601' title='bbox 1183 2398 1400 2446; x_wconf 76' lang='lat' dir='ltr'>paternam</span> <span class='ocrx_word' id='word_1_602' title='bbox 1422 2394 1745 2441; x_wconf 81' lang='lat' dir='ltr'>correctionem3</span> <span class='ocrx_word' id='word_1_603' title='bbox 1767 2394 1860 2445; x_wconf 86' lang='lat' dir='ltr'>quis</span> <span class='ocrx_word' id='word_1_604' title='bbox 1897 2398 2037 2433; x_wconf 87' lang='lat' dir='ltr'>autem</span> <span class='ocrx_word' id='word_1_605' title='bbox 2064 2393 2214 2433; x_wconf 85' lang='lat' dir='ltr'>modus</span> 
     </span>
     <span class='ocr_line' id='line_1_98' title="bbox 1185 2453 2214 2506; baseline -0.001 -12"><span class='ocrx_word' id='word_1_606' title='bbox 1185 2467 1258 2494; x_wconf 90' lang='lat' dir='ltr'>seu</span> <span class='ocrx_word' id='word_1_607' title='bbox 1277 2466 1496 2506; x_wconf 88' lang='lat' dir='ltr'>processus</span> <span class='ocrx_word' id='word_1_608' title='bbox 1530 2457 1630 2494; x_wconf 85' lang='lat' dir='ltr'>tunc</span> <span class='ocrx_word' id='word_1_609' title='bbox 1663 2454 1922 2494; x_wconf 88' lang='lat' dir='ltr'>adhibendus</span> <span class='ocrx_word' id='word_1_610' title='bbox 1954 2455 2021 2502; x_wconf 84' lang='lat' dir='ltr'>sit,</span> <span class='ocrx_word' id='word_1_611' title='bbox 2056 2453 2110 2493; x_wconf 89' lang='lat' dir='ltr'>ad</span> <span class='ocrx_word' id='word_1_612' title='bbox 2133 2455 2214 2493; x_wconf 85' lang='lat' dir='ltr'>ins·</span> 
     </span>
     <span class='ocr_line' id='line_1_99' title="bbox 1182 2517 2213 2567; baseline -0.001 -12"><span class='ocrx_word' id='word_1_613' title='bbox 1182 2517 1433 2555; x_wconf 75' lang='lat' dir='ltr'>tractionem</span> <span class='ocrx_word' id='word_1_614' title='bbox 1463 2528 1513 2556; x_wconf 83' lang='lat' dir='ltr'>ea</span> <span class='ocrx_word' id='word_1_615' title='bbox 1545 2517 1599 2556; x_wconf 91' lang='lat' dir='ltr'>de</span> <span class='ocrx_word' id='word_1_616' title='bbox 1628 2529 1672 2556; x_wconf 89' lang='lat' dir='ltr'>re</span> <span class='ocrx_word' id='word_1_617' title='bbox 1693 2518 1926 2564; x_wconf 89' lang='lat' dir='ltr'>remittitur,</span> <span class='ocrx_word' id='word_1_618' title='bbox 1949 2526 2040 2567; x_wconf 81' lang='lat' dir='ltr'>quae</span> <span class='ocrx_word' id='word_1_619' title='bbox 2072 2518 2213 2555; x_wconf 86' lang='lat' dir='ltr'>tamen</span> 
     </span>
     <span class='ocr_line' id='line_1_100' title="bbox 1179 2578 1982 2630; baseline -0.001 -14"><span class='ocrx_word' id='word_1_620' title='bbox 1179 2581 1274 2630; x_wconf 87' lang='lat' dir='ltr'>post</span> <span class='ocrx_word' id='word_1_621' title='bbox 1292 2578 1447 2616; x_wconf 90' lang='lat' dir='ltr'>editum</span> <span class='ocrx_word' id='word_1_622' title='bbox 1468 2590 1669 2617; x_wconf 88' lang='lat' dir='ltr'>canonem</span> <span class='ocrx_word' id='word_1_623' title='bbox 1684 2578 1780 2617; x_wconf 85' lang='lat' dir='ltr'>data</span> <span class='ocrx_word' id='word_1_624' title='bbox 1802 2589 1887 2616; x_wconf 90' lang='lat' dir='ltr'>non</span> <span class='ocrx_word' id='word_1_625' title='bbox 1907 2581 1982 2617; x_wconf 89' lang='lat' dir='ltr'>est.</span> 
     </span>
    </p>

    <p class='ocr_par' dir='ltr' id='par_1_16' title="bbox 1178 2635 2212 2872">
     <span class='ocr_line' id='line_1_101' title="bbox 1233 2635 2212 2692; baseline -0.001 -13"><span class='ocrx_word' id='word_1_626' title='bbox 1233 2640 1274 2679; x_wconf 78' lang='grc'>4.</span> <span class='ocrx_word' id='word_1_627' title='bbox 1306 2640 1451 2680; x_wconf 78' lang='lat' dir='ltr'>Prima</span> <span class='ocrx_word' id='word_1_628' title='bbox 1466 2640 1626 2690; x_wconf 80' lang='lat' dir='ltr'>objectio</span> <span class='ocrx_word' id='word_1_629' title='bbox 1637 2651 1705 2681; x_wconf 78' lang='lat' dir='ltr'>seu</span> <span class='ocrx_word' id='word_1_630' title='bbox 1718 2641 1890 2692; x_wconf 79' lang='lat' dir='ltr'>querela,</span> <span class='ocrx_word' id='word_1_631' title='bbox 1911 2639 2015 2691; x_wconf 81' lang='lat' dir='ltr'>quod</span> <span class='ocrx_word' id='word_1_632' title='bbox 2033 2635 2212 2680; x_wconf 71' lang='lat' dir='ltr'>Societas</span> 
     </span>
     <span class='ocr_line' id='line_1_102' title="bbox 1178 2699 2208 2752; baseline -0.002 -11"><span class='ocrx_word' id='word_1_633' title='bbox 1178 2711 1258 2741; x_wconf 73' lang='lat' dir='ltr'>non</span> <span class='ocrx_word' id='word_1_634' title='bbox 1277 2705 1410 2741; x_wconf 70' lang='lat' dir='ltr'>servat</span> <span class='ocrx_word' id='word_1_635' title='bbox 1431 2704 1607 2749; x_wconf 78' lang='lat' dir='ltr'>formam</span> <span class='ocrx_word' id='word_1_636' title='bbox 1624 2700 1966 2752; x_wconf 51' lang='lat' dir='ltr'>juria—Secum</span> <span class='ocrx_word' id='word_1_637' title='bbox 2001 2718 2003 2721; x_wconf 83' lang='lat'><em>.</em></span> <span class='ocrx_word' id='word_1_638' title='bbox 2038 2699 2208 2751; x_wconf 72' lang='lat' dir='ltr'>querela,</span> 
     </span>
     <span class='ocr_line' id='line_1_103' title="bbox 1180 2753 2211 2815; baseline -0.002 -13"><span class='ocrx_word' id='word_1_639' title='bbox 1180 2763 1284 2815; x_wconf 82' lang='lat' dir='ltr'>quod</span> <span class='ocrx_word' id='word_1_640' title='bbox 1301 2763 1422 2802; x_wconf 78' lang='lat' dir='ltr'>distet</span> <span class='ocrx_word' id='word_1_641' title='bbox 1442 2761 1612 2801; x_wconf 74' lang='lat' dir='ltr'>nimium</span> <span class='ocrx_word' id='word_1_642' title='bbox 1638 2761 1846 2803; x_wconf 69' lang='lat' dir='ltr'>Generalis</span> <span class='ocrx_word' id='word_1_643' title='bbox 1870 2761 1924 2800; x_wconf 86' lang='lat' dir='ltr'>ad</span> <span class='ocrx_word' id='word_1_644' title='bbox 1940 2753 2211 2802; x_wconf 61' lang='lat' dir='ltr'>terminandas</span> 
     </span>
     <span class='ocr_line' id='line_1_104' title="bbox 1181 2821 2210 2872; baseline -0.004 -9"><span class='ocrx_word' id='word_1_645' title='bbox 1181 2834 1338 2864; x_wconf 77' lang='lat' dir='ltr'>causas.</span> <span class='ocrx_word' id='word_1_646' title='bbox 1353 2843 1406 2852; x_wconf 91' lang='lat'><strong>—</strong></span> <span class='ocrx_word' id='word_1_647' title='bbox 1422 2822 1503 2861; x_wconf 90' lang='lat' dir='ltr'>Sed</span> <span class='ocrx_word' id='word_1_648' title='bbox 1530 2822 1825 2860; x_wconf 86' lang='lat' dir='ltr'>nonnullorum</span> <span class='ocrx_word' id='word_1_649' title='bbox 1859 2821 2129 2872; x_wconf 88' lang='lat' dir='ltr'>querimoniis</span> <span class='ocrx_word' id='word_1_650' title='bbox 2148 2833 2210 2860; x_wconf 88' lang='lat' dir='ltr'>sa-</span> 
     </span>
    </p>
   </div>
   <div class='ocr_carea' id='block_1_14' title="bbox 1180 2882 2291 3057">
    <p class='ocr_par' dir='ltr' id='par_1_17' title="bbox 1180 2866 2292 3057">
     <span class='ocr_line' id='line_1_105' title="bbox 1180 2882 2274 2933; baseline -0.003 -10"><span class='ocrx_word' id='word_1_651' title='bbox 1180 2884 1459 2923; x_wconf 87' lang='lat' dir='ltr'>tisfaciamus:</span> <span class='ocrx_word' id='word_1_652' title='bbox 1481 2882 1654 2921; x_wconf 89' lang='lat' dir='ltr'>difficilis</span> <span class='ocrx_word' id='word_1_653' title='bbox 1674 2882 1827 2933; x_wconf 89' lang='lat' dir='ltr'>quippe</span> <span class='ocrx_word' id='word_1_654' title='bbox 1847 2882 1906 2921; x_wconf 89' lang='lat' dir='ltr'>eis</span> <span class='ocrx_word' id='word_1_655' title='bbox 1926 2886 2097 2933; x_wconf 85' lang='lat' dir='ltr'>apparet</span> <span class='ocrx_word' id='word_1_656' title='bbox 2116 2893 2210 2921; x_wconf 88' lang='lat' dir='ltr'>con·</span> <span class='ocrx_word' id='word_1_657' title='bbox 2271 2909 2274 2919; x_wconf 79' lang='grc'><em>.</em></span> 
     </span>
     <span class='ocr_line' id='line_1_106' title="bbox 1181 2943 2291 2995; baseline -0.002 -11"><span class='ocrx_word' id='word_1_658' title='bbox 1181 2944 1355 2985; x_wconf 87' lang='lat' dir='ltr'>suetudo</span> <span class='ocrx_word' id='word_1_659' title='bbox 1375 2955 1501 2994; x_wconf 87' lang='lat' dir='ltr'>quam</span> <span class='ocrx_word' id='word_1_660' title='bbox 1520 2943 1645 2982; x_wconf 84' lang='lat' dir='ltr'>habet</span> <span class='ocrx_word' id='word_1_661' title='bbox 1665 2943 1848 2983; x_wconf 87' lang='lat' dir='ltr'>Societas</span> <span class='ocrx_word' id='word_1_662' title='bbox 1868 2943 2100 2995; x_wconf 83' lang='lat' dir='ltr'>expellendi</span> <span class='ocrx_word' id='word_1_663' title='bbox 2137 2943 2211 2983; x_wconf 85' lang='lat' dir='ltr'>ali·</span> <span class='ocrx_word' id='word_1_664' title='bbox 2280 2943 2291 2973; x_wconf 69' lang='lat' dir='ltr'>-f</span> 
     </span>
     <span class='ocr_line' id='line_1_107' title="bbox 1182 3003 2284 3057; baseline -0.001 -13"><span class='ocrx_word' id='word_1_665' title='bbox 1182 3017 1285 3057; x_wconf 90' lang='lat' dir='ltr'>quos</span> <span class='ocrx_word' id='word_1_666' title='bbox 1305 3017 1355 3044; x_wconf 84' lang='lat' dir='ltr'>ex</span> <span class='ocrx_word' id='word_1_667' title='bbox 1376 3006 1459 3044; x_wconf 89' lang='lat' dir='ltr'>suis</span> <span class='ocrx_word' id='word_1_668' title='bbox 1491 3005 1707 3056; x_wconf 86' lang='lat' dir='ltr'>religiosis,</span> <span class='ocrx_word' id='word_1_669' title='bbox 1736 3005 1850 3044; x_wconf 86' lang='lat' dir='ltr'>nulla</span> <span class='ocrx_word' id='word_1_670' title='bbox 1896 3009 2056 3044; x_wconf 86' lang='lat' dir='ltr'>servata</span> <span class='ocrx_word' id='word_1_671' title='bbox 2078 3003 2210 3043; x_wconf 82' lang='lat' dir='ltr'>forma</span> <span class='ocrx_word' id='word_1_672' title='bbox 2271 3014 2284 3027; x_wconf 92' lang='grc'>’</span> 
     </span>
    </p>
   </div>
   <div class='ocr_carea' id='block_1_15' title="bbox 1176 3066 2210 3119">
    <p class='ocr_par' dir='ltr' id='par_1_18' title="bbox 1176 3066 2210 3119">
     <span class='ocr_line' id='line_1_108' title="bbox 1176 3066 2210 3119; baseline -0.001 -14"><span class='ocrx_word' id='word_1_673' title='bbox 1176 3066 1377 3119; x_wconf 89' lang='lat' dir='ltr'>judiciali,</span> <span class='ocrx_word' id='word_1_674' title='bbox 1406 3066 1479 3105; x_wconf 89' lang='lat' dir='ltr'>sed</span> <span class='ocrx_word' id='word_1_675' title='bbox 1502 3079 1550 3105; x_wconf 84' lang='lat' dir='ltr'>ex</span> <span class='ocrx_word' id='word_1_676' title='bbox 1570 3067 1658 3106; x_wconf 87' lang='lat' dir='ltr'>sola</span> <span class='ocrx_word' id='word_1_677' title='bbox 1677 3067 1836 3118; x_wconf 85' lang='lat' dir='ltr'>privata</span> <span class='ocrx_word' id='word_1_678' title='bbox 1850 3066 2156 3113; x_wconf 81' lang='lat' dir='ltr'>informatione,</span> <span class='ocrx_word' id='word_1_679' title='bbox 2169 3068 2210 3105; x_wconf 82' lang='lat' dir='ltr'>et</span> 
     </span>
    </p>
   </div>
   <div class='ocr_carea' id='block_1_16' title="bbox 1179 3126 2299 3180">
    <p class='ocr_par' dir='ltr' id='par_1_19' title="bbox 1179 3113 2299 3186">
     <span class='ocr_line' id='line_1_109' title="bbox 1179 3126 2299 3180; baseline 0.001 -14"><span class='ocrx_word' id='word_1_680' title='bbox 1179 3128 1388 3166; x_wconf 87' lang='lat' dir='ltr'>interdum</span> <span class='ocrx_word' id='word_1_681' title='bbox 1411 3127 1470 3178; x_wconf 90' lang='lat' dir='ltr'>(ut</span> <span class='ocrx_word' id='word_1_682' title='bbox 1491 3128 1620 3177; x_wconf 88' lang='lat' dir='ltr'>aiunt)</span> <span class='ocrx_word' id='word_1_683' title='bbox 1659 3132 1775 3180; x_wconf 82' lang='lat' dir='ltr'>parte</span> <span class='ocrx_word' id='word_1_684' title='bbox 1809 3140 1893 3167; x_wconf 90' lang='lat' dir='ltr'>non</span> <span class='ocrx_word' id='word_1_685' title='bbox 1920 3128 2074 3166; x_wconf 83' lang='lat' dir='ltr'>audita.</span> <span class='ocrx_word' id='word_1_686' title='bbox 2104 3126 2209 3167; x_wconf 88' lang='lat' dir='ltr'>Nam</span> <span class='ocrx_word' id='word_1_687' title='bbox 2273 3156 2299 3171; x_wconf 87' lang='grc'><strong>.</strong></span> 
     </span>
    </p>
   </div>
   <div class='ocr_carea' id='block_1_17' title="bbox 1181 3187 2208 3241">
    <p class='ocr_par' dir='ltr' id='par_1_20' title="bbox 1181 3187 2208 3241">
     <span class='ocr_line' id='line_1_110' title="bbox 1181 3187 2208 3241; baseline 0 -13"><span class='ocrx_word' id='word_1_688' title='bbox 1181 3190 1366 3240; x_wconf 85' lang='lat' dir='ltr'>expulsio</span> <span class='ocrx_word' id='word_1_689' title='bbox 1387 3202 1412 3228; x_wconf 87' lang='lat' dir='ltr'>a</span> <span class='ocrx_word' id='word_1_690' title='bbox 1436 3190 1636 3240; x_wconf 87' lang='lat' dir='ltr'>religione</span> <span class='ocrx_word' id='word_1_691' title='bbox 1661 3192 1722 3228; x_wconf 85' lang='lat' dir='ltr'>est</span> <span class='ocrx_word' id='word_1_692' title='bbox 1751 3190 1992 3241; x_wconf 84' lang='lat' dir='ltr'>gravissima</span> <span class='ocrx_word' id='word_1_693' title='bbox 2023 3187 2208 3228; x_wconf 84' lang='lat' dir='ltr'>omnium</span> 
     </span>
    </p>
   </div>
   <div class='ocr_carea' id='block_1_18' title="bbox 1179 3238 2337 3302">
    <p class='ocr_par' dir='ltr' id='par_1_21' title="bbox 1179 3238 2337 3302">
     <span class='ocr_line' id='line_1_111' title="bbox 1179 3238 2337 3302; baseline 0 -13"><span class='ocrx_word' id='word_1_694' title='bbox 1179 3262 1416 3302; x_wconf 87' lang='lat' dir='ltr'>poenarum,</span> <span class='ocrx_word' id='word_1_695' title='bbox 1438 3263 1532 3302; x_wconf 87' lang='lat' dir='ltr'>quae</span> <span class='ocrx_word' id='word_1_696' title='bbox 1547 3263 1571 3290; x_wconf 86' lang='lat' dir='ltr'>a</span> <span class='ocrx_word' id='word_1_697' title='bbox 1588 3250 1787 3302; x_wconf 79' lang='lat' dir='ltr'>religione</span> <span class='ocrx_word' id='word_1_698' title='bbox 1807 3251 1939 3301; x_wconf 87' lang='lat' dir='ltr'>infligi</span> <span class='ocrx_word' id='word_1_699' title='bbox 1958 3253 2118 3302; x_wconf 87' lang='lat' dir='ltr'>potest;</span> <span class='ocrx_word' id='word_1_700' title='bbox 2143 3259 2209 3289; x_wconf 84' lang='lat' dir='ltr'>er-</span> <span class='ocrx_word' id='word_1_701' title='bbox 2267 3246 2271 3267; x_wconf 72' lang='lat'><strong>²</strong></span> <span class='ocrx_word' id='word_1_702' title='bbox 2291 3238 2294 3248; x_wconf 67' lang='grc'>’</span> <span class='ocrx_word' id='word_1_703' title='bbox 2334 3238 2337 3266; x_wconf 77' lang='lat' dir='ltr'>t</span> 
     </span>
    </p>
   </div>
   <div class='ocr_carea' id='block_1_19' title="bbox 1179 3309 2209 3363">
    <p class='ocr_par' dir='ltr' id='par_1_22' title="bbox 1179 3309 2209 3363">
     <span class='ocr_line' id='line_1_112' title="bbox 1179 3309 2209 3363; baseline 0.002 -14"><span class='ocrx_word' id='word_1_704' title='bbox 1179 3323 1232 3362; x_wconf 86' lang='lat' dir='ltr'>go</span> <span class='ocrx_word' id='word_1_705' title='bbox 1253 3312 1294 3350; x_wconf 88' lang='lat' dir='ltr'>in</span> <span class='ocrx_word' id='word_1_706' title='bbox 1315 3313 1383 3351; x_wconf 88' lang='lat' dir='ltr'>illa</span> <span class='ocrx_word' id='word_1_707' title='bbox 1397 3312 1648 3363; x_wconf 91' lang='lat' dir='ltr'>imponenda</span> <span class='ocrx_word' id='word_1_708' title='bbox 1666 3312 1843 3351; x_wconf 87' lang='lat' dir='ltr'>maxime</span> <span class='ocrx_word' id='word_1_709' title='bbox 1866 3311 2020 3352; x_wconf 86' lang='lat' dir='ltr'>servari</span> <span class='ocrx_word' id='word_1_710' title='bbox 2039 3309 2209 3354; x_wconf 70' lang='lat' dir='ltr'>deberet</span> 
     </span>
    </p>
   </div>
   <div class='ocr_carea' id='block_1_20' title="bbox 1175 3373 2289 3674">
    <p class='ocr_par' dir='ltr' id='par_1_23' title="bbox 1175 3373 2298 3674">
     <span class='ocr_line' id='line_1_113' title="bbox 1175 3373 2259 3426; baseline -0.001 -15"><span class='ocrx_word' id='word_1_711' title='bbox 1175 3373 1380 3425; x_wconf 89' lang='lat' dir='ltr'>judicialis</span> <span class='ocrx_word' id='word_1_712' title='bbox 1402 3374 1527 3421; x_wconf 72' lang='lat' dir='ltr'>ordo:</span> <span class='ocrx_word' id='word_1_713' title='bbox 1551 3373 1586 3413; x_wconf 89' lang='lat' dir='ltr'>si</span> <span class='ocrx_word' id='word_1_714' title='bbox 1617 3385 1716 3426; x_wconf 84' lang='lat' dir='ltr'>ergo</span> <span class='ocrx_word' id='word_1_715' title='bbox 1743 3374 1787 3413; x_wconf 90' lang='lat' dir='ltr'>in</span> <span class='ocrx_word' id='word_1_716' title='bbox 1815 3385 1865 3413; x_wconf 88' lang='lat' dir='ltr'>ea</span> <span class='ocrx_word' id='word_1_717' title='bbox 1892 3385 1976 3412; x_wconf 89' lang='lat' dir='ltr'>non</span> <span class='ocrx_word' id='word_1_718' title='bbox 2004 3374 2202 3419; x_wconf 78' lang='lat' dir='ltr'>servatur,</span> <span class='ocrx_word' id='word_1_719' title='bbox 2258 3390 2259 3395; x_wconf 64' lang='lat'><em>=</em></span> 
     </span>
     <span class='ocr_line' id='line_1_114' title="bbox 1178 3431 2205 3486; baseline -0.003 -12"><span class='ocrx_word' id='word_1_720' title='bbox 1178 3436 1417 3486; x_wconf 82' lang='lat' dir='ltr'>conjectura</span> <span class='ocrx_word' id='word_1_721' title='bbox 1431 3434 1477 3474; x_wconf 83' lang='lat' dir='ltr'>fit</span> <span class='ocrx_word' id='word_1_722' title='bbox 1492 3434 1623 3474; x_wconf 91' lang='lat' dir='ltr'>multo</span> <span class='ocrx_word' id='word_1_723' title='bbox 1641 3435 1778 3474; x_wconf 90' lang='lat' dir='ltr'>minus</span> <span class='ocrx_word' id='word_1_724' title='bbox 1799 3435 1953 3474; x_wconf 86' lang='lat' dir='ltr'>servari</span> <span class='ocrx_word' id='word_1_725' title='bbox 1971 3434 2014 3473; x_wconf 89' lang='lat' dir='ltr'>in</span> <span class='ocrx_word' id='word_1_726' title='bbox 2035 3431 2205 3484; x_wconf 73' lang='lat' dir='ltr'>quibus-</span> 
     </span>
     <span class='ocr_line' id='line_1_115' title="bbox 1178 3489 2289 3549; baseline -0.003 -14"><span class='ocrx_word' id='word_1_727' title='bbox 1178 3509 1357 3549; x_wconf 87' lang='lat' dir='ltr'>cumque</span> <span class='ocrx_word' id='word_1_728' title='bbox 1373 3497 1465 3536; x_wconf 85' lang='lat' dir='ltr'>aliis</span> <span class='ocrx_word' id='word_1_729' title='bbox 1480 3496 1721 3536; x_wconf 85' lang='lat' dir='ltr'>criminibus</span> <span class='ocrx_word' id='word_1_730' title='bbox 1737 3495 1974 3548; x_wconf 89' lang='lat' dir='ltr'>puniendis,</span> <span class='ocrx_word' id='word_1_731' title='bbox 1989 3493 2054 3545; x_wconf 83' lang='lat' dir='ltr'>vel</span> <span class='ocrx_word' id='word_1_732' title='bbox 2068 3489 2202 3546; x_wconf 70' lang='lat' dir='ltr'>poenis</span> <span class='ocrx_word' id='word_1_733' title='bbox 2256 3519 2265 3535; x_wconf 21' lang='grc' dir='ltr'>,η</span> <span class='ocrx_word' id='word_1_734' title='bbox 2287 3535 2289 3538; x_wconf 64' lang='grc'>,</span> 
     </span>
     <span class='ocr_line' id='line_1_116' title="bbox 1176 3551 2257 3609; baseline -0.005 -13"><span class='ocrx_word' id='word_1_735' title='bbox 1176 3557 1420 3597; x_wconf 88' lang='lat' dir='ltr'>inferendis.</span> <span class='ocrx_word' id='word_1_736' title='bbox 1438 3557 1606 3598; x_wconf 84' lang='lat' dir='ltr'>Accedit</span> <span class='ocrx_word' id='word_1_737' title='bbox 1619 3557 1700 3598; x_wconf 83' lang='lat' dir='ltr'>alia</span> <span class='ocrx_word' id='word_1_738' title='bbox 1720 3556 1996 3609; x_wconf 82' lang='lat' dir='ltr'>querimonia,</span> <span class='ocrx_word' id='word_1_739' title='bbox 2008 3553 2107 3605; x_wconf 81' lang='lat' dir='ltr'>qnia</span> <span class='ocrx_word' id='word_1_740' title='bbox 2122 3551 2202 3592; x_wconf 83' lang='lat' dir='ltr'>fre-</span> <span class='ocrx_word' id='word_1_741' title='bbox 2242 3590 2257 3602; x_wconf 11' lang='grc' dir='ltr'>Ἴ,</span> 
     </span>
     <span class='ocr_line' id='line_1_117' title="bbox 1176 3611 2258 3674; baseline 0.004 -13"><span class='ocrx_word' id='word_1_742' title='bbox 1176 3621 1374 3674; x_wconf 86' lang='lat' dir='ltr'>quentius</span> <span class='ocrx_word' id='word_1_743' title='bbox 1388 3620 1478 3663; x_wconf 81' lang='lat' dir='ltr'>haec</span> <span class='ocrx_word' id='word_1_744' title='bbox 1493 3630 1616 3674; x_wconf 80' lang='lat' dir='ltr'>poena</span> <span class='ocrx_word' id='word_1_745' title='bbox 1634 3621 1691 3673; x_wconf 79' lang='lat' dir='ltr'>(et</span> <span class='ocrx_word' id='word_1_746' title='bbox 1707 3619 1819 3664; x_wconf 84' lang='lat' dir='ltr'>idem</span> <span class='ocrx_word' id='word_1_747' title='bbox 1839 3621 1903 3663; x_wconf 65' lang='lat' dir='ltr'>est</span> <span class='ocrx_word' id='word_1_748' title='bbox 1918 3612 2092 3659; x_wconf 63' lang='grc'>11081118</span> <span class='ocrx_word' id='word_1_749' title='bbox 2110 3622 2203 3664; x_wconf 69' lang='lat'>81⁸·</span> <span class='ocrx_word' id='word_1_750' title='bbox 2243 3611 2258 3633; x_wconf 64' lang='lat'>⁸</span> 
     </span>
    </p>
   </div>
   <div class='ocr_carea' id='block_1_21' title="bbox 2266 0 2352 3873">
    <p class='ocr_par' dir='ltr' id='par_1_24' title="bbox 2266 0 2352 3873">
     <span class='ocr_line' id='line_1_118' title="bbox 2266 0 2352 3873; baseline 0 0"><span class='ocrx_word' id='word_1_751' title='bbox 2266 0 2352 3873; x_wconf 95' lang='lat' dir='ltr'> </span> 
     </span>
    </p>
   </div>
  </div>
 </body>
</html>
