2352 3880
169 260 277 305 ΗΜ

594 363 767 391 ‘Dumno-

166 425 334 466 Educatio
347 429 547 472 puellarum
566 431 605 465 in
620 430 848 466 monasteriis
861 432 1074 468 monialium
1090 442 1136 469 an
1150 444 1195 470 ex

204 478 279 513 sola
300 479 437 514 Praelati
456 481 620 516 facultate
635 482 733 516 licita
749 482 806 522 sit,
824 486 953 517 etcum
965 485 1099 527 quibus
1109 494 1195 520 con·

204 528 418 585 ditionibus,
433 534 478 566 tr.
493 535 526 574 ⁸,
539 532 563 566 l.
579 535 612 574 1,
626 540 659 567 c.
679 535 732 566 ιο.

497 616 644 650 Ιιῑῦῖιο,
667 618 708 643 n·
728 618 870 646 1130101

163 675 330 712 Praelatus
350 686 541 721 supremus
559 680 598 715 in
618 681 780 724 qualibet
799 682 973 725 religione
991 691 1056 727 per
1075 684 1194 728 legiti-

202 735 299 761 mam
318 728 530 763 electionem
545 734 597 764 est
615 732 803 772 creandus,
826 737 871 766 tr.
887 735 918 773 8,
942 734 964 766 l.
982 737 1014 774 2,
1031 741 1062 767 c.
1080 738 1110 768 3.

162 776 346 818 Quomodo
367 779 572 821 hujusmodi
595 781 752 824 dignitas
771 783 906 816 Praelati
927 785 1086 826 supremi
1106 785 1191 819 reli-

201 828 322 871 gionis
337 838 400 872 per
411 831 621 866 electionem
640 833 798 875 incipere
816 834 966 875 potueri,
989 835 1037 867 ib.

161 877 203 912 ut
221 878 348 914 electio
367 881 503 915 Praelati
523 883 695 925 regularis
710 883 755 916 sit
770 883 903 922 valida,
918 883 1048 927 aliquae
1066 885 1193 920 condi-

201 927 318 964 tiones
328 930 409 972 jure
423 931 548 966 divino
563 936 598 965 et
612 932 765 966 naturali
781 940 995 967 concurrere
1010 935 1142 969 debent
1154 935 1193 969 in

201 987 354 1021 persona
370 980 549 1024 eligenda,
569 985 604 1015 et
620 990 785 1024 quaenam
802 982 872 1016 illae
891 987 986 1025 sunt,
1012 985 1061 1019 il).

160 1028 248 1065 Aliae
263 1031 370 1065 etiam
383 1032 611 1067 conditiones
625 1032 859 1076 requiruntur
875 1042 918 1069 ex
928 1035 1009 1077 jure
1026 1035 1191 1079 positivo,

202 1082 237 1113 et
250 1089 417 1123 quaenam
432 1082 515 1122 sint,
533 1082 582 1116 ib.

161 1128 244 1171 Quae
266 1135 350 1165 aetas
372 1132 577 1174 requiratur
599 1133 638 1167 in
660 1141 815 1176 persona
835 1134 1003 1179 eligenda
1022 1135 1061 1169 in
1077 1136 1193 1171 Gene-

202 1180 312 1214 ralem
327 1181 524 1223 religionis.
544 1183 593 1217 ib.

160 1229 243 1270 Quae
260 1231 455 1273 antiquitas
472 1232 508 1266 in
527 1233 714 1276 religione,
732 1234 781 1268 ib.

160 1278 243 1320 Quae
266 1281 452 1322 professio,
477 1291 522 1316 an
543 1284 678 1317 scilicet
696 1283 845 1318 sufficiat
863 1286 980 1326 tacita,
1003 1292 1051 1319 an
1070 1285 1194 1328 requi-

200 1336 298 1364 ratur
310 1340 486 1374 expressa,
510 1337 544 1366 et
560 1334 596 1367 in
611 1335 735 1368 eadem
757 1335 942 1377 religione,
963 1336 1009 1370 ib.

159 1381 213 1415 An
234 1389 318 1415 casu
337 1391 409 1424 quo
427 1392 463 1415 in
481 1392 554 1416 una
570 1384 741 1426 religione
759 1394 832 1419 non
851 1386 1027 1428 reperitur
1041 1394 1194 1428 persona

201 1430 332 1465 idonea
350 1433 396 1466 ad
421 1434 686 1476 genet-alatum,
709 1435 842 1469 assumi
871 1436 983 1479 possit
1004 1437 1194 1479 religiosus

201 1482 347 1516 alterius
363 1483 561 1526 religionis,
585 1483 633 1518 ib.

161 1532 213 1566 An
235 1532 402 1566 Praelatus
425 1533 520 1566 int'ra
542 1534 750 1568 Generalem
773 1536 905 1569 assumi
935 1536 1047 1578 possit
1069 1544 1111 1570 ex
1133 1537 1193 1572 di-

200 1589 301 1616 versa
317 1582 503 1624 provincia
521 1585 574 1616 vel
596 1585 824 1623 monasterio.
850 1594 881 1619 c.
900 1588 929 1618 6.

159 1633 213 1666 An
229 1635 348 1675 etqua
367 1634 504 1667 ratione
522 1634 650 1680 debeat
668 1643 744 1669 esse
767 1635 929 1677 ejusdem
949 1635 1093 1671 habitus
1111 1644 1194 1671 cum

200 1682 247 1716 iis
267 1683 399 1725 quibus
419 1691 569 1726 praeesse
585 1684 703 1726 debet,
723 1685 773 1720 ib.

159 1732 195 1766 Si
218 1733 300 1775 quis
321 1738 470 1768 vacante
493 1734 652 1776 generali
679 1736 869 1777 praelatura
884 1763 892 1777 ‚
917 1744 937 1770 e
958 1737 1110 1772 seculari
1135 1737 1197 1771 fiat

200 1784 388 1826 religiosus
410 1789 444 1818 et
466 1785 671 1827 profiteatur
694 1790 732 1819 ut
757 1787 794 1820 in
818 1787 1005 1822 Praelatum
1028 1787 1197 1831 eligatur,

200 1833 282 1867 talis
303 1842 465 1877 personae
489 1834 616 1868 electio
637 1835 812 1869 irritanda
834 1841 898 1877 est,
919 1844 950 1870 c.
967 1839 1001 1870 3.

158 1883 236 1917 Non
254 1883 455 1918 irritabitur
471 1888 590 1918 tamen
605 1885 634 1919 si
650 1893 803 1927 persona
817 1886 964 1920 aliunde
976 1886 1023 1920 sit
1036 1886 1148 1930 digna
1161 1890 1197 1923 et

200 1933 292 1968 bene
316 1935 500 1976 instructa,
526 1935 575 1969 ib.

159 1983 259 2023 Quod
275 1984 305 2018 si
324 1988 483 2027 tempore
501 1989 677 2019 vacaturae
697 1994 771 2020 non
791 1985 837 2020 sit
858 1986 1050 2028 professus,
1074 1986 1120 2020 sit
1140 1990 1198 2021 ta-

202 2042 284 2067 men
303 2037 463 2076 tempore
486 2035 683 2073 electionis,
705 2036 797 2069 bene
813 2035 942 2077 poterit
958 2036 1054 2078 eligi,
1071 2043 1101 2070 c.
1120 2038 1151 2069 t.

159 2083 314 2118 Persona
332 2085 497 2127 eligenda
518 2085 554 2118 in
575 2086 761 2119 Praelatum
785 2085 981 2127 religionis,
1008 2093 1080 2119 non
1105 2093 1195 2129 opus

200 2137 253 2167 est
270 2138 309 2167 ut
327 2135 374 2169 sit
388 2136 565 2175 sacerdos,
591 2136 653 2169 sed
669 2136 755 2168 satis
770 2139 823 2168 est
841 2135 870 2168 si
890 2138 969 2178 post
982 2135 1194 2170 electionem

201 2183 322 2219 debito
342 2188 501 2227 tempore
518 2185 718 2223 ordinetur.
744 2193 773 2219 c.
791 2189 823 2218 3.

161 2233 379 2277 Regulariter
398 2235 546 2277 quidem
566 2235 746 2277 loquendo
761 2235 918 2277 aliquem
937 2242 1079 2269 sacrum
1094 2235 1194 2269 ordi-

200 2293 284 2318 nem
301 2285 432 2319 habere
450 2286 556 2319 debet
572 2296 579 2326 3
598 2286 837 2319 necessarium
858 2289 975 2318 tamen
996 2293 1069 2318 non
1088 2288 1141 2318 est
1155 2287 1197 2319 ut

200 2335 340 2376 habeat,
358 2336 427 2369 nisi
444 2339 582 2369 tantum
603 2335 757 2377 prImam
774 2339 970 2374 tonsuram,
996 2333 1044 2368 ib.

158 2386 202 2422 Ut
221 2386 348 2420 electio
366 2386 520 2428 alicujus
542 2394 704 2428 personae
725 2386 762 2418 in
784 2386 970 2419 Praelatum
994 2385 1039 2418 sit
1060 2383 1191 2426 valida,

200 2444 291 2478 opus
309 2439 362 2469 est
382 2439 422 2470 ut
443 2436 524 2469 talis
546 2443 698 2478 persona
718 2442 790 2468 non
810 2435 857 2468 sit
879 2435 1033 2469 totaliter
1055 2435 1196 2477 “regu-0

200 2486 299 2528 laris,
323 2485 373 2520 ib.

158 2537 251 2577 Quid
270 2537 298 2571 si
320 2543 472 2579 persona
491 2536 537 2569 sit
554 2535 752 2578 partialiter
770 2534 989 2577 irregularis,
1011 2533 1061 2568 il).

159 2587 337 2629 Quantum
358 2586 574 2629 impediatur
589 2587 683 2620 dicta
699 2585 826 2620 electio
847 2594 910 2627 per
926 2585 990 2619 des
991 2589 1108 2619 ectum
1127 2590 1196 2618 na-

198 2638 326 2673 talium
351 2644 515 2680 personae
542 2636 739 2679 eligendae,
766 2635 887 2678 quoad
909 2639 1028 2669 ortum
1048 2634 1198 2678 illegiti-

199 2696 312 2728 mum,
338 2687 389 2721 ih.

156 2737 245 2771 :Item
260 2737 442 2780 quomodo
465 2735 682 2778 impediatur
700 2743 765 2778 per
784 2734 966 2768 defectum
980 2733 1136 2776 originis
1154 2741 1198 2768 ex

202 2788 323 2821 radice
341 2787 474 2820 infecta
487 2785 613 2819 haeresi
638 2788 699 2818 aut
714 2784 879 2825 infamia,
900 2784 948 2817 ib.

159 2837 335 2872 Electores
349 2837 503 2879 alicujus
521 2835 656 2869 Praelati
674 2834 873 2876 religionis,
895 2837 934 2867 ut
946 2833 1096 2875 legitimi
1111 2832 1197 2875 sint,

202 2891 355 2930 quatuor
368 2887 547 2929 praecipue
561 2885 692 2919 habere
707 2884 839 2918 debent
852 2883 1079 2917 conditiones
1092 2893 1101 2924 ;
1121 2883 1199 2926 pri-

202 2946 274 2978 ma,
293 2940 333 2970 ut
346 2937 417 2969 sint
439 2935 596 2978 religiosi
617 2935 780 2977 ejusdem
797 2933 997 2975 religionis,
1019 2941 1050 2966 c.
1070 2936 1102 2966 k.

161 2987 245 3022 Etsi
267 2987 454 3028 eligendus
470 2987 515 3019 sit
529 2985 775 3023 provincialis,
800 2987 860 3017 aut
877 2983 1044 3025 superior
1060 2982 1197 3025 localis,

204 3041 244 3072 ut
263 3037 432 3071 electores
456 3036 529 3069 sint
546 3035 706 3077 ejusdem
727 3033 935 3076 provinciae,
962 3036 1022 3066 ant
1038 3040 1199 3066 conven-

203 3090 273 3128 tus,
302 3086 373 3120 nisi
399 3086 479 3128 jure
508 3084 655 3127 speciali
686 3087 746 3117 aut
774 3082 1035 3116 consuetudine
1063 3081 1102 3115 in
1132 3082 1199 3116 hac

205 3140 304 3181 parte
323 3136 397 3180 juri
412 3134 595 3170 communi
615 3135 824 3175 derogatum
841 3132 899 3174 sit,
919 3141 951 3166 c.
967 3136 999 3165 ο.

165 3188 350 3229 secunda,
377 3191 417 3221 ut
443 3187 517 3220 sint
550 3184 702 3228 professi
741 3183 847 3218 tacite
879 3182 936 3218 vel
964 3189 1129 3225 expresse
1156 3182 1197 3217 in

205 3239 329 3272 eadem
349 3237 536 3280 religione,
554 3243 585 3269 c.
603 3237 622 3268 k
637 3237 673 3268 et
686 3237 718 3267 6.

163 3288 292 3330 Tertia,
312 3292 352 3322 ut
372 3288 446 3322 sint
463 3285 599 3326 clerici,
619 3287 655 3318 et
673 3283 711 3317 in
731 3282 843 3317 sacris
860 3281 1057 3321 constituti,
1073 3289 1106 3315 c.
1119 3284 1153 3316 Α.

164 3339 288 3374 Utrum
301 3338 488 3372 ordinatus
505 3337 542 3370 in
562 3335 673 3370 sacris
688 3337 772 3368 ante
784 3331 981 3374 legitimam
996 3334 1134 3366 aetatem
1149 3331 1198 3367 sit

207 3389 380 3423 inhabilis
401 3387 447 3422 ad
468 3386 694 3426 electionem,
716 3383 765 3418 ib.

165 3439 247 3474 llaec
274 3439 378 3473 tertia
397 3436 559 3472 conditio
580 3434 732 3470 omnino
755 3430 953 3476 requiritur
971 3430 1020 3467 ad
1039 3431 1197 3467 valorem

207 3488 406 3528 electionis,
427 3487 476 3522 ib.

167 3539 243 3580 Qua
254 3543 355 3574 aetate
369 3546 445 3573 esse
466 3537 621 3572 debeant
634 3537 818 3576 electores,
840 3540 872 3567 c.
888 3535 921 3566 ο.

167 3589 296 3630 Quarta
316 3589 475 3631 denique
495 3586 658 3623 conditio
679 3589 744 3628 est,
764 3587 806 3620 ut
823 3583 954 3617 elector
974 3589 1049 3616 non
1073 3582 1120 3616 sit
1135 3590 1198 3616 ex·-

208 3638 494 3672 communicatus
513 3637 705 3678 vitandus,
727 3638 789 3670 aut
808 3633 930 3676 aliqua
953 3639 1062 3673 poena
1083 3633 1202 3667 eccle·

208 3687 354 3724 siastica
368 3695 393 3723 a
404 3687 571 3723 facultate
583 3685 741 3730 eligendi
757 3683 964 3729 impeditus,
980 3690 1014 3718 c.
1032 3685 1052 3716 5
1066 3685 1102 3715 et
1114 3686 1146 3716 7.

1054 241 1196 307 >'ttttittx
1215 270 1369 307 amun.

1246 333 1459 369 inhabilitas
1477 340 1563 369 vero
1578 332 1689 368 unius
1704 332 1762 368 vel
1777 333 1924 370 alterius
1941 335 2105 371 electoris
2124 342 2199 371 non
2215 335 2274 371 vi-

1287 384 1352 418 tiat
1374 386 1484 419 totam
1505 383 1732 423 electionem,
1753 383 1784 418 si
1806 383 1870 418 alii
1892 391 1966 419 non
1987 391 2274 429 consenserunt3
2303 398 2306 402 ’

1288 442 1391 467 secus
1408 433 1438 467 si
1459 433 1671 475 inhabilem,
1691 434 1795 476 cujus
1813 433 1992 469 defectum
2014 437 2180 480 supplere
2198 444 2274 472 non
2311 470 2314 475 .

1288 487 1464 525 poterant,
1483 483 1687 518 voluntarie
1704 484 1938 526 admiserunt,
1961 484 2009 518 ilr.

1247 533 1379 568 Electio
1395 533 1531 566 Praelati
1549 533 1748 576 religionis,
1769 538 1807 568 ιιι
1820 534 1976 577 legitima
1990 535 2046 574 sit,
2062 537 2133 568 tres
2145 535 2275 569 condi·
2315 547 2318 551 ’

1288 583 1404 616 tiones
1424 582 1674 617 antecedentes
1689 583 1851 626 requirit.
1872 584 2002 617 Prima.
2023 586 2064 618 ut
2077 591 2275 619 convocen-

1288 636 1345 666 tur
1357 633 1608 666 antecedenter
1623 641 1749 668 omnes
1764 633 1826 676 qui
1842 633 1975 669 habent
1987 634 2046 676 jus
2057 633 2226 676 eligendi,
2243 633 2275 669 si

1244 703 1248 706 -
1288 682 1474 716 commode
1494 683 1561 717 hoc
1577 682 1653 717 lieri
1671 683 1792 726 possit,
1809 691 1838 717 c.
1857 687 1887 718 s.

1245 731 1326 766 llaec
1346 740 1429 766 veto
1451 733 1686 767 commoditas
1702 734 1815 776 magis
1836 733 2029 776 spectanda
2047 736 2099 766 est
2116 741 2158 767 ex
2177 736 2276 776 parte
2315 742 2319 752 ·

1287 782 1400 824 ipsius
1415 783 1600 826 religionis
1616 792 1724 826 quam
1744 784 1950 824 electorum,
1973 787 2008 816 et
2022 784 2203 826 quomodo
2222 783 2276 817 fa-

1286 832 1415 866 cienda
1437 833 1483 866 sit
1505 833 1723 867 convocatio.
1745 833 1900 867 Sufficiet
1914 837 2044 872 tamen,
2066 837 2101 867 et
2119 834 2277 875 requiri-

1287 885 1344 916 tur
1366 882 1517 917 omnino
1539 883 1584 917 ad
1603 883 1760 917 valorem
1780 883 1978 924 electionis,
1997 886 2038 916 ut
2054 883 2177 917 saltem
2195 883 2278 919 duae

1288 936 1406 973 partes
1421 933 1616 967 electorum
1632 937 1886 970 convocentur.
1908 932 1956 967 ib.

1245 980 1314 1024 lpst
1326 989 1409 1016 vero
1423 982 1670 1024 suifragatores
1686 991 1758 1017 non
1774 986 1942 1017 tenentur
1954 981 2165 1024 convenire3
2179 981 2279 1017 unde

1285 1030 1331 1071 si,
1348 1032 1481 1066 vocatis
1497 1033 1678 1074 omnibus,
1695 1033 1809 1075 major
1824 1033 1970 1068 illorum
1985 1040 2066 1075 pars
2078 1032 2280 1067 voluntarie

1287 1080 1392 1122 desit,
1409 1082 1536 1117 electio
1556 1083 1673 1117 valide
1694 1082 1762 1118 liet.
1785 1083 1834 1116 ib.

1247 1128 1284 1167 Si
1302 1136 1423 1166 autem
1443 1133 1575 1175 aliquis
1595 1133 1789 1168 electorum
1807 1133 1939 1167 absens
1953 1135 2222 1174 contemnatur,
2244 1135 2279 1167 et

1290 1190 1364 1217 non
1382 1188 1539 1223 vocetur,
1568 1183 1698 1226 injuste
1716 1184 1752 1218 id
1767 1183 1839 1225 fiet,
1865 1187 1900 1217 at
1918 1183 2043 1217 electio
2056 1183 2123 1216 erit
2135 1183 2253 1217 valida
2268 1193 2280 1225 ;

1289 1233 1419 1275 poterit
1436 1238 1553 1267 tamen
1570 1234 1703 1268 irritari
1719 1234 1765 1268 ad
1781 1234 1989 1276 petitionem
2008 1233 2117 1273 illius,
2133 1233 2203 1266 nisi
2219 1233 2280 1267 ille

1287 1282 1370 1363 {ure
1400 1290 1466 1318 suo
1492 1284 1613 1324 cedat,
1636 1288 1699 1319 aut
1728 1292 1946 1319 consensum
1973 1283 2153 1324 adhibeat,
2181 1285 2225 1317 tr.
2246 1286 2280 1326 8,

1306 1358 1313 1365 .
1335 1336 1364 1369 2.
1381 1340 1413 1366 c.
1431 1336 1459 1365 s.

1247 1379 1285 1417 Si
1302 1389 1386 1416 vero
1401 1382 1532 1417 elector
1545 1391 1703 1426 praesens
1716 1383 1770 1417 sit.
1791 1386 1827 1417 et
1842 1382 1975 1416 invitus
1988 1389 2061 1416 non
2076 1382 2281 1418 admittatur

1287 1432 1335 1466 ad
1353 1432 1531 1475 suffragia,
1552 1433 1678 1468 electio
1698 1434 1775 1476 ipso
1792 1433 1885 1467 sacto
1903 1437 1954 1467 est
1969 1433 2082 1474 irrita,
2106 1433 2154 1468 ib.

1247 1480 1411 1516 Secunda
1429 1483 1601 1524 conditio,
1625 1487 1665 1517 ut
1677 1483 1803 1517 electio
1817 1483 1862 1518 sit
1879 1483 2050 1526 legitima,
2065 1487 2117 1517 est
2131 1487 2171 1517 ut
2186 1482 2279 1518 elec·

1289 1532 1340 1566 tio
1365 1538 1552 1575 peragatur
1575 1534 1811 1576 praesentibus
1834 1533 1926 1567 inter
1945 1542 1983 1567 se
2005 1534 2220 1568 electoribus
2242 1534 2281 1569 in

1290 1582 1405 1617 forma
1431 1583 1740 1626 congregationis,
1771 1583 1847 1617 sive
1873 1583 2127 1618 universitatis.
2152 1585 2282 1627 Estque

1290 1633 1367 1667 haec
1383 1635 1543 1669 conditio
1562 1633 1820 1675 substantialis,
1844 1633 1893 1668 ib.

1245 1681 1285 1717 Si
1302 1683 1434 1726 aliquis
1451 1685 1643 1719 electorum
1664 1688 1810 1719 vocatus
1829 1691 1867 1717 se
1889 1686 2043 1724 excusat,
2067 1682 2225 1727 allegans
2244 1692 2284 1720 se

1290 1741 1366 1768 esse
1383 1735 1476 1776 juste
1500 1735 1726 1777 impeditum,
1749 1734 1856 1768 debet
1874 1734 2024 1776 probare
2044 1734 2284 1776 impedimen-

1291 1786 1378 1824 tum,
1403 1788 1437 1817 et
1455 1788 1543 1819 tunc
1564 1785 1693 1827 poterit
1715 1783 1812 1819 vices
1828 1791 1914 1818 suas
1932 1784 2153 1818 committere
2175 1785 2284 1820 alicui

1292 1843 1335 1869 ex
1352 1835 1433 1869 aliis
1452 1836 1677 1876 electorzbus,
1700 1836 1749 1871 ib.

1250 1884 1367 1921 Tertia
1389 1885 1548 1929 denique
1570 1886 1730 1921 conditio
1752 1888 1817 1925 est,
1839 1888 1880 1919 ut
1900 1888 2128 1920 assumantur
2148 1889 2220 1921 tres
2238 1885 2284 1922 de

1292 1937 1574 1979 congregatione
1591 1965 1598 1979 ,
1620 1937 1685 1980 qui
1716 1941 1926 1972 cunctorum
1958 1940 2039 1970 vota
2070 1938 2280 1981 exquirant,

1293 1986 1343 2021 ib.

1249 2035 1373 2071 Utrum
1395 2036 1600 2071 assumendi
1617 2036 1691 2071 sint
1704 2044 1769 2079 per
1784 2039 1879 2075 vota,
1895 2038 1957 2070 aut
1971 2035 2043 2069 alio
2057 2035 2177 2076 modo,
2194 2036 2243 2071 ib.

1249 2089 1302 2122 An
1320 2088 1366 2121 sit
1383 2088 1428 2122 de
1442 2088 1640 2122 substantia
1655 2087 1852 2125 electionis,
1870 2091 1909 2120 ut
1932 2085 1967 2119 iti
1986 2089 2057 2120 tres
2075 2087 2285 2123 commissa·

1291 2138 1336 2170 rii
1354 2137 1426 2171 sint
1448 2138 1491 2172 de
1512 2138 1791 2180 congregatione
1811 2137 2018 2177 electorum,
2040 2136 2090 2170 lb.

1249 2186 1291 2221 Et
1306 2191 1345 2221 ut
1358 2190 1429 2220 tres
1446 2191 1596 2227 tantum,
1616 2195 1688 2221 non
1706 2187 1838 2228 plures,
1858 2193 1975 2228 neque
1995 2186 2194 2228 pauciores,
2212 2186 2262 2221 ib.

1248 2236 1463 2270 solemnitas
1473 2237 1684 2270 electionem
1698 2236 1835 2269 Praelati
1853 2235 2026 2277 regularis
2040 2236 2285 2270 concomitans

1290 2285 1419 2327 triplex
1446 2285 1600 2319 includit
1625 2291 1852 2328 praeceptum.
1875 2285 2055 2325 Primum,
2084 2288 2123 2319 ut
2146 2286 2190 2319 ab
2214 2286 2285 2320 illis

1290 2336 1406 2369 tribus
1427 2335 1684 2369 commissariis
1702 2335 1870 2378 suffragia
1891 2339 2026 2368 secrete
2048 2339 2082 2368 et
2100 2335 2284 2376 sigillatim

1292 2386 1539 2429 exquirantur,
1558 2390 1594 2420 et
1609 2387 1645 2419 in
1657 2387 1800 2429 scriptis
1815 2386 2035 2428 redigantur3
2051 2390 2086 2420 et
2101 2388 2285 2430 quomodo
2333 2399 2336 2403 ’

1292 2437 1360 2470 hoc
1377 2441 1594 2480 praeceptum
1610 2436 1656 2471 sit
1670 2437 1958 2479 intelligendum,
1978 2436 2026 2470 ib.

1250 2489 1304 2525 An
1327 2489 1372 2522 sit
1390 2489 1435 2522 de
1454 2489 1608 2523 essentia
1628 2488 1814 2524 electionis
1829 2492 1869 2523 ut
1885 2487 2054 2531 suffragia
2075 2487 2115 2523 in
2142 2487 2288 2532 scriptis

1294 2539 1513 2581 redigantur,
1534 2538 1582 2572 ib.
2335 2535 2338 2539 ’

1249 2589 1305 2624 An
1321 2589 1427 2622 etiam
1441 2588 1657 2622 atterantur
1672 2588 1869 2630 sigillatim,
1892 2590 1929 2621 et
1941 2587 2078 2629 omnia,
2101 2587 2203 2623 nullo
2221 2595 2286 2623 ex·

1295 2644 1408 2681 cepto,
1428 2639 1682 2681 suscipiantur,
1701 2638 1751 2672 il).
2312 2683 2320 2685 λ

1252 2687 1457 2723 Secundum
1475 2693 1691 2731 praeceptum
1706 2688 1953 2723 concomitans
1966 2687 2119 2722 formam
2135 2686 2284 2722 electio-

1295 2738 1353 2772 nis
1372 2742 1487 2780 estut,
1505 2742 1691 2781 postquam
1712 2739 1836 2772 omnia
1851 2737 2019 2778 suffragia
2032 2739 2194 2779 suscepta
2208 2736 2284 2771 fue-

1294 2788 1379 2826 rint,
1405 2795 1486 2821 mox
1509 2788 1546 2820 in
1568 2788 1750 2822 communi
1777 2787 2017 2830 publicentur.
2042 2785 2228 2825 Quomodo
2247 2786 2287 2822 id
2321 2790 2324 2794 ’

1296 2835 1582 2878 intelligendum,
1599 2840 1634 2870 et
1648 2845 1694 2871 an
1720 2837 1895 2878 pertineat
1912 2835 1957 2870 ad
1971 2836 2174 2872 essentiam.
2192 2835 2241 2870 ib.
2331 2836 2352 2883 ἰ

1253 2885 1451 2920 Publicatio
1469 2884 1721 2927 suffragiorum
1741 2890 1823 2920 ante
1840 2889 2122 2919 consummatam
2140 2885 2287 2920 electio-
2315 2891 2352 2940 ἐκ

1295 2943 1392 2974 nem,
1415 2942 1495 2967 eam
1515 2935 1653 2969 irritam
1678 2935 1805 2976 reddit,
1830 2936 1938 2969 etiam
1958 2935 1990 2969 si
2011 2943 2127 2969 unum
2148 2938 2288 2970 tantum
2308 2924 2352 2999 ᾖ]

1294 2984 1511 3027 publicetur,
1537 2985 1587 3019 ib.
2344 2988 2346 2990 ’

1252 3035 1306 3070 An
1321 3060 1330 3076 ,
1352 3038 1423 3067 tam
1448 3034 1533 3068 dicti
1562 3033 1799 3069 commissarii
1826 3026 1935 3078 'quam
1963 3034 2210 3078 suffragatores
2232 3037 2286 3070 te-
2307 3009 2352 3084 ἠ

1295 3089 1451 3118 neantur
1466 3085 1534 3119 sub
1555 3089 1731 3128 praecepto
1754 3094 1956 3128 nunquam,
1979 3085 2088 3119 etiam
2105 3088 2183 3128 post
2197 3084 2285 3119 eleo·

1293 3134 1442 3173 tionem,
1462 3134 1630 3178 suffragia
1652 3135 1822 3176 revelare,
1843 3135 1894 3170 ib.
2303 3135 2307 3139 '

1249 3183 1408 3219 Tertium
1424 3190 1642 3228 praeceptum
1659 3190 1721 3222 est.
1742 3189 1794 3226 ut,
1818 3185 1940 3220 habita
1953 3184 2144 3219 collatione
2158 3182 2299 3219 suffra-⁸

1292 3235 1447 3277 giorum,
1471 3235 1501 3270 is
1518 3235 1670 3278 eligatur
1690 3235 1728 3269 in
1751 3243 1859 3278 quem
1882 3243 2021 3276 omnes,
2048 3235 2105 3269 vel
2124 3235 2239 3277 major
2251 3229 2290 3274 et,

1292 3285 1415 3319 sanior
1432 3293 1515 3327 pars
1533 3285 1686 3327 Capituli
1709 3285 1898 3319 consentit.
1920 3285 2104 3325 Quomodo
2123 3284 2161 3318 id
2179 3283 2291 3318 intel-0

1291 3334 1490 3376 ligendum,
1518 3335 1637 3378 qualis
1657 3334 1704 3369 sit
1725 3334 1788 3370 illa
1808 3335 1964 3376 collatio,
1986 3338 2022 3370 et
2041 3343 2064 3370 a
2079 3334 2213 3378 quibus
2228 3331 2287 3368 fa·-

1293 3385 1436 3426 cienda,
1457 3385 1508 3418 ib.

1250 3435 1306 3471 An
1327 3434 1493 3468 habenda
1512 3434 1559 3469 sit
1579 3435 1668 3468 ratio
1688 3443 1762 3468 non
1783 3438 1924 3468 tantum
1941 3432 2083 3469 numeri
2098 3429 2290 3474 suffragine

1294 3493 1388 3524 rum,
1402 3484 1467 3518 sed
1485 3485 1592 3518 etiam
1608 3485 1832 3526 qualitatum,
1858 3484 1906 3517 ib.
2273 3503 2283 3506 <

1250 3533 1362 3577 major
1380 3543 1460 3576 pars
1479 3534 1730 3577 suffragiorum
1752 3542 1827 3569 non
1847 3533 1999 3568 sufficit.
2023 3531 2094 3567 nisi
2111 3530 2219 3565 etiam

1295 3584 1430 3625 sanior,
1446 3587 1480 3618 et
1493 3593 1565 3626 qua
1579 3585 1718 3618 ratione
1731 3585 1854 3618 sanior
1865 3584 1912 3619 sit
1925 3581 2183 3627 proesumenda.
2200 3580 2250 3615 ih.

1253 3633 1290 3670 si
1306 3636 1421 3676 major
1434 3642 1515 3676 pars
1528 3633 1635 3676 eligat
1649 3633 1855 3678 indignum,
1871 3632 1998 3669 electio
2014 3631 2163 3667 alterius
2227 3670 2231 3671 ⁷

1297 3683 1451 3718 minoris
1463 3683 1533 3718 erit
1545 3682 1678 3724 valida,
1702 3682 1755 3718 ib.
