2352 3880
37 286 312 358 1³22an
342 305 409 341 est
430 313 456 341 a
482 301 708 354 paenitente
739 301 819 342 hae
847 301 1009 366 ratique
1035 297 1146 349 dien

39 411 42 413 ,
72 375 79 413 ;
103 365 215 416 {risso
239 363 353 405 enim
384 362 502 414 eligit
528 361 716 403 medinm
730 361 1072 413 confessionum*
1087 368 1148 400 se·

62 422 85 437 “
105 427 272 468 'nedum
293 424 422 477 sigilli
438 425 483 465 in
501 423 700 465 omnibus
719 423 917 472 obtineat,
946 423 1147 476 quantum

40 500 42 502 ’
101 486 205 528 »fieti
219 490 366 539 potest.
383 486 514 539 Igitur
523 487 613 527 sine
629 483 740 525 illius
751 495 951 526 consensu
965 483 1069 524 nihil
1085 485 1147 523 ost

69 583 77 606 2
103 547 399 597 nevelanmm,
414 546 716 600 sivepertineot
729 545 784 586 ad
794 546 1040 587 tentationes
1054 553 1145 598 qun

63 618 67 621 *
104 620 201 650 non
221 613 324 650 sunt
346 612 533 662 peccata,
571 607 656 648 sive
691 607 748 648 ad
769 607 1003 649 naturalem
1031 605 1146 648 incli-

109 671 324 712 nationem
350 670 402 710 ad
437 668 603 722 aliquod
627 669 792 718 vitium,
824 670 909 710 sive
936 668 1146 722 quidpiam

109 731 260 780 simile,
282 732 402 782 cujus
419 730 613 773 revelatio
626 731 751 784 possit
769 741 857 771 esse
873 741 1049 771 onerosa
1064 739 1147 782 Ρω-

58 802 61 805 *
109 792 278 835 nitenti.
298 791 432 842 Unde,
452 792 487 832 si
505 791 655 845 aliquis
671 804 769 832 usus
788 792 883 833 talis
902 791 1056 833 notitiae
1077 797 1146 832 ex-

109 857 176 895 tra
193 853 492 894 confessionem
513 853 567 894 sit
584 854 855 903 necessarius,
873 857 1034 907 oportet
1063 851 1147 893 exi-

109 925 209 967 gere
242 927 268 956 a
298 916 541 968 poenitente,
578 920 627 956 ut
647 915 753 957 illud
789 919 907 956 extra
935 912 1149 955 confossio-

110 987 209 1017 nem
243 977 376 1027 dicat,
408 977 474 1018 vel
504 980 552 1016 ut
586 977 719 1018 solum
752 976 1075 1017 concomitanter
1103 974 1149 1014 in

111 1049 161 1079 ea
180 1050 269 1079 esse
293 1039 449 1078 dietum
468 1038 676 1090 declaret3
706 1038 817 1093 quod
846 1038 932 1090 ipse
961 1041 1059 1075 tunc
1086 1046 1149 1076 se-

110 1099 296 1141 eundum
331 1100 522 1151 regulam
561 1101 699 1141 facere
732 1103 914 1140 tenetur.
950 1097 1049 1144 Quae
1075 1107 1149 1136 ne-

110 1161 275 1202 cessitas
302 1161 494 1214 exigendi
523 1161 737 1202 licentiam
755 1173 779 1201 a
807 1159 1031 1213 poenitente
1064 1169 1149 1198 ma-

111 1221 223 1264 xime
240 1235 384 1263 verum
412 1223 551 1272 habet,
579 1222 746 1276 quando
774 1221 846 1261 ille
877 1232 975 1260 usus
995 1220 1060 1261 vel
1087 1224 1149 1261 est

110 1294 225 1326 mere
237 1289 447 1334 externus,
459 1289 501 1325 et
514 1285 629 1337 quasi
640 1283 841 1337 politione,
853 1282 919 1323 vel
938 1282 1063 1322 habet
1077 1281 1148 1322 ad·

108 1345 298 1397 ,iunctam
329 1347 512 1399 aliquam
549 1345 824 1398 suspicionem
860 1344 1146 1396 revelationi33

112 1419 211 1448 nam
233 1409 268 1448 si
286 1413 390 1448 esset
414 1412 577 1448 tantum
596 1406 819 1460 spiritualis
838 1418 939 1447 cura
953 1411 994 1448 et
1012 1406 1150 1460 provi-

113 1468 252 1510 dentia
273 1481 372 1521 erga
394 1470 531 1522 ipsum
561 1468 854 1522 poenitentem,
876 1469 964 1509 sine
997 1468 1082 1508 ullo
1099 1469 1150 1509 ti-

110 1541 227 1571 more
257 1531 325 1571 vel
353 1532 585 1583 suspicione
611 1530 899 1578 revelationis,
927 1534 967 1570 et
998 1530 1151 1582 alioqui

109 1591 283 1633 materia
298 1603 383 1632 non
401 1596 460 1632 est
479 1592 632 1632 directe
645 1603 722 1632 nec
738 1592 923 1644 proxime
942 1592 1153 1644 pertinens

110 1652 166 1694 ad
180 1654 476 1694 confessionem
496 1657 756 1706 peccatorum
779 1653 845 1703 (de
865 1664 914 1693 ea
931 1653 1042 1692 enim
1062 1665 1153 1704 quae

113 1714 171 1754 sie
189 1716 382 1766 pertinet,
401 1716 488 1768 jam
506 1715 685 1754 diximus
700 1714 772 1754 lib.
792 1716 835 1763 8,
856 1726 944 1766 cap.
966 1715 1022 1765 5),
1050 1717 1153 1753 tunc

110 1775 273 1816 facilius
297 1781 429 1830 potest
442 1776 513 1816 ille
533 1776 691 1816 notitiae
719 1787 816 1816 usus
844 1775 1043 1830 permitti,
1069 1786 1154 1816 non

113 1838 312 1890 requisita
331 1849 359 1877 a
376 1838 606 1890 poenitente
623 1837 802 1877 licentia.

167 1900 234 1940 12.
248 1898 471 1951 Responsio
480 1898 654 1951 ejusdem
671 1896 986 1951 quoestszzouzoe,
996 1897 1153 1951 quando

112 1958 388 2012 manifestatio
423 1960 474 2012 fit
500 1962 620 2001 entra
650 1959 945 2010 conffissimem.
968 1978 1022 1988 ·-
1050 1958 1154 2000 Pri-

111 2033 223 2065 mom
250 2021 462 2063 disco-ime
485 2021 593 2061 inter
615 2023 827 2072 utramque
853 2018 1155 2067 manifestatio·

112 2094 214 2125 m.
228 2103 281 2114 --
291 2082 519 2125 Secundum
529 2082 1013 2131 clinamen—Infamia,
1030 2083 1156 2123 resul-

115 2147 209 2187 tams
219 2156 267 2185 ex
278 2143 604 2193 manifestatione
619 2146 736 2186 eoetra
756 2144 1055 2192 confessionem,
1077 2142 1157 2184 ali-

113 2206 274 2260 quando
301 2216 382 2247 tre-ow
405 2204 598 2246 curanda.
612 2203 851 2252 -Quando
878 2207 1019 2245 autem
1049 2203 1156 2244 ratio

115 2267 376 2307 conscientiae
394 2266 579 2307 redditur
597 2269 716 2306 extra
734 2263 1048 2312 confessionem,
1070 2276 1156 2305 non

114 2327 386 2370 habetlocum
404 2331 605 2367 secretum
621 2326 763 2378 sigilli,
775 2330 823 2365 ut
835 2337 962 2378 perse
978 2329 1133 2365 constat
1138 2336 1154 2377 3

115 2388 388 2431 nihilominus
414 2394 556 2429 tamen
587 2387 807 2428 dicendum
836 2392 897 2427 est
929 2387 1028 2428 oriri
1056 2386 1157 2428 inde

117 2453 340 2493 maximam
351 2450 643 2503 obligationem
653 2450 798 2490 secreti
805 2448 963 2489 natural
969 2448 1017 2496 is,
1027 2459 1158 2500 quan-

115 2517 161 2554 ta
178 2514 277 2552 oriri
286 2513 386 2552 solet
397 2516 613 2553 exsecreta
630 2511 929 2551 consultatione
947 2509 1157 2550 conscien-

115 2574 200 2615 tiae.
226 2566 424 2614 Probatur
451 2573 601 2626 primo,
634 2573 732 2624 quia
760 2572 838 2612 hoc
858 2576 919 2612 est
946 2571 1157 2612 moraliter

115 2636 408 2683 necessarium,
431 2638 479 2674 ut
497 2634 575 2674 hoc
594 2646 699 2674 onus
719 2645 790 2674 seu
806 2633 990 2674 medium
1011 2633 1156 2673 tolera·

116 2697 201 2738 bile
226 2697 293 2736 sit.
324 2695 441 2744 Quod
461 2695 637 2735 suadent
656 2695 836 2735 rationes
864 2694 1080 2734 dubitandi
1110 2694 1157 2735 iu

114 2758 318 2812 principio
330 2757 485 2810 positae,
505 2767 622 2796 num.
646 2756 854 2805 &Deinde
866 2756 962 2808 quia
981 2756 1058 2795 hoc
1072 2754 1156 2795 exi-

115 2821 179 2871 git
196 2820 300 2860 ratio
320 2818 530 2859 charitatis
548 2822 589 2858 et
603 2818 791 2870 justitiae,
812 2822 854 2858 et
879 2818 976 2870 quia
991 2818 1079 2856 haec
1097 2819 1158 2856 est

116 2880 296 2922 intentio
309 2881 401 2932 ejus
420 2880 494 2932 qui
511 2891 630 2920 suam
649 2878 939 2920 conscientiam
951 2879 1097 2932 aperit,
1120 2881 1160 2918 et

118 2947 182 2984 est
190 2943 316 2995 justa,
331 2941 429 2994 quia
441 2951 526 2980 non
542 2941 631 2980 vult
647 2952 688 2980 se
704 2940 922 2989 infamare,
940 2942 1010 2981 sed
1026 2940 1160 2981 solum

56 3023 59 3026 ·
119 3006 350 3047 necessitati
367 3015 451 3044 suae
468 3004 669 3057 spirituali
687 3005 923 3056 providere3
943 3005 1053 3058 quod
1071 3016 1157 3046 me-

118 3068 200 3108 n'to
219 3070 351 3120 potest
368 3065 500 3106 facere
513 3070 555 3106 et
571 3065 709 3105 debet.
731 3065 914 3118 Denique
931 3066 976 3107 in
993 3067 1157 3108 ordina-

118 3128 301 3169 tionibus
319 3128 396 3167 toti
418 3128 610 3168 societati
635 3126 942 3176 communibus,
965 3131 1087 3181 atque
1107 3141 1159 3170 ex

67 3220 69 3226 .
120 3189 362 3231 auctoritate
397 3190 580 3242 septimae
607 3187 946 3240 Congregationis
974 3194 1158 3231 contrac-

60 3252 77 3307 [3'
121 3249 191 3299 tis,
213 3261 253 3289 c.
275 3251 316 3298 1,
334 3261 450 3290 num.
475 3252 542 3299 17,
562 3261 716 3302 magna
742 3250 1058 3302 exaggeratione
1076 3252 1159 3292 dic-

38 3310 86 3365 ii,
121 3312 212 3350 tum
233 3314 432 3350 secretum
445 3313 770 3362 commendatur,
788 3324 836 3351 ac
850 3313 1042 3364 Superior
1059 3312 1160 3353 illud

38 3395 41 3398 <
62 3367 88 3419 ’ἶὲ
121 3369 298 3413 fortasse
321 3371 478 3412 violans
495 3384 636 3414 severe
659 3373 909 3426 puniendus,
931 3374 1055 3414 etiam
1073 3374 1161 3414 offi-

38 3461 42 3470 2
77 3454 83 3459 ·
114 3431 178 3474 tii
195 3432 467 3486 depositione,
486 3433 522 3473 si
550 3445 654 3487 opus
680 3434 820 3483 fuerit,
840 3437 1158 3487 pronunciatur3

53 3502 80 3547 ῥ’,
116 3496 170 3534 «bt
183 3494 454 3535 confirmatur
466 3507 491 3534 a
509 3495 667 3535 fortiori
683 3508 735 3536 ex
749 3509 838 3549 cap.
859 3498 908 3536 15
925 3498 1161 3538 earumdem

65 3575 94 3611 „3
128 3553 315 3596 ordinat.
322 3585 336 3605 ,
354 3567 396 3608 p.
412 3558 453 3606 2,
471 3555 543 3596 ubi
560 3556 752 3609 Superior
763 3558 901 3598 stricte
917 3558 1084 3610 jubetur
1101 3572 1162 3600 se·

39 3676 41 3678 η
63 3612 100 3666 ’ς’*ῖ
123 3619 286 3659 aretum
301 3618 518 3661 servarein
534 3618 762 3662 defectibus
777 3620 830 3667 ab
844 3620 972 3663 altero
983 3620 1163 3664 fraterne

344 235 358 252 ·
390 191 403 209 v
418 234 510 269 car.
534 234 590 270 vl.
610 234 669 270 ΑΝ
688 233 929 271 sociemus
943 226 1134 268 mart
1154 231 1211 266 u
1231 231 1522 267 maneamne
1538 230 1816 270 susannam
1831 230 1923 266 E'rc.

1563 46 1566 50 .
1622 59 1685 88 b
1735 35 1739 42 ω
1811 51 1845 60 ,,

1199 296 1361 349 delatis,
1379 298 1535 340 nedum
1551 299 1600 339 in
1622 297 1675 339 iis
1691 309 1794 352 quos
1811 297 1862 339 de
1885 295 2027 350 selpso
2042 296 2136 350 quis
2150 309 2236 338 mn-

1198 359 1380 401 nifestat.
1394 359 1469 400 Est
1476 363 1619 400 tamen
1631 370 1783 412 magna
1792 357 2026 399 differentia
2037 357 2145 398 'mter
2154 357 2234 399 hoc

1201 425 1431 473 secretum,
1463 424 1507 462 et
1541 420 1724 473 sigillum
1752 420 2033 461 confessionis.
2064 420 2235 470 Primo&

1201 482 1300 534 qnia
1314 482 1395 523 hoc
1410 492 1498 522 non
1521 480 1695 534 impedit
1722 481 1946 535 quominoe
1972 481 2098 523 liccat
2111 482 2238 534 Simpu-

1200 542 1301 583 riori
1319 541 1438 595 loqui
1460 545 1603 595 postea
1618 553 1716 582 cum
1743 542 1912 583 subdito
1928 541 1980 583 ds
2002 543 2134 584 rebus
2158 538 2237 584 sub

1200 602 1276 643 tali
1293 602 1702 650 secreto-commissu,
1723 606 1765 642 et
1782 603 1903 645 illum
1923 608 2080 645 secreto
2098 613 2238 658 repre-

1200 665 1397 715 hendere,
1419 666 1453 706 si
1478 675 1641 711 necesse
1658 663 1725 712 sit,
1742 663 1807 704 vel
1826 675 1995 706 monere
2011 677 2097 706 suoe
2113 665 2239 718 fragi-

1201 725 1344 776 litatis,
1363 731 1413 767 ut
1439 726 1566 767 talem
1594 724 1851 766 occasionem
1867 726 1988 775 vitet,
2017 726 2085 767 vel
2109 726 2239 768 talen

1201 789 1511 842 occupationem
1529 799 1615 829 non
1624 790 1806 840 appetat,
1822 786 1889 828 vel
1907 792 2113 839 procuret,
2134 793 2177 830 et
2186 788 2240 829 si-
2305 802 2308 803 ⁷

1202 849 1334 891 milia.
1351 850 1506 891 Deinde
1523 853 1656 904 potest
1668 859 1721 890 ex
1735 847 1808 889 illa
1820 847 1967 888 notitia
1976 848 2152 901 operari,
2171 847 2242 900 ge-

1202 911 1336 951 rendo
1356 923 1456 963 erga
1475 911 1685 951 subditum
1716 909 1835 950 illum
1853 907 2122 962 providentiae
2147 921 2241 949 mo-

1203 972 1321 1022 dum,
1340 973 1411 1025 qui
1431 972 1555 1012 saluti
1572 972 1661 1024 ejus
1688 970 1909 1024 spirituali,
1929 969 1996 1010 vel
2013 971 2146 1022 magis
2164 981 2240 1012 ne·-

1202 1034 1416 1083 cessarius,
1437 1033 1505 1074 vel
1531 1033 1676 1073 utilior
1695 1033 1774 1082 sit,
1794 1031 1956 1072 etiamsi
1977 1031 2057 1084 ipsi
2077 1030 2242 1071 subdito

1204 1096 1258 1137 sit
1275 1094 1590 1144 involuntarius,
1611 1094 1711 1146 quia
1723 1087 2060 1134 irrationabiliter
2071 1092 2238 1133 resistit.

1205 1158 1349 1199 Solum
1368 1169 1513 1198 cavere
1531 1156 1653 1197 debet
1664 1167 1718 1196 ne
1733 1155 1852 1195 illum
1863 1154 2054 1205 infamet,
2073 1159 2145 1196 aut
2157 1166 2243 1195 ma-

1202 1221 1288 1261 lam
1310 1220 1580 1273 suspicionem
1598 1218 1650 1258 de
1668 1218 1742 1259 illo
1760 1221 1952 1270 generet3
1974 1218 2072 1270 quia
2097 1217 2180 1258 hoc
2191 1216 2244 1257 de

1203 1294 1246 1322 se
1264 1285 1469 1334 repugnat
1484 1279 1670 1332 justitiae,
1693 1283 1736 1320 et
1764 1279 1866 1319 solet
1884 1279 1976 1318 aliis
2006 1278 2243 1318 scandalum

1203 1354 1364 1396 parere,
1383 1346 1426 1383 et
1449 1341 1632 1382 subditos
1656 1339 1828 1381 reddere
1848 1340 2096 1380 difficiliores
2121 1344 2163 1380 et
2191 1339 2244 1379 ti-

1205 1404 1452 1445 midioresin
1468 1402 1706 1455 hujusmodi
1718 1403 1876 1442 ratione
1889 1413 1973 1441 suae
1987 1401 2243 1441 conscientiae

1204 1465 1435 1513 reddenda;
1462 1475 1702 1517 quanquam
1730 1463 1774 1503 in
1803 1463 1880 1502 hoc
1901 1462 2041 1514 aliqua
2059 1461 2245 1503 modera-

1207 1527 1320 1568 tione
1342 1539 1444 1580 opus
1464 1531 1546 1574 est;
1567 1537 1666 1566 nam
1686 1525 1722 1565 si
1739 1536 1803 1565 res
1816 1525 1868 1564 sit
1886 1524 2097 1564 moraliter
2110 1536 2246 1564 neces-

1208 1589 1314 1629 saria
1342 1590 1394 1629 ad
1414 1587 1589 1629 salutem
1617 1586 1784 1634 subditi,
1810 1590 1858 1625 ut
1885 1590 1945 1626 est
1962 1587 2092 1625 vitare
2110 1586 2246 1637 proxi-

1207 1661 1320 1690 mam
1344 1650 1597 1690 occasionem
1629 1648 1804 1699 alicujus
1834 1647 1993 1699 peccati
2026 1648 2176 1700 gravis,
2206 1650 2248 1686 et

1206 1711 1361 1764 alioqui
1378 1711 1553 1763 suspicio
1578 1722 1664 1751 non
1691 1713 1752 1750 est
1771 1721 1866 1748 cum
1884 1709 2005 1749 firma
2027 1713 2068 1748 et
2085 1709 2249 1748 sinistra

1209 1774 1403 1826 opinione
1433 1773 1626 1820 aliorum,
1658 1770 1730 1811 sed
1756 1782 1851 1811 cum
1876 1770 2053 1823 quadam
2081 1770 2248 1809 dubita-

1208 1834 1323 1874 tione
1350 1838 1390 1874 et
1423 1833 1720 1881 admiratione,
1749 1836 1849 1871 tunc
1883 1836 2051 1884 propter
2076 1831 2249 1870 salutem

1208 1897 1374 1943 animae,
1385 1894 1732 1935 contemnendum
1742 1897 1803 1933 est
1811 1893 1915 1932 illud
1925 1893 2247 1942 incommodum,

1210 1956 1302 1998 aliis
1315 1957 1510 1997 remediis
1522 1955 1786 2008 impediendo
1804 1954 1921 2003 illud,
1942 1958 2144 2007 quantum
2158 1954 2251 1994 fieri

1209 2018 1337 2072 possit
1345 2028 1359 2069 3
1380 2019 1477 2071 quia
1508 2018 1619 2058 salus
1644 2016 1795 2056 animae
1827 2016 2079 2068 praeferenda
2104 2019 2180 2064 est,
2208 2020 2252 2055 et

1210 2081 1297 2133 ipsc
1315 2080 1501 2120 subditus
1514 2079 1591 2119 hoc
1610 2078 1713 2119 velle
1729 2082 1906 2126 tenetur3
1929 2078 2011 2117 imo
2029 2081 2145 2117 tanta
2163 2089 2251 2118 esse

1211 2146 1347 2196 posset
1366 2141 1591 2194 spiritualis
1606 2140 1838 2189 necessitas,
1858 2143 1905 2178 ut
1928 2140 2054 2178 etiam
2079 2139 2252 2179 infamia

1210 2203 1512 2244 contemnenda
1531 2203 1596 2241 sit.
1618 2202 1872 2253 Quapropter
1888 2201 1920 2239 si
1936 2200 2126 2251 Superior
2143 2200 2253 2241 bona

1210 2264 1440 2303 intentione
1461 2267 1503 2303 et
1525 2263 1634 2303 faeta
1663 2262 1810 2303 morali
1837 2261 2051 2314 diligentia
2076 2262 2127 2301 ad
2154 2274 2253 2313 pru-

1210 2327 1358 2366 denter
1391 2326 1696 2378 procedendum
1731 2329 1938 2377 operetur,
1969 2335 2065 2364 raro
2095 2323 2140 2362 in
2175 2323 2253 2363 hoc

1211 2388 1434 2439 delinquet.
1458 2386 1629 2435 Quando
1656 2398 1753 2426 vero
1774 2397 1859 2426 non
1883 2385 1938 2425 ob
1953 2385 2248 2433 necessitatem,

1210 2449 1280 2490 sed
1296 2448 1348 2488 ob
1361 2449 1561 2501 maJorem
1579 2447 1801 2487 utilitatem
1815 2451 1856 2486 et
1870 2447 2162 2499 perfectionem
2175 2446 2252 2484 hoc

1209 2511 1272 2559 fit,
1293 2512 1451 2563 majore
1473 2511 1837 2561 circumspectione
1855 2521 1959 2562 opus
1981 2513 2055 2556 est,
2074 2513 2114 2548 et
2133 2520 2253 2559 regu-

1210 2572 1352 2613 lariter
1365 2585 1449 2612 non
1467 2572 1629 2612 videtur
1640 2571 1876 2611 faciendum
1886 2571 1973 2610 sine
1987 2570 2141 2609 subditi
2154 2581 2252 2609 con-

1211 2645 1348 2683 sensu,
1367 2634 1466 2686 quia
1483 2634 1528 2673 in
1547 2633 1611 2672 his
1633 2631 1754 2672 rebus
1769 2643 1864 2673 raro
1881 2636 1943 2672 oet
1960 2631 2119 2680 utilius,
2139 2630 2252 2683 quod

1211 2699 1274 2737 est
1291 2695 1631 2735 involuntarium.

1266 2758 1331 2797 13.
1367 2757 1550 2798 Tertium
1586 2754 1813 2798 discrimen.
1830 2775 1885 2786 -·
1900 2754 2085 2794 Tandem
2118 2756 2252 2806 potest

1215 2818 1407 2871 Superior
1423 2820 1485 2857 uti
1501 2817 1579 2857 hac
1598 2818 1745 2856 notitia
1781 2816 1834 2857 ad
1852 2816 2142 2857 convenienter
2176 2826 2253 2866 gu·

1214 2879 1476 2921 bernandum
1514 2878 1725 2918 subditum
1755 2878 1799 2919 in
1833 2878 1976 2919 ordine
2007 2877 2059 2916 ad
2094 2877 2250 2915 bonum

1215 2952 1434 2982 commune
1455 2940 1583 2980 totius
1602 2939 1829 2991 religionis,
1846 2948 1935 2979 tum
1947 2938 2045 2991 quia
2064 2936 2250 2976 naturale

1216 3007 1421 3044 secretum
1457 3013 1542 3043 non
1577 3001 1734 3052 obligat
1765 3012 1860 3041 cum
1900 2999 2112 3052 dispendio
2153 2998 2248 3037 boni

1212 3064 1458 3114 communis,
1490 3068 1582 3103 tum
1601 3064 1727 3104 etiam
1766 3063 1863 3115 quia
1902 3072 1952 3102 ex
1989 3062 2077 3112 ipsa
2107 3059 2246 3108 reguis

1212 3131 1370 3167 constat
1381 3126 1434 3166 ad
1449 3125 1561 3165 hunc
1576 3124 1703 3165 finem
1738 3123 1816 3164 hoc
1828 3123 2025 3163 -medium
2049 3119 2245 3159 ordinari.

1214 3189 1331 3230 Unde
1348 3187 1573 3228 intervenit
1587 3187 1762 3227 tacitum
1779 3190 1958 3239 pactum,
1972 3187 2012 3222 et
2030 3192 2255 3222 consensus*

1213 3251 1342 3304 ipsius
1356 3250 1524 3300 subditi,
1546 3249 1712 3301 quando
1739 3248 1981 3288 Societatem
2000 3244 2243 3296 ingreditur.

1213 3314 1320 3353 Tum
1339 3313 1519 3364 (lenique
1537 3311 1635 3364 quia
1652 3322 1703 3350 ex
1720 3310 1797 3348 hoc
1812 3319 1903 3356 usu,
1925 3319 2000 3359 per
2020 3318 2060 3345 se
2078 3306 2252 3355 loquen-

1215 3375 1284 3425 do,
1302 3386 1387 3416 non
1403 3374 1592 3427 sequitur
1606 3374 1903 3412 nocumentum
1923 3367 2166 3422 particulare
2184 3366 2256 3417 ἱρά

1216 3437 1299 3476 sius
1316 3436 1483 3485 subditi;
1502 3446 1617 3483 nam,
1631 3434 1726 3473 licet
1734 3431 1904 3471 fortasse
1914 3430 1967 3469 ob
1981 3439 2070 3468 eam
2083 3434 2249 3466 causam

1215 3497 1444 3550 applicetur
1456 3497 1508 3536 ad
1523 3497 1635 3536 hunc
1655 3494 1806 3542 locum,
1834 3491 1898 3531 vel
1916 3488 2189 3529 ministerium
2208 3485 2248 3527 oi

1218 3559 1356 3599 minus
1373 3563 1552 3610 gratnm,
1566 3567 1651 3595 non
1675 3554 1797 3594 debet
1828 3552 1930 3591 illud
1960 3554 2159 3602 tanquam
2176 3558 2252 3588 no-

1217 3624 1460 3674 cumentum
1478 3617 1675 3670 reputari,
1704 3615 1740 3655 si
1769 3612 1980 3655 communi
2007 3611 2119 3653 bono
2153 3608 2253 3652 mli·

2157 21 2163 30 .
2220 0 2352 58 ,nis-:-
