2352 3880
15 268 322 329 ςξὲὶῃᾳιιὶωηᾶί.
339 268 486 310 Unde
474 282 519 309 1n
549 269 708 322 legibus
739 270 960 322 Hispaniae,
981 268 1051 309 lib.
1073 268 1100 307 8

28 330 196 376 Novae
225 332 539 383 recopilationis,
560 332 624 371 tit.
649 333 688 378 1,
706 331 799 370 libr.
829 332 870 380 6,
887 331 1100 371 ordinatur

67 392 176 435 utin
195 406 242 432 eo
262 405 355 432 casu
373 393 500 445 judex
516 405 598 431 non
609 393 749 432 audiat
768 393 1095 439 denuntiantem,

68 454 150 496 nisi
163 454 248 507 ipse
269 456 316 494 ad
338 455 616 506 probationem
629 466 670 493 se
688 453 831 492 offerat
842 465 855 504 3
877 454 1025 506 excipit
1038 458 1098 493 ta-

69 527 180 563 men,
196 517 274 554 nisi
295 517 489 555 delictum
509 521 631 554 noctu
651 520 720 553 ant
739 515 827 554 loco
843 515 1000 554 deserto
1019 514 1099 554 fac-

68 579 156 617 tum
173 590 255 616 esse
274 579 445 626 dicatur,
467 581 561 616 tunc
577 577 687 615 enim
709 578 1021 616 commendatur
1037 577 1099 628 ju-

67 637 149 678 dici
168 643 214 677 ut
240 640 452 678 veritatem
481 639 675 689 inquirat,
698 650 782 676 non
811 640 975 690 quidem
995 638 1097 678 inci-

69 699 220 751 piendo
239 701 290 739 ab
309 700 471 751 speciali
506 700 784 750 inquisitione,
806 702 873 739 sed
900 702 1010 752 prius
1038 701 1099 740 in-

67 762 268 812 quirendo
293 774 347 800 011
365 761 445 800 tale
465 761 655 800 delictum
674 774 766 801 vere
787 762 940 801 factum
961 762 1096 810 fuerit,

48 815 215 861 'deinde
244 835 267 861 a
281 835 360 873 quo
379 822 532 861 factum
565 823 689 862 fuerit
715 824 795 862 tale
815 824 1008 863 delictum
1030 839 1040 872 ;
1060 829 1099 863 et

65 889 204 935 postea
225 885 258 922 si
278 885 453 935 aliquem
482 884 666 924 laborare
690 885 860 924 infamia
885 886 1096 925 intellexe-

65 944 134 991 rit,
162 947 309 996 poterit
325 946 374 985 de
397 946 468 984 illo
497 947 796 998 particulariter
828 948 1094 996 interrogare.

122 1008 185 1045 16.
209 1007 466 1058 Expenditur
480 1010 599 1060 prius
620 1009 988 1055 membrum-Quo
1003 1020 1097 1048 casu

58 1066 216 1119 fiscalis
240 1069 477 1109 adhibeam
504 1074 549 1110 ut
573 1070 784 1110 enuntians
810 1071 884 1119 fiat
903 1072 1097 1108 testis.—

66 1128 110 1168 Si
142 1135 278 1168 antem
309 1143 478 1181 persona
512 1131 597 1178 illa,
616 1144 707 1182 quae
732 1131 960 1169 manifestat
989 1130 1096 1171 Prae-

64 1188 148 1229 lato
170 1192 294 1230 alium
331 1192 652 1243 delinquentem,
676 1193 774 1231 velit
791 1193 987 1231 sustinere
1010 1205 1096 1232 mu-

65 1263 143 1291 nus
162 1255 407 1292 accusatoris
426 1260 465 1292 et
482 1254 775 1301 denuntiantis,
793 1258 890 1292 tunc
910 1254 1097 1304 procede·

65 1324 110 1352 re
125 1314 290 1364 quidem
314 1319 445 1365 potest
464 1315 589 1366 judex
610 1315 659 1352 ad
694 1315 1032 1364 interrogandum
1053 1316 1096 1355 in

64 1376 302 1429 particulari
327 1377 375 1415 de
404 1377 474 1414 tali
490 1388 686 1427 persona;
707 1375 776 1413 sed
797 1377 996 1425 tuncjam
1015 1388 1099 1414 non

63 1438 245 1488 procedit
280 1437 345 1475 via
379 1437 668 1486 inquisitionis,
691 1437 760 1475 sed
792 1437 859 1475 via.
885 1437 1100 1475 denuntia-

64 1497 187 1537 tionis
207 1498 269 1536 vel
288 1498 570 1544 accusationis,
589 1498 638 1536 de
663 1510 744 1548 qua
765 1511 874 1535 1111110
902 1510 984 1536 non
1016 1500 1097 1548 agi-

63 1570 170 1603 mus,
193 1568 232 1598 et
260 1561 316 1598 ita
336 1560 404 1598 illa
425 1572 509 1598 11011
539 1564 599 1598 051
628 1561 814 1610 exceptio
835 1572 858 1598 a
894 1561 1101 1610 proposita.

64 1622 219 1673 regula.
242 1623 351 1661 Solet
371 1627 507 1660 autem
529 1622 752 1668 interdum,
776 1622 941 1673 quando
966 1635 1100 1672 perso-

63 1693 133 1728 na,
156 1696 246 1734 quae
269 1696 353 1722 rem
385 1684 618 1722 manifestat
635 1684 763 1734 judici
796 1694 867 1722 aut
894 1684 1065 1722 Praelato
1085 1715 1097 1733 ,

64 1755 149 1783 non
163 1745 250 1783 vult
262 1746 460 1784 sustinere
479 1758 628 1783 munus
643 1746 959 1794 denuntiatoris,
974 1759 1048 1784 nec
1059 1757 1100 1784 se

64 1805 210 1845 offerre
230 1807 279 1845 ad
298 1806 570 1857 probandum,
588 1807 621 1845 si
636 1812 766 1857 potest
784 1820 867 1845 esse
887 1809 1002 1845 testis
1020 1808 1102 1846 suf-

64 1866 222 1915 ficiens,
245 1872 283 1906 et
303 1868 416 1906 omni
451 1869 689 1918 exceptione
710 1869 840 1919 major
869 1868 919 1906 ad
946 1868 1099 1906 facien-

65 1928 160 1968 dam
181 1929 447 1981 semiplenam
465 1929 764 1980 probationem,
781 1929 895 1977 solet,
915 1930 1097 1979 inquam,

68 1991 195 2031 creari
207 2003 229 2029 a
244 1991 383 2041 judice
399 1990 563 2039 fiscalis,
580 1990 650 2040 qui
665 2002 828 2028 causam
845 1996 1097 2040 promoveat,

63 2057 107 2092 et
120 2064 272 2091 munus
292 2052 538 2091 accusatoris
556 2052 766 2102 suscipiat,
780 2061 819 2089 et
838 2051 1016 2102 priorem
1030 2052 1099 2091 de-

65 2114 344 2153 nuntiatorem
369 2118 414 2152 ut
443 2118 588 2152 testem
622 2117 854 2164 praesentet,
876 2117 924 2151 ut
940 2114 997 2151 ita
1030 2113 1101 2152 fiat

64 2177 292 2227 semiplena
304 2176 505 2228 probatio,
525 2180 564 2213 et
585 2176 708 2226 possit
725 2175 890 2226 procedi
908 2176 959 2214 ast
977 2178 1102 2215 inter-

65 2241 322 2289 rogationem
340 2237 401 2276 rei
420 2241 460 2276 et
487 2236 659 2275 aliorum
695 2237 859 2275 testium
883 2247 894 2285 3
914 2241 1012 2275 tunc
1031 2249 1104 2275 au-

65 2302 150 2340 tem
179 2300 266 2351 jam
300 2298 546 2350 relinquitur
574 2299 640 2337 via
672 2298 963 2348 inquisitionis,
987 2301 1026 2337 et
1059 2297 1104 2336 fit

66 2362 264 2402 transitus
300 2359 351 2400 ad
382 2360 506 2399 aliam
529 2359 812 2398 accusationis.
843 2360 924 2398 Hoc
962 2363 1103 2399 tamen

66 2433 151 2463 11011
187 2421 234 2460 fit
258 2422 301 2461 in
330 2422 521 2461 omnibus
556 2421 830 2468 criminibus,
858 2419 927 2460 sed
960 2420 1004 2459 in
1041 2420 1103 2459 hia

64 2495 159 2536 quae
188 2488 331 2523 contra
361 2495 578 2522 commune
602 2483 773 2531 bonum,
791 2487 863 2521 aut
882 2487 1023 2521 contra
1042 2495 1103 2522 re-

67 2544 267 2596 ligionem
302 2548 372 2585 aut
400 2544 524 2583 fidem
554 2549 746 2594 vergunt,
773 2555 820 2583 ex
853 2556 935 2595 quo
973 2544 1104 2594 capite

68 2611 202 2661 posset
220 2607 307 2646 haec
327 2606 525 2658 exceptiO,
548 2608 581 2645 si
599 2606 736 2657 aliquo
749 2606 872 2644 modo
887 2605 1105 2645 admitten-

68 2667 122 2708 da
141 2676 216 2715 est,
236 2669 287 2706 ad
308 2669 495 2718 superius
518 2667 691 2718 positam
712 2668 908 2707 revocari.

124 2730 188 2768 17.
223 2729 354 2770 Sexta
379 2733 512 2780 except
533 2741 553 2768 o
583 2730 842 2780 quorumdam
866 2728 1101 2772 Doctorum.

69 2789 283 2831 -Ultimo
303 2790 512 2841 excipiunt
532 2801 693 2837 omnes,
717 2795 760 2828 ut
781 2790 922 2830 videre
941 2792 1039 2831 licet
1061 2792 1107 2831 in

70 2852 184 2898 soto,
205 2854 402 2900 Navarro,
426 2857 463 2892 et
486 2852 575 2891 aliis
606 2852 737 2891 citatis
768 2864 906 2903 supra,
930 2859 970 2893 et
995 2853 1107 2906 apud

71 2914 282 2958 sancium,
305 2913 375 2952 lib.
400 2914 424 2952 3
444 2913 494 2951 de
515 2913 710 2961 Mati-im„
731 2913 882 2965 disput.
908 2915 956 2953 13
978 2919 1018 2954 et
1040 2917 1105 2964 14,

71 2986 194 3016 casus
231 2975 335 3020 illos,
358 2975 400 3012 in
437 2974 584 3024 quibus
616 2986 700 3012 non
732 2975 778 3013 fit
810 2976 1020 3026 inquisitio
1055 2976 1108 3015 ad

71 3038 330 3091 punitionem
346 3036 543 3087 inquisiti,
561 3035 633 3074 sed
651 3036 702 3074 ad
718 3037 820 3076 alios
838 3038 943 3077 fines
957 3040 1105 3090 justos,

75 3099 128 3139 ad
148 3111 251 3150 quos
274 3103 334 3137 est
355 3097 590 3137 11000550ιί0
609 3098 789 3148 cognitio
808 3099 900 3136 tatis
921 3112 1108 3150 personas

73 3163 118 3202 et
137 3162 382 3211 qualitatum
404 3160 514 3210 ejus3
535 3163 580 3198 ut
602 3171 696 3197 cum
715 3159 938 3210 inquiritur
962 3161 1012 3200 de
1033 3163 1108 3201 im-

73 3221 313 3276 pedimento
346 3220 596 3260 matrimonii
629 3220 735 3260 inter
762 3223 923 3260 Petrum
955 3226 994 3261 et
1024 3223 1107 3262 Ma-

74 3282 195 3329 tiam,
213 3283 280 3321 vel
305 3282 356 3320 de
377 3293 500 3320 causa
520 3282 623 3332 ejus,
642 3282 800 3321 etiamsi
821 3284 1108 3334 peccaminosa

51 3341 143 3393 fit,
170 3342 237 3381 vel
261 3354 354 3381 cum
379 3342 599 3393 inquiritur
628 3343 678 3382 de
702 3343 1016 3395 irregularitate,
1040 3349 1110 3385 aut

49 3404 55 3436 ἶ
75 3398 333 3445 inhabilitate
354 3404 405 3442 ad
427 3403 690 3451 beneficium,
709 3405 775 3444 vel
796 3406 848 3444 ad
868 3407 1109 3457 suffragium

50 3461 311 3511 mudum,
331 3465 398 3503 vel
422 3477 516 3504 cum
534 3465 800 3517 inquiruntur
818 3468 965 3506 merita
985 3467 1111 3508 alicu-

49 3522 146 3593 ,jus
163 3525 217 3564 ad
235 3526 431 3573 officium,
460 3526 527 3566 vel
545 3527 833 3575 ministerium,
855 3533 959 3576 etc.;
981 3529 1023 3567 iu
1047 3529 1111 3568 his

50 3590 58 3624 t
75 3580 194 3637 {ium
215 3587 380 3628 casibus
393 3586 523 3628 habet
537 3588 762 3630 Praelatus
745 3602 815 3642 Jus
828 3589 1112 3642 interrogandi

361 205 451 240 cAP.
473 201 546 242 ΧΠ.
568 205 623 240 ΒΕ
643 205 755 240 MODO
775 202 1032 249 monacnum
1053 201 1134 237 PER
1155 200 1258 237 mu
1279 201 1487 238 SPEctALtS
1508 202 1919 246 1NQU151T10NIS‚ETG.

1155 266 1206 305 de
1226 267 1296 306 tali
1314 279 1508 318 persona,
1526 267 1624 319 quia
1644 280 1730 307 non
1749 272 1886 320 potest
1905 269 2024 310 aliter
2040 283 2186 314 conve-

1152 328 1316 367 nienter
1334 340 1528 368 exercere
1557 340 1710 368 munus
1739 341 1875 378 suum,
1908 331 2020 382 quod
2042 344 2186 374 neces-

1153 390 1309 428 sarium
1338 394 1400 429 est.
1431 390 1485 428 ad
1512 402 1733 430 commune
1763 391 1936 440 bonum,
1972 395 2068 444 quia
2102 395 2189 446 ple·

1152 462 1330 502 rumque
1349 451 1542 502 ipsemet,
1561 452 1612 491 de
1631 464 1713 503 quo
1735 451 1781 492 fit
1799 454 2024 504 inquisitio,
2040 456 2187 497 volun-

1152 512 1256 550 tarie
1290 524 1334 551 se
1366 512 1571 551 immiscet
1598 514 1667 552 tali
1698 515 1891 566 negotiO,
1928 506 1968 555 et
2001 518 2087 557 vult
2117 522 2190 559 aut

1153 573 1415 621 contrahere,
1455 576 1527 612 aut
1563 575 1804 625 suffragium
1841 576 1965 626 ferre,
2010 584 2087 619 etc.
2103 609 2115 628 ‚
2149 583 2190 621 et

1154 640 1460 687 consequenter
1493 636 1616 675 etiam
1647 638 1795 678 virtute
1829 642 2033 681 consentit
2063 645 2109 681 ut
2136 642 2189 684 de

1154 697 1243 748 ipso
1270 698 1518 749 inquiratur,
1554 697 1665 736 un'de
1704 700 1826 738 etiam
1859 701 1903 740 fit
1936 707 1980 741 ut
2013 703 2189 754 ipsemet

1152 763 1343 799 teneatur
1361 771 1471 811 saepe
1497 759 1766 810 respondere,
1789 766 1830 800 et
1852 764 2065 803 veritatem
2092 777 2190 816 ape-

1152 820 1250 860 rire.
1281 822 1377 860 Haec
1408 833 1506 860 vero
1536 822 1722 872 exceptio
1748 821 1844 861 licet
1875 836 2013 862 veram
2042 825 2189 866 doctri-

1151 894 1250 921 nam
1273 883 1505 931 contineat,
1528 884 1693 933 proprie
1718 896 1802 922 non
1827 888 1888 923 est
1907 898 1931 923 0
1952 886 2097 936 regula
2118 898 2190 936 po-

1152 944 1242 992 sita,
1266 957 1358 983 cum
1380 945 1423 983 in
1453 957 1501 984 ea
1522 948 1684 984 tanturn
1705 946 1755 984 sit
1777 957 1913 984 sermo
1944 947 1995 985 de
2019 947 2189 997 inquisi-

1150 1006 1263 1045 tione
1280 1006 1513 1057 judiciaria,
1534 1019 1626 1057 quae
1651 1007 1703 1046 ad
1725 1006 1946 1046 vindictam
1967 1008 2103 1046 delicti
2125 1021 2191 1048 or-

1153 1067 1330 1106 dinatur.
1362 1068 1462 1106 Aliae
1492 1071 1691 1118 praeterea
1716 1069 1981 1119 exceptiones
2012 1069 2100 1108 fieri
2125 1080 2190 1108 so·-

1150 1129 1251 1176 lent‚
1274 1142 1376 1180 quas
1397 1131 1559 1181 attingit
1580 1131 1693 1176 Soio,
1713 1130 1807 1171 dict.
1830 1135 1972 1181 quaest.
1995 1133 2034 1177 6,
2055 1130 2186 1171 001101.

1153 1194 1196 1237 3;
1222 1196 1261 1230 01
1283 1192 1403 1230 latius
1423 1193 1589 1238 Navar.,
1612 1192 1737 1230 cot-ol.
1761 1193 1833 1237 63;
1854 1193 1926 1231 sed
1948 1205 2038 1243 quae
2070 1197 2188 1232 tactae

1153 1257 1248 1292 sunt·
1281 1254 1332 1292 ad
1360 1266 1447 1292 rem
1483 1258 1728 1304 praesentem
1764 1255 1984 1301 sufficiunt,
2021 1256 2189 1305 reliquae

1154 1327 1251 1354 vero
1271 1327 1320 1353 ex
1341 1316 1530 1365 sequenti
1558 1316 1786 1355 assertione
1806 1317 1976 1355 notoriae
1998 1321 2132 1356 erunt.

1210 1377 1273 1415 18.
1308 1376 1494 1416 Secunda
1513 1377 1679 1416 assertio
1701 1377 2189 1428 tripartita—seeundo

1154 1449 1252 1476 vero
1285 1437 1505 1476 dicendum
1534 1442 1615 1484 est,
1648 1438 1910 1489 praecedente
1943 1439 2110 1476 infamia
2138 1438 2188 1478 de

1156 1499 1304 1538 delicto
1326 1503 1365 1537 et
1386 1499 1436 1537 de
1454 1511 1647 1549 persona,
1664 1500 1774 1550 juste
1795 1513 1929 1551 posse,
1951 1501 2035 1538 imo
2058 1505 2097 1538 ct
2119 1500 2191 1539 de-

1155 1560 1254 1599 bere
1292 1561 1507 1599 Praelatum
1557 1561 1766 1610 inquirere
1816 1562 2109 1611 interrogando
2148 1561 2189 1599 in

1156 1622 1391 1673 particulari
1410 1622 1460 1661 de
1481 1622 1555 1660 tali
1577 1635 1768 1672 persona,
1794 1627 1833 1661 et
1854 1623 2074 1674 obligando
2094 1622 2192 1661 sub—

1157 1684 1261 1722 ditos
1286 1685 1408 1722 etiam
1442 1684 1519 1722 sub
1543 1685 1778 1734 juramento
1809 1685 1861 1722 ad
1882 1685 2099 1722 dicendam
2120 1696 2192 1723 ve-

1156 1746 1334 1784 ritatem.
1356 1747 1425 1783 Est
1445 1750 1555 1784 certa
1577 1747 1780 1784 sententia
1801 1747 2000 1791 omnium,
2022 1750 2061 1784 et
2082 1745 2191 1784 colli-

1156 1809 1263 1858 gitur
1285 1807 1406 1858 plane
1430 1819 1478 1845 ex
1504 1807 1667 1857 juribus
1690 1808 1840 1852 citatis;
1864 1820 1961 1846 nam
1998 1807 2094 1846 dum
2120 1819 2192 1846 ne-

1156 1873 1255 1921 gant
1280 1869 1367 1907 sine
1397 1868 1565 1906 infamia
1600 1881 1721 1918 posse
1752 1869 1903 1919 inquiri
1938 1870 2015 1907 boc
2050 1868 2190 1916 modo,

1155 1942 1249 1969 cum
1269 1929 1337 1967 illa
1359 1929 1565 1967 affirmant
1585 1941 1720 1979 posse.
1742 1930 1860 1968 Ratio
1879 1933 2017 1967 autem
2034 1935 2094 1968 est
2114 1929 2193 1979 pri-

1155 2003 1239 2036 mo,
1262 1990 1358 2041 quia
1380 1995 1476 2029 tunc
1508 1990 1678 2028 infamia
1707 1990 1852 2028 merito
1881 1991 2042 2041 supplet
2062 1990 2192 2029 vicen]

1155 2050 1422 2099 accusatoris,
1453 2050 1549 2102 quia
1580 2051 1669 2101 ipsa
1690 2062 1767 2089 vox
1799 2050 1977 2102 publica,
2007 2063 2097 2101 qnae
2130 2050 2192 2088 in-

1155 2113 1284 2151 famat
1304 2123 1548 2163 personam,
1570 2116 1714 2150 contra
1736 2123 1829 2150 eam
1863 2113 2028 2159 clamat,
2054 2115 2197 2162 postu-

1157 2174 1280 2212 lando
1304 2174 1525 2223 justitiam,
1566 2177 1610 2210 ut
1647 2173 1831 2211 indicant
1856 2173 1970 2224 jura,
2002 2176 2042 2211 et
2069 2174 2196 2212 verba

1157 2236 1227 2274 illa
1248 2235 1425 2279 Domini,
1447 2235 1548 2274 Gen.
1574 2235 1623 2274 18
1646 2262 1656 2272 .
1682 2234 1845 2276 Clamor
1876 2235 2139 2275 Soccomtrum
2159 2239 2197 2276 et

1158 2296 1390 2339 Gomorrlzoe
1425 2296 1717 2347 multiplicatus
1751 2300 1839 2341 esem
1871 2296 2127 2342 descendam,
2159 2299 2196 2336 et

1158 2358 1287 2398 videbo
1308 2361 1445 2397 uto-um
1467 2358 1691 2406 clamorem,
1704 2359 1772 2409 qui
1791 2361 1897 2398 venit
1916 2358 1970 2397 ad
1985 2370 2059 2406 me,
2084 2370 2196 2409 opere

1157 2420 1446 2470 compleverint.
1470 2419 1677 2467 Secundo,
1694 2419 1791 2468 quia
1813 2423 1912 2458 tune
1926 2418 2055 2469 judex
2077 2419 2194 2458 ratio-

1159 2493 1212 2520 ne
1233 2481 1355 2518 oflicii
1375 2480 1500 2519 habet
1522 2481 1592 2530 jus
1609 2480 1863 2530 inquirendi,
1885 2484 1925 2519 et
1954 2481 2112 2519 ratione
2133 2480 2195 2518 in-

1159 2543 1293 2582 famiae
1328 2543 1483 2580 nullam
1520 2542 1616 2581 facit
1650 2542 1843 2593 injuriam
1874 2541 1948 2580 tali
1981 2553 2194 2593 personae,

1159 2603 1409 2654 inquirendo
1427 2603 1478 2642 de
1498 2602 1586 2652 ‘11133
1608 2614 1706 2654 ergo
1720 2604 1831 2653 juste
1851 2603 1895 2642 id
1912 2604 2023 2643 facit.
2041 2604 2193 2653 Tertio,

1159 2666 1255 2718 quia
1277 2666 1355 2704 hoc
1377 2670 1438 2704 est
1456 2666 1738 2703 necessarium
1759 2664 1812 2704 ad
1832 2665 1987 2703 bouum
2010 2677 2193 2703 commn-

1161 2739 1230 2771 ne,
1250 2726 1351 2765 alias
1370 2726 1435 2764 vix
1454 2730 1624 2776 possent
1644 2725 1794 2765 delicta
1813 2727 1952 2777 puniri
1972 2731 2042 2764 aut
2062 2727 2175 2778 impe

1161 2789 1253 2829 diri.
1272 2789 1368 2837 Quae
1385 2788 1489 2827 ratio
1508 2788 1657 2840 probat
1677 2788 1893 2827 Praelatum
1920 2801 2005 2826 non
2034 2793 2193 2827 tantum

1162 2863 1299 2902 posse,
1323 2849 1397 2889 sed
1420 2850 1546 2889 etiam
1576 2849 1730 2890 debere
1751 2851 1807 2889 ita
1835 2851 2071 2901 inquirere3
2098 2850 2196 2901 quia

1162 2917 1326 2952 tenetur
1346 2911 1499 2950 habere
1528 2923 1672 2950 curam
1702 2911 1800 2951 boni
1832 2912 2093 2957 communis;
2119 2912 2195 2950 hoc

1163 2979 1300 3014 autem
1328 2973 1511 3012 medinm
1532 2977 1594 3011 est
1611 2974 1822 3012 moraliter
1841 2974 2122 3012 necessarium
2142 2971 2193 3011 ad

1163 3037 1264 3076 illud
1282 3036 1453 3073 honum.
1476 3034 1590 3074 Unde
1612 3036 1644 3073 si
1672 3035 1865 3074 Praelatus
1886 3035 1927 3073 in
1948 3035 2066 3073 simili
2096 3045 2192 3071 casu

1164 3101 1273 3137 esset
1292 3097 1513 3142 remissus,
1535 3097 1624 3135 aliis
1646 3097 1760 3135 daret
1781 3108 1904 3148 gtave
1932 3095 2190 3142 scandalum,

1164 3158 1275 3212 quod
1307 3162 1370 3198 est
1401 3169 1600 3210 magnum
1622 3162 1912 3211 argumentum
1933 3154 2193 3206 obligationis

1163 3222 1268 3275 ejus.

1219 3286 1280 3324 19.
1313 3283 1499 3335 Denique
1527 3283 1622 3323 inde
1654 3282 1776 3322 etiam
1797 3279 1912 3318 facile
1934 3276 2191 3317 concluditur

1163 3347 1280 3385 tertia
1320 3358 1417 3396 pars
1455 3345 1693 3384 assertionis
1709 3371 1722 3391 ,
1765 3340 1955 3379 nimirum
1997 3335 2191 3386 obligatio

1165 3407 1422 3446 subditorum
1451 3407 1504 3446 ad
1534 3407 1745 3445 veiitatem
1777 3401 2008 3441 dicendam.
2039 3398 2188 3445 1)ΓίῐῦΟρ

1165 3469 1277 3520 quia,
1296 3481 1369 3519 per
1389 3482 1433 3508 se
1450 3467 1657 3518 loquendo
1673 3466 1782 3514 (licet
1800 3462 1982 3502 nonnulli
2001 3448 2198 3499 moderni

1165 3530 1416 3569 contrmium
1438 3529 1646 3577 sentiant),
1666 3525 1820 3576 optima
1841 3531 1901 3563 est
1915 3521 2072 3574 regula,
2091 3528 2190 3570 quo-

1164 3591 1240 3631 ties
1267 3591 1465 3632 Praelatus
1489 3592 1602 3642 juste
1633 3588 1871 3635 interrogat,
1894 3583 2026 3624 teneri
2055 3577 2190 3622 subdi-
