2352 3880
373 324 454 366 tuit
473 323 560 366 hoa
581 321 842 377 privilegium
869 324 1097 366 eonfimu

159 385 408 440 &Gregorio
427 385 530 435 xm,
551 386 618 426 die
634 387 686 426 48
697 386 831 426 Martii
848 388 947 426 anni
969 384 1086 436 1584,

67 443 173 498 Μ
188 450 298 492 vocis
320 450 486 490 oraculo
505 478 517 498 ‚
545 458 620 501 pro
638 447 808 498 reliquis
834 449 944 488 orbis
965 447 1088 500 parti-

65 498 155 571 ψῃ
184 511 380 563 Hispania
406 513 592 561 excepta,
613 512 660 547 ut
672 508 717 548 in
740 508 994 560 Compendio
1024 520 1089 551 rea

74 566 82 570 ’
125 576 204 622 tur,
220 574 336 614 verb.
355 572 576 617 Absoluta,
599 569 677 622 §3⁶

36 629 48 655 f
101 635 178 686 317.
209 635 246 676 Α
265 646 339 687 quo
355 633 571 685 Superiora
593 632 676 672 boec
694 631 889 672 concessio
914 633 972 674 sit
988 644 1088 675 com·

35 691 308 755 'micantia
319 694 455 734 —Ubi
470 693 691 732 adnotatur
710 693 844 732 solum
860 695 1087 734 communi—

40 806 43 807 7
61 758 142 804 sari
157 755 477 796 provincialibus
497 758 611 794 extra
627 755 882 805 Hispaniam,
903 768 997 795 cnm
1013 767 1088 808 po-b

36 818 205 868 {mutate
239 814 538 867 subdelegandi
559 817 666 855 hanc
694 817 933 857 facultatem
953 819 995 857 in
1019 830 1087 859 ca*

38 875 171 927 uibus
189 879 522 932 particularibus,
551 879 732 930 qaando,
751 892 796 918 re
815 882 971 920 attente
990 891 1088 920 con-

38 931 248 989 jfflerata,
260 941 538 992 judicaverint
551 953 599 980 ex
606 940 760 990 pedire.
774 940 892 986 Quod
906 941 1086 994 pertinet

36 1000 112 1052 {ixl
131 1003 393 1043 moderatum
423 1014 545 1042 usum
575 1002 683 1041 illius
713 1003 886 1052 Indulti,
921 1003 1084 1043 ratione

36 1065 174 1118 ‘sunjus
203 1077 288 1106 non
318 1069 512 1117 poterunt
532 1064 807 1105 Provinciales
830 1066 938 1105 hanc
955 1065 1085 1104 facul-

36 1130 180 1174 statem
199 1127 449 1179 generaliter
471 1127 593 1166 alicui
628 1127 881 1173 concedere,
903 1127 983 1166 nisi
1010 1126 1084 1166 lia-

37 1180 219 1239 {buerint
254 1199 280 1229 a
309 1188 504 1228 Generali
539 1188 783 1240 ampliorem
822 1187 1081 1239 facultatem,

36 1254 178 1307 gquam
218 1250 306 1301 ipse
341 1251 492 1301 poterit
523 1249 753 1290 concedere
784 1252 900 1290 extra
936 1250 1086 1302 Hispa-

36 1311 180 1360 miam‚
203 1311 270 1352 ubi
285 1311 532 1363 judicaverit
554 1311 765 1362 expedire.
783 1310 1083 1352 Verumtamen

37 1374 237 1417 'limitatio
252 1374 319 1413 illa
337 1373 476 1413 addita
494 1372 549 1411 ibi
566 1376 628 1413 est
646 1373 786 1424 quoad
803 1374 884 1414 hoc
901 1374 1082 1427 speciale

38 1435 328 1493 gpfivilegium,
349 1439 390 1475 et
419 1434 556 1487 quoad
571 1435 711 1474 omnia
729 1436 820 1475 loca
840 1448 851 1483 3
874 1440 917 1476 at
950 1437 995 1476 in
1019 1447 1084 1475 re-

38 1499 288 1543 motissimis
317 1497 583 1550 regionibus,
614 1501 655 1538 et
688 1498 843 1538 utendo
867 1499 1083 1550 privilegio

39 1561 165 1603 tPauli
198 1561 251 1600 III
271 1590 281 1607 ,
312 1572 411 1600 cum
444 1559 648 1612 probabili
678 1560 922 1601 extensione
956 1571 1085 1612 supra

36 1622 158 1663 edicta
171 1652 184 1671 ,
205 1621 337 1662 videri
357 1625 492 1673 potest
514 1621 649 1671 major
665 1620 839 1660 facultas
862 1620 1084 1663 admitten-

34 1683 117 1724 e'da.
142 1683 244 1730 Quia
264 1695 359 1723 vero
379 1683 533 1723 Paulus
557 1683 610 1722 ΙΙΙ
629 1684 755 1723 etiam
785 1695 860 1734 pro
881 1684 1000 1723 terris
1022 1684 1084 1723 in-

35 1745 238 1789 lfidelium
277 1757 364 1785 non
401 1744 590 1786 concedit
626 1757 747 1786 casus
783 1748 1001 1785 contentos
1038 1746 1085 1786 in

36 1807 168 1850 mulla
182 1807 338 1860 Coenos,
361 1807 439 1846 nisi
455 1807 624 1859 quando
646 1807 891 1857 Praepositus
911 1819 1086 1858 genera-

35 1867 100 1911 ssis
118 1881 212 1909 eam
236 1868 479 1907 facultatem
504 1869 754 1908 concesserit
775 1869 834 1907 eis
853 1880 959 1919 quos
987 1869 1085 1910 illuc

36 1931 192 1979 mittit,
214 1929 308 1970 ideo
338 1941 505 1981 semper
533 1929 708 1969 facultas
739 1929 831 1969 haec
856 1929 1012 1982 pendet
1031 1942 1084 1971 ex

35 1991 216 2049 nspeciali
247 1991 357 2032 illius
375 1991 662 2032 concessione.
684 1989 788 2031 Nam
807 1991 850 2030 in
875 1991 1083 2043 Compen-

52 2054 119 2098 di‘o
136 2054 447 2107 privilegiorum
460 2053 619 2092 nullam
637 2053 804 2093 invenio
820 2052 972 2093 factam
989 2065 1082 2094 esse

35 2117 303 2159 umentionem
337 2115 445 2155 illius
476 2114 671 2155 secundae
704 2115 983 2154 concessionis
1001 2146 1011 2164 ,
1040 2118 1084 2155 et

35 2178 301 2221 *extensionis
314 2176 433 2217 factae
447 2188 472 2216 a
490 2176 615 2216 Paulo
630 2172 697 2222 111,
709 2187 787 2217 nec
803 2176 1084 2217 universalem

34 2241 278 2283 eclausulam
295 2251 372 2292 per
389 2250 516 2290 quam
534 2238 785 2290 Praepositus
808 2238 1016 2290 generalis
1034 2238 1084 2277 il·-

35 2303 132 2349 llam
163 2301 439 2343 communicet
461 2299 769 2342 confessoribus
809 2302 882 2340 aut
917 2300 1082 2340 Provin-

53 2360 235 2408 cialibus.
245 2366 419 2415 Semper
435 2374 535 2416 ergo
554 2362 793 2402 necessaria
812 2366 877 2402 est
894 2372 1082 2403 commu-

35 2427 202 2471 !nlcatio
221 2425 427 2477 specialis,
447 2429 489 2466 et
507 2424 562 2464 ab
579 2423 762 2472 homine,
785 2428 832 2462 ut
850 2423 910 2463 sic
926 2424 1077 2474 dicam,

39 2482 106 2535 aid
143 2487 443 2527 absolvendum
485 2496 512 2525 a
543 2484 878 2537 quibuscumque
914 2485 1082 2526 casibus

32 2548 198 2599 ·Goenae.
216 2549 340 2589 etiam
359 2549 404 2588 in
419 2548 543 2587 terris
558 2546 806 2595 infidelium,
835 2551 876 2586 et
893 2547 1078 2596 remotis,

34 2601 309 2658 {observando
343 2609 574 2649 clausulam
616 2608 662 2648 in
695 2608 935 2660 praefatione
972 2609 1082 2648 illius

33 2670 291 2725 {Gompendii
306 2672 498 2724 positam,
507 2670 719 2719 nimirum,
732 2679 900 2710 omnem
910 2669 1082 2710 faculta-

35 2720 192 2781 lfflmin
206 2732 458 2786 compendio
479 2733 689 2779 omissam,
707 2743 756 2771 eo
775 2732 864 2784 ipso
884 2743 968 2771 non
989 2744 1081 2773 esse

32 2779 306 2852 fflpcesmm,
334 2794 469 2835 donec
501 2806 526 2834 a
559 2793 781 2848 Praeposito
816 2795 1077 2844 impetretur,

60 2847 132 2920 1ῇεί
153 2858 222 2910 (ut
238 2857 294 2898 ibi
314 2857 508 2907 additur)
529 2855 760 2908 periculum
786 2856 828 2894 in
859 2867 977 2895 mora
1013 2867 1080 2895 es·

38 2969 47 2972 ,
60 2920 131 2975 ebt,
157 2925 254 2959 nam
276 2921 376 2959 tunc
395 2921 589 2958 censetur
608 2916 930 2957 Provincialibus
951 2920 991 2957 et
1010 2917 1081 2956 vi-

39 2968 287 3027 sitatoribus
306 2980 611 3021 communicata
630 2980 765 3019 solum
792 2991 867 3030 pro
890 2989 989 3018 casu
1012 2989 1081 3019 oc-

33 3088 39 3097 ,
61 3038 255 3094 currente,
277 3054 325 3083 ac
351 3042 587 3083 necessario
607 3053 702 3083 cum
719 3041 813 3082 aliis
829 3039 1083 3080 limitationi·

61 3095 133 3178 Ἓξ
147 3111 239 3162 quse
255 3101 315 3144 ibi
333 3104 630 3156 adjunguntur.

88 3184 107 3190 ⁷-
134 3164 173 3208 Β.
202 3165 369 3209 Nullibi
386 3167 505 3207 etiam
518 3163 700 3220 procedit
711 3163 885 3216 exceptio
904 3164 951 3206 de
968 3163 1084 3207 bonis

119 3274 124 3277 ,
179 3228 401 3280 ayantium.
417 3248 472 3257 —-
483 3226 532 3270 N
532 3238 571 3268 ec
585 3227 678 3268 item
692 3225 870 3280 procedit
885 3225 1015 3278 quoad
1029 3226 1084 3267 li-i

38 3337 49 3345 4
134 3333 143 3346 Δ
163 3288 449 3330 haereticorum.
464 3309 517 3318 —
538 3287 691 3328 Praeter
706 3288 782 3327 has
803 3287 1080 3337 extensioneS,

91 3350 98 3354 ’
135 3339 216 3402 'filia
234 3346 420 3403 Gregorii
438 3349 527 3390 XIII
550 3345 658 3389 facta
675 3349 777 3388 vivae
800 3349 912 3388 vocis
938 3359 1081 3388 oracu-

119 3438 127 3460 ς
158 3409 196 3452 'e
215 3412 267 3452 18
298 3409 432 3452 Martii
458 3409 555 3449 anni
577 3407 695 3458 1584,
713 3409 778 3449 his
804 3408 966 3454 verbisz,
991 3409 1083 3455 ‚008²

35 3516 40 3524 ,
118 3514 129 3522 ,,
183 3471 417 3524 confessarii
454 3466 673 3512 Societatis
698 3468 892 3511 absolvere
922 3473 985 3511 tos
1012 3469 1084 3524 qut

57 3538 61 3541 “
85 3534 153 3591 ,ᾗ
184 3534 512 3588 naufraqantium
536 3535 779 3584 rapuerunt,
807 3531 991 3586 insuncta
1025 3532 1084 3574 eie

221 3594 324 3645 tom,
339 3594 424 3644 ubi,
446 3598 487 3637 et
511 3593 697 3648 quomodo
728 3604 774 3636 ea
796 3593 892 3642 fieri
918 3593 1080 3645 poterit.

126 3699 127 3702 ,
152 3652 279 3696 ἔδεαι
298 3659 537 3698 reservatus
560 3658 628 3699 est
649 3654 695 3697 in
722 3659 874 3709 quarta
897 3654 1086 3699 clausula

331 231 333 234 ⁴
384 258 478 298 ω.
498 258 542 296 11.
562 258 662 300 aum
681 256 850 296 nosemi-
869 255 925 296 sc
944 255 1132 296 omme
1151 235 1272 294 unum¹
1286 259 1492 296 asnoios:
1510 259 1748 306 amrium,
1769 259 1860 300 arc.

2095 259 2174 303 ⁹8!

1143 323 1271 365 Bullae
1289 326 1438 374 Coenae,
1463 327 1508 367 in
1523 329 1643 380 eujus
1659 329 1745 369 fine
1763 333 2009 370 revocantur
2033 331 2176 371 omnia

1142 386 1357 439 privilegia
1376 387 1430 428 ad
1458 389 1758 430 absolvendum
1778 391 1830 430 ab
1849 391 2087 442 hujusmodi
2107 404 2175 432 ca*

1143 458 1206 487 su.
1233 449 1316 488 Sed
1338 449 1478 500 quoad
1495 450 1576 489 hoc
1597 455 1658 490 est
1676 453 1907 491 notandum
1922 453 2035 493 aliud
2054 454 2174 506 privi-

1141 508 1297 560 legium
1318 510 1372 549 ab
1395 511 1542 550 eodem
1570 512 1767 563 Gregorio
1788 514 1935 553 eadem
1974 515 2042 555 die
2079 528 2174 556 con—

1143 582 1321 618 cessum,
1342 575 1389 612 ut
1424 572 1548 613 nulloe
1585 573 1805 614 Societatis
1837 576 2051 625 facultates
2082 589 2175 618 cen-

1140 636 1307 673 seantur
1324 638 1517 675 revocatae
1551 645 1622 685 per
1648 634 1817 674 Bullam
1846 636 1974 675 Coenoe
1994 638 2172 688 Domini,

1139 695 1244 734 utin
1259 695 1408 735 eodem
1426 695 1681 748 Compendio
1701 695 1896 745 refertur,
1913 698 2029 737 verb.
2048 699 2175 740 Bulla

1145 757 1288 805 Ooenoe,
1307 757 1332 809 ξ
1355 761 1392 797 2.
1427 758 1631 798 Praeterea
1664 769 1863 796 concessa
1901 762 1964 797 est
1982 759 2175 800 Societati

1141 819 1222 859 alia
1249 819 1441 869 specialis
1472 819 1645 858 facultas
1676 818 1917 858 absolvendi
1948 831 1972 858 a
2002 825 2174 871 peccato

1142 881 1361 920 commisso
1379 881 1421 920 in
1435 881 1613 932 legendo
1627 881 1753 920 libros
1767 881 2013 932 prohibitos,
2028 881 2079 920 de
2092 893 2174 932 quo

1139 947 1311 995 peccato
1333 942 1377 981 in
1401 947 1514 981 tomo
1535 943 1587 982 de
1620 943 1718 991 fide,
1740 943 1847 994 disp.
1870 943 1936 989 20,
1960 946 2059 982 sect.
2085 944 2125 988 2,
2151 954 2176 981 a

1139 1015 1315 1044 numero
1327 1005 1378 1044 18
1392 1004 1546 1043 dictum
1566 1009 1640 1044 est.
1655 1005 1786 1051 Quam
1797 1004 2034 1043 facultatem
2050 1004 2175 1043 etiam

1138 1066 1345 1106 concessit
1363 1066 1587 1116 Gregorius
1602 1067 1692 1105 XIII
1723 1078 1819 1106 cum
1855 1067 2004 1106 eadem
2023 1066 2175 1106 limita-

1138 1128 1267 1178 tione,
1288 1133 1405 1171 ezetra
1439 1129 1703 1180 Hispaniam,
1727 1132 1769 1168 et
1805 1140 1880 1180 pro
1919 1129 2011 1168 aliis
2047 1129 2173 1168 etiam

1138 1188 1240 1230 locis
1250 1202 1344 1230 cum
1362 1202 1514 1241 magna
1537 1190 1822 1231 moderatione
1843 1190 2176 1230 communicatur

1135 1262 1165 1293 a
1192 1252 1415 1306 Praeposito
1444 1252 1645 1304 generali,
1674 1256 1721 1293 ut
1757 1252 1802 1292 in
1835 1252 2033 1303 praedicto
2055 1253 2176 1292 Com-

1137 1313 1287 1366 pendio
1306 1314 1448 1353 videre
1463 1313 1572 1359 licet,
1596 1313 1714 1352 verb.
1729 1311 1953 1362 Absolutio,
1972 1313 1997 1365 ἓ
2016 1316 2057 1354 4.
2077 1315 2175 1353 Per—

1138 1376 1242 1416 tinet
1258 1381 1398 1416 autem
1420 1376 1506 1416 haec
1528 1376 1707 1415 facultas
1737 1375 1791 1417 ad
1811 1387 1932 1414 casus
1958 1379 2175 1418 contentos

1137 1437 1185 1477 iu
1202 1438 1336 1489 prima
1355 1437 1542 1477 clausula
1562 1437 1711 1476 Bullae.

1193 1500 1257 1539 19.
1290 1499 1377 1541 Nec
1398 1500 1561 1550 denique
1588 1497 1766 1550 procedit
1779 1499 1826 1539 de
1841 1496 2088 1540 secularibus
2107 1499 2177 1552 qui

1138 1560 1360 1600 mdttuntur
1377 1562 1431 1601 ad
1448 1562 1701 1600 triremes.—
1719 1561 1831 1599 Ultra
1851 1561 1951 1606 haec,
1976 1573 2027 1599 ex
2058 1565 2177 1612 parte

1138 1633 1416 1673 personarum
1452 1623 1715 1662 absolutione
1752 1622 2045 1673 indigentium,
2079 1623 2177 1663 data

1139 1687 1203 1723 est
1217 1685 1369 1723 nostris
1392 1685 1701 1723 confessoribus
1726 1683 1902 1723 facultas
1934 1684 2177 1724 absolvendi

1139 1757 1213 1786 eos
1232 1747 1303 1799 qui
1322 1747 1542 1786 mittuntur
1563 1746 1617 1785 ad
1636 1747 1844 1793 triremes,
1863 1757 1888 1785 a
1905 1747 2177 1797 quibuscum-

1139 1820 1221 1861 que
1242 1809 1405 1848 casibus
1433 1821 1519 1847 non
1537 1809 1672 1847 solum
1690 1809 1778 1847 sine
1799 1808 1884 1846 ulla
1915 1809 2174 1859 exceptione,

1138 1871 1215 1911 sed
1230 1871 1354 1911 etiam
1369 1882 1464 1911 cum
1490 1872 1565 1909 hac
1579 1870 1806 1917 additione,
1819 1871 1926 1910 sicut
1943 1871 1988 1910 in
2006 1871 2176 1910 articulo

1135 1932 1295 1982 mortis,
1309 1943 1401 1985 quae
1423 1931 1579 1970 indicat
1596 1931 1894 1981 amplissimam
1909 1931 2174 1983 facultatem3

1136 1994 1286 2034 etideo
1306 2005 1392 2033 non
1411 1993 1743 2033 communicatur
1756 1994 1844 2043 ipso
1859 1993 1967 2031 facto
1982 1993 2175 2032 omnibus

1136 2055 1346 2107 deputatis
1381 2057 1424 2094 et
1462 2055 1703 2106 approbatis
1746 2055 2068 2104 confessoribus,
2101 2055 2174 2094 scd

1136 2117 1445 2169 Superioribus,
1473 2119 1514 2155 et
1549 2117 1700 2167 quibus
1722 2116 1799 2166 ipsi
1819 2116 2053 2166 specialiter
2082 2129 2174 2156 eam

1133 2179 1443 2224 commiserint3
1478 2178 1592 2228 quod
1622 2181 1781 2229 spectat
1822 2177 1876 2216 ad
1909 2178 2173 2217 moderatum

1133 2251 1260 2280 usum
1275 2240 1509 2286 Societatis,
1531 2251 1629 2278 nam
1648 2240 1824 2278 facultas
1860 2239 2050 2279 absolute
2078 2252 2172 2280 con-

1137 2312 1256 2342 cessa
1278 2306 1340 2342 est
1356 2312 1382 2340 a
1401 2302 1471 2340 Pio
1488 2301 1556 2350 IV,
1578 2301 1680 2340 vivae
1700 2302 1814 2340 vocis
1832 2302 2017 2348 oraculo,
2037 2305 2084 2342 ut
2107 2313 2173 2342 re-

1136 2364 1267 2404 fertur
1284 2364 1327 2403 in
1346 2363 1455 2403 dicto
1477 2363 1747 2414 Compendio,
1769 2363 1794 2416 ξ
1824 2366 1867 2403 5.
1894 2364 2083 2403 Tandem
2100 2364 2173 2404 ad-

1135 2426 1383 2466 vertendum
1399 2430 1478 2474 est,
1501 2426 1592 2466 haec
1612 2425 1752 2465 omnia
1771 2426 1947 2478 intelligi
1980 2430 2172 2478 respectu

1135 2487 1404 2534 secularium,
1421 2499 1497 2527 seu
1519 2492 1786 2527 externorum
1806 2487 1875 2538 qui
1895 2488 1945 2527 de
1966 2488 2173 2527 Societate

1134 2561 1222 2588 non
1241 2553 1353 2596 sunt,
1374 2560 1474 2587 nam
1501 2561 1576 2600 pro
1614 2549 1876 2587 absolutione
1899 2560 2174 2599 personarum

1137 2610 1354 2650 Societatis
1367 2611 1498 2650 multo
1517 2610 1658 2662 plures
1671 2610 1888 2649 facultates
1905 2611 2045 2660 quoad
2063 2611 2173 2649 hanc

1137 2677 1298 2724 partem
1321 2677 1418 2712 sunt
1447 2683 1652 2712 concessae
1673 2672 1853 2711 Praelatis
1872 2671 2104 2719 Societatis,
2127 2674 2173 2711 ut

1136 2734 1244 2773 infra
1264 2746 1339 2772 suo
1358 2734 1464 2783 loco,
1486 2733 1556 2773 lib.
1582 2735 1647 2781 10,
1669 2745 1760 2785 cap.
1784 2732 1946 2784 quinto,
1967 2733 2168 2772 dicemus.

1134 2795 1193 2834 De
1211 2794 1487 2835 familiaribus
1509 2796 1634 2836 etiam
1654 2806 1789 2847 pauca
1819 2793 2024 2835 addemus
2045 2794 2169 2843 infra,

1135 2868 1226 2909 cap.
1248 2860 1410 2907 quarto.

1133 2953 1393 3009 Expenditur
1416 2953 1505 2995 alia
1537 2954 1721 2995 clausula
1740 2955 1971 3007 tripartita,
1997 2955 2044 2998 de
2061 2954 2171 2997 abso-

1218 3015 1369 3057 lutione
1387 3026 1415 3055 a
1430 3016 1654 3063 sententiis,
1681 3018 1863 3058 censuris
1889 3022 1930 3060 ct
1944 3017 2087 3070 poenis.

1188 3103 1255 3144 20.
1286 3101 1391 3144 Hoec
1407 3102 1589 3143 clausula
1603 3114 1682 3144 non
1703 3106 1866 3153 frastra
1885 3105 2049 3146 additur
2059 3115 2173 3155 proe-

1137 3164 1288 3207 cedenti
1302 3165 1347 3206 de
1375 3165 1620 3205 absolutione
1640 3177 1666 3206 a
1685 3166 1826 3220 culpis.
1839 3188 1892 3198 —-
1908 3167 2073 3215 Quinto,
2096 3165 2172 3205 ob-

1137 3225 1341 3266 servanda
1360 3228 1456 3266 sunt
1471 3225 1540 3265 illa
1556 3226 1684 3266 verba
1705 3239 1718 3267 :
1738 3228 1803 3268 Et
1837 3236 1863 3268 a
1897 3226 2103 3279 quibusvis
2124 3236 2172 3266 ex

1135 3288 1242 3339 ipsis
1260 3288 1414 3329 casibus
1430 3287 1720 3328 resultantibus
1737 3288 1956 3336 sententiis,
1971 3288 2167 3332 censuris,

1137 3351 1176 3390 et
1185 3347 1311 3401 poenis
1322 3348 1626 3389 Ecclesiasticis
1643 3349 1880 3390 absolvendi.v
1894 3348 2041 3389 Addita
2057 3344 2168 3385 enim

1137 3413 1234 3449 sunt
1255 3409 1310 3449 ad
1330 3410 1636 3461 explicandum,
1657 3422 1743 3449 non
1763 3410 1898 3449 solum
1918 3405 2085 3448 concedi
2106 3404 2169 3444 di-

1135 3476 1294 3511 rectam
1323 3469 1562 3511 facultatem
1599 3468 1839 3510 absolvendi
1866 3482 1891 3509 a
1921 3469 2057 3520 culpa,
2091 3464 2167 3506 sed
2190 3486 2195 3489 -

1137 3533 1262 3573 etiam
1283 3545 1308 3572 a
1329 3545 1521 3580 censura,
1541 3532 1808 3583 quantumvis
1826 3534 2048 3575 reservata,
2067 3539 2168 3580 cum

1138 3594 1286 3635 eadem
1294 3596 1434 3634 tamen
1454 3594 1696 3644 exceptione
1712 3592 1838 3631 Bullae
1854 3591 2002 3630 Coenae.
2015 3591 2168 3638 Quam*

1138 3654 1201 3696 vis
1220 3655 1334 3699 enim
1363 3653 1490 3710 culpa
1519 3653 1610 3697 tolli
1645 3663 1731 3696 non
1763 3651 1895 3707 possit
1916 3651 1995 3693 nisi
2023 3651 2166 3712 ablata,
