2352 3880
141 251 222 296 674

142 327 303 378 gesimo
317 325 452 367 sexto.
472 321 563 362 Alia
578 322 720 362 autem
738 326 836 364 sunt
847 328 944 365 vota
962 335 1056 377 quae
1079 335 1176 380 pos-

136 390 242 444 sunt
259 387 413 440 optime
428 384 472 424 in
490 382 693 437 religione
711 383 888 438 impleri,
918 390 958 427 et
972 386 1074 426 nihil
1098 387 1177 428 im-

141 450 315 502 pediunt
333 445 572 495 religiosam
592 445 924 487 observationem
953 460 1028 488 seu
1054 447 1175 489 disci-

139 510 311 563 plinam,
326 508 401 548 sed
416 507 474 546 illi
485 506 640 558 aliquid
656 506 828 548 addunt.
848 510 898 549 Et
908 509 959 548 de
974 508 1038 549 his
1049 510 1174 550 etiam

141 574 380 610 estcertum
400 578 539 621 posse,
562 577 613 608 ex
643 569 856 609 voluntate
891 569 1079 622 alicujus,
1102 571 1174 623 qui

137 634 386 684 potestatem
408 630 562 672 habeat
586 632 885 683 commutandi,
899 641 973 683 pro
996 645 1045 673 eo
1070 636 1175 673 tem-

137 703 240 746 pore
259 704 342 746 quo
360 692 458 734 talia
470 695 566 733 vota
586 692 840 743 duraverint,
863 693 1065 745 suspendi
1099 705 1174 746 per

138 754 364 806 quamdam
393 755 761 795 commutationem
798 755 1029 794 secundum
1055 753 1170 807 quid,

137 826 212 858 seu
230 823 306 870 pro
321 826 372 858 eo
388 820 589 868 tempore.
607 814 822 864 Probatur,
842 817 939 868 quia
949 817 1042 856 talis
1062 829 1173 857 com·

138 878 313 919 mutatio
337 878 552 919 evidenter
583 880 645 917 est
675 878 718 917 in
755 878 932 926 melius;
959 878 1027 918 ille
1058 879 1171 919 enim

132 930 283 990 status,
301 941 501 992 quamdiu
523 938 659 988 durat,
672 938 803 979 multo
813 940 960 980 melior
974 945 1034 980 est
1045 952 1170 992 quam

132 996 401 1055 'particularia
423 1005 518 1041 vota
538 1010 631 1051 quae
652 1000 695 1039 in
717 1001 856 1041 seculo
870 1001 961 1042 fieri
980 1007 1167 1054 possunt.

135 1064 276 1104 Dices:
290 1063 437 1103 melius
451 1065 512 1102 est
522 1067 745 1113 utrumque
756 1063 879 1102 simul
890 1074 1171 1113 servare,cum

134 1126 224 1167 fieri
244 1125 386 1178 possit.
410 1124 712 1176 Respondetur,
746 1135 829 1163 non
854 1126 986 1165 teneri
1023 1137 1169 1177 quem·

133 1187 247 1241 piam
266 1188 319 1227 ad
337 1196 459 1226 omne
494 1184 538 1224 id
569 1182 681 1236 quod
700 1186 848 1226 melius
880 1191 955 1232 est,
983 1190 1023 1227 et
1057 1197 1169 1238 saepe

129 1252 218 1289 ‘non
254 1248 448 1301 expedire
483 1247 755 1300 obligationes
790 1249 1067 1288 accumulare.
1102 1248 1169 1287 At·

129 1307 215 1362 que
234 1309 331 1349 hinc
350 1309 396 1348 fit
424 1313 469 1348 ut
509 1307 602 1348 talis
631 1310 896 1349 commutatio
922 1309 1010 1348 fieri
1038 1308 1170 1361 possit

132 1372 300 1424 propria
322 1370 564 1411 auctoritate
584 1371 713 1422 ipsius
726 1372 926 1420 voventis,
945 1372 1043 1424 quia
1057 1381 1168 1410 com-

131 1432 308 1473 mutatio
329 1433 374 1472 in
403 1432 554 1471 melius
571 1432 629 1471 ita
658 1430 747 1471 fieri
784 1437 933 1484 potest,
966 1436 1012 1472 ut
1041 1442 1168 1483 supra

132 1493 231 1543 dixi,
263 1498 304 1534 et
332 1502 384 1535 ex
418 1493 621 1546 professo,
641 1492 683 1532 in
703 1494 772 1533 lib.
799 1495 824 1534 6
845 1495 896 1534 de
917 1494 1036 1542 Voto,
1074 1506 1162 1546 cap.

130 1552 293 1595 decimo
316 1559 474 1595 octavo.
494 1557 663 1607 Oportet
680 1560 822 1596 tamen
840 1561 884 1596 ut
901 1557 990 1608 ipse
1013 1566 1167 1596 vovens

131 1617 318 1657 intendat
337 1617 463 1656 talem
484 1619 851 1658 commutationem
869 1618 1021 1666 facere,
1038 1629 1166 1669 quan-

131 1679 182 1718 do
202 1679 292 1719 haec
309 1679 385 1718 tria
404 1683 498 1718 vota
517 1680 664 1718 emitt1t
682 1687 691 1726 ·;
714 1691 827 1727 nam,
850 1684 1071 1731 postquam
1091 1680 1166 1719 ali-

127 1741 220 1792 quis
234 1738 353 1793 plura
371 1745 467 1780 vota
486 1739 585 1780 fecit
605 1739 693 1780 sine
724 1740 1061 1791 commutatione,
1080 1753 1165 1781 non

123 1804 260 1855 potest
288 1806 431 1854 postea
467 1812 542 1841 sua
567 1803 778 1842 voluntate
808 1815 938 1842 unum
966 1804 1011 1842 in
1053 1800 1165 1843 aliud

125 1868 398 1910 commutare,
432 1864 635 1914 quiajam
670 1869 847 1915 utroque
869 1868 1064 1904 oneratus
1085 1868 1160 1905 est.

123 1926 282 1967 Deinde
300 1929 436 1976 potest
453 1925 542 1963 haec
559 1925 825 1964 commutatio
846 1925 935 1965 fieri
962 1938 1037 1977 per
1056 1923 1162 1965 Prae-

122 1988 230 2028 latos
246 1986 477 2035 Societatis,
499 1987 596 2038 quia
612 1996 707 2026 cum
727 1987 882 2038 possint
902 1987 1158 2038 dispensare,

123 2053 170 2089 ut
190 2060 394 2101 suppono,
417 2048 547 2088 multo
574 2048 735 2088 facilius
754 2051 947 2100 poterunt
975 2061 1161 2088 commu-

123 2115 211 2152 tare
229 2122 242 2162 ;
267 2111 339 2151 sed
373 2114 537 2162 oportet
574 2111 699 2150 etiam
732 2111 962 2160 advertere,
995 2111 1030 2151 si
1066 2109 1159 2150 talis

123 2171 392 2214 commutatio
436 2170 510 2212 fiat
551 2172 597 2212 in
649 2171 787 2223 aliqua
823 2185 950 2224 opera
994 2170 1159 2225 religio-

122 2235 203 2282 nis,
227 2232 297 2274 illa
316 2242 488 2274 manere
527 2233 605 2273 sub
643 2234 898 2286 obligatione
927 2235 1024 2284 voti,
1063 2246 1159 2275 cum

123 2299 266 2336 tamen
282 2294 384 2335 alias
405 2296 541 2335 solum
562 2296 737 2335 fortasse
755 2300 895 2336 essent
915 2297 992 2336 sub
1022 2294 1158 2336 direc-

122 2359 236 2398 tione
262 2358 431 2409 regulae,
461 2362 502 2397 et
528 2357 623 2397 ideo
643 2357 793 2397 melius
830 2362 905 2406 est,
927 2362 973 2397 ut
1003 2357 1159 2410 simpli-

123 2420 226 2459 citer
259 2419 555 2470 dispensentur
582 2431 657 2471 pro
686 2432 736 2459 eo
765 2423 983 2470 tempore;
1024 2421 1089 2459 vel
1132 2433 1158 2460 a

124 2480 327 2533 principio
348 2485 660 2520 commutentur
687 2481 731 2520 in
753 2482 930 2533 ipsamet
954 2481 1033 2520 tria
1063 2482 1157 2522 sub-

125 2542 333 2582 stantialia
354 2546 465 2590 vota,
489 2546 528 2582 ct
554 2542 796 2594 religiosum
818 2547 983 2592 statum,
1000 2543 1158 2584 nullam

123 2604 205 2645 illis
221 2602 413 2644 addendo
434 2604 728 2656 obligationem
749 2605 849 2654 voti,
881 2605 934 2645 ad
963 2606 1158 2657 specialia

124 2675 265 2718 opera,
287 2666 400 2718 quod
409 2666 497 2706 sine
509 2665 634 2706 dubio
654 2664 745 2706 fieri
764 2671 912 2719 potest.
934 2668 1020 2706 Imo
1037 2668 1160 2708 etiam

126 2727 214 2778 ipso
234 2729 327 2778 jure
364 2727 578 2768 Societatis
609 2728 764 2767 factum
790 2728 966 2767 videtur.
995 2728 1097 2768 Nam
1117 2726 1160 2767 in

124 2789 259 2840 prima
279 2787 608 2840 Congregatione
626 2789 827 2840 generali,
847 2801 942 2828 can.
958 2788 1158 2840 vigesimo

125 2851 325 2900 secundo,
354 2851 406 2890 de
440 2851 632 2890 omnibus
663 2851 767 2890 votis
793 2851 835 2889 in
870 2850 1008 2890 seculo
1041 2848 1160 2890 factis

127 2917 408 2965 praeterquam
434 2912 645 2963 religionis
670 2908 965 2961 determinatae,
994 2912 1158 2962 dicitur,

126 2975 172 3014 in
190 2974 386 3015 societate
400 2972 592 3024 sus-‘pensa
621 2986 713 3021 esse,
741 2974 900 3015 etiamsi
920 2987 993 3026 per
1008 2976 1161 3028 profes-

126 3032 276 3091 {sionem
293 3046 370 3074 non
383 3035 591 3085 tollantur,
613 3041 647 3075 et
664 3037 724 3077 ita
739 3036 1012 3087 obliqationem
1029 3048 1161 3078 eorum

127 3096 297 3146 'cessar-e,
315 3096 408 3137 dum
422 3109 590 3148 persona
605 3097 648 3138 in.
669 3097 869 3140 societate
884 3102 1025 3140 manet.
1045 3096 1162 3147 Quod

128 3158 278 3199 merito
302 3157 359 3199 ita
385 3155 539 3198 factum
560 3162 644 3207 est;
667 3170 765 3198 nam
785 3171 930 3199 omnes
962 3161 1158 3210 rationes,

135 3219 286 3272 quibus
310 3216 359 3260 D.
387 3220 569 3260 Thomas
596 3221 745 3272 probat
772 3222 1046 3273 praecedentia
1067 3227 1160 3263 vota

130 3290 209 3334 per
231 3277 534 3332 professionem
553 3282 655 3331 tolli,
690 3283 868 3334 probant
902 3283 1098 3335 expedire
1116 3281 1163 3324 ut

133 3339 281 3383 saltem
299 3351 375 3396 per
390 3343 477 3384 haec
497 3348 592 3384 vota
624 3345 945 3396 suspendantur,
971 3349 1016 3386 ut
1042 3342 1162 3386 facile

133 3403 337 3445 constabit
355 3399 508 3457 legenti
529 3415 579 3445 ea
599 3405 750 3457 quaein
765 3410 879 3446 tomo
898 3407 1100 3459 superiori
1110 3406 1162 3449 de

133 3464 205 3504 illo
224 3467 378 3517 puncto
393 3464 672 3507 tractavimus.

186 3522 254 3567 25.
283 3522 529 3570 Posterioris
545 3536 683 3571 sensus
700 3523 895 3581 bipartita
907 3526 1164 3572 resolutio.—

135 3582 360 3629 Difficultas
393 3598 492 3631 vero
528 3594 612 3640 est,
649 3602 704 3630 an
741 3591 866 3631 etiam
898 3594 1164 3634 commutatio

137 3648 375 3702 simpliciter
389 3651 457 3693 hic
473 3651 614 3694 locum
630 3651 799 3702 habeat,
812 3652 868 3695 ita
882 3656 941 3703 ut,
959 3652 1054 3695 licet
1070 3667 1161 3695 con·

530 252 607 290 Lm.
630 253 686 290 111.
709 254 766 290 ΒΕ
784 252 1028 293 Anmsslorm
1047 255 1309 296 scnommmi
1328 259 1385 295 An
1405 257 1518 296 vom
1538 255 1753 297 SIMPLICIA,
1775 256 1876 295 ET&

1229 325 1362 380 tingat
1381 324 1614 368 scholarem
1637 324 1914 377 approbatum
1940 317 2034 376 eJici
2064 336 2090 365 a
2120 322 2259 368 Socie-

1229 393 1329 439 tate,
1351 400 1438 428 non
1455 385 1672 430 reviviscat
1704 383 1899 438 obligatio
1928 385 2116 437 priorum
2145 389 2261 430 voto-

1228 463 1337 491 rum.
1360 449 1425 491 Ad
1447 462 1574 502 quam
1592 448 1772 489 breviter
1789 446 2040 499 respondeo,
2062 461 2112 491 ex
2127 450 2259 491 inten-

1228 511 1341 552 tione
1370 511 1556 552 voventis
1575 522 1698 563 posse
1721 508 1811 549 fieri
1828 508 1957 550 talem
1976 508 2260 553 commutatio-

1228 585 1342 621 nem,
1358 585 1444 611 non
1462 574 1603 612 tamen
1622 570 1711 612 fieri
1727 570 1817 623 ipso
1837 568 1945 610 facto
1966 574 2037 610 aut
2051 569 2162 623 jure,
2179 570 2259 612 nisi

1227 630 1480 674 intendatur.
1503 633 1619 674 Ratio
1638 633 1785 686 prioris
1815 632 1942 685 partis
1972 636 2047 682 est,
2070 632 2167 684 quia
2192 632 2260 673 hic

1229 700 1358 736 status
1375 708 1469 735 cum
1489 695 1554 736 his
1573 696 1704 736 tribus
1720 692 1839 744 votis,
1855 707 1904 734 eo
1920 693 2043 734 modo
2063 707 2144 746 quo
2164 698 2260 734 sunt

1227 762 1430 810 perpetua
1451 769 1502 796 ex
1519 762 1637 809 parte
1654 756 1855 804 voventis,
1875 755 1971 796 licet
1987 767 2037 796 ex
2056 761 2173 808 parte
2192 768 2258 796 re-

1227 819 1391 871 ligionis
1404 819 1626 870 aliquando
1640 819 1791 858 auferri
1803 818 1976 870 possint,
1993 822 2087 858 sunt
2099 818 2257 858 bonum

1226 881 1376 920 melius
1396 885 1436 920 et
1454 879 1676 932 perfectius
1701 891 1826 931 quam
1848 879 1986 919 omnia
2005 884 2100 919 vota
2130 878 2172 918 in
2193 891 2259 920 se-

1226 942 1319 982 culo
1346 941 1471 990 facta,
1494 941 1656 980 etiamsi
1683 938 1885 980 haberent
1901 941 2118 980 materiam
2137 941 2259 981 dura-

1227 1006 1360 1044 turam
1381 1015 1456 1055 per
1478 1006 1607 1042 totam
1630 1001 1778 1052 vitam,
1799 1001 1896 1053 quia
1913 1000 2118 1053 perillam
2143 1003 2258 1043 obla-

1223 1065 1380 1105 tionem
1401 1076 1580 1117 persona
1593 1064 1723 1103 multo
1736 1063 1869 1115 magis
1883 1069 2146 1104 consecratur
2158 1066 2256 1115 Deo,

1224 1129 1267 1167 et
1284 1127 1370 1167 fere
1390 1127 1600 1166 moraliter
1621 1127 1832 1177 continget
1852 1129 1896 1165 ut
1925 1138 2051 1177 opera
2078 1126 2186 1166 facta
2214 1128 2258 1167 in

1222 1188 1294 1229 tali
1317 1192 1426 1228 statu
1446 1188 1551 1228 intra
1585 1200 1715 1227 unum
1736 1198 1893 1226 annum
1911 1187 1991 1227 sint
2012 1187 2196 1236 meliora,
2217 1190 2259 1230 et

1224 1245 1404 1302 gratiora
1420 1250 1522 1298 Deo,
1537 1262 1662 1301 quam
1678 1254 1816 1288 essent
1827 1249 1964 1288 futura
1978 1249 2117 1288 omnia
2131 1261 2258 1302 opera

1224 1309 1397 1350 aliorum
1415 1315 1619 1359 votorum,
1633 1311 1792 1350 etiamsi
1811 1309 2006 1361 obligatio
2022 1323 2166 1351 eorum
2183 1325 2258 1364 per

1223 1375 1353 1412 totam
1366 1376 1491 1412 vitam
1514 1377 1624 1412 esset
1642 1370 1839 1411 duratura
1851 1382 1865 1422 ;
1887 1384 1984 1423 ergo
2006 1371 2118 1412 licita
2135 1378 2174 1413 et
2188 1386 2259 1413 va-

1222 1431 1304 1473 lida
1327 1438 1389 1474 est
1404 1432 1496 1473 talis
1516 1434 1797 1482 commutatio,
1812 1446 1895 1473 non
1915 1434 2048 1472 solum
2067 1435 2100 1473 si
2116 1440 2258 1474 aucto-

1222 1495 1341 1536 ritate
1358 1496 1625 1548 Superiorum
1645 1495 1730 1544 ilat,
1755 1494 1866 1546 quod
1887 1500 1950 1534 est
1971 1495 2254 1546 manifestum,

1222 1556 1297 1597 sed
1318 1558 1443 1597 etiam
1462 1558 1627 1609 propria
1645 1557 1872 1596 voluntate.
1897 1557 2015 1595 Ratio
2038 1569 2134 1597 vero
2155 1558 2256 1597 alte-

1221 1617 1307 1658 rius
1327 1619 1455 1670 partis
1477 1622 1553 1668 est,
1573 1619 1686 1669 quia,
1706 1617 1800 1657 licet
1814 1618 1864 1666 is,
1887 1618 1957 1668 qui
1978 1618 2101 1658 habet
2113 1624 2255 1659 votum

1221 1679 1428 1720 inferioris
1448 1679 1562 1727 boni,
1584 1679 1859 1718 faciatvotum
1873 1679 1923 1718 de
1945 1678 2025 1719 alio
2043 1678 2152 1720 bono
2171 1693 2255 1721 me-

1220 1740 1328 1791 liori,
1356 1754 1440 1781 non
1464 1740 1790 1791 incompossibili
1807 1740 1947 1792 priori,
1967 1742 2002 1780 si
2022 1753 2104 1780 non
2121 1742 2254 1782 inten-

1220 1801 1280 1842 dit
1299 1802 1532 1854 specialiter
1551 1802 1794 1842 commutari
1815 1814 1943 1841 unum
1961 1802 2003 1841 in
2020 1803 2146 1850 aliud,
2169 1816 2253 1844 non

1218 1866 1446 1904 commutat
1478 1876 1529 1903 ex
1550 1864 1590 1903 vi
1626 1863 1718 1902 talis
1754 1862 1863 1910 facti,
1900 1863 1974 1902 sed
2009 1865 2254 1916 multiplicat

1218 1929 1338 1975 vota3
1358 1926 1432 1965 sed
1451 1925 1508 1965 ita
1529 1929 1590 1964 est
1610 1925 1652 1963 in
1681 1924 1897 1976 praesenti;
1934 1936 2031 1976 ergo
2053 1938 2104 1965 ex
2133 1927 2172 1966 vi
2191 1932 2254 1967 ta-

1217 1985 1318 2028 lium
1338 1992 1541 2035 votorum,
1558 1998 1642 2026 non
1669 1985 1714 2026 fit
1742 1987 2026 2035 commutatio,
2052 1992 2092 2027 et
2111 2000 2252 2029 conse-

1215 2053 1391 2101 quenter
1411 2061 1488 2088 nec
1513 2047 1606 2100 jure
1634 2048 1812 2088 naturali
1832 2048 1899 2095 fit;
1933 2049 2028 2098 quia
2056 2050 2136 2090 hoc
2160 2051 2251 2089 nul-

1214 2111 1302 2150 lum
1326 2115 1389 2151 est
1410 2108 1546 2159 aliud,
1571 2109 1647 2149 nisi
1669 2109 1780 2161 quod
1800 2114 1948 2149 natura
1970 2110 2113 2149 talium
2135 2114 2252 2151 voto-

1214 2184 1305 2211 rum
1332 2172 1539 2223 postulat3
1563 2184 1699 2222 neque
1722 2170 1847 2210 etiam
1869 2171 1963 2222 jure
1983 2172 2157 2222 positivo
2188 2173 2251 2213 di-

1214 2234 1309 2272 vino
1327 2234 1393 2272 vel
1411 2233 1612 2281 humano,
1635 2233 1732 2282 quia
1749 2232 1909 2271 nullum
1938 2234 2020 2273 tale
2050 2238 2124 2274 est.
2144 2235 2250 2283 Quin

1214 2295 1367 2347 potius,
1387 2295 1430 2335 in
1451 2295 1560 2335 dicto
1581 2307 1671 2335 can.
1691 2293 1890 2346 vigesimo
1906 2296 2103 2338 secundo.
2124 2297 2250 2347 signi-

1215 2357 1361 2397 ficatur
1383 2357 1481 2397 talia
1500 2361 1596 2397 vota
1615 2356 1657 2396 in
1678 2355 1816 2396 seculo
1843 2356 1950 2396 faeta
1971 2369 2055 2396 non
2080 2358 2246 2398 omnino

1215 2419 1382 2468 auferri,
1402 2419 1479 2459 nisi
1499 2430 1574 2471 per
1593 2419 1908 2470 professionem,
1931 2418 2044 2470 quod
2064 2419 2247 2472 intelligo

1212 2481 1302 2532 ipso
1318 2482 1429 2532 jure,
1450 2493 1525 2521 seu
1546 2492 1596 2521 ex
1614 2481 1699 2520 sola
1723 2478 1946 2523 intrinseca
1960 2481 2000 2519 vi
2017 2481 2159 2520 talium
2177 2494 2249 2521 vo-

1213 2554 1372 2590 torum;
1396 2555 1481 2582 non
1500 2554 1598 2582 vero
1619 2542 1730 2594 quod
1749 2554 1832 2581 non
1853 2541 2011 2593 possint
2029 2542 2182 2582 auferri
2197 2554 2248 2584 ex

1215 2603 1404 2644 absoluta
1425 2603 1745 2644 commutatione
1764 2602 1920 2642 intenta
1940 2612 1964 2641 a
1985 2608 2173 2644 vovente.

1267 2667 1333 2706 26.
1363 2666 1500 2707 Juxta
1527 2665 1677 2706 dictum
1706 2665 1962 2716 posteriorem
1995 2675 2152 2705 sensum
2175 2665 2247 2707 ad-

1213 2726 1392 2767 mittitur
1415 2726 1649 2778 differentia
1671 2724 1809 2777 aliqua
1838 2727 1943 2766 inter
1973 2731 2065 2767 vota
2095 2727 2246 2768 schola·-

1212 2790 1321 2828 rz'um
1341 2787 1575 2835 societatis,
1595 2797 1640 2827 ae
1656 2787 1954 2837 professionem.
1968 2808 2021 2817 —
2040 2787 2246 2830 Concludi-

1213 2853 1283 2891 tur
1295 2853 1430 2890 contra
1442 2852 1619 2889 auctores
1633 2847 1742 2888 tertii
1761 2850 2034 2889 corollarii.—-
2051 2850 2100 2890 Et
2111 2863 2246 2902 quan-

1214 2914 1303 2950 tum
1321 2909 1374 2950 ad
1393 2910 1473 2949 hoc
1493 2914 1633 2962 posset
1653 2910 1790 2961 aliqua
1807 2910 2038 2951 differentia
2056 2913 2245 2953 constitui

1214 2971 1322 3012 inter
1350 2969 1441 3012 haec
1473 2976 1569 3012 vota
1599 2971 1863 3021 scholarium,
1887 2977 1926 3013 et
1945 2973 2246 3025 professionem

1217 3034 1455 3088 simpliciter
1488 3033 1653 3075 dictam.
1691 3038 1795 3077 Nam
1837 3049 1911 3088 per
1945 3037 2244 3088 professionem

1214 3098 1426 3151 probabile
1449 3102 1510 3137 est
1531 3099 1715 3150 extingui
1733 3099 1872 3138 omnia
1887 3098 2024 3150 priora
2043 3103 2137 3137 vota
2154 3098 2243 3150 ipso

1214 3161 1320 3200 facto
1338 3164 1378 3200 et
1389 3163 1498 3211 jure,
1510 3160 1666 3212 absque
1685 3160 1765 3199 alia
1779 3160 2099 3200 commutatione
2113 3173 2137 3199 a
2151 3172 2246 3211 pro-

1214 3222 1355 3262 fitente
1374 3222 1546 3262 intenta.
1568 3222 1610 3262 Si
1627 3226 1767 3262 autem
1785 3223 1864 3261 hoc
1883 3222 2075 3262 convenit
2088 3220 2246 3273 profes-

1216 3284 1322 3324 sioni
1342 3285 1431 3336 (res
1452 3285 1562 3324 enim
1580 3295 1664 3323 non
1689 3288 1750 3324 est
1767 3284 1913 3336 certa),
1934 3284 1979 3324 id
1997 3296 2082 3323 non
2098 3295 2246 3336 prove·

1215 3346 1276 3386 nit
1293 3358 1344 3386 ex
1363 3346 1450 3386 solo
1467 3347 1560 3398 jure
1580 3350 1754 3394 naturae,
1776 3358 1914 3398 neque
1928 3358 1978 3386 ex
1998 3345 2136 3397 aliquo
2148 3345 2243 3396 juro

1217 3408 1384 3460 scripto,
1405 3408 1516 3460 quod
1537 3408 1785 3448 sufficienter
1805 3408 1846 3447 id
1865 3407 2062 3454 declaret,
2081 3405 2155 3445 sed
2169 3404 2245 3445 ad-

1214 3470 1358 3522 juncta
1378 3470 1590 3510 communi
1608 3469 1924 3518 consuetudine,
1952 3471 1994 3508 et
2026 3465 2246 3507 traditione

1218 3532 1426 3578 Ecclesiae,
1448 3543 1540 3583 quae
1562 3531 1700 3572 omnia
1722 3532 1764 3571 in
1785 3535 1897 3570 tomo
1928 3527 2128 3580 superiori
2159 3526 2245 3568 late

1219 3593 1391 3646 probavi
1411 3597 1450 3633 et
1471 3593 1690 3634 declaravi.
1709 3593 1811 3639 Quia
1828 3602 1926 3643 ergo
1940 3590 2030 3629 haec
2049 3587 2246 3633 admissio

1222 3656 1469 3696 scholarium
1489 3657 1530 3695 in
1551 3656 1752 3696 Societate
1769 3665 1853 3694 non
1868 3655 1930 3694 est
1947 3651 2134 3692 absoluta
2150 3660 2245 3703 pro-
