2352 3880
10 0 56 19 ’Ψ
83 0 221 35 ,1³(ss‘7'5‘.
257 22 267 33 v·
306 0 351 34 δ”.
395 0 420 24 ‘2

890 136 941 161 §W

168 321 252 368 bet,
285 319 327 359 et
358 315 487 356 otium
517 313 873 366 contemplationis
885 328 898 364 ;
918 314 978 355 ita
994 317 1136 354 tamen
1152 316 1201 354 ut

168 378 393 421 ministeria
417 387 515 427 erga
547 375 755 428 proximos
776 387 860 415 non
887 375 1099 427 impediat,
1130 374 1201 415 sed

167 442 302 494 potius
316 440 432 491 juvet
455 449 502 476 ac
523 441 774 490 promoveat.
803 439 934 489 Atque
953 437 1038 477 haec
1063 441 1123 476 est
1139 448 1203 478 re-

167 501 264 554 gula
273 512 398 552 quam
412 500 727 539 Constitutiones
741 499 939 547 indicant,
955 503 1001 538 ut
1018 510 1066 538 ea
1080 501 1202 539 utan-

167 567 236 602 tur
253 562 418 614 professi
441 561 493 600 ad
512 561 740 602 vacandum
759 560 1109 612 contemplationi,
1139 560 1203 602 ni-

167 623 319 662 mirum
334 626 525 675 quantum
545 622 736 663 commode
748 622 968 673 potuerint,
989 633 1067 661 non
1078 621 1203 661 relin-

165 685 313 737 quendo
333 696 379 725 ea
401 684 630 724 ministeria
652 695 745 736 er9a
759 684 981 736 proximos,
1003 695 1091 735 qaoe
1109 682 1203 721 cka-

166 745 271 788 rz‘tas
287 750 358 787 aut
374 746 587 786 obedientia
601 745 893 799 postulaverint
900 759 917 789 ;
930 755 1021 794 quae
1042 743 1121 781 fuit
1139 754 1202 782 re·

165 807 262 860 gula
282 808 514 860 praescripta
542 807 593 846 ab
623 806 874 858 Augustino,
900 806 950 844 19
978 804 1028 844 de
1059 804 1196 854 civit„

165 880 202 909 c.
226 870 290 917 19,
311 869 496 908 dicente:
518 868 734 921 Negotium
752 868 914 918 justam
933 866 1105 918 suscipit
1132 878 1199 906 ne·

165 931 329 972 cessitas
358 931 595 975 charitatis,
623 940 740 980 quam
770 928 975 968 sarcinam
997 932 1034 968 si
1061 927 1198 968 nullas

164 993 346 1045 imponit,
376 990 666 1044 percipienda»,
691 992 807 1041 atque
837 987 1034 1029 intuendae
1054 1000 1198 1030 vacan-

163 1054 257 1093 dum
287 1056 346 1094 est
363 1051 554 1096 veritati;
572 1050 611 1090 si
639 1052 770 1090 autem
794 1048 1033 1103 imponitur,
1065 1051 1197 1091 susei-

160 1113 306 1166 pienda
329 1116 387 1153 est
409 1116 572 1165 propter
592 1111 807 1152 charitatis
828 1112 1098 1152 necessitatem
1108 1128 1125 1158 ‚·
1153 1114 1192 1151 et

162 1175 301 1214 subdit
312 1173 435 1213 verba
449 1172 597 1212 nostris
610 1172 812 1223 religiosis
823 1176 862 1211 et
872 1173 1092 1223 praesertim
1102 1184 1195 1224 pro·

160 1236 276 1275 fessis
294 1236 474 1274 maxime
491 1234 804 1274 consideranda:
821 1232 907 1275 Sed
921 1246 990 1274 nec
1005 1235 1063 1274 sic
1075 1234 1197 1274 omni-

160 1298 277 1337 moda
294 1298 481 1337 veritatis
497 1297 702 1337 delectatio
720 1296 931 1336 deserenda
950 1299 1022 1342 est,
1042 1308 1090 1336 ne
1106 1297 1197 1336 sab-

162 1359 354 1399 trahatur
371 1358 446 1398 illa
464 1361 664 1404 suavitas,
692 1362 729 1398 et
752 1358 952 1408 opprimat
970 1359 1054 1397 ista
1070 1369 1196 1397 neces-

161 1420 279 1460 sitas.
305 1418 516 1469 Significat
541 1419 651 1458 enim
677 1419 740 1458 his
765 1418 898 1457 verbis
926 1419 1192 1469 Augustinus,

162 1480 285 1520 etiam
310 1480 374 1518 his
404 1480 552 1531 quibus
577 1492 629 1519 ex
658 1481 898 1520 necessitate
930 1481 1110 1519 muneris
1131 1480 1192 1520 vel

160 1544 289 1580 status
314 1541 515 1580 incumbit
545 1553 642 1580 cura
671 1543 977 1593 proximorum,
1011 1553 1195 1581 necessa-

160 1602 270 1641 rium
289 1602 459 1641 omnino
479 1614 564 1642 esse
581 1604 663 1642 suis
679 1603 931 1655 temporibus
947 1602 1199 1654 contempla-

161 1663 265 1703 tioni
283 1675 442 1702 vacare.

214 1725 256 1763 7.
279 1724 393 1765 Huic
411 1723 599 1764 exercitio
616 1734 695 1765 non
715 1725 879 1776 satisfit,
900 1725 983 1765 nisi
997 1725 1199 1779 peculiare

164 1786 319 1838 tempas
333 1786 745 1838 impendenda—Nec
757 1786 978 1825 satisfaciet
992 1788 1197 1838 quispiam

162 1857 247 1886 suae
268 1846 526 1897 obligationi,
548 1847 709 1886 etiamsi
729 1848 854 1896 dicat,
873 1848 918 1886 in
946 1848 1044 1900 ipsis
1063 1849 1197 1900 operi·

161 1906 241 1947 bus
264 1911 304 1947 et
330 1908 610 1958 spiritualibus
640 1909 878 1948 ministeriis
911 1921 997 1948 non
1027 1911 1198 1950 omnino

162 1968 341 2019 relinqui
357 1969 595 2007 interiorem
611 1968 760 2006 mentis
777 1969 1144 2008 considerationem
1159 1972 1199 2009 et

160 2028 434 2068 intentionem
450 2057 464 2077 ,
489 2039 535 2067 ac
564 2039 779 2066 recursum
814 2028 867 2066 ad
903 2030 1043 2067 Deum.
1065 2029 1200 2076 Quan-

162 2101 289 2142 quam
314 2091 424 2128 enim
450 2089 528 2127 hoc
552 2089 947 2140 praetermittendum
968 2100 1053 2126 non
1073 2092 1140 2135 sit,
1159 2094 1198 2128 et

162 2150 208 2190 in
231 2162 279 2190 eo
298 2162 449 2200 magna
474 2162 523 2188 ex
559 2154 674 2200 parte
697 2154 948 2199 praeceptum
975 2149 1041 2188 vel
1071 2149 1199 2187 consi-

162 2211 267 2251 lium
282 2211 477 2250 orationis
492 2211 727 2262 impleatur,
740 2210 860 2260 juxta
877 2210 1105 2248 doctrinam
1123 2210 1199 2249 Ba-

162 2271 259 2321 silii,
277 2273 322 2311 in
339 2283 426 2322 reg.
449 2273 489 2320 5,
505 2284 556 2310 ex
574 2271 811 2319 fusioribus,
827 2283 950 2310 nemo
967 2275 1110 2310 tamen
1129 2272 1199 2310 de·

162 2332 232 2373 bet
251 2334 319 2383 (ut
339 2333 449 2372 idem
470 2333 641 2371 Sanctus
669 2332 904 2384 subjungit)
923 2343 970 2371 ea
989 2332 1200 2372 occasione

163 2395 398 2447 praescripta
416 2399 602 2445 tempora
616 2393 668 2433 ad
685 2394 915 2433 vacandum
936 2395 1112 2433 orationi
1131 2394 1197 2433 vel

163 2457 423 2496 meditationi
450 2457 684 2506 negligere3
705 2458 802 2506 quia
819 2456 905 2495 sine
925 2456 1000 2495 hoc
1020 2456 1198 2496 admini-

163 2518 256 2558 culo
284 2530 418 2569 neque
447 2519 620 2557 attentio
639 2517 690 2557 ad
710 2519 840 2557 Deum
869 2518 912 2556 in
943 2517 1037 2557 aliis
1069 2518 1199 2570 operi-

162 2578 255 2627 buS,
275 2591 350 2619 nec
375 2580 509 2619 fervor
527 2579 756 2618 devotionis
771 2579 923 2632 poterit
940 2580 1195 2628 conservari;

164 2645 206 2681 et
224 2641 313 2683 ideo
332 2642 376 2681 D.
404 2641 580 2680 Thomas
599 2643 639 2680 2.
662 2643 703 2691 2,
726 2653 766 2693 q.
790 2642 882 2690 488,
902 2653 941 2681 a.
963 2643 1003 2691 8,
1026 2654 1121 2681 cum
1141 2642 1199 2681 di-

162 2703 289 2742 xisset
301 2703 564 2742 solitudinem
580 2715 806 2754 congruere
823 2703 1090 2754 religionibus
1107 2715 1198 2756 pro·

163 2765 376 2805 fitentibus
387 2767 514 2804 vitam
530 2765 904 2816 contemplativam,
914 2778 997 2805 non
1008 2778 1104 2806 vero
1117 2766 1200 2806 illis

165 2837 258 2877 quae
295 2827 540 2865 ordinantur
564 2826 616 2865 ad
643 2837 767 2877 opera
791 2827 886 2866 vitae
917 2828 1082 2875 activae,
1113 2828 1198 2868 sive

166 2887 408 2937 spiritualia,
430 2887 514 2926 sive
534 2886 774 2937 corporalia,
795 2887 961 2926 subdit:
982 2888 1086 2928 Nisi
1098 2890 1201 2937 forto

166 2948 220 2988 ad
237 2951 405 2999 tempas,
418 2947 592 3000 exemplo
610 2946 779 2995 Christi,
797 2949 883 3000 qui,
897 2952 943 2990 at
961 2950 1111 2989 dicitur
1119 2950 1199 2991 Lu-

167 3019 224 3050 0oe
243 3009 283 3056 6,
301 3010 403 3049 eaiit
419 3011 464 3048 in
480 3012 650 3048 montem
665 3009 776 3049 solus
797 3021 927 3059 orare,
945 3013 983 3051 et
1005 3014 1093 3051 erat
1109 3022 1199 3064 per-

165 3072 333 3110 noctans
350 3068 394 3109 in
419 3069 598 3110 oratione
625 3069 717 3118 Dei,
739 3069 790 3109 dc
807 3082 890 3123 quo
908 3071 1095 3123 exemplo
1113 3071 1200 3123 agi-

165 3139 259 3169 mus
288 3134 390 3169 tom.
413 3132 438 3170 9.
451 3158 466 3179 ,
494 3130 540 3170 in
563 3131 589 3170 3
611 3143 671 3183 p.,
691 3131 798 3183 disp.
828 3131 1028 3183 vigesima
1055 3144 1168 3173 nona
1182 3160 1200 3182 ,

164 3195 264 3231 sect.
286 3191 434 3242 prima.

199 3259 202 3263 ·
221 3251 260 3291 8.
284 3252 338 3291 Id
355 3256 508 3304 tempus
530 3251 763 3307 designatur
778 3264 851 3307 pro
870 3254 1046 3308 singulis
1065 3253 1199 3296 diebus

158 3314 206 3365 fet
225 3314 358 3354 armis.
375 3334 429 3343 -
446 3314 489 3352 Id
509 3318 670 3364 tempus
689 3315 930 3366 designatur
953 3319 1043 3354 tum
1062 3316 1199 3367 singu-

163 3372 218 3414 lis
235 3373 376 3414 diebus
396 3386 466 3426 per
483 3375 644 3425 horam,
667 3381 755 3415 tum
774 3376 946 3427 singulis
976 3377 1096 3415 annis
1126 3389 1199 3428 per

168 3438 261 3474 octo
300 3435 367 3475 vel
396 3435 538 3475 decem
573 3437 671 3476 dies.
703 3436 868 3476 Duobus
894 3441 1033 3476 autem
1066 3438 1198 3477 modis

165 3499 301 3546 potest
319 3496 399 3535 hoc
418 3496 607 3549 intelligi,
631 3498 781 3550 primo,
801 3502 849 3537 ut
866 3498 1039 3547 singulis
1057 3498 1200 3538 diebus

165 3558 332 3608 tempus
349 3557 516 3610 aliquod
533 3558 634 3598 huic
650 3559 863 3599 solitudini
881 3559 1113 3611 deputetur.
1130 3562 1202 3601 Se-

165 3616 321 3666 cundo,
338 3621 388 3658 ut
401 3619 609 3661 interdum
628 3632 702 3674 per
719 3621 859 3674 plures
878 3620 969 3662 dies
987 3622 1121 3662 activa
1138 3622 1201 3663 vi·

547 247 626 284 ΗΒ.
644 247 728 283 vm.
753 244 809 282 DE
827 245 978 288 muns,
1000 246 1146 289 numus
1164 246 1223 283 Al>
1246 245 1453 283 PROPRIA!
1471 245 1795 290 mmmmm,
1806 247 1908 285 mc.

1824 75 1863 108 ’ξ-Ὗ.
1873 85 1892 102 ι..
1932 107 1936 109 μ
2002 79 2067 120 ‘'⁴3''-

1870 112 2033 162 11;†¹.¹-⁴½AE
2074 118 2113 149 .,,
2135 139 2146 148 Α·

1919 157 1942 166 ι·
1980 149 1998 164 ”’
2015 174 2017 179 ,
2036 123 2089 183 Μ’.
2123 156 2161 181 ·-ῑ.·.

1253 317 1297 354 ta
1307 313 1620 359 intermittatur
1633 314 1846 366 omnisque
1858 310 2220 360 ommunicatus&

1255 375 1490 416 hominibus
1511 377 1752 426 omittatur,
1771 380 1820 415 ut
1837 375 1912 416 soli
1929 377 2010 417 Deo
2026 370 2232 430 vacetur.

1255 438 1468 488 utriusque
1513 437 1626 477 modi
1665 436 1902 490 exemplum
1945 437 2064 478 nobis
2108 450 2230 492 prce

1257 499 1463 548 Christus;
1478 502 1519 539 et
1531 503 1754 551 utrumque
1765 499 1919 538 imitari
1935 498 2084 539 debent
2103 500 2197 547 reli
2231 491 2253 550 'f

1255 559 1468 600 Societatis
1492 572 1543 601 ex
1561 561 1604 601 vi
1621 572 1706 600 suae
1738 559 1908 612 regulae,
1928 563 1969 600 et
1997 565 2167 613 receptae
2217 557 2261 597 22?
2318 572 2329 605 ·,

1256 621 1484 660 suetudinis
1507 632 1521 672 ;
1552 634 1650 662 nam
1683 626 1724 661 et
1753 620 1925 672 singulis
1959 620 2102 661 diebus
2125 615 2263 663 stat*
2321 629 2331 682 ς’

1256 682 1508 732 temporibus
1526 695 1570 723 sc
1589 684 1794 735 colligere,
1809 687 1850 722 et
1867 682 1942 722 soli
1961 684 2042 723 Deo
2057 694 2200 724 vacare
2224 702 2262 735 μ,
2312 687 2330 731 j„

1253 743 1355 783 bent
1377 755 1450 795 per
1471 744 1616 784 horam
1642 746 1863 796 integram,
1883 749 1930 784 ut
1947 745 1992 784 in
2011 748 2156 796 quarta
2172 744 2241 785 Co
2316 742 2331 797 Q

1253 805 1494 856 gregatione
1529 807 1724 858 generali,
1757 818 1849 846 can.
1878 807 1932 854 6,
1965 806 2196 856 retinetur,
2258 851 2265 854 ⁷
2316 799 2331 820 “²

1253 866 1376 906 etiam
1401 866 1536 906 denuo
1557 867 1785 916 stabilitum
1804 880 1880 908 nec
1909 867 1953 907 id
1986 871 2176 919 tempus,
2213 885 2219 901 ι
2262 858 2267 865 ’

1253 928 1368 979 gravi
1386 927 1436 968 de
1454 940 1598 978 causa,
1628 929 1958 981 abrumpendum
1982 928 2215 968 decernitur
2327 934 2330 945 '

1251 990 1424 1041 septima
1454 990 1791 1042 Congregatione‚
1822 990 1985 1030 decreto
2004 991 2072 1039 21,
2095 1002 2138 1031 n.
2173 991 2221 1040 2;
2249 1008 2263 1023 ι-
2319 1042 2321 1048 Ι

1251 1051 1471 1103 aliquando
1491 1054 1615 1092 etiam
1634 1065 1707 1104 per
1729 1053 1885 1104 aliquot
1911 1053 2010 1092 anni
2043 1052 2128 1091 dies
2153 1052 2283 1103 (qur,
2314 1060 2321 1090 ¹.

1251 1112 1392 1153 decem
1423 1114 1489 1154 vel
1517 1119 1607 1154 octo
1635 1115 1823 1164 designat
1851 1118 1967 1154 sexta
1990 1113 2249 1165 Congregati·

1250 1186 1339 1214 can.
1361 1177 1409 1223 9,
1428 1176 1472 1215 in
1495 1176 1675 1227 singulos
1693 1188 1838 1226 annos,
1855 1176 1958 1215 etin
1978 1175 2166 1226 septima,
2189 1187 2223 1214 c
2245 1192 2251 1209 ι
2316 1220 2318 1223 ,

1250 1236 1290 1283 4,
1322 1237 1454 1287 magis
1490 1238 1796 1288 adstringitur)
1822 1237 1875 1276 ab
1903 1236 2096 1276 exteriori
2124 1237 2285 1276 action
2315 1262 2318 1268 ·

1251 1298 1420 1337 omnino
1451 1310 1620 1344 cessare,
1654 1300 1694 1338 e't
1726 1299 1770 1338 in
1800 1299 1885 1338 sola
1914 1298 2099 1337 interiori
2126 1297 2211 1336 vita
2245 1300 2313 1331 υιῑῶ

1251 1370 1456 1409 exercere,
1478 1365 1524 1400 ut
1539 1361 1583 1400 in
1604 1361 1674 1400 illa
1693 1361 1866 1411 septima
1885 1360 2224 1410 Congregatione‚
2241 1369 2264 1400 e
2276 1379 2295 1416 ι.

1249 1418 1425 1469 decreto,
1446 1421 1489 1460 in
1512 1433 1554 1461 n.
1577 1422 1599 1462 4
1618 1451 1630 1469 ,
1659 1422 1807 1460 iterum
1838 1420 2080 1468 inculcatur,
2102 1420 2203 1460 etin
2222 1431 2240 1460 s

1250 1482 1393 1530 quenti
1415 1481 1535 1529 libro,
1556 1494 1593 1522 c.
1613 1484 1654 1530 7,
1670 1483 1791 1521 latius
1810 1483 2004 1522 dicemus.
2023 1483 2140 1526 Nam,
2156 1485 2202 1520 ut
2217 1484 2286 1521 ac·v
2316 1484 2333 1522 '5-

1252 1542 1310 1581 tio
1322 1547 1461 1593 postea
1471 1542 1674 1581 efficacior
1687 1544 1752 1592 sit,
1767 1544 1844 1583 hoc
1860 1544 1990 1582 otium
2010 1543 2284 1584 necessarium
2324 1551 2333 1595 'j'

1253 1608 1328 1652 est,
1351 1604 1448 1655 quia
1475 1604 1552 1643 hoc
1582 1605 1794 1654 negotium
1813 1603 2032 1656 spirituale,
2061 1616 2182 1655 opere
2200 1603 2265 1655 pri

1253 1676 1384 1712 mum,
1406 1678 1477 1705 seu
1493 1666 1697 1717 exemplo,
1713 1666 1861 1705 deinde
1881 1677 2082 1713 sermone,
2099 1677 2169 1704 seu
2182 1675 2295 1716 prae-
2326 1677 2332 1719 J

1253 1726 1456 1766 dicatione
1489 1728 1729 1779 perficitur3
1759 1732 1953 1766 neutrum
1981 1731 2119 1765 autem
2135 1735 2282 1768 eorum
2330 1739 2334 1780 ς

1253 1787 1472 1827 efficaciam
1490 1789 1671 1838 habebit,
1690 1790 1769 1829 nisi
1786 1801 1876 1828 eam
1895 1792 2176 1840 promereatur
2190 1799 2281 1830 ora·

1252 1850 1325 1898 tio,
1346 1854 1392 1888 ut
1410 1851 1513 1888 dixit
1528 1851 1775 1900 Bernardus,
1793 1850 1910 1902 epist.
1932 1851 2027 1899 201,
2046 1849 2098 1888 ad
2116 1849 2285 1890 Baldui-

1252 1922 1356 1951 num
1373 1911 1589 1951 Abbatem.
2293 1915 2298 1932 ‘¹
2320 1901 2334 1913 ”

1650 2032 1813 2072 CAPUT·
1839 2032 1888 2073 ΙΙ.

1276 2161 1412 2190 UTRUM
1438 2162 1627 2191 RELIGIOSt
1673 2164 1894 2191 SOCIETATIS
1922 2163 1973 2191 AD
2000 2163 2160 2196 ALIQUAS
2188 2160 2285 2193 ORA-
2328 2143 2329 2146 Ἰ

1306 2223 1446 2251 'moses
1470 2223 1642 2252 vocans
1660 2224 1713 2252 Ex
1731 2224 1776 2252 vi
1801 2224 1861 2253 sm
1880 2224 2076 2253 msriru'ri
2102 2223 2282 2254 TENEAN·
2330 2221 2334 2257 ἰ

1306 2275 1414 2313 'runt

1307 2397 1346 2437 1.
1377 2396 1525 2437 Prima
1552 2398 1722 2437 assertio
1741 2398 1983 2438 bimembris.
2003 2418 2057 2429 -
2081 2397 2298 2445 Quoniam

1251 2456 1406 2497 vocalis
1420 2458 1551 2497 oratio
1568 2471 1662 2497 cum
1683 2459 1851 2498 mentali
1866 2459 2049 2510 proxime
2066 2462 2284 2512 conjuncta

1253 2524 1326 2568 est,
1340 2524 1388 2559 ut
1409 2519 1528 2559 facile
1555 2519 1729 2572 intelligi
1745 2524 1876 2572 potest
1893 2533 1943 2561 ex
1962 2522 2012 2560 iis
2029 2533 2139 2574 quae,
2161 2521 2281 2564 initio
2328 2558 2330 2565 ,

1251 2578 1348 2620 libri
1367 2581 1406 2627 3,
1429 2581 1479 2620 de
1498 2582 1682 2620 oratione
1701 2582 1829 2621 vocali
1851 2582 2102 2634 scripsimus,
2131 2583 2185 2623 de
2210 2583 2281 2630 illa
2328 2570 2334 2604 '¹'

1250 2647 1544 2693 consequenter
1563 2642 1782 2682 dicendum
1800 2647 1875 2690 est,
1896 2643 2154 2695 breviterque
2174 2646 2285 2696 pote-¹

1251 2703 1307 2743 rit
1325 2703 1521 2755 expediri,
1540 2704 1748 2755 supposita
1766 2705 2025 2744 distinctione
2050 2705 2145 2744 data
2165 2707 2287 2746 initis

1252 2764 1396 2816 capitis
1416 2765 1698 2815 praecedentis,
1711 2765 1762 2805 de
1781 2765 2115 2816 obligatione‚vel
2133 2780 2215 2819 prae
2250 2784 2260 2801 ι

1254 2826 1313 2877 pti
1331 2826 1504 2876 rigorosi
1518 2855 1532 2874 ,
1562 2826 1627 2865 vel
1645 2826 1768 2865 solius
1787 2827 1956 2878 regulae.
1981 2828 2203 2868 Dicendum
2221 2841 2257 2869 e
2287 2826 2289 2829 ⁴

1254 2886 1380 2934 enim,
1400 2898 1476 2926 nec
1500 2898 1550 2926 ex
1574 2888 1756 2939 rigorosa
1786 2890 1982 2941 praecepti
2010 2890 2284 2942 obligatione

1253 2958 1385 2999 neque
1402 2959 1453 2987 ex
1470 2948 1614 3000 regula
1640 2950 1870 3001 specialiter
1895 2951 1947 2990 ad
1966 2954 2194 2991 orationem
2211 2956 2262 2991 vt
2274 2959 2285 2968 ··
2331 2990 2335 3002 ,,

1252 3007 1381 3047 calem
1406 3008 1578 3060 obligari
1606 3010 1789 3062 singulos
1807 3011 2016 3063 religiosos
2053 3011 2284 3053 Societati.
2331 3027 2334 3068 J

1252 3068 1446 3122 Suppono
1462 3082 1692 3112 sermonem
1706 3085 1791 3112 esse
1807 3073 1857 3113 de
1872 3074 1936 3113 bis
1956 3074 2154 3126 religiosis
2169 3085 2220 3114 ex
2240 3090 2267 3107 ·--¹
2328 3075 2334 3116 ἶ

1251 3133 1411 3184 capite,
1434 3134 1544 3184 quod
1565 3133 1745 3185 religiosi
1764 3135 1874 3183 sint;
1896 3147 1992 3175 nam
2011 3137 2045 3175 si
2059 3138 2140 3176 sint
2155 3136 2231 3176 ἰιι

1252 3195 1331 3234 cris
1348 3196 1573 3246 constituti,
1591 3197 1745 3236 clarum
1761 3202 1820 3237 est
1839 3199 1973 3238 teneri
1991 3199 2060 3239 illo
2089 3199 2239 3239 titulo-

1254 3256 1435 3296 officium
1453 3258 1694 3298 canonicum
1712 3260 1994 3311 recitandum
2009 3261 2077 3301 sed
2095 3261 2164 3301 illa
2181 3259 2270 3300 ob

1253 3318 1365 3370 gatio
1383 3319 1655 3359 accidentaria
1673 3323 1734 3359 est
1750 3320 1967 3372 religioni,
1986 3324 2043 3362 sic
2059 3333 2156 3374 ergo
2181 3316 2265 3366 fals?

1252 3379 1302 3419 lis
1321 3384 1382 3420 est
1395 3380 1501 3419 ratio
1518 3381 1732 3433 utriusque
1749 3384 1890 3434 partis.
1913 3383 2063 3423 Prioris
2095 3382 2278 3436 quidem-

1253 3442 1350 3493 quia
1368 3441 1531 3481 nullum
1550 3446 1609 3481 est
1632 3443 1880 3495 principium
1893 3473 1907 3493 ,
1935 3455 2011 3485 nec
2035 3443 2259 3487 fundam-02.-

1252 3506 1341 3542 tum
1354 3502 1448 3542 talis
1465 3502 1726 3554 obligationis
1738 3518 1751 3554 ;
1764 3517 1862 3545 nam
1877 3505 1911 3545 si
1926 3505 1978 3545 ad
1994 3505 2175 3557 aliquam
2196 3503 2210 3538 ι

1251 3563 1410 3603 tionem
1428 3562 1611 3604 vocalem
1629 3564 1910 3616 obligarentur
1924 3565 2054 3605 nostri
2077 3564 2254 3619 religi*

1252 3623 1320 3666 vel
1338 3627 1444 3665 esset
1460 3636 1514 3665 ex
1531 3626 1742 3666 communi
1757 3625 1920 3667 ratione
1937 3629 2064 3666 status
2076 3619 2196 3673 religi
2206 3639 2212 3658 ι
2223 3649 2225 3651 >

2324 3356 2335 3500 3

2325 3532 2335 3636 ι
