2352 3880
169 327 335 383 probati
353 327 397 365 in
416 325 635 372 Societate,
653 324 771 363 nulla
788 324 983 376 obligatio
998 323 1206 364 redundat

168 390 213 431 in
231 387 479 429 Societatem
512 386 661 440 ipsam,
701 385 776 426 sed
804 389 890 426 tota
925 397 971 425 se
1005 374 1120 425 tenet
1152 396 1205 424 ex

170 454 288 504 parte
312 447 512 499 religiosi,
550 447 639 499 ipsa
662 459 761 487 vero
780 447 924 498 religio
962 450 1048 487 tam
1071 445 1204 485 libera

165 513 308 552 manet
329 510 435 549 sicut
464 513 601 558 antea,
623 513 824 560 quantum
853 512 915 548 est
951 519 1002 548 ex
1031 507 1072 547 vi
1105 519 1203 546 con-

168 573 343 618 tractus;
369 583 484 623 ergo,
504 569 540 610 si
558 582 634 610 sua.
655 570 787 610 libera
816 572 1020 621 potestate
1044 572 1199 618 utatur,

167 644 218 673 ex
260 643 522 683 quacumque
567 644 707 678 causa,
747 631 908 670 validus
940 629 1017 669 erit
1067 633 1197 677 actus,

165 693 326 734 etiamsi
341 694 442 734 alias
460 693 623 732 illicitus
641 693 693 731 sit
711 703 724 742 3
741 692 846 731 sicut
856 692 889 730 si
900 691 1057 742 absque
1074 702 1200 729 causa

167 755 362 794 Praelatus
390 755 562 806 recipiat
586 754 819 804 indignum,
838 756 879 792 et
913 751 954 790 in
985 763 1034 790 eo
1056 755 1199 803 peccet

163 817 272 857 male
294 817 447 856 utendo
464 829 539 855 suo
558 827 749 864 munere,
767 813 1038 853 nihilominus
1058 817 1197 853 tamen

162 878 345 928 receptio
372 878 508 916 valida
526 881 587 915 est
602 892 614 925 3
632 876 698 915 vel
719 876 822 914 sicut
838 875 1031 914 dominus
1053 886 1199 913 manu-

162 939 330 978 mittens
363 950 543 986 servum,
576 938 645 988 qui
672 949 717 977 se
740 937 972 976 voluntarie
1003 936 1039 975 ei
1071 935 1196 975 tradi-

161 998 282 1038 derat
331 1003 373 1040 et
420 1000 698 1050 obligaverat,
733 998 868 1038 valide
917 997 1194 1046 manumittit,

163 1061 324 1099 etiamsi
342 1060 498 1111 absque
519 1072 644 1099 causa
664 1060 801 1107 faciat,
824 1060 926 1099 etin
953 1071 1001 1098 ea
1025 1071 1070 1098 re
1097 1070 1195 1110 pec-

163 1124 242 1167 cet,
261 1122 325 1160 vel
350 1134 399 1160 ex
419 1121 527 1169 odio,
550 1125 621 1160 aut
650 1121 958 1173 ingratitudine,
983 1123 1078 1167 etc„
1098 1119 1194 1170 quia

161 1182 510 1233 contrajustitiam
529 1194 612 1221 non
626 1182 709 1233 agit
727 1195 736 1229 ;
752 1183 831 1221 hoc
849 1184 988 1221 autem
1005 1180 1193 1231 exemplo

161 1242 272 1282 hunc
291 1247 548 1283 contractum
568 1243 781 1282 Societatis
813 1255 938 1294 supra
970 1241 1195 1281 declaravi-

160 1315 268 1351 mus,
289 1317 380 1356 cap.
415 1305 553 1353 tertio,
582 1317 757 1344 numero
794 1304 969 1344 decimo.
1009 1302 1194 1342 Tandem

160 1365 442 1411 confirmatur,
464 1366 561 1416 quia
582 1366 614 1404 si
635 1366 688 1404 ad
710 1366 893 1405 valorem
914 1365 1037 1415 hujus
1055 1364 1197 1402 dimis-

159 1426 286 1465 sionis
308 1432 416 1467 esset
433 1428 668 1466 necessaria
687 1439 827 1475 causa,
841 1438 906 1464 res
928 1428 1035 1464 esset
1055 1425 1193 1463 multis

158 1489 362 1538 scrupulis
386 1493 425 1527 et
455 1488 784 1527 dubitationibus
815 1488 1015 1538 exposita,
1040 1487 1123 1524 imo
1143 1498 1195 1525 ex·

157 1547 224 1586 illa
238 1550 350 1588 nasci
368 1549 641 1600 possentlites
658 1553 697 1588 et
714 1548 1000 1588 contentiones
1015 1551 1193 1587 externae

156 1608 265 1647 inter
281 1610 522 1661 religiosum
543 1610 758 1649 dimissum
779 1615 820 1649 et
850 1610 1111 1649 Societatem.
1133 1609 1193 1649 Oh

155 1669 263 1709 hanc
285 1683 382 1722 ergo
400 1683 584 1719 causam,
617 1671 806 1722 quamvis
823 1671 865 1709 in
883 1683 962 1709 usu
979 1670 1102 1720 hujus
1132 1669 1194 1708 sa-

155 1732 318 1771 cultatis
342 1746 393 1772 ex
411 1732 656 1772 rectitudine
679 1737 718 1771 et
732 1732 947 1770 honestate
963 1731 1190 1782 religionis,

155 1804 295 1841 causa,
320 1795 459 1833 ethaec
481 1793 652 1844 quidem
671 1806 839 1844 magna,
863 1804 1027 1843 semper
1044 1803 1192 1842 expec-

152 1854 280 1892 tanda
320 1855 384 1904 sit,
422 1855 689 1893 nihilominus
738 1854 791 1893 ad
829 1853 1010 1893 tollenda
1047 1852 1186 1900 dubia,

155 1916 337 1965 oportuit
376 1916 626 1955 Societatem
658 1915 824 1966 plenam
861 1915 1095 1952 libertatem
1123 1924 1189 1952 re·

152 1975 300 2022 tinere,
335 1981 379 2016 ut
401 1978 451 2016 de
487 1976 626 2015 valore
658 1976 751 2015 facti
776 1975 891 2013 nulla
919 1978 1060 2026 posset
1095 1985 1186 2013 esse

154 2038 448 2076 controversia.

205 2099 245 2137 9.
277 2099 354 2137 Alii
375 2111 473 2138 vero
492 2098 601 2137 hanc
640 2096 888 2136 sententiam
927 2095 1185 2136 distinctione

152 2159 334 2210 quadam
368 2159 669 2199 moderandam
712 2159 960 2203 existimant,
999 2161 1058 2204 ut,
1085 2157 1186 2195 scili-

152 2225 231 2269 cet,
266 2222 477 2272 procedat,
519 2220 685 2272 quando
725 2220 918 2258 dimissus
954 2219 1184 2259 voluntarie

151 2287 338 2332 acceptat
359 2283 641 2322 dimissionem
661 2285 700 2321 et
717 2282 962 2328 libertatem,
982 2293 1067 2320 000
1086 2293 1183 2319 vero

152 2342 186 2380 si
230 2342 379 2382 invitus
415 2348 455 2384 et
496 2344 583 2382 sine
622 2355 746 2382 causa
786 2343 1027 2394 expellatur.
1067 2342 1184 2381 Ratio

151 2403 297 2453 prioris
323 2406 449 2455 partis
475 2409 626 2457 praeter
653 2404 924 2443 fundamenta
960 2403 1185 2454 superioris

152 2466 380 2513 sententia»,
405 2470 480 2513 est,
503 2466 599 2516 quia
621 2470 717 2504 tunc
733 2470 864 2504 cessat
883 2465 1016 2503 omnis
1035 2465 1185 2515 injuria

150 2535 339 2575 personae
363 2527 558 2576 dimissas,
582 2527 677 2578 quia
694 2527 845 2566 volenti
859 2532 899 2566 et
914 2525 1185 2565 consentienti

150 2596 235 2624 non
263 2587 308 2626 fit
334 2588 499 2639 injuria,
522 2592 563 2628 et
599 2588 694 2627 ideo
733 2591 867 2628 cessat
898 2589 1030 2627 omnis
1060 2600 1184 2627 causa

150 2648 361 2698 nullitatis,
385 2663 476 2700 quae
496 2650 538 2687 in
570 2661 619 2689 eo
651 2653 744 2688 actu
772 2662 861 2688 esse
891 2652 1044 2701 posset.
1067 2649 1184 2689 Unde

150 2707 270 2747 facile
289 2710 531 2762 intelligitur
545 2711 651 2750 ratio
668 2711 907 2762 posterioris
927 2711 1067 2761 partis3
1086 2721 1184 2749 nam

152 2771 222 2821 qui
238 2771 388 2810 invitus
407 2772 495 2811 sine
507 2784 631 2811 causa
651 2773 877 2823 repellitur,
899 2783 1095 2823 magnam
1114 2784 1183 2823 pa-

150 2831 249 2870 titur
268 2833 476 2884 injuriam,
499 2838 545 2873 ut
564 2833 700 2872 statim
722 2833 1003 2872 ostendemus.

206 2894 269 2931 10.
299 2895 504 2935 Mihivero
523 2894 762 2946 simpliciter
786 2898 826 2934 et
861 2894 1017 2944 absque
1041 2892 1182 2932 distin-

152 2951 286 2991 ctione
309 2956 528 2997 dicendum
560 2957 736 3005 videtur,
771 2956 1065 2998 admissionem
1102 2955 1181 2994 hu-

146 3010 326 3065 jusmodi
348 3017 434 3055 sine
452 3030 577 3056 causa
597 3018 747 3057 factam
770 3030 860 3057 esse
880 3017 1053 3066 nullam,
1084 3029 1181 3057 cen-

152 3086 306 3126 seoque
346 3077 623 3118 conditionem
653 3080 780 3126 illam,
807 3079 859 3120 Si
882 3079 1063 3120 Societas
1094 3091 1180 3121 eum

151 3138 277 3177 tenere
295 3138 407 3187 votet,
430 3151 513 3177 non
529 3152 620 3180 esse
646 3140 958 3192 intelligendam
993 3140 1043 3179 de
1065 3151 1179 3180 mera

151 3210 199 3237 ac
220 3211 323 3249 pura
352 3199 575 3249 voluntate,
601 3213 676 3241 suo
707 3203 896 3242 absoluto
928 3202 1110 3241 dominio
1140 3204 1180 3245 et

152 3260 349 3299 arbitratu
385 3261 564 3311 volente,
609 3264 683 3304 sed
720 3264 770 3303 de
816 3265 1042 3312 voluntate,
1085 3274 1179 3314 quae

149 3322 342 3373 prudenti
363 3322 546 3371 arbitrio,
568 3327 608 3364 et
644 3337 693 3363 ex
711 3326 825 3375 justa
847 3338 971 3365 causa
991 3325 1078 3365 vult
1109 3326 1181 3366 aut

150 3395 233 3422 non
253 3383 351 3422 vult.
380 3384 466 3422 Hoc
486 3385 663 3435 primum
690 3387 819 3437 probo
851 3399 901 3426 ex
920 3387 1055 3427 verbis
1080 3399 1180 3426 con-

151 3444 431 3493 stitutionum3
452 3457 549 3485 nam
569 3446 610 3484 in
629 3447 841 3496 Examine‚
862 3460 952 3500 cap.
985 3449 1174 3500 septimo,

149 3504 304 3554 §1‚sic
322 3505 501 3546 dicitur:
523 3507 668 3548 Libera
691 3511 821 3548 tamen
849 3509 1018 3550 manebit
1044 3509 1176 3551 Socie-

151 3569 230 3612 fas,
256 3578 324 3607 nec
347 3567 537 3609 tenebitur
553 3569 607 3609 ud
618 3581 678 3609 eos
696 3570 957 3611 admittendos
970 3571 1023 3612 ad
1022 3573 1173 3622 proles

218 3638 254 3647 ’-
358 3641 390 3654 ⁰-
412 3628 451 3667 0⁹52
473 3630 714 3682 coadjutores
729 3632 940 3682 formatos,
965 3633 1004 3674 si
1027 3633 1173 3676 studio-

1220 3571 1436 3617 ,Examinis
1467 3571 1636 3623 positas,
1655 3572 1782 3612 fuisse
1798 3570 2063 3622 detegendas.
2090 3571 2140 3610 Et
2158 3570 2303 3613 ideo

565 256 642 292 LlB.
665 256 722 291 m.
746 257 800 291 DE
821 241 1064 292 Anmsstolvii:
1085 257 1346 292 SCHOLARIUM
1365 257 1422 291 An
1442 255 1553 292 voTA
1575 228 1791 298 SIMPLlctA'
1811 257 1902 294 Bw

1260 336 1351 365 rum
1371 327 1540 377 tempore
1553 323 1654 364 mate
1670 335 1710 364 se
1724 326 1917 375 qererent,
1930 323 2024 365 adeo
2034 327 2081 366 ut
2090 314 2307 378 Superior*
2327 322 2333 326 ’

1260 384 1482 428 Societatis
1501 385 1766 432 existimaret,
1789 385 1871 425 Deo
1891 387 2052 436 ,eratum
2069 397 2148 426 non
2180 389 2285 439 fore.

1256 446 1296 488 si
1329 446 1375 487 in
1405 456 1490 486 eam
1513 446 1850 491 admitterentur;
1876 449 1913 486 et
1945 448 2038 486 tune
2062 444 2144 498 ipsi
2167 449 2286 490 etiam

1256 505 1344 547 suis
1378 507 1481 546 votis
1500 507 1623 547 soluti
1642 509 1773 547 erunt.
1812 507 1857 546 In
1877 506 2028 558 quihus
2055 508 2190 548 verbis
2221 522 2280 550 ex·

1256 567 1393 620 pendo
1410 567 1610 619 imprimis
1629 569 1742 608 illam
1774 569 2110 618 conditionalem,
2137 571 2175 611 si
2203 575 2285 614 stu·

1257 629 1411 669 diorum
1426 631 1608 680 tempore,
1629 634 1706 670 etc.
1726 631 1776 670 Et
1788 631 1884 670 inde
1896 631 2044 682 colligo
2062 631 2176 670 illam
2196 644 2287 672 esse

1254 690 1547 736 necessariam,
1573 695 1616 730 ut
1627 691 1808 732 Societas
1824 704 1906 731 non
1923 695 2114 732 teneatur
2133 693 2209 733 hos
2223 706 2287 734 re-

1254 751 1422 803 ligiosos
1451 751 1630 792 retinere
1647 763 1660 802 3
1694 765 1794 805 ergo
1814 766 1899 792 non
1929 754 2178 794 subsistente
2214 755 2286 795 tali

1255 823 1379 851 causa
1405 842 1414 859 ‚
1437 815 1616 853 tenetur.
1638 814 1806 854 Dicetur
1820 815 1994 855 fortasse
2017 817 2148 855 teneri
2169 828 2219 856 ex
2245 817 2284 856 vi

1254 885 1421 912 suarum
1435 874 1787 924 constitutionum,
1810 888 1894 915 non
1911 889 1962 916 ex
1977 877 2015 915 vi
2033 881 2281 917 contractus.

1254 934 1335 973 Sed
1351 935 1430 973 hoc
1450 947 1533 973 non
1554 935 1703 986 placet,
1722 940 1767 975 ut
1786 936 1906 985 infra,
1927 949 2100 977 numero
2123 938 2283 978 decimo

1253 999 1411 1042 octavo,
1428 996 1552 1034 latius
1573 996 1731 1043 dicam;
1754 999 1842 1036 tum
1856 998 1954 1049 quia
1974 999 2167 1050 obligatio
2187 1012 2284 1039 con-

1251 1057 1486 1106 stitutionis,
1523 1069 1617 1096 cum
1637 1070 1722 1097 non
1748 1058 1800 1097 sit
1820 1058 1873 1097 ad
1901 1059 2079 1111 culpam,
2106 1061 2279 1100 minima

1251 1122 1311 1158 est
1325 1131 1399 1169 pro
1416 1131 1460 1158 re
1479 1123 1562 1158 tam
1584 1120 1718 1171 gravi;
1742 1123 1828 1159 tum
1844 1120 1966 1159 etiam
1994 1121 2091 1171 quia
2108 1123 2283 1162 verbum

1251 1180 1444 1220 tenebitur
1464 1180 1617 1219 indicat
1634 1181 1849 1231 praecisam
1873 1181 2169 1232 obligationem
2188 1183 2283 1222 fun-

1251 1239 1390 1279 datam
1420 1240 1460 1279 in
1480 1245 1629 1280 natura
1655 1241 1791 1292 ipsius
1831 1242 1905 1290 rei,
1934 1246 1973 1283 et
2005 1255 2087 1281 non
2122 1243 2164 1282 in
2196 1244 2283 1284 sola

1251 1301 1539 1341 constitutione
1558 1312 1570 1351 3
1586 1303 1764 1341 maxime
1784 1314 1878 1341 cum
1901 1303 2013 1342 nulla
2045 1304 2103 1342 ibi
2126 1306 2281 1345 mentio

1250 1362 1322 1402 fiat
1340 1363 1696 1412 constitutionum,
1719 1366 1759 1403 et
1778 1365 1958 1404 Examen
1988 1365 2090 1404 illud
2122 1378 2193 1406 eas
2211 1379 2281 1406 an·

1249 1425 1425 1464 tecedat.
1447 1425 1606 1464 Deinde
1627 1425 1815 1477 expendo
1834 1426 1959 1466 verba
1986 1426 2054 1465 illa
2075 1441 2084 1466 :
2109 1428 2170 1468 Et
2192 1431 2284 1470 tuno

1248 1486 1328 1537 ipsi
1342 1488 1459 1528 etiam
1472 1488 1559 1527 suis
1579 1487 1683 1528 votis
1700 1488 1823 1528 soluti
1841 1492 1972 1534 erunt,·
1990 1489 2147 1528 hahent
2168 1491 2282 1529 enim

1248 1547 1331 1586 vim
1357 1548 1592 1595 exclusivae‚
1615 1560 1664 1587 ac
1699 1547 1730 1587 si
1768 1548 1967 1596 dicerent,
1987 1553 2085 1589 tunc
2120 1554 2162 1589 et
2195 1563 2280 1590 non

1248 1609 1350 1648 alias
1370 1610 1489 1648 soluti
1507 1615 1640 1648 erunt.
1662 1611 1763 1648 Nam
1792 1611 1826 1648 si
1844 1623 1940 1649 vere
1969 1612 2068 1650 solvi
2090 1614 2277 1662 possunt,

1248 1671 1637 1721 quomodocumque
1659 1670 1930 1719 dimittantur,
1962 1684 2047 1710 non
2080 1672 2280 1723 oportuis-

1249 1734 1310 1770 set
1326 1731 1480 1770 addere
1499 1732 1611 1770 illam
1624 1732 1867 1782 particulam
1888 1733 2154 1772 restrictivam
2168 1738 2276 1782 tunc,

1247 1792 1343 1843 quia
1363 1793 1428 1831 vel
1450 1792 1596 1839 sic‚vel
1612 1793 1730 1832 aliter
1742 1792 1914 1841 dimissi,
1937 1796 1978 1833 et
1995 1797 2094 1834 tunc
2109 1798 2149 1834 et
2169 1806 2278 1834 sem-

1244 1865 1319 1904 per
1340 1853 1460 1892 soluti
1487 1859 1638 1893 essent.

1299 1916 1341 1953 Μ
1355 1944 1362 1952 .
1378 1915 1409 1954 Ι
1407 1918 1567 1954 nstatur
1579 1926 1642 1955 con
1649 1918 1715 1956 tra
1725 1914 1996 1966 probationem
2010 1927 2058 1957 ete
2069 1917 2148 1958 loeo
2160 1916 2273 1960 Exa-

1242 1974 1362 2015 minis
1393 1977 1630 2025 factam.—
1654 1977 1842 2017 Diluitur
1878 1978 2107 2029 explicando
2136 1991 2277 2022 causas

1243 2037 1493 2077 dimissionis
1520 2039 1782 2078 antecedentes
1811 2037 2103 2079 admissionem.
2129 2062 2181 2070 —
2209 2042 2276 2081 Di-

1244 2108 1310 2135 ces
1327 2107 1337 2135 :
1359 2098 1435 2136 hoc
1454 2103 1700 2149 argumento
1720 2098 1967 2150 probaretur
1981 2101 2092 2138 illam
2105 2113 2274 2143 causam

1241 2158 1299 2197 ibi
1332 2159 1583 2210 assignatam
1611 2172 1710 2199 esse·
1729 2161 1893 2200 unicam
1912 2165 1952 2200 et
1978 2164 2271 2213 necessariam,

1241 2219 1330 2259 sine
1351 2232 1430 2270 qua
1449 2221 1631 2260 dimissio
1651 2234 1732 2260 non
1751 2226 1927 2267 teneret,
1941 2235 2017 2262 nec
2038 2225 2273 2264 solveretli-

1241 2285 1406 2331 gatum;
1439 2284 1536 2333 quia
1559 2283 1882 2334 ponderationes
1910 2285 2041 2333 factae,
2074 2285 2106 2324 si
2129 2287 2271 2326 solidae

1241 2347 1350 2392 sunt,
1377 2344 1483 2384 hanc
1513 2345 1595 2383 vim
1630 2345 1797 2385 habent.
1831 2347 2098 2397 Consequens
2130 2352 2271 2387 autem

1241 2410 1445 2456 repugnat
1479 2406 1611 2445 eidem
1645 2408 1765 2457 capiti
1793 2407 1928 2446 statim
1957 2408 2000 2446 in
2025 2407 2049 2459 ἓ
2071 2409 2268 2459 secundo,

1242 2468 1283 2504 et
1328 2467 1450 2516 capiti
1492 2467 1674 2506 secundo
1718 2467 1910 2506 secundae
1949 2469 2076 2519 partis
2113 2469 2270 2510 Consti-

1240 2527 1469 2576 tutionum,
1496 2529 1567 2567 ubi
1597 2529 1683 2568 aliae
1709 2541 1844 2568 causae
1871 2529 2147 2581 assignantur.
2169 2533 2271 2572 Res-

1240 2588 1403 2639 pondeo
1437 2590 1618 2640 primum
1657 2591 1924 2631 concedendo
1963 2593 2200 2642 sequelam,
2228 2597 2270 2634 et

1241 2650 1547 2689 considerando
1579 2663 1747 2690 causam
1790 2652 1902 2689 illam
1938 2651 2164 2691 formaliter
2197 2655 2270 2703 (ut

1240 2710 1297 2748 sic
1317 2711 1466 2760 dicam)
1482 2712 1618 2761 potius
1638 2723 1763 2761 quam
1799 2711 2084 2759 materialiter,
2103 2717 2143 2752 et
2162 2726 2268 2765 prae·

1239 2771 1321 2809 eise
1343 2772 1523 2810 sistendo
1543 2773 1585 2810 in
1604 2772 1726 2810 modo
1759 2771 2006 2820 dimittendi,
2026 2774 2076 2813 de
2101 2787 2183 2824 quo
2210 2777 2265 2817 ibi

1237 2842 1371 2870 sermo
1410 2836 1484 2872 est.
1522 2833 1583 2871 Ad
1621 2833 1731 2884 quod
1762 2834 2049 2884 explicandum
2077 2836 2263 2888 adverto,

1237 2893 1418 2944 aliquem
1449 2893 1592 2932 dimitti
1611 2907 1730 2945 posse
1761 2907 1811 2934 ex
1845 2896 2063 2943 Societate‚
2085 2899 2149 2937 vel
2171 2911 2264 2950 pro·
2293 2919 2295 2922 ⁴

1234 2958 1478 3005 ptercausas
1494 2956 2070 3008 antecedentesreceptionem
2084 2960 2189 3010 ejus,
2198 2961 2265 3001 vel

1235 3020 1405 3066 propter
1439 3017 1762 3067 subsequentes,
1785 3030 1859 3057 seu
1879 3019 1984 3057 intra
2016 3020 2265 3060 Societatem

1235 3078 1352 3117 datas
1380 3082 1449 3118 aut
1467 3083 1710 3118 contractas.
1734 3081 1778 3119 In
1799 3092 1847 3119 00
1867 3081 1993 3132 igitur
2022 3081 2154 3131 capite
2176 3094 2261 3122 non

1236 3140 1370 3191 agitur
1389 3140 1440 3179 de
1461 3140 1679 3192 prioribus,
1721 3141 1794 3180 sed
1814 3141 1865 3181 de
1893 3141 1956 3180 his
1979 3145 2138 3181 tantum
2169 3154 2263 3193 pos-

1235 3202 1470 3250 terioribus,
1503 3205 1549 3241 ut
1573 3205 1685 3253 patet
1706 3214 1756 3241 ex
1795 3202 1872 3241 illis
1899 3203 2067 3242 verbis:
2090 3204 2143 3245 Si
2173 3209 2262 3246 stu-

1234 3263 1390 3302 diorum
1405 3270 1570 3315 tempore
1583 3264 1684 3304 male
1701 3275 1739 3303 se
1750 3265 1922 3315 yesserin
1929 3267 1957 3311 t,
1972 3268 2011 3304 et
2027 3264 2107 3316 in§
2127 3266 2152 3304 2
2175 3277 2184 3304 :
2207 3265 2261 3308 Si

1233 3325 1385 3376 quando
1418 3324 1639 3364 studiorum
1665 3328 1857 3376 tempore,
1889 3329 1964 3365 etc.
2006 3324 2303 3378 Supponiturg

1233 3385 1342 3424 enim
1362 3385 1431 3433 ihi,
1448 3385 1548 3425 alias
1567 3398 1727 3435 causas,
1748 3387 1811 3426 vel
1833 3386 2030 3435 defectus,
2051 3387 2122 3438 qui
2159 3391 2256 3427 ante

1230 3446 1512 3498 receptionem
1549 3448 1726 3487 existere
1746 3450 1933 3499 possunt,
1954 3459 2029 3499 per
2063 3446 2165 3486 alias
2195 3448 2257 3488 in-

1228 3509 1545 3560 terrogationes,
1569 3510 1611 3548 in
1630 3510 1834 3562 prioribus
1852 3508 2040 3560 capitulis
2066 3508 2276 3560 ejusdem',
2302 3556 2305 3558 ,

1228 3631 1285 3673 illi
1307 3632 1490 3674 defectus
1527 3645 1742 3687 nunquam
1760 3635 1936 3686 possunt
1966 3630 2141 3672 reddere
2156 3630 2277 3677 cau-f}
