2352 3880
411 173 503 210 GAP.
525 174 581 210 lv.
605 175 659 209 DE
679 173 868 208 SUPREMA
886 171 1121 209 mns'rxrss
1137 170 1454 206 mmsmcrtoms
1473 171 1518 206 ΙΝ
1538 171 1764 206 socinum
1783 171 1892 207 JESU.

61 199 189 307 {inb
195 251 266 281 seu
281 235 505 291 privilegiis
521 238 667 278 harum
685 237 940 286 facultatum,
961 247 1126 288 genem-

58 291 154 355 Ἐς
169 299 390 352 Praepositi,
410 304 606 352 tanquam
622 301 801 352 supremi
820 299 998 350 Praelati,
1015 309 1126 339 men-

96 362 160 404 tio
176 362 246 408 fit;
268 373 427 412 semper
453 365 590 400 tamen
615 361 925 405 intelligendum
953 364 1014 400 est
1032 371 1125 399 con·

102 422 321 470 cessionem
342 422 430 460 fieri
451 434 543 461 cum
563 421 895 461 subordinatione
917 419 1124 472 Praepositi

100 483 299 539 generalis
310 484 359 523 ad
370 483 729 534 congregationem
744 482 990 532 generalem,
1003 492 1125 532 quam

94 540 278 587 ‘societas
308 545 519 596 profitetur
533 573 546 592 ,
579 544 692 595 juxta
728 543 927 582 decimam
970 550 1125 594 partem

98 605 507 656 Constitutionum,§
539 607 584 652 8,
616 607 657 643 et
689 616 797 642 nona
829 610 942 655 parte
972 603 1124 642 Consti-

97 669 319 715 tutionum,
341 679 376 706 c.
401 667 438 710 3,
468 666 492 718 ξ
514 667 576 705 10.
599 665 676 706 Ubi
705 665 755 704 de
782 665 968 705 Generali
994 666 1049 704 sic
1068 664 1125 703 di-

98 728 224 769 citur:
245 728 354 777 Ejus
371 729 448 767 erit
464 728 525 766 uti
548 727 805 778 facultatibus
824 739 849 767 a
877 727 978 767 Sede
999 726 1124 779 Apos-

75 786 78 790 ’
97 789 218 832 tozica
241 790 435 830 societati
455 790 662 835 concessis,
685 793 779 834 etc.‚
808 789 849 827 in
872 789 1020 840 quibus
1039 800 1124 827 ver-

96 849 158 892 bis
177 851 296 902 plane
312 850 565 898 significatur
584 851 859 890 concessiones
877 851 988 889 Sedis
1002 851 1123 901 Apos-

95 911 228 952 tolicae
262 913 450 951 Societati
472 912 704 951 immediate
731 912 843 961 fieri3
879 911 1007 962 ipsam
1030 923 1123 949 vero

95 973 336 1013 Societatem
356 977 594 1024 potestatem
621 975 838 1012 transferre
865 972 909 1010 in
930 972 1124 1022 Praeposi-

96 1036 199 1082 tum,
222 1038 266 1072 ut
281 1046 350 1084 per
368 1047 462 1073 eum
482 1035 532 1073 ad
553 1034 728 1086 reliquos
745 1033 956 1072 inferiores
973 1032 1122 1071 officia-

96 1093 154 1136 les
183 1095 404 1144 derivetur,
435 1097 551 1146 juxta
578 1101 761 1135 octavam
790 1099 947 1147 partem
966 1106 1124 1134 earum-

96 1154 191 1197 dem
209 1157 566 1207 Constitutionum,
589 1169 625 1197 c.
649 1159 687 1205 1,
709 1156 733 1209 ξ
754 1157 793 1199 6.

188 1256 393 1332 Ile-{olatio
414 1258 591 1298 secunda»
610 1255 841 1309 quoestionis
856 1253 900 1294 in
917 1267 959 1294 n.
982 1256 1021 1295 8.

150 1340 214 1380 14.
240 1341 348 1380 Pars
370 1340 622 1390 affirmativa
653 1339 948 1390 quaestiuncula?
974 1338 1125 1391 simpli-

94 1397 193 1443 citer
216 1414 322 1450 vera,
345 1405 381 1441 et
402 1401 601 1452 quomodo.
620 1421 672 1430 —
692 1401 839 1439 Modus
869 1401 972 1440 alter
994 1400 1125 1452 lipar-

95 1462 194 1504 titus
224 1474 295 1513 pro
324 1463 452 1502 eadem
485 1465 601 1512 parte
629 1460 955 1510 affirmativa—
972 1461 1034 1499 Ad
1064 1473 1123 1500 se-

93 1523 271 1562 cundam
307 1524 666 1574 interrogationem
706 1522 976 1573 respondetur
996 1550 1007 1569 ,
1052 1534 1124 1573 per

94 1594 199 1625 nova
218 1585 395 1633 decreta,
420 1590 458 1624 et
471 1584 666 1623 mutando
687 1585 840 1635 priores
861 1584 1123 1623 Constitutio-

92 1656 181 1694 nes‚
203 1645 487 1697 loquendoque
512 1646 562 1684 de
594 1646 778 1684 absoluta
799 1650 1010 1696 potestate,
1039 1658 1124 1684 non

92 1716 180 1748 esse
199 1707 370 1746 dubium
389 1708 488 1758 quin
501 1707 624 1758 possit
637 1708 904 1758 Congregatio
922 1708 1124 1758 generalis

92 1769 337 1819 restringere
358 1773 591 1819 potestatem
615 1774 654 1808 et
673 1769 998 1820 jurisdictionem
1019 1770 1125 1808 Prae-

91 1830 229 1882 positi,
262 1834 306 1867 ut
336 1829 510 1880 probant
538 1831 722 1880 superius
754 1831 944 1879 adducta,
971 1834 1011 1869 et
1033 1843 1123 1882 quae

93 1889 214 1931 modo
239 1889 414 1927 diximus
436 1890 485 1928 de
505 1891 765 1929 emanatione
792 1891 913 1941 hujus
938 1892 1126 1942 jurisdic-

92 1950 215 1992 tionis
234 1963 259 1989 a
285 1951 455 1990 Summo
482 1951 672 1990 Pontifice
693 1951 736 1990 in
764 1952 1029 2003 Praepositum
1051 1965 1124 2003 per

91 2010 348 2052 Societatem.
380 2011 572 2057 Quamvis
596 2016 732 2050 autem
752 2012 836 2051 hoec
857 2017 1031 2064 potestas
1051 2012 1125 2052 ab-

90 2073 223 2115 solute
242 2086 324 2112 non
348 2073 463 2122 desit,
489 2085 586 2112 usus
605 2074 692 2125 ejus
710 2087 827 2113 rarus
851 2087 937 2114 esse
957 2075 1121 2126 poterit,

93 2139 134 2177 et
168 2147 261 2174 cum
293 2147 444 2184 magna
477 2134 782 2184 moderatione,
818 2148 916 2174 nam
952 2137 1124 2175 mutatio

91 2195 439 2236 Constitutionnm
459 2207 552 2234 rara
570 2208 654 2235 esse
675 2196 807 2243 debet,
827 2201 867 2235 et
883 2197 1047 2235 nonnisi
1074 2207 1124 2235 ex

92 2258 254 2309 magnis
283 2262 323 2297 et
341 2257 582 2309 urgentibus
601 2258 744 2305 causis,
766 2258 989 2308 praesertim
1009 2259 1055 2296 in
1081 2268 1124 2296 re

92 2321 194 2361 adeo
214 2319 343 2371 gravi,
366 2323 406 2358 et
425 2319 541 2369 quasi
554 2318 829 2365 substantiali,
851 2323 897 2356 ut
917 2323 977 2357 est
990 2322 1123 2369 potes-

91 2384 155 2423 tas
173 2381 373 2433 generalis
392 2380 609 2431 Praepositi.
630 2380 756 2419 Aliter
770 2381 894 2419 etiam
909 2384 1043 2431 posset
1059 2380 1124 2419 in-

91 2443 222 2494 telligi
247 2443 332 2481 haec
350 2442 548 2481 restrictio
573 2441 705 2480 solum
727 2441 776 2480 de
796 2442 900 2480 facto
926 2442 1034 2480 circa
1062 2445 1125 2480 ta-

90 2502 175 2545 lem
194 2515 422 2555 personam,
439 2503 721 2553 restringendo
742 2503 849 2541 illius
865 2506 1122 2554 potestatem,

93 2565 282 2619 quamvis
309 2576 391 2603 non
424 2563 625 2602 condatur
653 2564 721 2615 Jus
752 2575 922 2611 novum,
947 2575 1023 2602 nec
1052 2563 1125 2602 fiat

93 2626 265 2667 mutatio
281 2626 324 2664 in
343 2627 430 2676 ipso
459 2636 629 2663 munere
651 2625 879 2664 secundum
906 2637 963 2672 se,
987 2628 1028 2664 et
1048 2625 1124 2664 hoc

93 2687 255 2729 videtur
271 2686 420 2726 habere
438 2686 634 2736 majorem
651 2687 866 2734 invidiam,
883 2690 1050 2738 propter
1063 2689 1125 2726 in-

90 2746 242 2802 juriam
269 2749 361 2787 talis
387 2759 592 2799 personae3
627 2751 666 2786 et
688 2749 778 2786 ideo
807 2748 963 2787 adverti
992 2752 1125 2799 potest

72 2808 310 2865 gdupliciter
336 2810 411 2849 hoc
444 2821 558 2861 posse
588 2808 703 2858 fieri,
733 2810 907 2858 scilicet,
938 2810 1002 2849 vel
1029 2814 1125 2849 ante

91 2869 334 2912 electionem
348 2871 570 2918 Generalis,
591 2871 655 2910 vel
673 2871 835 2910 vivente
855 2871 1046 2910 Generali
1063 2883 1124 2910 se-

94 2933 178 2973 mel
200 2935 288 2983 jam
321 2932 503 2971 absolute
536 2936 576 2971 et
605 2944 699 2971 cum
734 2933 893 2983 integra
924 2937 1123 2984 potestate

95 2999 244 3035 creato.
270 2994 397 3034 Priori
421 2993 542 3034 modo
560 2998 693 3045 posset
719 2994 876 3033 facilius
895 2994 999 3044 fieri,
1025 2999 1071 3033 ut
1089 2994 1125 3033 si

92 3055 148 3096 ad
169 3055 410 3095 sumendam
441 3055 733 3106 experientiam
765 3056 932 3095 alterius
959 3055 1125 3106 regimi-

75 3116 176 3166 πίε,
212 3118 346 3170 quoad
381 3117 562 3169 aliquam
594 3120 861 3168 potestatem,
895 3116 961 3156 vel
990 3122 1125 3158 actum

97 3177 199 3228 eiust,
219 3177 284 3217 vel
305 3178 356 3217 ob
374 3178 553 3230 aliquam
570 3177 837 3229 temporalem
867 3189 1030 3218 causam
1058 3191 1127 3219 ur-

95 3242 278 3290 gentem,
309 3239 486 3278 Societas
521 3243 614 3278 antc
649 3239 887 3279 electionem
920 3238 1126 3279 Generalis

86 3299 306 3346 statuerit,
337 3303 384 3338 ut
417 3311 490 3351 pro
518 3299 596 3340 hac
621 3300 708 3341 vice
740 3300 947 3340 Generalis
977 3300 1127 3342 electus

72 3368 182 3402 .non
200 3359 368 3399 haberet
380 3361 502 3400 talem
517 3361 582 3400 vel
597 3361 718 3402 talem
734 3366 995 3414 potestatem;
1011 3374 1123 3412 nam,

62 3418 204 3460 *siout
224 3421 399 3460 Societas
429 3425 560 3473 potest
578 3422 759 3462 absolute
783 3431 943 3463 mutare
973 3423 1127 3464 Consti-

147 3485 299 3522 tionem
330 3483 540 3534 aliquam
530 3495 573 3522 1n
593 3483 665 3522 tali
692 3485 876 3532 materia,
909 3486 966 3524 ita
998 3490 1128 3537 potest

25 3567 30 3580 2
41 3482 186 3682 ἦα
205 3543 341 3599 aliquo
368 3549 551 3598 tempore
570 3544 637 3586 vel
655 3546 864 3587 occasione
893 3545 1010 3588 illam
1043 3558 1128 3590 sus·

1175 236 1367 288 pendere,
1402 236 1466 276 vel
1492 237 1608 288 quasi
1626 236 1672 276 in
1703 236 1773 276 illa
1791 236 2039 288 dispensare.
2073 235 2209 276 Poste-

1174 297 1274 336 riori
1291 302 1428 337 antem
1451 299 1572 337 modo
1591 298 1630 336 id
1655 298 1897 349 regulariter
1914 296 2004 335 fieri
2022 308 2106 336 non
2138 307 2208 348 po-

1175 359 1285 407 terit,
1302 359 1380 397 nisi
1395 359 1692 398 interveniente
1710 371 1862 409 magna
1880 370 2015 404 causa,
2031 369 2123 408 quae
2138 356 2210 398 vix

1176 420 1254 459 erit
1282 421 1367 459 sine
1388 419 1507 469 culpa
1526 431 1576 458 ex
1602 424 1714 471 parte
1745 420 1871 470 ipsius
1899 419 2120 471 Praepositi,
2141 416 2212 458 vel

1177 481 1228 519 ob
1244 480 1530 532 impotentiam
1551 492 1601 518 ex
1619 481 1749 520 nimia
1766 485 1988 530 senectute,
2008 484 2079 519 aut
2095 479 2212 530 aegri-

1178 542 1335 590 tudine,
1367 541 1433 580 vel
1465 540 1546 579 alia
1566 541 1691 580 simili
1724 554 1846 581 causa
1874 547 2043 590 exorta3
2074 543 2118 581 in
2145 541 2210 581 his

1178 604 1290 643 enim
1310 602 1467 642 casibus
1496 602 1813 642 Constitutiones
1831 604 1928 654 ipsae
1957 603 2053 642 satis
2081 602 2212 643 decla-

1178 669 1285 712 rant,-
1310 667 1507 715 quantam
1526 663 1569 701 in
1587 663 1663 710 hoc
1682 667 1922 713 potestatem
1942 664 2089 702 habeat
2107 665 2211 704 Con-

1177 726 1377 776 gregatio,
1411 737 1520 763 nona
1553 728 1667 775 parte
1698 724 2067 773 Constitutionum,
2105 738 2138 763 c.
2167 727 2209 775 4,

1177 787 1200 839 ἓ
1220 789 1258 826 6.
1279 789 1402 826 Extra
1418 786 1493 825 hos
1513 798 1610 824 vero
1630 796 1744 823 casus
1761 796 1854 823 cum
1878 784 2085 824 Generalis
2109 786 2212 825 elec-

1177 854 1241 887 tus
1268 848 1416 887 habeat
1437 848 1506 898 jus
1535 846 1796 897 acquisitum,
1834 845 1938 884 sicut
1968 858 2050 884 non
2082 851 2213 896 potest

1176 910 1263 949 sine
1285 922 1405 948 causa
1425 910 1578 960 privari
1597 907 1834 959 praelatione
1858 907 1959 958 ipsa,
1979 907 2037 945 ita
2058 919 2132 945 nec
2152 907 2214 946 in-

1176 975 1290 1021 tegra
1309 975 1347 1010 et
1364 971 1502 1009 debita
1520 973 1716 1021 potestate
1737 969 1845 1007 illius
1856 979 1868 1017 3
1886 968 1994 1019 quod
2021 968 2052 1006 si
2071 969 2120 1006 ad
2141 969 2214 1007 bo-

1178 1045 1279 1071 num
1311 1044 1528 1070 commune
1561 1031 1804 1082 pertinuerit
1838 1042 1909 1081 pro
1938 1029 2075 1080 aliquo
2111 1034 2213 1069 tem-

1179 1106 1276 1145 pore
1303 1105 1385 1132 non
1409 1093 1467 1131 uti
1488 1093 1624 1143 aliqua
1646 1095 1856 1142 potestate,
1880 1090 2079 1140 generalis
2109 1092 2213 1130 Con-

1178 1157 1361 1206 gregatio
1384 1155 1530 1205 poterit
1560 1153 1782 1205 Praeposito
1806 1153 2037 1204 iniungere,
2062 1155 2102 1191 et
2125 1153 2212 1204 ipse

1178 1217 1383 1257 tenebitur
1402 1215 1646 1256 consentire.

1273 1315 1475 1355 Resolutio
1495 1315 1627 1354 terttoe
1646 1312 1945 1366 quoestiuncuZoe
1957 1314 2002 1353 in
2020 1324 2062 1353 n.
2078 1315 2118 1354 9.

1234 1401 1297 1441 15.
1329 1401 1475 1441 Prima
1512 1411 1610 1450 pars
1662 1398 1918 1439 resolutionis
1960 1400 2180 1449 affirmans
2196 1429 2211 1449 ,

1178 1463 1309 1516 quoad
1353 1462 1574 1502 absolutam
1607 1464 1855 1511 palmatam.
1875 1484 1927 1490 —
1948 1462 2009 1500 Ad
2044 1463 2213 1501 tertium

1177 1528 1375 1576 punctum
1394 1523 1600 1574 responsio
1621 1523 1728 1561 clara
1746 1526 1805 1561 est
1823 1535 1871 1561 ex
1886 1522 2000 1560 dictis
2018 1535 2027 1568 ;
2050 1523 2082 1560 si
2103 1523 2214 1561 enim

1178 1589 1403 1637 spectemus
1438 1585 1591 1622 nudam
1625 1588 1880 1635 potestatem,
1911 1595 1994 1621 non
2033 1583 2146 1621 deest
2169 1583 2214 1622 in

1179 1647 1223 1686 in
1242 1646 1562 1696 Congregatione
1587 1645 1766 1692 generali
1791 1645 1840 1683 ad
1868 1644 2126 1682 efficiendum
2143 1655 2214 1694 per

1178 1720 1219 1747 se
1241 1712 1281 1747 et
1299 1708 1535 1746 immediate
1557 1707 1655 1745 alios
1675 1711 1786 1745 actus
1813 1706 2123 1758 jurisdictionis,
2142 1717 2215 1744 seu

1178 1771 1430 1822 provisiones
1460 1774 1531 1808 ant
1552 1769 1768 1808 electiones
1796 1769 1847 1807 ad
1874 1769 2020 1814 officia,
2042 1768 2124 1806 sive
2143 1779 2215 1818 per

1178 1831 1310 1881 legem
1331 1831 1560 1878 statuendo,
1584 1835 1628 1869 ut
1655 1830 1808 1881 aliquId
1835 1830 2071 1880 hujusmodi
2099 1829 2215 1868 dein-

1179 1905 1271 1943 ceps
1286 1893 1490 1943 pertineat
1509 1892 1558 1930 ad
1574 1891 1942 1941 Congregationem
1963 1890 2210 1940 generalem,

1177 1959 1325 2005 praeter
1343 1966 1391 1992 ea
1410 1965 1499 2004 quae
1516 1965 1627 1991 nunc
1648 1964 1719 2003 per
1737 1964 1777 1990 se
1810 1952 1909 1990 solet
1931 1952 2104 1998 efficere,
2129 1952 2215 1991 sive

1176 2015 1221 2055 in
1241 2027 1334 2054 casu
1346 2015 1483 2066 aliquo
1500 2013 1735 2066 particulari
1750 2013 2035 2064 dispensando,
2058 2026 2128 2051 seu
2142 2013 2213 2052 ali-

1178 2089 1298 2129 quem
1318 2076 1370 2116 de
1400 2077 1506 2115 facto
1540 2076 1793 2127 exequendo,
1817 2076 1934 2125 juxta
1957 2079 2216 2115 occurrentes

1177 2139 1420 2178 occasiones.
1442 2138 1557 2185 Quod
1586 2138 1705 2188 plane
1742 2138 1924 2187 sequitur
1943 2149 1991 2174 ex
2017 2137 2148 2184 dictis,
2173 2139 2215 2176 et

1178 2213 1228 2240 ex
1247 2212 1434 2250 suprema
1453 2203 1649 2249 potestate
1669 2197 2020 2248 Congregationis,
2051 2201 2091 2235 et
2123 2197 2215 2237 nul-

1178 2261 1265 2299 lum
1285 2264 1421 2299 manet
1432 2260 1752 2300 incommodum.
1767 2261 1816 2298 Et
1832 2264 1961 2310 potest
1977 2258 2215 2299 confirmari

1179 2334 1230 2361 ex
1246 2322 1419 2372 quodam
1440 2321 1600 2360 decreto
1624 2322 1765 2372 primae
1784 2321 2122 2371 Congregationis
2142 2332 2214 2371 ge-

1177 2383 1342 2432 neralis,
1361 2396 1402 2422 n.
1427 2385 1493 2429 302,
1507 2383 1615 2434 quod
1630 2384 1688 2421 sic
1707 2383 1855 2422 habet:
1879 2383 1973 2424 Non
1991 2382 2083 2422 licet
2105 2383 2215 2422 Proe-

1176 2446 1305 2498 posito
1324 2444 1501 2498 qeneralz'
1522 2444 1725 2495 (durante,
1754 2444 1905 2483 scilicet
1926 2443 2215 2493 Congregatio-

1179 2518 1231 2546 ne
1258 2505 1454 2556 generali)
1488 2508 1644 2544 mutare
1670 2504 1896 2555 hujusmodi
1915 2504 2117 2555 officiales,
2144 2503 2214 2555 qui

1179 2568 1226 2608 ab
1246 2568 1329 2619 ipso
1349 2566 1532 2609 Generali
1549 2570 1738 2606 creantur
1757 2565 1811 2618 (id
1831 2569 1903 2611 est,
1928 2565 2212 2614 Provinciales,

1177 2629 1382 2676 RectoreS,
1401 2628 1514 2677 eto),
1535 2639 1656 2679 usque
1673 2627 1724 2667 ad
1741 2626 2031 2667 dissolutionem
2048 2625 2215 2680 Conyre-

1178 2690 1374 2743 gationis,
1391 2690 1473 2729 nisi
1491 2689 1609 2728 eidem
1632 2687 1938 2740 Conqreqatiom·
1949 2687 2118 2738 aliquem
2135 2698 2216 2729 esse

1178 2750 1413 2792 mutandum
1431 2751 1644 2790 videretur.
1666 2749 1726 2788 Ex
1745 2761 1826 2800 quo
1842 2749 2002 2787 decreto
2014 2748 2097 2786 fere
2114 2759 2215 2787 con-

1177 2811 1395 2852 firmantur
1414 2811 1554 2850 omnia
1580 2810 1689 2850 dicta
1702 2820 1715 2860 ;
1741 2821 1837 2848 nam
1856 2810 1900 2850 in
1922 2809 1994 2848 illo
2014 2808 2214 2860 quodam-

1178 2874 1299 2914 modo
1318 2873 1519 2912 limitatur
1540 2876 1716 2924 potestas
1732 2871 1957 2923 Praepositi,
1975 2883 2073 2910 nam
2094 2874 2216 2911 antea

1177 2947 1263 2975 non
1284 2939 1371 2974 erat
1390 2934 1449 2972 illi
1471 2933 1723 2985 prohibitum
1738 2945 1788 2972 ex
1810 2934 1851 2972 vi
1869 2932 2216 2972 Constitutionum

1178 3004 1338 3037 mutare
1366 2995 1604 3047 hujusmodi
1627 2994 1829 3034 officiales.
1866 2994 1978 3034 Idem
2010 3005 2107 3045 ergo
2126 2991 2217 3033 fieri

1178 3062 1313 3110 posset
1328 3070 1353 3098 a
1366 3057 1691 3109 Congregatione
1710 3058 1755 3097 in
1773 3055 1865 3096 aliis
1882 3054 2020 3106 rebus,
2043 3055 2079 3094 si
2093 3065 2216 3105 expe-

1179 3119 1301 3159 diret.

1235 3182 1299 3220 16.
1329 3179 1516 3221 Secunda
1532 3191 1631 3232 pars
1652 3189 1803 3230 neqans
1822 3176 1952 3231 quoad
1981 3186 2098 3216 usum
2117 3174 2216 3217 talis

1175 3242 1402 3293 potestatis.
1409 3240 1653 3287 —Quamvis
1665 3253 1715 3279 au
1724 3244 1803 3278 tem
1818 3241 2006 3290 potestas,
2028 3236 2213 3277 absolute

1179 3302 1398 3355 loquendo,
1419 3315 1501 3341 non
1518 3302 1634 3350 desit,
1654 3300 1944 3340 nihilominus·
1937 3311 1978 3337 in
1996 3310 2069 3337 usu
2090 3297 2212 3348 hujus

1180 3365 1389 3417 potestatis
1423 3364 1628 3404 ordinarie
1666 3360 1911 3400 servandum
1944 3363 2004 3399 est
2038 3358 2145 3409 quod
2166 3357 2213 3400 in

1181 3425 1542 3466 constitutionibus
1561 3429 1620 3464 est
1630 3421 1921 3475 praescriptum,
1938 3420 2032 3471 quia
2045 3431 2127 3458 non
2141 3418 2212 3458 da·

1180 3491 1250 3527 tur
1270 3492 1445 3539 potestas
1475 3488 1519 3526 in
1544 3483 1906 3538 perturbationem,
1924 3481 1992 3519 sed
2012 3481 2055 3518 in
2085 3478 2211 3520 aedifi-

1182 3548 1399 3599 cationem,
1421 3552 1462 3589 et
1483 3545 1732 3588 credendum
1757 3547 1815 3583 est
1844 3541 2212 3594 Congregationem

2319 246 2340 267 ἰιι
