2352 3880
279 0 541 31 memt-
589 0 593 23 ῑ
631 5 639 14 “

591 62 620 97 λ

40 210 138 283 354⁹
321 238 411 273 mr.
433 238 490 273 ιιι.
514 239 570 272 AN
590 237 861 272 convenies-ri
880 237 992 272 nono
1011 236 1176 276 RELIQUI
1197 237 1385 271 enum
1407 239 1642 274 sociamus
1661 241 1966 278 ms‘rrrumrun
1991 246 1996 250 ·

40 304 54 348 ἶ
79 299 259 358 &cedat
275 303 517 356 praepositus
540 305 754 355 generalis,
775 303 842 343 vel
869 306 1010 343 contra
1030 302 1119 353 jus-

47 370 54 386 ’·
90 363 247 414 fitium,
267 365 334 405 vel
352 370 493 405 contra
514 365 765 405 charitatem.
787 365 871 403 Hoc
891 367 1027 403 autem
1046 373 1118 414 pe-

78 427 267 473 ⁴ticulum
283 458 292 472 ‚
314 427 616 478 comparatione
644 426 752 464 facta
771 425 822 464 ad
849 423 1062 463 commoda
1078 425 1119 462 et

87 488 287 542 *tilitates
309 488 432 538 hujus
451 486 749 539 perpetuitatis,
769 490 809 525 et
827 486 878 524 ad
899 486 1119 524 incommo-

92 549 147 591 da
175 553 215 588 et
241 548 419 599 pericula
447 547 669 598 frequentis
700 546 908 585 electionis
928 551 968 586 et
987 549 1119 584 muta-

91 609 232 660 tionis,
249 610 334 650 fere
351 609 502 648 nullius
521 608 853 647 considerationis
872 611 953 656 est,
972 611 1012 647 et
1031 607 1119 646 ideo

83 671 207 724 ‘J'uxta
240 670 400 720 regulas
433 669 622 708 humanae
655 669 898 719 prudentiae,
933 681 1016 707 non
1051 667 1119 706 ob-

91 735 225 772 stante
254 731 322 769 illo
354 729 548 780 periculo,
569 731 814 780 perpetuitas
834 730 919 768 haec
939 729 1032 780 eligi
1053 729 1120 768 de-

63 801 67 804 ’
90 791 194 838 buit,
205 796 243 829 ct
254 791 457 842 provideri
469 790 611 829 modus
622 803 702 842 quo
715 791 772 829 illi
787 791 1043 829 incommodo
1056 789 1120 828 vel

91 852 270 906 periculo
288 855 534 891 occurratur.
559 853 641 890 Hoc
661 858 796 890 autem
818 864 968 901 magna
996 851 1118 890 etiam

90 913 303 964 diligentia
332 918 371 952 et
394 913 610 963 prudentia
636 913 677 951 in
700 914 907 952 Societatis
933 913 1119 950 instituto

90 974 243 1014 factum
263 979 341 1020 est;
362 987 458 1012 nam
476 974 527 1013 ob
544 974 648 1013 hanc
663 986 825 1012 causam
845 974 887 1012 in
907 985 1015 1011 nona
1032 984 1119 1022 par-

91 1039 131 1074 te
150 1036 507 1084 Constitutionum,
529 1048 563 1075 c.
585 1037 625 1084 4,
648 1036 889 1086 Praepositus
906 1034 1120 1084 subjicitur

91 1096 280 1135 Societati
305 1098 347 1134 in
367 1097 556 1136 omnibus
575 1108 666 1147 quae
696 1099 746 1135 ad
767 1096 932 1135 modum
954 1095 1117 1134 vivendi

90 1162 131 1197 et
154 1158 409 1208 gubernandi
438 1160 663 1210 pertinent,
685 1163 725 1197 et
747 1170 860 1197 casus
888 1157 1011 1196 etiam
1045 1169 1118 1195 nu-

90 1223 318 1267 merantur,
336 1220 379 1258 in
397 1220 542 1271 quibus
566 1223 695 1271 potest
722 1219 895 1258 Societas
913 1218 1031 1256 illum
1053 1219 1120 1257 de-

89 1291 264 1332 ponere,
286 1284 347 1329 et,
368 1281 401 1319 si
424 1293 525 1331 opus
544 1282 609 1328 sit,
632 1292 655 1318 a
674 1281 873 1319 Societate
892 1291 1116 1318 removere.

89 1341 140 1380 Et
160 1354 195 1380 c.
220 1343 258 1387 5,
282 1341 305 1393 ἓ
324 1344 363 1387 4,
385 1345 527 1380 modus
549 1341 822 1392 praescribitur
840 1353 918 1391 quo
934 1341 974 1379 id
995 1341 1116 1392 possit

90 1404 319 1442 executioni
342 1403 542 1450 mandari,
561 1414 652 1441 cum
673 1415 831 1441 necesse
851 1403 915 1440 sit.

88 1488 110 1510 0
142 1466 183 1505 9.
216 1464 403 1504 Peri-cala
437 1465 511 1503 duo
541 1476 589 1504 ea:
618 1464 881 1514 perpetuitate
912 1463 1119 1504 Generalis

91 1529 301 1577 amputata
317 1526 362 1564 in
383 1524 593 1566 Societate.
608 1547 661 1554 —
677 1525 840 1563 Accedit
861 1532 1059 1575 praeterea
1076 1526 1118 1563 in

89 1587 290 1627 Societate
308 1598 457 1635 magna
476 1598 526 1625 ex
549 1590 661 1636 parte
683 1590 913 1636 amputatas
943 1598 1026 1624 esse
1050 1598 1117 1625 oc—

89 1635 273 1674 casiones
291 1636 416 1687 hujus
435 1636 620 1686 periculi,
639 1636 784 1676 saltem
800 1638 844 1676 in
858 1650 905 1676 eo
920 1637 1068 1688 gradu,
1088 1640 1132 1674 ut

88 1696 215 1747 possit
235 1696 278 1734 in
298 1709 422 1747 grave
437 1702 734 1736 nocumentum
750 1698 962 1737 Societatis
975 1698 1126 1737 redun-

89 1756 202 1796 dare.
226 1758 462 1809 Explicatur
487 1759 761 1798 antecedens:
783 1772 881 1798 nam
910 1760 1002 1798 duee
1031 1764 1127 1799 sunt

86 1819 311 1870 potissimae
341 1821 573 1860 occasiones
601 1821 725 1872 hujus
755 1822 895 1860 damni
913 1837 921 1860 ε
953 1835 1036 1861 una
1067 1826 1128 1862 est

88 1892 274 1919 excessus
292 1880 337 1919 in
351 1882 650 1932 temporalibus
665 1884 912 1933 sumptibus,
929 1885 995 1923 vel
1007 1885 1052 1922 in
1069 1884 1126 1923 ci-

87 1940 151 1980 bis
169 1945 209 1981 et
228 1942 382 1981 deliciis
401 1942 597 1993 corporis,
621 1943 687 1981 vel
706 1943 751 1982 in
770 1944 861 1982 aliis
876 1945 1127 1995 sumptuosis

88 2004 277 2054 expensis
296 2007 367 2042 aut
380 2003 674 2043 donationibus
686 2006 981 2056 temporalium
1000 2007 1127 2046 bono-

84 2075 195 2105 rum.
219 2065 310 2104 Alia
329 2070 389 2105 est
409 2066 616 2117 appetitus
634 2067 803 2118 majoris
829 2068 1042 2119 dignitatis
1060 2069 1127 2108 vel

84 2122 269 2166 honoris.
292 2126 409 2165 Prior
428 2138 582 2177 magna
602 2139 651 2165 ex
669 2132 786 2178 parte
806 2140 880 2179 per
899 2129 976 2168 hoc
989 2129 1127 2168 ablata
1143 2126 1153 2150 ς

85 2190 163 2235 est,
175 2187 287 2239 quod
301 2188 447 2236 victus,
462 2189 634 2227 vestitus
653 2193 693 2227 et
704 2201 892 2240 expensae
915 2192 1126 2231 Generalis

77 2247 201 2304 Juxta
221 2249 526 2288 ordinationem
546 2250 761 2289 Societatis
780 2262 865 2289 esse
877 2252 1042 2299 debent,
1060 2254 1126 2290 cui

83 2311 337 2352 ordinationi
368 2311 505 2362 ipsum
524 2311 780 2362 acquiescere
811 2315 986 2363 oportet,
1018 2316 1064 2350 ut
1081 2313 1124 2351 in

84 2369 180 2413 dict.
203 2385 237 2411 e.
260 2375 299 2416 4,
328 2373 491 2412 dicitur.
521 2374 610 2412 Huc
646 2373 772 2412 etiam
804 2376 972 2424 spectat,
1013 2374 1125 2424 quod

84 2445 194 2476 unus
214 2447 263 2474 ex
282 2435 457 2483 casibus,
479 2439 649 2487 propter
661 2447 764 2485 quos
782 2435 1051 2485 deponendus
1065 2439 1125 2475 est

85 2494 310 2543 Generalis,
332 2499 392 2534 est
422 2508 473 2534 ex
505 2496 731 2535 redditibus
764 2496 1034 2546 collegiorum
1053 2498 1125 2536 ali-

83 2557 184 2610 quid
202 2557 254 2596 ad
269 2558 459 2608 proprios
473 2562 661 2607 sumptus
676 2569 899 2605 assumere,
911 2558 977 2596 vel
996 2559 1123 2598 cuivis

84 2622 200 2660 extra
220 2619 466 2658 Societatem
497 2618 651 2657 donare
671 2618 863 2669 (exceptis
894 2619 1119 2672 eleemosy-

83 2681 176 2732 nis),
209 2682 275 2720 vel
302 2682 441 2732 aliqua
472 2681 635 2720 stabilia
663 2681 772 2720 bona
803 2682 1022 2722 domorum
1051 2689 1123 2724 aut

72 2743 352 2794 collegiorum
382 2743 577 2792 alienare,
610 2747 656 2781 ut
685 2744 729 2781 in
748 2744 893 2782 eodem
922 2757 956 2784 c.
974 2748 1014 2794 4,
1037 2746 1117 2797 §Z

84 2815 178 2846 eum
197 2806 485 2849 declaratione,
507 2805 568 2844 lit.
593 2806 640 2854 D,
664 2805 828 2845 dieitur.
861 2806 1002 2846 Altera
1021 2821 1119 2848 vero

85 2868 239 2906 occasio
253 2867 424 2915 tollitur,
441 2870 642 2918 quantum
657 2871 717 2906 est
732 2880 782 2906 ex
794 2872 910 2919 parte
925 2869 1116 2916 instituti,

82 2934 158 2979 per
179 2929 321 2964 votum
352 2939 438 2964 non
469 2927 717 2977 procurandi
734 2957 744 2975 ,
778 2928 844 2967 vel
880 2931 1119 2981 acceptandi

89 2977 330 3028 dignitatem
343 2979 521 3029 aliquam
534 2981 620 3019 sine
633 2981 860 3020 obedientia
871 2983 984 3022 Sedis
992 2987 1023 3022 A
1029 2995 1117 3035 pos-

89 3039 236 3079 tolicae.
261 3039 400 3078 Solum
417 3051 514 3090 ergo
533 3041 724 3080 videntur
738 3054 944 3092 superesse
960 3044 1026 3083 vel
1042 3045 1117 3084 hu-

68 3101 205 3139 vmani
230 3100 409 3139 defectus
427 3101 597 3152 alicujus
617 3102 898 3153 negligentiae,
920 3105 986 3144 vel
1015 3118 1118 3157 prae-

91 3161 354 3212 cipitationis,
379 3161 445 3201 vel
473 3163 595 3202 etiam
615 3163 787 3203 humaui
820 3164 1003 3213 affectus,
1029 3168 1118 3218 qui-

89 3216 264 3261 busdam
290 3222 419 3272 magis
455 3222 643 3272 favendo,
676 3236 799 3276 quam
818 3225 924 3272 aliis,
946 3230 1023 3265 etc.
1047 3228 1117 3267 His

79 3286 227 3323 :autem
248 3294 459 3321 occursum
475 3289 534 3323 est
546 3297 618 3336 per
633 3286 801 3324 consilia
814 3286 1115 3337 Assistentium,

80 3339 143 3399 {de
162 3342 309 3394 quibus
336 3355 423 3395 cap.
456 3346 714 3396 praecedenti,
736 3359 909 3386 numero
929 3352 1057 3397 sexto,
1078 3353 1118 3388 et

40 3458 45 3459 ⁷
85 3404 166 3457 ,per
187 3404 363 3443 officium
389 3405 608 3454 Monitoris‚
625 3407 674 3446 de
691 3420 772 3459 quo
790 3409 833 3447 in
853 3409 996 3447 eodem
1018 3421 1053 3449 c.
1074 3411 1113 3458 4,

84 3468 203 3506 Jnona
223 3474 336 3516 parte
356 3466 714 3514 constitutionum,
730 3469 807 3520 554,
829 3470 987 3509 ratione
1002 3471 1116 3522 cujus

53 3541 58 3544 ·
86 3523 254 3568 ,venetur
275 3526 450 3566 Monitor
480 3527 571 3578 (qui
596 3540 621 3566 a
651 3532 734 3568 tota
765 3529 963 3569 Societate
999 3530 1118 3571 debet

87 3592 183 3625 'osse
193 3585 372 3638 electus),
384 3590 592 3639 praemissa
607 3588 658 3628 ad
668 3590 797 3629 Deum
811 3591 1008 3641 oratione,
1020 3604 1114 3632 cum

1171 302 1370 342 modestia
1383 304 1518 343 debita
1529 317 1575 344 ac
1585 306 1832 356 humilitate,
1842 308 2043 360 quidquid
2054 311 2203 353 sentiat

1172 362 1218 402 in
1237 363 1323 414 ipso
1345 365 1562 415 Praeposito
1580 368 1732 418 requiri
1749 368 1803 406 ad
1818 370 1951 420 majus
1963 371 2203 423 obsequium

1172 427 1214 462 et
1234 424 1407 474 gloriam
1429 425 1514 473 Dei,
1536 438 1630 465 eum
1647 428 1881 468 admonere.
1904 431 2006 470 Nam
2025 432 2101 472 hoc
2115 434 2210 473 offi-'

1172 484 1281 523 cium
1302 497 1400 531 erga
1422 485 1608 524 Praelatos
1625 490 1895 528 necessarium
1916 493 2033 532 valde
2062 501 2135 543 est,
2155 498 2203 536 ut

1173 544 1313 584 docuit
1336 546 1522 592 Basilius,
1544 547 1587 584 in
1606 559 1691 598 reg.
1713 551 1780 598 27,
1808 563 1857 590 ex
1876 551 2108 601 fusioribus,
2130 556 2202 597 ubi

1172 605 1297 644 etiam
1316 606 1456 644 addit:
1484 607 1540 645 Ne
1560 608 1776 649 ordinariae
1803 611 2025 664 disciplinae
2051 616 2200 668 injuria

1173 665 1258 715 fiat,
1280 666 1516 718 hujusmodi
1532 668 1757 709 admonitio
1775 672 1823 709 ad
1847 685 1913 711 eos
1932 679 1992 713 est
2011 677 2201 728 delegan-

1172 727 1238 773 da,
1254 729 1323 779 qui
1341 741 1433 767 cum
1447 733 1564 768 aetate
1577 760 1589 778 ,
1607 734 1695 768 tum
1712 732 1930 781 prudentia
1948 737 1990 773 in
2009 739 2200 778 societate

1171 789 1337 840 reliquis
1362 794 1563 838 praestent.
1582 792 1686 841 Ergo
1700 796 1901 842 quantum
1915 794 2095 836 humana
2106 811 2201 838 eon-

1172 850 1272 889 ditio
1289 852 1457 902 patitur,
1478 852 1724 891 sufficienter
1740 858 1800 891 est
1826 853 1922 893 huic
1941 856 2200 898 incommodo

1171 913 1394 962 provisum,
1416 917 1461 951 ut
1481 913 1547 952 vel
1568 914 1744 962 nullum,
1767 914 1831 953 vel
1864 928 1946 954 non
1978 918 2200 959 admodum

1171 984 1307 1023 grave,
1329 974 1394 1012 vel
1408 975 1549 1013 saltem
1565 975 1787 1025 rarissime,
1806 988 1857 1015 ex
1867 976 1945 1016 hoc
1957 979 2079 1017 modo
2091 980 2200 1031 regi-

1170 1034 1296 1073 minis
1315 1041 1522 1087 sequatur.

1555 1169 1720 1210 CAPUT
1745 1171 1811 1211 111.

1172 1291 1306 1321 urium
1337 1291 1601 1321 GONVENJEN'H
1638 1292 1741 1321 mono
1774 1293 1932 1327 annom
1958 1293 2136 1329 PRAELA'H
2161 1295 2202 1330 m

1422 1353 1635 1383 somnum
1657 1354 1949 1385 1NST1TUANTUR.

1226 1461 1263 1498 1.
1295 1458 1466 1499 Proelati
1492 1459 1568 1499 alii
1598 1460 1642 1498 in
1674 1459 1873 1500 Societate
1891 1472 1916 1499 a
1937 1461 2122 1502 Generalz‘
2140 1474 2202 1502 or-

1172 1521 1326 1560 dinarie
1346 1525 1602 1561 creantur.—
1616 1522 1671 1559 De
1692 1521 1848 1559 dnobus
1867 1522 1909 1559 in
1930 1524 2117 1572 praesenti
2139 1525 2202 1563 in-

1171 1582 1278 1633 quiri
1300 1586 1444 1632 potest,
1463 1583 1628 1628 scilicet,
1656 1582 1706 1620 de
1728 1583 1932 1621 creatione
1953 1589 1992 1621 et
2008 1585 2058 1622 de
2081 1585 2201 1624 dura-

1170 1643 1280 1682 tione
1302 1643 1450 1682 horum
1472 1644 1757 1692 Praelatorum3
1783 1648 1823 1682 et
1842 1645 1885 1682 in
1903 1650 2076 1695 utroque
2095 1646 2199 1685 dice-

1171 1717 1261 1743 mus
1282 1706 1392 1756 prius
1413 1705 1509 1755 quid
1542 1705 1715 1743 Societas
1743 1705 1942 1754 obser-vet,
1964 1706 2110 1745 deinde
2137 1720 2200 1745 ra-

1169 1767 1323 1805 tionem
1353 1768 1565 1816 utriusque
1585 1766 1815 1805 reddemus.
1855 1767 1994 1814 Quoad
2024 1770 2197 1818 priorem

1169 1832 1341 1879 partem,
1381 1827 1582 1866 institutio
1615 1828 1826 1867 Societatis
1846 1833 1932 1875 est,
1963 1833 2008 1866 ut
2040 1830 2199 1868 rra-lati

1170 1901 1310 1928 omnes
1328 1889 1538 1927 inferiores
1560 1889 1634 1926 sub
1666 1889 1851 1927 Generali
1879 1901 1960 1926 non
1997 1889 2096 1927 siant
2131 1902 2201 1940 per

1170 1951 1423 1996 electionem,
1443 1949 1507 1987 vel
1528 1949 1722 1999 suffragia
1740 1949 2013 1991 subditorum.
2034 1951 2099 1989 sed
2130 1963 2200 2002 per

1169 2011 1418 2049 voluntatem
1449 2021 1519 2048 seu
1549 2011 1819 2060 provisionem
1843 2011 2044 2060 Prcepositi
2073 2013 2197 2050 ‹lenc-

1168 2071 1286 2120 ralis3
1317 2072 1373 2110 ita
1393 2071 1566 2110 habetur
1594 2071 1638 2109 in
1670 2083 1778 2109 nona
1798 2075 1914 2121 parte
1936 2072 2203 2110 (Ζοιιείίιιιῑίοη

1168 2146 1284 2175 num,
1319 2145 1353 2172 c.
1388 2135 1428 2181 3,
1467 2132 1489 2184 ἓ
1527 2134 1591 2181 14,
1622 2132 1692 2170 uhi
1725 2133 1774 2170 de
1803 2132 1986 2170 Generali
2016 2133 2158 2171 dicitur
2187 2152 2195 2170 ι

1174 2194 1405 2235 Constituat
1423 2205 1494 2244 per
1513 2195 1688 2245 seipsam
1706 2193 1890 2233 Rectores
1915 2193 2196 2243 Colceyiomm,

1170 2257 1205 2293 et
1222 2255 1546 2301 universitatum„
1566 2267 1610 2294 ae
1634 2254 1878 2306 Proeposz'tos
1904 2254 2047 2293 locales
2072 2255 2201 2293 domm

1167 2325 1272 2360 ram,
1303 2326 1397 2365 quos
1425 2316 1599 2363 aptiores
1626 2317 1712 2364 fore
1732 2314 1993 2365 judicaverit.
2030 2316 2198 2355 Provin-

1170 2375 1290 2415 ciales
1310 2376 1418 2422 item,
1437 2375 1700 2426 Proeposz‘tos,
1722 2381 1799 2414 etc.
1814 2376 1971 2414 S1milia
1984 2381 2198 2414 sumuntur

1170 2447 1219 2475 ex
1254 2436 1397 2474 eodem
1437 2448 1544 2487 cap.,
1578 2436 1602 2487 ξ
1635 2439 1672 2482 3,
1707 2441 1745 2474 ct
1766 2449 1800 2475 c.
1825 2438 1862 2479 5,
1885 2435 1909 2487 ξ,
1929 2439 1966 2484 1,
1988 2440 2027 2474 et
2056 2441 2197 2486 quarta

1170 2501 1299 2548 parte,
1322 2509 1355 2535 c.
1383 2499 1421 2543 2,
1454 2509 1559 2548 saepe
1589 2496 1703 2535 alias,
1734 2498 1900 2547 Propter
1929 2497 2041 2535 illam
2062 2502 2198 2536 autem

1169 2558 1368 2608 particula
1385 2570 1458 2609 per
1478 2559 1667 2607 seipsanz,
1689 2558 1852 2595 additur
1872 2557 1915 2595 in
1939 2560 2080 2595 eodem
2095 2570 2130 2595 c.
2157 2558 2197 2605 3,

1170 2619 1191 2670 ἓ
1216 2621 1264 2658 15
1289 2631 1297 2656 ε
1332 2619 1444 2665 Quod
1467 2620 1504 2658 sz'
1531 2618 1782 2658 Provinciali
1801 2618 2034 2667 facultatem
2059 2619 2198 2658 consti-

1170 2679 1304 2720 tuendi
1333 2681 1578 2730 Praepositae
1601 2679 1745 2719 locales
1766 2682 1801 2718 et
1822 2679 2004 2718 Hectores
2032 2690 2199 2718 commu-

1169 2742 1380 2788 nicaverit,
1403 2741 1574 2790 ejusdem
1603 2740 1808 2781 Generalis
1836 2741 1913 2780 erit
1940 2740 2086 2780 eosdem
2114 2750 2200 2779 con-

1170 2802 1350 2851 firmare,
1371 2801 1430 2840 vel
1450 2813 1654 2840 removere.

1225 2864 1262 2901 2.
1294 2862 1358 2902 Aa
1382 2866 1496 2914 queat
1518 2861 1723 2903 Generalis
1751 2861 1927 2912 deleyare
1957 2861 2077 2900 alteri
2106 2860 2200 2901 elec-

1171 2925 1313 2965 tionem
1332 2923 1620 2962 Provincialis.
1640 2944 1691 2950 —
1710 2922 1864 2968 Quibus
1892 2922 2026 2960 verbis
2042 2921 2195 2969 signifi-

1170 2992 1285 3024 catur
1315 2997 1398 3023 non
1426 2996 1539 3035 posse
1571 2983 1660 3022 aliis
1683 2984 1938 3022 committere
1960 2983 2199 3022 electionem

1170 3058 1242 3085 seu
1274 3045 1520 3084 creationem
1558 3044 1888 3093 Provincialinm,
1925 3045 2109 3096 quamvis
2130 3053 2202 3092 per

1171 3106 1441 3146 Provinciales
1458 3137 1469 3154 ,
1490 3106 1554 3144 vel
1582 3117 1654 3156 per
1674 3106 1788 3154 alios,
1811 3110 1930 3156 prout
1953 3105 2028 3142 sibi
2049 3101 2202 3140 videbi-

1170 3171 1253 3215 tur,
1285 3171 1414 3217 posset
1435 3166 1645 3205 inferiores
1666 3165 1901 3216 Praepositos
1930 3164 1993 3201 vel
2015 3165 2199 3201 Rectores

1170 3229 1400 3268 instituere.
1425 3228 1529 3274 Quia
1556 3239 1654 3267 vero
1683 3239 1867 3278 expresse
1887 3224 1943 3262 ibi
1977 3235 2058 3261 non
2078 3224 2200 3261 dene-

1171 3294 1291 3341 gatur
1317 3290 1401 3328 haec
1432 3293 1607 3341 potestas
1638 3286 1852 3338 delegandi
1883 3284 2114 3323 facultatem
2146 3280 2199 3320 ad

1171 3351 1391 3390 creandum
1423 3350 1732 3393 Provincialem‚
1756 3347 1827 3385 sed
1860 3346 1990 3384 solum
2024 3346 2196 3390 tacetur,

1170 3412 1262 3451 ideo
1282 3424 1366 3451 non
1385 3412 1572 3451 existimo
1588 3422 1672 3450 csse
1689 3409 1751 3447 illi
1768 3407 1949 3446 absolute
1966 3405 2165 3443 sublatam
2182 3411 2198 3452 ;

1168 3484 1266 3512 nam
1287 3484 1382 3511 cum
1416 3473 1502 3511 haec
1534 3475 1707 3521 potestas
1738 3466 2006 3507 constituendi
2032 3462 2200 3502 Provin-

1169 3533 1290 3572 ciales
1310 3534 1352 3572 in
1367 3531 1556 3572 Geuerali
1576 3531 1628 3569 sit
1647 3529 1869 3573 ordinaria,
1887 3524 2094 3564 communi
2104 3524 2199 3574 jure

1169 3593 1408 3645 delegabilis
1429 3598 1490 3633 est
1501 3602 1514 3642 ;
1537 3602 1634 3640 ergo
1654 3589 1688 3628 si
1707 3600 1791 3626 non
1810 3597 1995 3637 expresse
2011 3583 2198 3636 prohibe«
