2352 3880
40 99 43 101 .
71 80 112 134 κθ.
133 95 141 98 .

1142 183 1338 213 ..aab

371 222 464 261 mr.
485 223 512 259 ι.
533 221 632 265 omn
652 221 820 258 rossan·
840 221 894 257 ic
913 181 1326 257 nsnssinr'iimctosi
1345 221 1585 258 somcrms
1604 219 1844 263 massilae,
1863 219 1957 258 mc.

88 319 103 339 s
116 293 189 338 uti,
204 291 356 334 seilicet
380 292 576 343 privatim
594 294 633 334 et
653 290 923 341 familiariter
944 291 999 330 ad
1019 299 1144 330 uuum

114 354 175 398 vel
195 364 347 407 paucos
381 353 588 406 loquendo,
606 352 669 394 vel
689 351 846 404 publice
868 351 1054 404 loquendo
1089 344 1147 391 ad

112 417 234 458 totam
252 413 493 456 Ecclesiam.
515 414 593 456 Ubi
612 413 833 465 Cajetanus
855 412 1032 453 advertit
1054 421 1142 451 non

111 473 210 516 addi
242 478 387 522 totam,
423 478 470 515 ut
496 472 877 526 comprehendatur
893 476 979 513 tota
999 471 1141 512 Eccle-

107 535 194 583 sia,
218 546 312 587 quse
342 535 494 576 diffusa
513 540 577 576 est
608 546 685 586 per
721 537 857 574 totum
885 535 1030 574 orbem
1055 536 1141 574 ter-

107 607 280 644 rarum;
304 596 365 636 sic
387 597 499 636 enim
521 595 661 635 nullus
680 595 847 647 publice
875 595 1141 636 concionare-

107 659 204 704 tur;
243 656 321 697 sed
354 656 450 696 addi
489 658 545 698 ad
576 657 972 707 comprehendendum
1000 658 1142 709 partes

106 719 223 772 quasi
236 718 463 759 essentiales
471 717 679 766 Ecclesioe,
690 717 841 759 scilieet
855 718 1008 760 elerum
1022 721 1061 758 et
1069 728 1139 769 po·

55 796 57 798 ·
104 779 260 832 pulum,
273 779 371 830 quia
391 779 472 819 hoc
490 783 553 819 est
568 779 622 819 de
641 780 803 819 ratione
819 779 1006 820 muneris
1031 787 1139 830 prae-

105 840 270 881 dicandi
289 840 527 892 simpliciter
544 841 659 890 dicti,
679 841 833 881 scilicet
856 845 903 880 ιιι
934 843 1138 892 quantum

2147 220 2224 261 981

1197 294 1339 329 autem
1360 290 1434 330 fiat
1445 301 1498 330 ex
1511 290 1604 330 loco
1624 294 1737 330 certo
1753 289 1965 338 eminenti,
1976 297 2126 336 necne,
2139 301 2229 329 non

1196 351 1360 392 videtur
1373 362 1465 391 esse
1479 351 1533 391 de
1546 351 1792 401 substantia,
1802 352 1904 392 satis
1917 351 2029 391 enim
2042 350 2231 402 estquod

1194 411 1270 452 fiat
1288 424 1341 453 ex
1358 423 1624 463 quocumque
1642 414 1735 453 loco
1754 414 1852 459 alto,
1876 417 1923 453 ut
1940 424 1967 453 a
1985 412 2141 452 caeteris
2157 424 2232 451 au-

1193 472 1469 513 diatur.1tem
1501 473 1617 523 quod
1634 473 1709 513 fiat
1730 486 1783 514 ex
1813 474 1949 514 officio
1979 473 2162 526 publico,
2184 476 2231 512 ut

1192 533 1284 586 ipse
1296 532 1368 580 ait,
1389 544 1476 573 non
1485 533 1650 572 videtur
1667 536 1950 575 necessarium
1965 547 1977 583 ;
2002 546 2101 574 nam
2118 534 2232 574 face-

1193 605 1239 636 re
1272 606 1326 634 ex
1354 593 1488 634 officio
1519 594 1702 646 publico,
1723 597 1890 647 proprie
1913 600 1976 636 est
2009 596 2149 636 facere
2179 607 2231 635 ex

1192 655 1446 707 obligatione
1480 655 1634 708 publici
1655 657 1843 696 muneris
1863 670 1873 703 ;
1895 656 1975 697 hoc
1995 662 2136 698 autem
2155 669 2230 696 ne-

1192 718 1423 759 cessarium
1440 729 1527 756 non
1549 721 1641 764 est;
1665 729 1764 756 nam
1784 722 1921 768 potest
1952 719 2043 770 quis
2069 719 2229 758 concio-

1191 779 1284 819 nari
1300 790 1353 820 ex
1369 779 1584 827 charitate,
1608 782 1651 818 et
1667 779 1833 830 propria
1851 778 2083 826 voluntate,
2095 772 2229 818 velex

1189 841 1352 892 privata
1369 840 1511 891 aliqua
1530 839 1798 891 obligatione.
1818 841 1901 879 Aut
1919 839 2021 877 illud
2040 851 2088 879 ea
2106 841 2229 890 officio

105 906 170 943 est
187 902 240 943 de
266 914 311 943 se
349 902 634 944 indifferenter
666 902 742 943 fiat
765 903 829 943 fad‘
848 906 979 942 totam
1001 901 1142 942 Eccle-
1184 902 1349 953 publico
1362 900 1568 954 significat
1585 902 1698 952 loqui
1718 912 1814 941 cum
1830 901 1972 952 aliqua
1986 901 2229 951 specialiso-

103 964 221 1005 siam.
239 963 301 1004 Ob
330 964 440 1004 hanc
458 975 559 1017 ergo
588 975 759 1004 causam
783 964 1026 1012 Pontifices,
1049 966 1145 1003 tam·

103 1025 147 1065 in
162 1025 238 1066 hac
251 1028 393 1065 nostra
404 1026 536 1074 Bulla,
546 1038 672 1078 quam
684 1026 729 1066 in
742 1026 938 1077 praedicta
952 1024 1136 1064 Clemen.

104 1091 148 1127 et
165 1087 402 1139 Extravag.,
422 1087 629 1133 dixerunt,
645 1088 746 1129 clero
765 1091 805 1128 et
826 1086 987 1140 populo,
1008 1088 1055 1124 ut
1083 1083 1141 1124 si·-

104 1148 351 1201 gnificarent
370 1161 606 1190 sermonem
623 1160 716 1189 esse
734 1148 787 1188 de
805 1147 972 1200 publica
990 1149 1033 1186 et
1044 1157 1141 1198 pro-

101 1210 309 1262 priissima
331 1211 636 1262 praedicatione,
662 1221 763 1250 nam
792 1207 846 1248 ad
867 1207 950 1247 alia
976 1208 1145 1260 privata

102 1271 324 1323 colloquia,
349 1272 509 1311 etiamsi
529 1273 573 1312 in
598 1273 659 1312 eis
689 1274 945 1323 proponatur
962 1270 1140 1310 verbum

103 1332 190 1380 Dei,
209 1333 275 1371 vel
294 1333 523 1373 exhortatio
551 1332 607 1373 ad
623 1331 833 1381 virtutem,
853 1344 938 1371 non
957 1336 1047 1371 erat
1060 1342 1139 1372 ne-

102 1394 329 1433 cessarium
346 1394 525 1446 speciale
537 1394 809 1446 privilegium.
826 1393 874 1434 Et
888 1393 1038 1434 eodem
1050 1403 1140 1433 mo-

103 1454 157 1495 do
176 1455 445 1506 intelligenda
467 1460 564 1495 sunt
576 1466 669 1507 quae
682 1455 863 1495 diximus
881 1454 935 1494 de
952 1458 1039 1494 toto
1057 1454 1139 1494 hoc

106 1527 292 1564 munere,
309 1521 351 1557 et
365 1516 598 1568 praesertim
617 1517 729 1568 quod
748 1517 883 1557 solum
902 1527 928 1556 a
947 1515 1109 1556 clericis
1122 1545 1136 1565 ,

103 1582 189 1618 tam
199 1576 296 1630 jure
311 1579 538 1626 ordinario,
553 1590 681 1631 quam
698 1590 750 1619 ex
764 1578 806 1618 vi
822 1578 948 1629 hujus
965 1577 1141 1618 faculta-

103 1640 153 1681 tis
165 1639 257 1681 fieri
279 1641 423 1692 possit.
445 1640 566 1681 Unde
594 1639 835 1692 simpliciter
860 1639 1013 1680 docere
1039 1638 1139 1679 doc-

104 1701 253 1741 trinam
273 1701 545 1742 Christianam
563 1701 619 1742 ad
635 1711 863 1755 puerorum
879 1700 947 1742 vel
968 1699 1138 1740 rudium

103 1763 439 1814 instructionem,
464 1776 548 1804 non
579 1761 948 1815 comprehenditur
970 1762 1141 1816 proprie

103 1825 182 1864 suh
215 1825 384 1865 nomine
414 1825 732 1877 praedicationis,
752 1826 851 1876 quia
872 1834 950 1876 per
972 1835 1021 1864 se
1052 1835 1141 1864 non

101 1886 317 1927 ordinatur
336 1887 390 1926 ad
419 1887 654 1927 docendam
672 1890 716 1927 et
743 1886 1050 1939 exhortandam
1076 1889 1142 1927 to·-

100 1953 188 1989 tam
221 1948 470 1998 Ecclesiam,
498 1955 543 1988 ut
565 1948 881 2000 comprehendit
910 1947 1072 1987 clerum
1095 1951 1140 1988 et

100 2011 315 2063 populum,
327 2010 470 2051 doctos
484 2012 526 2051 et
536 2010 741 2052 indoctos.
758 2009 942 2061 Ideoque
960 2007 1051 2048 fieri
1067 2019 1140 2060 po-

101 2076 183 2114 test
199 2084 226 2112 a
247 2072 415 2121 nostris,
432 2072 595 2112 etiamsi
620 2073 798 2125 primam
812 2074 1032 2112 tonsuram
1051 2080 1140 2110 non

101 2135 300 2182 habeant,
317 2133 443 2185 idque
466 2145 548 2174 non
570 2139 657 2175 tam
677 2145 729 2175 ex
759 2133 802 2174 vi
824 2132 953 2184 hujus
971 2131 1138 2185 privile-

104 2196 175 2248 gii,
188 2207 313 2247 quam
325 2196 423 2247 quia
435 2195 489 2234 ad
504 2206 657 2235 munus
672 2194 773 2235 illud
783 2194 964 2246 speciale
976 2192 1140 2245 privile-

104 2257 218 2308 gium
228 2257 509 2297 necessarium
523 2268 608 2296 non
620 2260 700 2307 est,
713 2255 789 2296 sed
801 2255 953 2295 sufficit
965 2265 1141 2307 genera-

105 2319 153 2358 lis
167 2318 412 2371 approbatio
434 2319 665 2366 Societatis,
684 2328 779 2368 quae
794 2317 851 2357 ad
864 2315 967 2356 illud
984 2326 1144 2356 munus

106 2381 214 2421 inter
235 2380 316 2421 alia
344 2380 583 2433 specialiter
608 2379 795 2421 instituta
832 2382 910 2425 est,
929 2381 979 2417 ut
1013 2387 1144 2429 supra

106 2443 208 2482 libro
226 2444 358 2491 sexto,
380 2452 472 2493 cap.
492 2442 630 2488 tertio,
651 2453 679 2480 a
697 2452 740 2480 n.
761 2441 803 2487 4,
823 2439 1020 2487 vidimus,
1038 2439 1143 2478 etin

107 2503 253 2544 eadem
264 2503 382 2542 Bulla
399 2502 512 2542 Pauli
524 2503 577 2542 Ill
596 2513 794 2554 expresse
812 2500 980 2547 dicitur3
1003 2504 1044 2538 et
1057 2499 1142 2539 for-

108 2569 215 2604 tasse
249 2563 303 2603 ob
336 2565 445 2603 hanc
469 2574 638 2603 causam
663 2563 710 2601 in
729 2561 885 2602 nostris
914 2559 1142 2613 privilegiis

109 2625 329 2666 Pontificiis
348 2624 510 2664 nullum
527 2629 604 2672 est,
621 2623 736 2676 quod
752 2623 805 2665 de
821 2622 895 2663 illo
911 2621 1142 2664 ministerio

105 2688 339 2743 specialiter
357 2688 566 2738 loquatur.

158 2751 224 2790 32.
245 2750 505 2802 Dis-quiritur
519 2747 618 2800 quid
631 2747 689 2788 sit
715 2743 873 2798 publice
898 2744 1138 2799 praedicare.

105 2832 158 2844 —
170 2810 294 2851 Addit
313 2814 513 2862 praeterea
532 2809 768 2859 Cajetanus,
784 2807 907 2847 citato
929 2807 1036 2855 loco,
1055 2816 1142 2846 non

107 2874 207 2914 satis
229 2884 321 2915 esse
352 2872 467 2924 loqui
499 2871 554 2912 ad
581 2875 710 2911 totam
742 2870 985 2917 Ecclesiam,
1002 2867 1046 2908 id
1079 2871 1144 2909 εει

107 2936 264 2977 clerum
283 2938 325 2974 et
342 2934 613 2986 populum,ut
627 2934 846 2972 censeatur
865 2943 957 2971 esse
972 2930 1144 2983 proprie

107 2997 348 3051 praedicare,
369 2996 454 3036 nisi
472 2995 550 3045 fiat
558 2994 724 3047 publice,
746 2994 818 3034 Ῑιοο
833 2997 907 3040 est,
923 3004 970 3034 ex
985 2992 1145 3044 publico

109 3060 256 3111 officio.
285 3059 390 3097 Nam
409 3057 442 3096 si
462 3056 553 3109 quis
580 3067 656 3107 per
673 3054 845 3094 modum
863 3053 1031 3104 privatae
1051 3065 1144 3105 per-

111 3131 221 3159 sonae
240 3119 474 3170 alloquatur
496 3116 550 3156 ad
569 3120 699 3156 totam
723 3115 965 3162 Ecclesiam,
990 3115 1119 3154 exhor
1132 3138 1143 3142 -

111 3181 236 3220 tando
254 3180 309 3220 ad
327 3178 484 3230 aliquid
496 3178 688 3230 speciale,
707 3176 820 3229 quod
833 3180 931 3216 tunc
950 3176 1141 3225 occurrit,

111 3241 214 3282 illud
229 3253 317 3281 non
345 3244 408 3280 εει
440 3240 690 3291 praedicare,
711 3237 823 3278 unde
849 3236 948 3276 dicit
979 3236 1146 3276 mulieri

112 3302 192 3343 hoc
212 3313 303 3342 esse
332 3301 596 3352 permissum.
618 3301 711 3341 Non
738 3299 904 3338 videtur
924 3302 1064 3338 autem
1085 3298 1146 3337 fa-

115 3363 191 3403 cile
209 3362 417 3414 explicare
436 3361 538 3412 quid
552 3361 679 3401 addat
696 3361 797 3400 illud
817 3360 991 3399 verbum
1015 3360 1147 3411 publi-

115 3435 172 3473 ce,
193 3424 228 3465 si
247 3435 383 3464 sermo
402 3427 465 3463 est
479 3422 534 3463 ad
550 3427 680 3463 totam
697 3423 939 3468 Ecclesiam,
959 3421 1057 3473 quia
1076 3433 1147 3462 ne-

115 3495 232 3524 cesse
252 3489 316 3525 est
332 3487 380 3524 ιιι
400 3483 494 3524 talis
522 3494 659 3524 sermo
686 3495 737 3524 eo
771 3483 897 3523 modo
917 3482 1005 3531 flat,
1024 3486 1071 3522 ut
1092 3483 1149 3524 ab

89 3575 96 3598 a
118 3545 312 3590 omnibus
329 3546 611 3598 percipiatur;
632 3555 732 3597 ergo
760 3544 997 3583 necessario
1013 3543 1059 3583 fit
1074 3555 1148 3595 pu·

118 3607 242 3657 blico,
260 3607 344 3650 alta
360 3618 479 3657 voce,
493 3610 537 3647 et
553 3616 650 3646 cum
668 3605 814 3645 notitia
829 3605 1009 3658 publica.
1030 3605 1151 3653 Quod

1187 961 1407 1003 lemnitate
1434 963 1645 1010 exteriori,
1664 967 1710 1002 ut
1738 963 1863 1003 Missa.
1887 963 2041 1012 aliqua,
2063 962 2229 1012 publica

1191 1024 1398 1073 oratione,
1414 1023 1483 1064 vel
1509 1025 1643 1064 crucis
1676 1023 1816 1076 signo,
1832 1025 1901 1065 vel
1928 1036 2025 1063 cum
2062 1023 2230 1074 speciali

1192 1090 1324 1136 veste,
1333 1090 1380 1125 ut
1389 1086 1709 1138 superpelliceoz„
1723 1091 1764 1126 et
1786 1088 1873 1126 haec
1887 1086 2028 1126 omnia
2038 1096 2124 1124 non
2136 1087 2230 1123 sunt

1192 1148 1247 1189 de
1266 1148 1497 1189 substantia
1511 1148 1604 1188 talis
1622 1152 1755 1195 actus,
1774 1152 1985 1199 quatenus
2003 1159 2103 1186 vera
2122 1158 2229 1197 prae·

1193 1209 1346 1251 dicatio
1366 1213 1444 1259 est,
1464 1208 1520 1248 ad
1539 1221 1667 1261 quam
1686 1210 1912 1260 requiritur
1930 1209 2193 1260 privilegium
2219 1236 2230 1254 ,

1193 1276 1268 1312 aut
1289 1270 1480 1319 facultas,
1495 1271 1616 1323 cujus
1639 1283 1726 1310 non
1746 1276 1843 1311 sunt
1855 1283 2032 1321 capaces
2050 1269 2230 1317 feminae,

1191 1344 1274 1373 nec
1290 1332 1407 1373 laicis
1420 1332 1518 1384 ¹jure
1536 1331 1747 1371 ordinario
1767 1332 2025 1372 conceditur.

1244 1394 1313 1434 33.
1330 1393 1610 1435 Resolutio.-
1627 1394 1711 1432 Hoc
1728 1405 1828 1445 ergo
1844 1393 1946 1433 mihi
1965 1393 2130 1432 videtur
2145 1402 2234 1431 rec·

1189 1459 1235 1497 te
1250 1456 1479 1507 explicasse
1498 1459 1642 1494 noster
1660 1453 1848 1494 Pontifex
1857 1455 1938 1494 illis
1951 1454 2111 1494 verbis:
2144 1454 2233 1494 Ver-

1192 1518 1283 1559 bum
1294 1518 1371 1558 Dei
1382 1516 1643 1569 proedicaudi,
1651 1518 1908 1570 proponendi,
1922 1521 1959 1558 et
1967 1516 2100 1570 interp
2105 1519 2233 1555 retan-

1191 1581 1251 1628 di,
1267 1590 1316 1620 ae
1342 1591 1407 1620 eos
1424 1579 1534 1621 viam
1551 1579 1739 1619 veritatis
1758 1579 1955 1627 edocendi,
1978 1582 2057 1618 etc.
2078 1578 2234 1623 Quibus

1190 1641 1449 1693 significatur
1481 1644 1583 1679 tunc
1615 1640 1798 1691 aliquem
1831 1652 2026 1679 exercere
2067 1640 2232 1690 publice

1188 1703 1272 1744 hoc
1287 1715 1456 1750 munus,
1471 1701 1640 1754 quando
1661 1702 1765 1742 illud
1790 1706 1959 1744 exercet
1979 1703 2028 1741 ut
2044 1702 2233 1753 publicus

1193 1765 1339 1805 doctor
1364 1764 1491 1805 totius
1524 1763 1736 1812 Ecclesiae,
1759 1762 1815 1804 de
1847 1775 1935 1816 qua
1962 1763 2117 1803 Paulus
2144 1763 2230 1801 ait:

1197 1827 1395 1874 Quosdam
1414 1826 1571 1880 quidem
1590 1825 1726 1876 posuit
1742 1825 1852 1866 Deus
1865 1826 1912 1866 iu
1923 1825 2111 1866 Ecclesia
2132 1826 2234 1863 Doe-

1191 1891 1314 1935 tores,
1336 1889 1356 1927 1
1376 1887 1433 1927 ad
1449 1886 1632 1926 Corinth.
1655 1887 1721 1934 12,
1742 1890 1784 1925 et
1802 1886 1856 1925 ad
1873 1886 2029 1938 Ephes.
2054 1887 2078 1926 4
2095 1885 2232 1924 addit:

1190 1948 1263 1990 Ad
1282 1949 1658 1990 consummationem
1677 1946 1926 1988 Sanctorum
1957 1949 2005 1989 iu
2032 1958 2129 1998 opus
2157 1946 2234 1985 mi-

1190 2010 1404 2053 nisteriiiu
1414 2009 1719 2057 aedificationem
1728 2009 1908 2061 corporis
1918 2007 2087 2049 Christi.
2099 2009 2235 2056 Quan-

1190 2071 1248 2114 do
1267 2075 1409 2111 autem
1427 2081 1473 2110 se
1491 2073 1608 2121 gerat
1628 2070 1719 2120 quis
1738 2074 1785 2108 ιιι
1815 2069 2006 2120 publicus
2026 2069 2172 2108 doctor
2190 2069 2234 2106 in

1192 2143 1270 2173 suo
1288 2142 1497 2176 sermone,
1519 2142 1570 2170 ex
1602 2131 1742 2177 modo,
1763 2131 2007 2178 intentione,
2031 2135 2073 2169 et
2092 2129 2234 2181 populi

1194 2194 1507 2240 convocatione,
1525 2191 1646 2232 facile
1660 2192 1799 2243 colligi
1813 2196 1961 2243 potest,
1981 2192 2160 2230 maxime
2175 2196 2235 2230 ta·

1196 2265 1295 2294 men
1315 2266 1365 2294 ex
1382 2254 1572 2302 materia,
1587 2256 1634 2293 ut
1648 2253 1836 2292 Pontifex
1854 2254 2062 2300 indicavit,
2079 2253 2234 2292 scilicet

1195 2316 1294 2366 quia
1304 2315 1474 2355 verbum
1485 2315 1572 2363 Dei,
1582 2315 1695 2366 quod
1710 2319 1913 2366 quantum
1925 2319 1989 2355 εει
2003 2328 2054 2354 ex
2077 2328 2121 2354 se
2148 2326 2233 2353 om-

1194 2388 1295 2418 nem
1313 2377 1545 2417 doctrinam
1560 2388 1722 2416 sacram
1739 2377 2067 2428 comprehendit,
2091 2376 2231 2415 Eccle-

1194 2439 1267 2478 siae
1279 2438 1474 2491 proponit
1489 2442 1531 2478 ει
1546 2438 1856 2489 interpretatur.
1870 2439 1957 2477 Hoc
1972 2451 2071 2490 ergo
2090 2441 2153 2477 est
2162 2437 2232 2476 do-

1194 2511 1291 2540 cere
1307 2511 1360 2539 ex
1375 2500 1509 2539 officio
1520 2499 1702 2550 publico,
1719 2499 1761 2538 id
1779 2504 1856 2547 est,
1874 2504 2075 2551 tanquam
2096 2500 2232 2538 docto·

1196 2560 1537 2612 rempuhlicu1n3
1558 2565 1600 2599 et
1616 2560 1711 2600 ideo
1732 2560 1764 2598 si
1777 2561 1871 2611 quis
1881 2562 2077 2612 loquatur
2090 2561 2142 2599 de
2163 2572 2233 2610 pe-

1197 2621 1341 2661 culiari
1366 2622 1507 2672 aliquo
1525 2633 1639 2668 casu,
1663 2622 1780 2672 quasi
1795 2623 2033 2670 consulens,
2055 2622 2121 2660 vel
2141 2626 2234 2660 tan-

1195 2694 1322 2734 quam
1337 2682 1539 2722 inducens
1558 2683 1612 2721 ad
1627 2683 1784 2734 aliquid
1800 2683 2026 2734 agendum,
2040 2695 2125 2722 non
2139 2694 2234 2721 cen·

1196 2749 1312 2784 setur
1330 2744 1495 2795 publice
1520 2743 1671 2783 docere
1694 2745 1735 2782 in
1767 2745 1973 2793 Ecclesia,
1998 2744 2160 2783 etiamsi
2181 2744 2235 2783 ad

1194 2810 1326 2847 totam
1348 2806 1574 2846 Ecclesiam
1591 2806 1817 2857 loquatur3
1851 2810 1894 2846 et
1919 2807 1970 2849 in
1994 2806 2078 2846 hoc
2106 2818 2235 2850 sensu

1194 2868 1359 2910 locutus
1379 2872 1443 2909 est
1458 2868 1695 2920 CajetanuS,
1718 2870 1760 2908 et
1775 2869 1906 2908 recte.

1513 2966 1740 3012 observatio
1760 2971 1911 3010 octava.

1249 3051 1319 3093 34.
1341 3050 1463 3100 Quem
1477 3052 1596 3102 finem
1614 3051 1691 3091 sibi
1705 3053 1896 3104 proponit
1915 3054 2235 3093 concionator.-

1198 3114 1350 3154 Octavo
1370 3111 1532 3163 attingit
1548 3112 1734 3151 Pontifex
1754 3113 1925 3152 modum
1946 3125 2071 3163 quem
2092 3125 2236 3164 opera-

1200 3175 1250 3215 rii
1277 3173 1491 3214 Societatis
1517 3173 1560 3212 in
1591 3174 1957 3225 praedicationibus
1979 3175 2063 3213 suis
2096 3175 2234 3214 obser-

1197 3248 1296 3277 vare
1316 3235 1486 3284 debent,
1503 3234 1674 3275 dicens:
1699 3235 1865 3279 Verbum
1877 3236 1954 3276 Dei
1969 3235 2232 3287 praedicandi,

1195 3298 1464 3352 proponendi,
1491 3300 1529 3338 et
1550 3298 1857 3349 interpretandi,
1881 3308 1928 3337 ae
1949 3309 2014 3337 eos
2039 3295 2144 3336 eiam
2173 3306 2234 3335 ve-

1198 3360 1341 3401 ritatis
1360 3358 1554 3406 edocendi,
1571 3359 1677 3399 etad
1690 3359 1793 3406 bene,
1815 3359 1992 3409 beateque
2010 3350 2237 3405 vivendum‚'

1199 3422 1264 3463 ita
1286 3424 1333 3462 ut
1350 3423 1396 3463 iu
1411 3420 1520 3463 vobis
1536 3421 1648 3460 verbo
1664 3420 1841 3471 pariter,
1862 3422 1898 3459 et
1921 3417 2091 3466 exemplo
2110 3417 2234 3468 aedifi-

1200 3485 1340 3525 centur
1364 3482 1410 3523 iu
1439 3481 1608 3524 Domino
1640 3481 1826 3522 hortandi
1857 3483 1893 3520 et
1914 3476 2156 3518 admouendi.
2191 3478 2233 3520 in

1199 3543 1353 3594 quibus
1370 3543 1508 3582 verbis
1525 3542 1608 3582 duo
1633 3541 1914 3584 insinuantur,
1940 3537 2108 3586 scilicet,
2128 3541 2171 3580 et
2186 3539 2231 3579 fi-

1200 3605 1268 3645 nis
1282 3602 1600 3657 praedicationis‚
1615 3605 1658 3643 ει
1672 3600 1870 3647 actiones
1891 3609 1967 3640 seu
1981 3599 2122 3640 media
2139 3601 2233 3652 qui-
