2352 3880
443 269 535 305 mv.
555 268 611 304 tv.
635 267 692 303 AN
711 265 968 301 nummisma:
987 262 1128 299 vomu
1148 263 1205 299 At>
1226 264 1401 298 summm
1421 262 1676 304 Portunum,
1698 261 1789 298 mc.

52 349 116 386 ‚aa
131 348 221 391 quae
240 337 281 376 in
303 334 429 376 Bullis
450 332 667 373 Pontificiis
695 330 973 378 continentur,
993 325 1090 380 quia

50 400 142 447 *mh
171 397 250 439 illis
281 396 516 436 institutum
535 392 790 445 approbatur
808 395 850 430 et
870 390 1090 430 confirma-

41 464 144 510 amr,
157 459 364 512 praecipue
383 457 496 508 quia,
517 456 560 494 in
589 454 763 505 septima
794 456 912 502 parte
932 449 1090 492 Consti-

63 522 282 568 sationum,
295 531 387 571 cap.
404 521 444 567 1,
461 517 487 569 ξ
500 518 540 565 1,
553 514 701 555 eodem
715 512 839 552 modo
857 513 1090 553 declaratur

59 585 147 625 «tota
174 580 349 620 intentio
379 579 505 629 hujus
534 576 646 623 voti,
685 574 862 622 scilicet,
891 579 938 614 ut
959 574 1011 614 sit
1038 572 1094 614 ad

59 643 288 687 animarum
318 640 519 682 auxilium
528 653 546 685 ;
574 637 626 676 de
646 635 726 675 hoc
748 647 847 687 ergo
882 636 994 675 cultu
1018 634 1092 674 Dei

64 708 106 746 et
122 704 230 743 bono
246 700 459 752 religionis
477 698 716 739 Christianae
732 697 813 736 alia
832 697 959 738 verba
973 695 1091 736 intel-

63 765 226 818 ligenda
248 767 358 802 sunt.

114 827 153 867 8.
184 825 380 866 Extensio
398 822 497 865 dicti
518 822 631 874 finis.
647 845 697 854 --
714 822 977 873 Quamquam
1007 831 1092 861 om·

62 889 125 930 nis
144 887 250 926 alius
269 886 402 925 cultus
420 885 490 925 Dei
509 884 637 937 possit
656 884 709 924 ad
727 884 838 923 hunc
854 883 995 930 finem,
1013 881 1094 922 sal·

62 954 146 991 tem
179 947 378 987 indirecte
414 951 455 986 et
491 951 664 992 remote,
698 945 893 990 ordinari,
926 942 1093 996 proprie

62 1015 201 1052 tamen
222 1014 263 1049 et
281 1010 436 1049 directe
458 1009 535 1048 sub
551 1009 620 1048 illo
634 1008 718 1047 fine
735 1005 1094 1058 comprehendun-

64 1077 130 1114 tur
162 1083 307 1111 omnes
336 1072 520 1111 actiones
549 1069 841 1110 misericordia),
872 1066 1095 1118 spiritualis

64 1134 169 1175 circa
205 1134 456 1185 proximum,
486 1137 530 1171 ut
565 1135 660 1171 sunt
694 1140 916 1182 procurare
947 1138 1095 1179 pacem

63 1196 170 1236 inter
198 1195 407 1246 principes
437 1193 705 1240 dissidentes,
727 1191 948 1230 subvenire
982 1189 1097 1229 labo-

64 1257 247 1298 rantibus
269 1257 310 1295 in
330 1266 593 1307 quocumque
612 1254 762 1292 animae
795 1251 1004 1303 periculo,
1033 1262 1096 1290 se-

65 1320 222 1358 minare
240 1317 382 1366 fidem,
416 1321 457 1356 et
487 1317 679 1355 resistere
706 1314 929 1361 haereticis,
948 1323 1096 1364 juvare

66 1379 293 1420 Catholicos
329 1390 593 1430 quocumque
631 1376 833 1428 spirituali
867 1375 1095 1415 ministerio

65 1441 262 1481 doctrinae
277 1445 347 1480 aut
358 1441 733 1479 Sacramentorum.
749 1438 942 1477 Actiones
958 1439 1098 1475 autem

66 1503 352 1544 misericordiae
369 1502 608 1553 corporalis,
630 1505 674 1540 ut
693 1503 788 1539 sunt
809 1499 1011 1538 redimere
1035 1510 1099 1536 ca-

65 1567 212 1618 ptivos,
227 1565 292 1604 vel
306 1565 476 1611 similes,
494 1564 591 1602 licet
605 1575 690 1601 non
709 1562 927 1600 videantur
943 1560 1101 1599 directe

67 1627 144 1666 suh
167 1628 245 1665 hoc
262 1630 356 1664 voto
385 1626 710 1675 comprehensae,
731 1623 763 1661 si
785 1627 924 1661 tamen
952 1622 1032 1660 sint
1051 1632 1102 1660 ex

67 1689 146 1736 his,
166 1701 256 1739 quae
275 1687 447 1726 clericos
467 1687 631 1733 decent,
650 1697 734 1724 non
754 1684 945 1723 videntur
963 1683 1102 1722 exclu-

69 1751 134 1797 di,
156 1750 252 1800 quia
273 1760 420 1787 omnes
455 1751 629 1799 possunt
653 1746 707 1784 ad
732 1745 985 1796 spiritualem
1007 1756 1102 1794 pro-

68 1811 223 1851 fectum
256 1809 452 1858 ordinari,
486 1809 592 1847 sicut
623 1820 694 1846 eas
728 1807 853 1845 etiam
890 1806 1103 1846 Societatis

67 1873 299 1912 institutum
321 1870 597 1921 amplectitur.
617 1869 812 1907 Actiones
831 1879 930 1905 vero
961 1867 1104 1905 defen-

69 1933 192 1973 dendi
227 1933 474 1977 Ecclesiam,
512 1930 578 1968 vel
611 1928 830 1968 resiste-ndi
867 1926 1104 1965 infidelibus

68 2007 144 2048 per
162 2006 278 2034 arma
300 1997 340 2032 et
359 1992 483 2039 bella,
503 1992 601 2030 licet
621 1991 702 2029 sint
722 2002 849 2040 opera
876 1989 1102 2036 charitatis,

70 2068 153 2096 non
185 2058 325 2094 tamen
348 2054 556 2105 pertinent
586 2052 639 2090 ad
669 2051 920 2094 sacerdotes,
945 2054 985 2088 et.
1011 2050 1104 2089 ideo

69 2119 226 2158 clarum
261 2121 323 2156 est
359 2117 424 2154 hic
456 2127 540 2154 non
569 2113 885 2165 comprehendi,
918 2113 1106 2163 quamvis

71 2180 123 2219 ab
139 2179 203 2218 his
220 2178 485 2217 missionibus
506 2188 591 2215 non
609 2175 883 2214 excludantur
903 2174 998 2220 illae,
1014 2185 1107 2223 quae

70 2242 191 2289 fiunt,
226 2241 313 2279 sive
340 2240 385 2278 in
407 2243 541 2285 terra,
574 2237 659 2276 sive
680 2237 722 2274 in
743 2236 846 2273 mari
871 2235 935 2284 adj
946 2234 1107 2273 uvando

73 2303 327 2343 Christianos
346 2300 510 2344 milites,
530 2302 571 2337 et
590 2298 717 2337 duces
736 2309 811 2348 pro
832 2296 1014 2335 Ecclesia
1032 2296 1109 2334 mi-

74 2365 264 2410 litantes3
303 2373 401 2401 nam
435 2362 523 2400 haec
547 2359 788 2398 immediate
818 2359 1026 2409 pertinent
1055 2358 1110 2398 ad

73 2426 201 2466 finem
232 2422 488 2475 spiritualem
513 2421 684 2472 juvandi
708 2420 869 2459 animas
904 2420 1105 2467 fidelium,

74 2491 117 2528 et
133 2486 320 2526 ultimate
341 2483 586 2522 ordinantur
605 2482 659 2521 ad
684 2493 830 2532 pacem
845 2511 856 2529 ,
881 2485 920 2520 et
940 2481 1110 2520 univer-

75 2549 161 2589 sale
196 2547 407 2598 spirituale
442 2544 565 2583 totius
599 2543 806 2582 Ecclesiae.
847 2543 934 2581 Nec
971 2542 1110 2582 obstat

76 2608 188 2662 quod
206 2605 431 2646 materialis
451 2604 610 2656 gladius
630 2603 903 2650 interveniat,
926 2615 1021 2642 cum
1041 2603 1109 2642 ille

76 2681 160 2712 non
178 2680 250 2722 per
267 2667 484 2719 religiosos
502 2667 631 2718 ipsos,
654 2665 729 2707 sed
746 2677 822 2717 per
839 2664 991 2706 milites
1007 2669 1111 2705 trac-

77 2733 227 2775 tandus
248 2732 316 2770 sit.

130 2796 170 2835 9.
198 2790 385 2835 Collectz‘o
408 2793 603 2833 dictorum
630 2791 676 2832 de
693 2790 864 2830 materia
892 2793 930 2831 et
947 2790 1027 2840 fine
1043 2789 1117 2830 hu—

74 2855 146 2910 §us
162 2856 259 2896 voti.
276 2856 480 2905 —Atque
501 2854 597 2892 hinc
624 2853 665 2891 in
702 2864 864 2891 summa
894 2852 1111 2900 concludo,

81 2918 158 2957 sub
178 2917 351 2956 materia
383 2916 507 2967 hujus
535 2915 620 2954 voti
647 2913 944 2964 comprehendi
973 2914 1119 2953 omnia.

82 2979 306 3030 spiritualia
321 2977 563 3024 ministeria,
580 2987 672 3027 quae
689 2976 871 3016 Societas
892 2975 999 3014 circa
1020 2988 1115 3027 pro-

78 3017 212 3080 lzimos
233 3044 421 3086 exercet;
443 3050 541 3077 nam
561 3038 615 3076 ad
635 3037 775 3076 omnia
794 3037 863 3075 illa
886 3041 1021 3088 potest
1037 3049 1114 3076 nos

83 3100 270 3142 Pontifex
297 3102 458 3140 mittere
486 3110 751 3151 quocumque
790 3098 903 3138 velit.
937 3099 987 3138 Et
1017 3100 1115 3150 quia

83 3163 162 3203 sub
193 3162 376 3202 missione
398 3161 466 3214 (ut
484 3173 528 3200 n.
561 3162 588 3200 4
614 3161 822 3209 diximus)
844 3161 1116 3210 comprehen-

83 3223 195 3264 ditur
215 3222 431 3262 existentia
451 3233 526 3261 seu
543 3222 768 3262 residentia
788 3221 833 3259 in
854 3220 992 3271 aliquo
1006 3221 1114 3271 loco,

86 3284 249 3326 etiamsi
267 3283 454 3323 Pontifex
488 3294 537 3322 eo
569 3296 652 3322 non
682 3295 750 3322 me
771 3282 955 3329 miserit,
983 3287 1117 3333 potest

70 3347 187 3387 -mihi
206 3345 430 3398 praecipere
450 3348 494 3383 ut
511 3344 568 3383 ibi
588 3346 822 3393 concioner,
845 3344 1034 3391 doceam,
1051 3346 1118 3385 vel

79 3407 201 3449 ,aliud
232 3405 366 3445 simile
397 3404 671 3444 ministerium
703 3417 901 3457 peragam
920 3435 932 3454 ,
961 3405 1057 3456 quia
1083 3407 1117 3446 si

85 3479 140 3510 -οο
165 3468 209 3507 in
233 3468 324 3507 loco
343 3478 428 3505 non
448 3477 597 3514 essem,
615 3471 752 3516 posset
779 3478 846 3506 me
864 3467 936 3506 illo
955 3467 1117 3507 mittere

22 3568 25 3570 .
87 3529 135 3571 in
157 3529 268 3569 hunc
285 3528 411 3568 finem
423 3538 438 3578 ;
460 3539 559 3578 ergo
583 3527 678 3566 licet
697 3527 844 3576 adsim,
865 3532 1001 3579 potest
1018 3540 1122 3579 prae-

93 3589 228 3641 cipere
257 3593 303 3629 ut
330 3600 627 3641 permaneam,
663 3590 704 3626 et
736 3588 818 3627 tale
845 3588 1119 3630 ministerium

91 3661 310 3691 exerceam
317 3663 332 3699 ;
351 3653 395 3690 et
410 3649 468 3690 ita
485 3649 530 3690 in
559 3648 718 3703 rigore,
748 3652 791 3688 et
810 3648 899 3688 sine
930 3648 1012 3690 alia
1036 3661 1120 3692 res-

2087 254 2171 295 ‘857

1144 326 1350 377 frictione,
1381 337 1527 366 verum
1559 330 1623 366 est
1655 325 1768 378 quod
1798 324 1843 365 in
1864 322 1992 364 Bullis
2011 321 2172 371 dicitur,

1144 387 1224 428 hoc
1255 393 1350 427 voto
1383 398 1461 426 uos
1491 387 1679 438 astringi,
1708 390 1755 428 ut
1785 386 1979 439 quidquid
2005 383 2175 427 Romam·

1144 448 1380 498 Pontifices,
1410 459 1486 500 pro
1517 451 1689 499 temporo
1707 447 1930 496 existentes,
1954 444 2176 498 jusserint,

1144 512 1198 552 ad
1211 513 1433 564 profectum
1445 511 1675 549 animarum
1693 513 1729 548 et
1743 508 1837 557 fidei
1848 508 2177 561 propayationem

1142 573 1361 624 pertinens,
1380 570 1531 622 exequi
1548 572 1780 610 teneamur.
1802 569 1921 615 Quod
1945 570 1980 609 si
2004 569 2177 610 dubium

1144 634 1359 681 inciderit,
1389 644 1446 672 an
1476 631 1559 672 tale
1590 630 1867 670 ministerium
1903 630 1983 670 hoc
2017 631 2107 670 loco
2137 632 2177 670 et

1143 699 1332 747 tempore
1361 694 1567 746 pertineat
1590 692 1647 734 ad
1674 691 1905 743 profectum
1927 692 2177 739 animarum,

1143 757 1209 797 vel
1225 758 1259 796 si
1276 757 1411 796 solum
1431 755 1486 794 ad
1512 753 1788 805 temporalem
1807 751 1874 791 vel
1894 752 2054 791 civilem
2075 751 2179 790 utili-

1144 823 1274 858 tatem
1294 819 1592 870 proximorum,
1618 819 1664 855 ut
1685 815 1835 853 docere
1855 812 1922 851 hic
1942 812 2181 863 grammati·-

1147 892 1240 921 c-am
1255 880 1321 919 vel
1340 878 1667 931 philosophiam,
1696 877 1787 928 ejus
1805 875 1867 914 rei
1880 874 2085 925 judicium
2107 885 2180 924 pe-

1146 955 1223 982 nes
1239 943 1455 982 Summum
1475 939 1717 979 Pontificem
1741 938 1830 977 sine
1851 935 1977 975 dubio
1996 935 2180 974 futurum

1149 1008 1235 1051 est;
1255 1003 1298 1043 id
1317 1003 1427 1041 enim
1447 1002 1573 1048 ratio,
1596 1000 1708 1051 quod
1730 1000 1774 1038 in
1794 997 1931 1038 dubiis
1949 1008 2024 1048 pro
2056 997 2185 1047 Supe-⁴⁴

1148 1067 1259 1106 riore
1290 1064 1486 1104 standum
1515 1063 1582 1109 sit,
1615 1061 1822 1113 postulat3
1861 1063 1903 1100 et
1931 1058 2058 1098 verba
2079 1058 2182 1108 ipsa,

1151 1128 1301 1180 quibus
1330 1126 1505 1165 materia
1540 1124 1663 1176 hujus
1701 1123 1783 1162 voti
1810 1121 2053 1177 explicatur,
2072 1119 2186 1160 idem

1151 1191 1249 1230 satis
1267 1189 1463 1229 indicant.

1203 1254 1268 1296 10.
1300 1253 1448 1293 Prima
1482 1249 1789 1292 circumstantia
1816 1247 2030 1300 explicatae
2060 1247 2187 1287 mate-

1149 1317 1241 1365 rioe,
1278 1326 1359 1356 non
1390 1315 1590 1366 requirere
1625 1314 1831 1353 viaticum.
1853 1333 1907 1341 —
1931 1309 2117 1349 Tandem
2137 1306 2191 1347 ad

1151 1378 1370 1420 materiam
1398 1377 1523 1427 hujus
1543 1375 1626 1414 voti
1644 1378 1832 1425 spectant
1852 1373 1999 1423 aliquae
2018 1371 2192 1410 circum-

1112 1486 1125 1496 ,
1155 1440 1314 1479 stantiae
1348 1437 1599 1489 gravissimae
1612 1466 1624 1485 ,
1646 1440 1687 1475 et
1709 1448 1792 1474 non
1812 1446 1958 1486 parum
1988 1431 2189 1471 difficiles.

1156 1502 1291 1542 Prima
1321 1504 1396 1547 est,
1419 1504 1478 1548 ut,
1505 1510 1596 1537 cum
1628 1499 1846 1538 mittuntur
1868 1495 2063 1548 professi,
2080 1493 2194 1533 nullo

1158 1567 1372 1614 expectato
1407 1565 1479 1600 aut
1509 1561 1636 1612 petito
1667 1561 1829 1605 viatico,
1868 1560 1928 1598 ire
1954 1559 2191 1596 teneantur.

1158 1626 1253 1664 Haec
1282 1623 1462 1664 conditio
1495 1623 1603 1661 inter
1630 1634 1700 1661 eas
1724 1633 1816 1672 quae
1848 1620 1902 1659 ad
1930 1623 2072 1657 votum
2092 1628 2195 1667 pau-

1158 1687 1329 1738 pertatis
1356 1687 1565 1735 spectant,
1591 1684 1774 1734 ponitur,
1810 1686 1924 1721 sexta
1944 1684 2060 1732 parte
2089 1678 2197 1718 Con—

1161 1748 1432 1791 stitutionum,
1452 1758 1486 1783 c.
1504 1746 1544 1790 2,
1561 1744 1584 1795 ξ
1603 1747 1653 1783 13
1673 1756 1682 1783 :
1706 1745 1868 1791 Quando
1883 1742 2076 1783 Summus
2093 1740 2202 1780 Pon-z

1159 1812 1262 1858 tifex
1281 1807 1453 1861 (dicitur
1483 1806 1556 1857 ibi)
1584 1807 1643 1845 vet
1677 1806 1876 1858 Superior
1901 1805 2110 1856 professos
2140 1799 2198 1839 vet

1160 1871 1405 1921 coadjutores
1443 1869 1496 1908 ad
1525 1868 1785 1907 laborandum
1817 1865 1859 1904 in
1892 1865 2007 1904 vinea
2035 1861 2199 1903 Domini

1159 1932 1308 1977 mittet,
1326 1930 1479 1969 nullum
1499 1931 1691 1969 viaticum
1715 1931 1845 1979 petere
1862 1926 2036 1977 possint,
2057 1924 2125 1964 sed
2149 1923 2200 1962 li-

1160 1993 1346 2032 beraliter
1364 1994 1645 2040 repraesentent
1664 1994 1708 2029 ut
1726 1991 1960 2035 mittantur,
1978 1990 2098 2038 prout
2115 1985 2202 2024 illis

1162 2054 1222 2106 (id
1238 2057 1314 2101 est,
1334 2050 1615 2103 mittentibus)
1638 2052 1690 2091 ad
1716 2051 1908 2101 majorem
1930 2048 2003 2087 Dei
2028 2048 2200 2098 ylorz'am

1161 2119 1249 2165 fore
1276 2115 1488 2154 videbitur.
1520 2115 1569 2152 Et
1606 2113 1773 2151 additur
1809 2112 1851 2149 in
1887 2109 2205 2158 declaratione:

1162 2179 1217 2218 Id
1243 2181 1300 2217 est
1320 2177 1496 2227 pedites,
1517 2176 1576 2214 vet
1603 2176 1774 2225 equitem
1794 2186 1881 2213 cum
1907 2172 2089 2224 pecuniis
2109 2200 2120 2218 ,
2145 2169 2205 2210 vel

1161 2242 1247 2279 sine
1266 2239 1369 2284 illis,
1394 2241 1471 2275 etc.
1489 2236 1604 2278 Unde
1626 2236 1789 2274 videtur
1810 2236 1898 2272 haec
1917 2232 2129 2283 obligatio,
2153 2243 2200 2270 ex

1162 2312 1214 2340 ea
1234 2304 1350 2351 parte
1373 2310 1455 2350 qua
1474 2298 1641 2349 respicit
1659 2300 1963 2348 pamel-tatem,
1987 2294 2040 2333 ad
2060 2296 2200 2333 votum

1164 2363 1273 2402 illius
1300 2362 1523 2412 pertinere.
1554 2360 1829 2399 Nihilominus
1854 2362 2019 2402 tamen,
2041 2358 2088 2395 ut
2114 2367 2204 2406 per-

1164 2426 1267 2464 tinet
1296 2424 1349 2462 ad
1378 2422 1709 2462 circumstantias
1730 2426 1770 2460 et
1790 2420 1960 2459 modum
1979 2418 2202 2466 missionis,

1163 2486 1274 2526 cadit
1300 2485 1423 2524 etiam
1443 2484 1520 2522 sub
1539 2487 1681 2522 votum
1701 2483 1973 2529 missionum3
1995 2491 2073 2519 nec
2092 2479 2202 2518 enim

1164 2552 1224 2587 est
1250 2546 1547 2586 inconveniens
1571 2549 1614 2584 ut
1637 2544 1785 2583 eadem
1820 2555 1887 2583 res
1921 2543 1998 2582 sub
2030 2541 2203 2581 diversis

1164 2609 1394 2649 rationibus
1411 2607 1532 2646 cadat
1552 2607 1629 2645 sub
1651 2606 1814 2645 diversa
1833 2609 1942 2651 vota,
1959 2605 2064 2642 sicut
2079 2603 2205 2641 etiam

1166 2671 1244 2710 sub
1264 2670 1424 2709 diversa
1457 2672 1677 2719 praecepta.
1713 2667 1761 2706 Et
1783 2667 1838 2705 ita
1859 2666 1902 2704 in
1924 2677 2016 2715 cap.
2048 2666 2067 2703 1
2099 2665 2203 2702 Exa-

1166 2733 1305 2781 minis,
1326 2731 1350 2783 g
1370 2732 1409 2778 5,
1427 2730 1478 2769 de
1501 2730 1702 2770 Societate
1724 2728 1910 2780 professa
1931 2726 2079 2765 dicitur
2095 2738 2103 2764 :
2120 2724 2202 2765 Fa-

1167 2794 1222 2835 cit
1239 2798 1370 2834 votum
1395 2804 1648 2844 expressum,
1673 2795 1768 2839 etc„
1790 2791 1844 2831 ad
1858 2788 2201 2841 proficiscendum,

1169 2860 1246 2896 etc.
1261 2885 1271 2902 ,
1308 2866 1393 2893 non
1429 2853 1555 2904 petito
1591 2853 1763 2899 viatico;
1803 2855 1844 2891 et
1878 2850 2051 2902 septima
2086 2852 2204 2900 parte

1168 2915 1531 2964 Constitutionum,
1554 2926 1589 2954 c.
1613 2917 1651 2962 1,
1675 2914 1744 2952 ubi
1764 2916 1907 2952 votum
1927 2913 2004 2950 hoc
2037 2910 2205 2961 copiose

1168 2978 1360 3025 traditur,
1382 2977 1424 3014 in
1444 2976 1467 3027 ἓ
1489 2977 1513 3015 3
1529 3006 1538 3023 ,
1567 2976 1653 3014 haec
1674 2974 1854 3014 conditio
1871 2978 2072 3024 tanquam
2096 2971 2206 3010 illius

1169 3039 1336 3091 propria
1368 3038 1611 3077 declaratur.
1650 3037 1849 3083 Quocirca
1882 3036 1951 3087 qui
1990 3034 2206 3074 occasione

1169 3101 1320 3147 viatici,
1342 3100 1408 3138 vel
1442 3111 1493 3138 ex
1515 3099 1663 3137 timore
1685 3097 1943 3149 indigentiae,
1966 3096 2207 3135 missionem

1170 3164 1442 3209 detrectaret,
1466 3165 1610 3201 contra
1629 3161 1709 3200 hoc
1729 3165 1872 3200 votum
1895 3159 2050 3198 directe
2079 3157 2207 3196 delin-

1171 3228 1333 3276 queret,
1356 3224 1453 3274 quia
1472 3227 1595 3262 vovet
1615 3222 1896 3262 obedientiam
1924 3221 2031 3260 circa
2050 3218 2207 3259 missio-

1170 3298 1269 3334 nes,
1298 3286 1417 3337 juxta
1439 3285 1761 3336 Constitutiones
1783 3288 1823 3322 et
1852 3283 2007 3330 Bullas,
2029 3291 2121 3332 quae
2151 3278 2207 3316 ita

1172 3348 1391 3388 materiam
1415 3347 1540 3398 hujus
1565 3346 1648 3385 voti
1684 3345 1913 3385 declarant.
1937 3341 2054 3384 Unde
2084 3340 2208 3378 etiam

1172 3408 1220 3448 fit
1239 3412 1384 3448 utnon
1407 3408 1542 3447 solum
1568 3407 1653 3456 ire,
1674 3406 1748 3446 sed
1771 3407 1895 3446 etiam
1916 3402 2098 3442 residere
2118 3397 2210 3437 ubi-

1173 3482 1255 3521 que
1274 3470 1462 3510 locornm
1481 3469 1662 3508 debeant
1681 3467 1870 3519 professi,
1892 3475 1975 3502 non
1994 3461 2210 3511 expectato

1172 3532 1336 3580 viatico,
1364 3543 1442 3571 nec
1467 3531 1651 3570 subsidio
1681 3541 1706 3568 a
1735 3526 1947 3571 Pontifice‚
1970 3521 2044 3561 sed
2062 3534 2087 3560 a
2107 3523 2210 3572 Deo,

1173 3596 1218 3632 et
1230 3593 1395 3644 piorum
1418 3591 1711 3642 eleemosynis,
1730 3588 1882 3639 quibus
1899 3583 2124 3624 sustentari
2142 3583 2214 3624 de-

1173 3652 1290 3703 bent,
1308 3653 1429 3705 juxta
1445 3653 1737 3704 paupertatem
1756 3657 1885 3699 quam
1903 3643 2167 3699 profitentur.
