2352 3880
212 285 307 322 vota
325 280 462 332 aliquo
479 279 601 318 modo
619 278 805 327 diversa,
823 278 888 318 vel
918 291 993 331 per
1018 279 1245 325 ministeria

211 342 264 382 ad
285 353 376 392 quae
410 340 595 391 proxime
621 339 714 378 talis
735 352 1000 391 personarum
1023 345 1150 380 status
1177 353 1243 380 or-

212 403 401 450 dinatur3
432 405 474 441 et
502 405 677 452 utroque
708 401 830 440 modo
857 405 938 440 tres
965 406 1126 441 tantum
1147 406 1244 442 sunt

213 462 376 502 ordines
395 474 678 514 personarum.
701 462 829 502 Priori
846 463 965 501 modo
987 463 1244 514 distinguun-

214 526 283 563 tur
297 524 341 563 in
367 524 565 564 Societate
591 525 791 565 scholares
813 525 1039 577 approbati,
1073 525 1243 574 formali

213 586 484 636 coadjutores,
517 590 554 626 et
581 588 787 638 professi;
813 598 909 625 nam
931 585 976 624 hi
1002 598 1144 625 omnes
1171 586 1242 625 ha-

210 646 311 687 bent
333 647 441 686 inter
470 659 514 687 se
541 647 813 686 differentiam
835 647 879 686 in
912 647 1033 686 modo
1052 651 1241 686 votorum

210 721 257 750 ac
275 710 430 749 vinculi
449 722 544 749 cum
570 710 768 750 Societate
778 739 791 758 ,
810 714 857 748 ut
875 711 971 748 satis
993 708 1239 759 explicatum

209 775 270 811 est
297 771 368 811 lib.
402 773 536 819 tertio,
558 778 670 810 sexto
705 779 746 810 et
772 771 815 809 in
849 770 925 808 hoo
955 770 1143 820 septimo,
1164 781 1240 808 nec

208 824 366 886 oportet
392 846 541 885 augere
566 834 672 872 hanc
691 833 951 884 partitionem
980 836 1147 883 propter
1173 843 1240 871 co·

207 896 412 948 adjutores
430 896 686 946 temporales,
707 893 771 931 vel
790 892 1034 943 spirituales,
1060 893 1155 943 quia
1178 892 1239 932 illi

205 969 348 999 omnes
377 957 507 1009 quoad
526 960 620 994 vota
639 954 825 993 eamdem
847 955 1050 993 rationem
1067 954 1236 1002 habent,

206 1019 269 1059 vel
296 1020 403 1057 inter
422 1030 478 1065 se,
498 1029 589 1055 cum
610 1016 774 1054 formati
794 1020 904 1065 sunt,
926 1016 991 1054 vel
1010 1029 1104 1054 cum
1125 1016 1239 1054 scho-

204 1079 372 1126 laribus,
395 1078 558 1129 quando
576 1078 651 1115 sim
660 1077 817 1127 pliciter
832 1081 920 1128 post
933 1077 1147 1116 biennium
1167 1076 1238 1115 ad·

204 1141 438 1180 mittuntur.
475 1140 522 1177 Et
541 1138 597 1176 ita
614 1138 750 1189 quoad
769 1137 847 1176 hoc
869 1138 1175 1189 aequiparautur
1193 1138 1237 1177 in

203 1206 347 1253 quarta
374 1200 726 1250 Congregatioue,
759 1211 850 1238 can.
872 1201 892 1238 1
913 1228 924 1246 ‚
947 1204 988 1238 et
1013 1211 1086 1238 suo
1112 1200 1237 1238 etiam

202 1261 341 1310 mod0‚
356 1262 399 1300 in
414 1262 587 1312 septima
604 1260 944 1312 Congregatione,
962 1273 1052 1299 can.
1071 1261 1135 1300 23.
1157 1261 1237 1300 Un-

203 1322 253 1362 de
288 1323 436 1361 elarius
470 1322 854 1373 comprehendendo
887 1334 1029 1360 omnes
1041 1351 1053 1370 ‚
1084 1321 1237 1362 schola-

202 1385 309 1424 rz‘um
328 1384 495 1422 nomine
512 1383 685 1430 sublato,
707 1383 840 1421 dicere
861 1394 1075 1432 possumus
1102 1382 1147 1420 in
1166 1383 1238 1420 So-

203 1446 347 1485 cietate
370 1446 471 1483 alios
502 1457 587 1484 esse
608 1445 819 1494 religiosos
851 1444 1089 1495 approbatos
1105 1474 1116 1491 ‚
1137 1443 1238 1482 alios

202 1509 415 1556 formatos,
450 1506 550 1545 alios
579 1508 799 1557 professos,
836 1505 900 1543 vel
919 1505 1116 1556 quosdam
1152 1517 1238 1544 esse

201 1567 412 1619 religiosos
434 1568 601 1618 quidem
621 1566 958 1612 substantialiter,
979 1566 1163 1605 nondum
1178 1571 1239 1606 ta-

201 1641 297 1669 men
316 1631 359 1668 in
375 1629 521 1668 ultimo
535 1630 713 1668 termino
731 1629 992 1676 constitutos3
1009 1627 1108 1667 alios
1124 1639 1236 1675 vero,

201 1692 273 1744 qui
290 1692 376 1743 jam
396 1695 491 1730 sunt
510 1692 554 1730 in
579 1695 754 1730 termino
774 1690 927 1741 absque
953 1689 1126 1728 solemni
1144 1700 1238 1740 pro-

200 1752 391 1801 fessione,
414 1753 513 1792 alios
532 1763 630 1791 vero
650 1751 863 1802 professos.
889 1751 938 1790 Et
953 1750 1096 1790 eadem
1114 1750 1237 1789 ratio-

200 1825 255 1854 ne
271 1827 354 1854 non
375 1818 537 1866 oportet
555 1813 615 1853 ihi
631 1813 885 1864 distinguere
908 1812 1027 1864 plura
1050 1811 1237 1852 membra

200 1880 368 1929 propter
386 1875 587 1927 professos
602 1876 730 1915 trium
750 1875 816 1915 vel
834 1878 1012 1926 quatuor
1029 1878 1235 1923 votorum,

200 1941 291 1977 tum
327 1939 426 1989 quia
460 1936 630 1988 professi
659 1937 790 1976 trium
817 1940 1009 1975 votorum
1044 1939 1086 1976 et
1116 1934 1236 1986 pauci

201 2002 311 2046 sunt,
333 2002 374 2038 et
393 1998 524 2045 magis
543 2009 595 2036 ex
611 1996 918 2047 dispensatione
931 2008 1056 2047 quam
1079 1995 1236 2047 exlege

201 2059 431 2107 ordinaria3
454 2063 543 2096 tum
570 2057 694 2095 etiam
725 2056 825 2108 quia
858 2056 904 2096 in
935 2056 1059 2096 modo
1083 2056 1239 2097 vinculi

201 2124 274 2160 aut
289 2123 493 2163 votorum,
510 2129 594 2157 non
613 2117 811 2158 differunt
823 2128 846 2156 a
860 2117 1016 2157 caeteris
1030 2116 1234 2168 professis,

201 2180 271 2222 sed
291 2180 422 2220 solum
452 2180 497 2219 in
529 2190 703 2218 numero
731 2182 939 2225 votorum,
968 2181 1010 2218 et
1039 2177 1134 2217 ideo
1162 2177 1237 2217 ali-

201 2242 367 2297 quando
386 2240 793 2293 comprehenduntur
819 2239 895 2280 sub
920 2238 1052 2290 gradu
1083 2238 1236 2291 profes-

201 2316 357 2352 sorum,
382 2308 431 2344 ut
451 2303 597 2355 quinta
615 2306 731 2354 parte
749 2301 1112 2350 constitutionum,
1134 2312 1171 2341 c.
1196 2302 1234 2349 1,

200 2366 263 2408 lit.
280 2366 329 2407 A.

254 2430 294 2468 2.
311 2425 457 2468 Altera
470 2426 646 2468 collectio
661 2436 710 2467 ex
723 2426 964 2467 ministeriis
977 2437 1066 2479 quoe
1080 2426 1236 2468 obeunt.

202 2511 258 2521 -
274 2491 328 2529 At
345 2500 442 2528 vero
461 2487 751 2538 distinguendo
772 2487 845 2526 hos
861 2487 1012 2539 gradus
1029 2499 1081 2527 ex
1099 2487 1239 2528 minis-

202 2551 332 2598 teriis,
351 2554 433 2590 tres
455 2550 579 2588 etiam
601 2549 895 2597 inveniuntur,
916 2548 1078 2588 diverso
1096 2553 1238 2589 tamen

202 2612 326 2653 modo
357 2624 367 2651 :
402 2609 459 2650 sic
496 2610 609 2649 enim
637 2609 884 2649 numerandi
908 2615 1005 2648 sunt
1023 2610 1235 2659 scholares,

202 2674 396 2727 operarii,
414 2677 454 2712 et
471 2673 721 2724 coadjutores
743 2672 992 2722 temporales.
1011 2670 1238 2711 Ministeria

202 2736 315 2777 enim
347 2735 557 2775 Societatis
575 2738 647 2772 aut
665 2733 892 2784 spiritualia
913 2737 1030 2781 sunt,
1049 2738 1122 2772 aut
1152 2744 1237 2772 cor-

202 2797 385 2850 poralia:
407 2796 458 2835 ad
478 2796 563 2834 haec
581 2795 804 2846 posteriora
833 2795 1091 2846 recipiuntur
1120 2793 1236 2834 coad-

202 2859 356 2911 jutores
374 2856 631 2907 temporales.
659 2856 799 2894 Priora
828 2867 924 2894 vero
957 2859 1030 2895 aut
1053 2855 1237 2895 conside-

203 2922 349 2959 rantur
373 2918 417 2956 in
445 2917 600 2968 seipsis,
628 2920 699 2955 aut
723 2916 767 2954 in
783 2916 850 2954 via
871 2920 913 2955 et
939 2916 1236 2967 praeparatione

204 2979 255 3018 ad
274 2978 365 3026 illa;
383 2980 425 3016 in
444 2978 521 3016 hoc
540 2978 717 3016 secundo
737 2976 881 3016 ordine
900 2984 1112 3016 versantur
1127 2979 1237 3018 scho-

204 3038 335 3088 lares,
362 3039 405 3078 in
425 3038 506 3077 alio
527 3050 623 3077 vero
641 3038 790 3088 reliqui
815 3050 957 3077 omnes
976 3039 1046 3089 qui
1070 3042 1156 3089 jam
1187 3051 1238 3078 ex

205 3100 340 3140 officio
366 3104 406 3139 et
428 3103 535 3138 statu
557 3111 631 3138 suo
654 3099 705 3138 ad
725 3099 795 3138 illa
813 3100 1038 3139 exercenda
1056 3100 1238 3140 ministe-

204 3161 267 3202 ria
282 3161 471 3200 destinati
491 3166 601 3208 sunt,
626 3171 728 3211 quos
747 3163 951 3212 operarios
969 3162 1235 3212 appellamus,

205 3227 246 3262 et
261 3222 335 3261 sub
363 3222 443 3260 illis
463 3226 543 3262 tam
567 3222 816 3272 coadjutores
835 3223 1068 3272 spirituales
1089 3226 1241 3271 forma-

205 3287 281 3334 tos,
295 3295 419 3337 quam
431 3284 639 3335 professos
656 3282 783 3324 trium.
801 3283 861 3323 vel
877 3287 1048 3334 quatuor
1063 3287 1242 3324 votorum

1050 3450 1086 3478 1⁷1
1092 3449 1157 3479 NIS
1182 3449 1294 3480 LIBRI
1319 3449 1503 3480 SEPTIMI.

568 214 647 248 Lm.
669 213 738 247 VH.
761 212 816 248 nt:
835 212 1051 248 muressis
1070 214 1200 249 ‘rmum
1219 214 1429 254 vomitum,
1451 213 1505 247 ΕΤ
1526 205 1864 255 coAmUTonumsss
1885 214 1977 252 mc.
1995 199 1997 202 Α
2056 220 2057 223 ’

1988 163 2052 204 '⁴'
2116 155 2221 227 ’ζμ

1895 271 1898 277 ,
2085 259 2088 262 -
2109 230 2236 283 ’ᾖς’ὶ,

1298 278 1698 330 comprehendimus.
1730 279 1782 319 Et
1807 279 1868 320 ita
1891 280 2128 334 intelligunt
2162 285 2165 290 '
2303 298 2312 304 ··

1296 340 1435 379 omnia
1453 352 1546 392 quae
1561 341 1612 379 de
1629 339 1693 379 his
1707 341 1914 392 gradibus,
1929 343 2072 382 tamin
2086 339 2222 386 bullis.
2235 346 2249 375 3-
2292 338 2311 390 *f'

1295 400 1448 448 tificiis,
1464 413 1590 453 quam
1606 401 1653 441 in
1666 401 2031 442 constitutionibus
2046 406 2196 445 nostris
2300 428 2313 432 ’ν

1296 462 1482 503 niuntur.
2248 499 2251 502 .
2294 456 2300 463 ’

1347 523 1389 562 3.
1420 523 1603 566 Varietas
1619 524 1927 575 inoredz'eatium
1943 523 1988 565 in
2006 523 2184 567 Societat
2227 551 2229 555 s
2247 534 2263 566 ··-.
2293 531 2317 568 ᾖ

1295 584 1347 624 Et
1372 585 1538 635 quidem
1560 586 1603 625 in
1621 585 1835 635 Examina,
1855 597 1891 625 c.
1913 586 1935 626 1
1949 615 1962 633 ,
1982 584 2047 638 §7
2066 589 2108 626 et
2123 598 2235 639 sequ
2254 598 2270 618 α
2295 596 2300 618 ε’

1295 645 1386 694 bus,
1419 652 1596 697 quatuor
1613 647 1757 687 classes
1789 658 2056 698 personarum
2084 646 2268 689 Societa

1293 706 1614 756 ingredientium
1645 708 1989 759 distinguuntur:
2015 712 2155 748 tamen
2182 704 2270 750 rev‘*
2298 702 2306 758 ’Δ

1293 779 1376 807 non
1397 768 1562 808 additur
1580 769 1728 820 aliquis
1745 769 1914 820 gradus,
1934 769 2005 809 sed
2024 769 2082 808 ibi
2102 770 2232 821 magis
2254 769 2279 815 ‚23‘

1293 829 1498 880 tinguitur
1536 830 1714 869 intentio
1748 830 1814 871 vel
1844 830 2052 882 dispositio
2089 829 2293 880 ingredi

1293 891 1412 930 tium.
1441 891 1543 929 Nam
1569 891 1778 931 interdum
1805 893 2060 943 recipiuntur
2087 891 2270 933 definite
2303 887 2311 891 ”

1293 953 1473 1003 aliquem
1501 964 1551 992 ex
1571 952 1689 992 dictis
1718 952 1851 992 tribus
1870 952 2084 1004 gradibus,
2107 957 2147 993 et
2170 954 2228 994 ita
2320 997 2321 1001 ,

1292 1014 1541 1062 tinguuntur
1571 1018 1652 1053 tres
1685 1013 1831 1053 classes
1864 1013 2186 1065 ingredientium
2203 1025 2218 1065 3
2258 1009 2288 1058 εἶ
2312 1033 2322 1059 ·,

1292 1076 1456 1126 quando
1487 1087 1585 1114 vero
1623 1075 1879 1126 recipiuntur
1910 1075 2123 1114 indefinite
2149 1075 2202 1114 ad
2230 1085 2321 1117 eu·

1292 1139 1482 1189 gradum,
1502 1138 1573 1187 qui
1593 1138 1802 1190 Superiori
1819 1139 1930 1177 visus
1948 1138 2085 1177 fuerit.
2108 1139 2157 1177 Et
2173 1138 2232 1178 ita
2264 1156 2269 1172 :

1291 1199 1401 1238 ditur
1421 1204 1568 1250 quarta
1597 1200 1735 1240 classis
1751 1229 1764 1248 ,
1794 1211 1886 1251 quae
1905 1203 2075 1239 vocatur
2091 1199 2260 1250 indiffer

1292 1262 1409 1309 tium,
1422 1274 1512 1312 qnae
1527 1274 1609 1301 non
1627 1262 1804 1314 pertinet
1819 1261 1870 1300 ad
1888 1261 2040 1313 gradus
2059 1271 2319 1324 personatu·-

1294 1323 1502 1362 Societatis
1517 1353 1529 1370 ‚
1551 1324 1620 1363 sed
1652 1323 1703 1363 ad
1723 1323 1895 1362 classem
1913 1321 2178 1369 novitiorum,
2199 1326 2245 1361 ut
2265 1321 2323 1377 si&¹

1293 1383 1450 1432 dicam3
1470 1395 1567 1423 narn
1596 1384 1640 1423 in
1661 1385 1720 1423 eis
1739 1384 1834 1423 solis
1851 1387 1982 1435 potest
2006 1395 2090 1424 esse
2109 1383 2244 1423 classis
2258 1382 2321 1428 in}

1293 1445 1570 1484 differentium
1586 1475 1598 1493 ‚
1617 1447 1730 1496 quia,
1747 1445 1909 1496 expleto
1927 1445 2110 1491 biennio,
2133 1434 2337 1498 determi&

1292 1507 1421 1546 nandi
1450 1511 1547 1546 sunt
1576 1518 1718 1546 omnes
1736 1507 1882 1547 saltem
1911 1507 1965 1547 ad
1998 1511 2151 1546 statum
2171 1488 2325 1564 scholaf,

1292 1568 1423 1617 rium,
1453 1569 1520 1607 vel
1549 1569 1834 1618 coadjutorum
1865 1569 2171 1620 temporalium,
2205 1571 2250 1607 ut
2280 1566 2295 1607 i

1292 1634 1439 1682 quarta
1469 1630 1795 1681 Congregatione
1823 1630 2027 1681 generali,
2059 1630 2223 1669 decreto
2254 1629 2280 1669 3
2306 1648 2325 1685 μ

1292 1702 1362 1730 seu
1385 1702 1477 1731 can.
1508 1693 1550 1738 2,
1582 1691 1831 1731 declaratum
1850 1695 1935 1740 est3
1965 1691 2038 1730 ubi
2066 1687 2330 1756 consideran}¹

1291 1752 1392 1793 dum
1411 1756 1487 1801 est,
1505 1752 1631 1793 etiam
1648 1753 1727 1792 hoc
1745 1751 1884 1801 modo,
1899 1751 2139 1804 regulariter
2157 1750 2323 1804 loquens.

1290 1814 1371 1862 do,
1394 1827 1479 1855 non
1516 1827 1632 1867 posse
1667 1814 1865 1866 distingui
1899 1814 1981 1855 nisi
2011 1814 2115 1854 duas
2143 1814 2210 1855 vel
2243 1788 2327 1871 tre}

1291 1875 1450 1925 classes,
1468 1876 1567 1928 quia
1587 1876 1734 1916 novitii
1755 1876 1821 1915 vel
1844 1874 1899 1917 ad
1919 1875 2159 1927 temporalia
2186 1874 2329 1939 minis}

1290 1937 1410 1986 teria,
1425 1939 1492 1977 vel
1508 1938 1558 1977 ad
1574 1936 1804 1989 spiritualia
1820 1937 2098 1989 recipiuntur3
2118 1937 2236 1991 pauci
2253 1939 2329 1978 au*

1289 2002 1375 2039 tem
1394 1999 1652 2051 recipiuntur
1679 2010 1731 2039 ex
1763 2002 1879 2052 parte
1912 1998 2121 2039 Societatis
2147 1983 2352 2062 indeternftg

1290 2060 1438 2100 minati
1456 2060 1563 2100 inter
1587 2060 1677 2100 haec
1694 2060 1777 2101 duo
1795 2059 1997 2108 membra,
2021 2060 2117 2101 licet
2134 2072 2187 2102 ex
2209 2051 2332 2115 part&
2344 2075 2352 2090 ·

2340 1801 2352 1870 ἓ

1291 2132 1366 2160 sua
1380 2133 1522 2160 omnes
1542 2121 1719 2161 debeant
1745 2120 2025 2162 indifferentes
2041 2122 2226 2173 ingredi3
2250 2118 2331 2162 ali-¹:

1290 2181 1456 2233 quando
1471 2192 1569 2221 vero
1581 2185 1748 2233 possunt
1756 2181 1885 2234 aliqui
1893 2182 2022 2234 recipi
2031 2193 2123 2223 cum
2141 2194 2189 2222 ea
2205 2182 2290 2222 indi

1290 2242 1465 2283 ferentia
1476 2257 1489 2291 ;
1507 2246 1548 2282 et
1562 2243 1622 2282 ita
1637 2242 1943 2283 constituuntur
1960 2247 2044 2284 tres
2069 2243 2232 2284 ordines
2252 2256 2282 2286 n
2334 2286 2337 2293 ,

1291 2303 1498 2343 vitiorum.
1521 2303 1631 2344 Inter
1649 2314 1766 2355 qum,
1794 2305 1869 2356 qui
1885 2305 2141 2356 recipiuntur
2166 2306 2217 2345 ad
2241 2300 2331 2357 spi-2·

1292 2365 1457 2405 ritualia
1474 2364 1718 2412 ministeria,
1738 2370 2033 2417 consequenter
2049 2350 2340 2415 admittunturl'tf'

1292 2424 1461 2466 definite
1499 2425 1552 2467 ad
1589 2426 1763 2479 gradum
1800 2425 2050 2468 scholarium
2064 2457 2079 2477 ,
2110 2427 2298 2467 indefinit
2327 2448 2338 2458 ι-

1291 2497 1390 2530 vero
1415 2487 1468 2528 ad
1496 2488 1672 2540 gradum
1705 2487 1993 2540 professorum,
2018 2488 2086 2529 vel
2113 2479 2324 2540 coadjuto‘

1292 2560 1411 2596 rium
1432 2560 1526 2590 raro
1546 2549 1657 2589 enim
1684 2552 1822 2602 potest·
1846 2560 1872 2590 a
1900 2549 2100 2602 principio
2115 2549 2207 2590 fieri
2236 2544 2350 2592 hae‘„

1291 2609 1518 2658 distinctio,
1550 2610 1678 2650 donec
1701 2611 1747 2651 in
1766 2608 1913 2650 studiis
1938 2622 2119 2663 personae
2148 2609 2304 2663 proben
2322 2610 2335 2654 ,ἐ

1290 2676 1372 2712 tur.
1394 2672 1627 2724 Aliquando
1647 2683 1746 2712 vero
1773 2682 1866 2713 cum
1886 2683 2069 2723 personae
2101 2677 2198 2712 sunt
2228 2684 2293 2725 pri
2349 2703 2352 2712 ,

1291 2738 1415 2774 vectae
1435 2734 1579 2777 aetatis,
1606 2737 1679 2772 aut
1696 2732 1905 2780 litteratae,
1923 2738 2094 2784 possunt
2119 2746 2144 2775 a
2169 2734 2302 2786 princi
2322 2738 2352 2783 θ’

1290 2796 1375 2848 pio,
1390 2806 1481 2834 cum
1499 2794 1765 2845 recipiuntur,
1783 2793 1838 2834 ad
1856 2794 2031 2845 gradum
2048 2795 2276 2847 professoru
2288 2787 2352 2831 ι·”

1290 2856 1354 2896 vel
1376 2855 1658 2906 coadjutorum
1675 2855 1887 2904 destinari,
1908 2860 1951 2896 et
1978 2858 2036 2896 ita
2055 2858 2333 2908 intelligends

1291 2921 1352 2957 est
1368 2916 1439 2956 illa
1460 2917 1623 2967 partitio
1631 2926 1644 2965 ;
1666 2920 1707 2956 et
1725 2917 1777 2957 ad
1806 2917 1993 2959 eamdem
2017 2918 2244 2959 doctrinam

1291 2978 1367 3017 cile
1380 2977 1757 3026 accommodantur,
1769 2989 1861 3029 quae
1873 2979 1924 3018 de
1935 2983 2109 3031 quatuor
2125 2979 2293 3032 accepti·
2319 2998 2327 3026 τ,
2343 3028 2346 3034 ¹

1290 3039 1412 3079 nibus
1431 3041 1641 3079 Societatis
1660 3039 1854 3080 dicuntur
1870 3041 2014 3092 quinta
2030 3045 2145 3093 parte
2165 3043 2268 3082 Cous
2287 3036 2311 3051 '¹

1290 3101 1512 3148 tutionum‚
1537 3113 1572 3140 c.
1597 3103 1635 3150 1,
1657 3101 1719 3140 lit.
1733 3101 1783 3142 A.
1799 3102 1901 3140 Nam
1918 3103 1963 3141 in
1988 3103 2120 3154 prima
2139 3115 2257 3154 comp
2287 3107 2322 3140 2'

1291 3162 1533 3202 henduntur
1559 3163 1720 3211 novitii,
1744 3167 1786 3202 et
1814 3163 1872 3202 ita
1905 3163 2136 3212 solum,tres
2169 3163 2269 3215 grad
2347 3213 2350 3218 .

1289 3225 1570 3266 membrorum
1604 3223 1766 3277 proprie
1785 3223 1990 3265 dictorum
2020 3225 2233 3267 Societans
2302 3242 2322 3263 ,-

1288 3285 1549 3338 linquuntur.
