2352 3880
195 318 374 371 (inquit)
393 314 588 368 quantum
607 303 801 349 Ecclesiae
814 302 1047 356 prpfuorint
1077 305 1116 346 ct
1132 315 1227 356 pro-

193 382 279 427 m
305 373 499 422 litterati,
527 369 610 412 sivo
642 366 698 410 ad
725 364 961 415 refellendos
990 375 1069 414 eos,
1089 365 1160 418 qui
1181 374 1228 406 em

190 442 355 487 adverso
385 438 496 483 sunt,
525 432 609 475 siva
641 428 696 470 ad
723 426 924 478 simplices
949 425 1228 473 instruendos,-

191 502 272 553 aaa·
287 518 302 542 .-
324 499 402 547 Qui
420 493 527 539 docti
544 489 710 542 noer-int,
727 488 937 540 sulyebunt
955 485 1074 540 quasi
1096 487 1229 540 splen-

132 563 135 565 ’
191 563 263 604 dor
288 555 549 612 firmamenti,
581 556 620 595 σι
640 550 710 605 qui
731 549 1008 600 adjustitiam
1043 547 1228 590 erudiunt

192 622 360 669 multos,
380 617 499 672 quasi
517 614 645 660 stelloe
663 613 710 653 in
722 613 939 664 perpetuas
964 609 1224 652 aeternitates.

191 683 371 736 Denique
388 680 470 732 lem·
489 695 504 720 .·
526 676 632 726 Quia
651 678 695 716 tu
712 672 902 724 repulisti
929 671 1161 719 seientiam,
1191 673 1229 713 et

191 757 260 798 eqo
279 743 466 796 repellam
487 742 540 788 te,
562 741 609 780 ut
627 747 705 776 non
721 734 911 786 funqaris
929 731 1030 771 minz·
1047 731 1229 774 sacerdo-

189 807 266 849 tio.
285 803 404 845 Unde
425 802 551 843 etiam
568 795 837 839 Innocentius
854 793 922 840 III,
945 792 988 831 in
1011 803 1101 843 cap.
1130 791 1229 834 Nisi

191 877 281 910 oum
309 865 480 918 pridem,
512 861 565 903 de
586 855 931 902 Renuntiatione,
963 854 1053 893 haec
1081 853 1228 893 eadem

191 927 321 969 verba
357 923 541 971 adducit,
576 923 623 962 ut
657 916 849 959 ostendat
885 915 1100 955 scientiam
1135 926 1227 955 esse

191 988 393 1040 Episcopo
419 980 713 1024 necessariam.
746 978 795 1017 Et
827 976 880 1015 ad
899 976 1012 1017 idem
1040 977 1228 1028 proposi-

190 1053 279 1091 tum
297 1049 528 1088 afferuntur
548 1044 591 1082 in
612 1039 788 1091 septima
809 1037 992 1089 synodo,
1011 1049 1101 1089 cap.
1127 1040 1167 1086 2,
1185 1041 1227 1077 01

186 1110 365 1153 refertur
386 1108 430 1146 in
463 1116 555 1155 cap.
580 1102 735 1147 Omnes,
757 1099 799 1139 d.
824 1100 875 1139 38
888 1114 899 1147 3
922 1099 1094 1138 scientia
1126 1110 1225 1150 ergo

189 1173 278 1212 haec
298 1182 373 1220 per
393 1179 437 1206 se
457 1164 637 1205 maxime
656 1161 766 1201 utilis
785 1164 849 1200 est
866 1159 1057 1211 religioni
1074 1164 1114 1200 et
1133 1172 1227 1211 per-

187 1231 355 1275 fectioni
377 1229 478 1280 ejus.
503 1225 620 1274 Quod
638 1224 673 1262 si
697 1223 791 1262 talis
825 1222 996 1261 scientia
1019 1225 1081 1261 est
1099 1222 1223 1271 utilis,

187 1305 274 1333 non
295 1295 356 1334 051
377 1286 632 1341 expectanda
653 1298 677 1324 a
695 1284 779 1324 Deo
793 1295 874 1335 per
892 1282 1166 1331 infusionem,
1184 1282 1227 1322 id

188 1354 302 1395 enim
322 1349 654 1402 superstitiosum
675 1349 784 1385 esset
793 1359 804 1393 ;
826 1354 964 1394 neque
995 1343 1117 1382 etiam
1139 1342 1225 1382 5010

186 1414 353 1466 ingenio
374 1410 539 1463 proprio
559 1412 598 1447 et
619 1407 764 1446 labore
785 1403 1024 1456 quaerenda,
1044 1401 1087 1442 id
1116 1403 1226 1442 enim

187 1480 228 1516 et
247 1477 619 1527 praesumptuosum
648 1472 688 1507 et
707 1466 990 1518 periculosum
1010 1465 1221 1511 existeret3

187 1549 285 1588 ergo
306 1536 414 1574 illius
436 1531 571 1571 studio
603 1533 644 1569 et
661 1528 890 1578 disciplinae
908 1537 1056 1566 vacare
1078 1537 1224 1578 oppor-

187 1604 287 1640 tuno
308 1601 496 1646 tempore
523 1587 965 1632 convenientissimum
988 1590 1064 1628 est.

238 1662 278 1699 4.
313 1657 501 1699 Secunda
532 1652 714 1705 probatio
741 1652 914 1691 adducta
941 1660 989 1689 ex
1009 1646 1223 1690 Patribus.

186 1719 444 1760 —Secundo
466 1716 519 1755 ad
538 1715 617 1753 hoc
637 1711 968 1752 confirmandum
990 1710 1158 1750 adducit
1174 1711 1220 1750 D.

186 1785 381 1828 Thomas,
402 1790 543 1830 opusc,
569 1777 634 1823 19,
655 1787 691 1814 c.
713 1776 779 1820 11,
800 1772 1052 1812 sententiam
1082 1772 1225 1811 Hiero-

187 1844 319 1895 nymi,
341 1843 383 1879 111
414 1853 479 1890 cp.
504 1841 529 1877 4
542 1837 595 1876 ad
611 1835 825 1875 Rusticum
841 1846 849 1873 :
863 1834 1020 1874 Habeto
1040 1833 1226 1875 cellulam

185 1918 259 1958 pro
291 1902 499 1956 paradisO,
530 1899 649 1938 varia
687 1896 1000 1947 Scripturarum
1021 1906 1143 1945 poma
1163 1895 1229 1935 de-

188 1978 313 2016 cerpe,
327 1963 388 2003 his
401 1967 508 2002 utere
525 1959 692 2004 deliciis,
703 1958 845 1997 Icarum
853 1958 991 2005 fruere
1003 1956 1224 2007 complexu.

187 2028 236 2066 Et
254 2025 359 2063 infra
376 2034 386 2061 z
405 2023 628 2073 Nunquam
647 2019 692 2059 de
710 2029 833 2058 manu
853 2021 888 2057 et
917 2017 1040 2057 oculis
1058 2018 1141 2058 tuis
1164 2029 1226 2058 re-

187 2089 298 2128 cedat
329 2085 442 2131 liber,
464 2083 648 2123 discatur
679 2079 929 2120 Psalterium
958 2079 1012 2118 ad
1043 2078 1225 2123 verbum,-

188 2152 228 2187 et
258 2145 364 2186 infra
388 2157 396 2183 :
427 2143 535 2183 Ama
570 2141 779 2181 scientiam
818 2138 1156 2190 Scripturarum,
1188 2143 1226 2180 et

188 2208 325 2248 earnis
340 2205 443 2246 vitia
458 2215 535 2243 non
554 2201 709 2243 amabis
718 2216 735 2246 ,·
749 2203 789 2241 et
809 2200 915 2239 infra
936 2209 947 2237 ι
966 2199 1031 2241 Ne
1050 2201 1104 2240 ad
1119 2200 1223 2241 scri-

190 2270 352 2308 bendum
370 2266 444 2306 cilo
470 2264 681 2315 prosilias,
699 2265 736 2302 et
755 2262 832 2302 levi
852 2261 1013 2302 ducaris
1033 2262 1220 2308 insania,

189 2330 314 2370 mullo
330 2332 500 2379 tempore
521 2325 625 2366 disco
641 2324 745 2376 quod
755 2324 905 2364 doceas.
925 2322 1083 2362 Deinde
1105 2324 1223 2364 affert

188 2391 384 2432 eumdem
400 2389 712 2437 Hieronymum,
724 2385 844 2436 epist.
863 2385 1089 2423 centesima
1101 2383 1222 2425 tertia

188 2452 242 2492 ad
263 2451 478 2491 Paulinum
497 2447 812 2499 presbyterum:
832 2445 988 2487 Sancta
1011 2447 1223 2489 rusticitas

187 2514 316 2554 solum
337 2512 411 2552 sibi
426 2511 603 2563 prodest,
619 2512 655 2548 et
677 2511 870 2560 quantum
899 2507 1078 2556 aedificat
1096 2518 1144 2549 ea
1162 2508 1222 2548 vi—

193 2578 246 2615 toe
264 2574 404 2614 merito
422 2570 647 2611 Ecclesiam
668 2569 844 2610 Christi,
865 2570 1024 2608 tantum
1045 2572 1168 2616 nocet,
1184 2570 1223 2608 si

189 2634 477 2676 destruentibus
488 2643 567 2671 non
584 2631 776 2677 resistat;
788 2629 966 2669 refertur
981 2629 1025 2668 in
1038 2641 1075 2668 0.
1093 2629 1225 2671 Sanc-

188 2702 246 2745 ta,
270 2698 308 2743 2,
332 2708 372 2746 q.
398 2696 436 2733 7.
462 2694 620 2732 Afferre
642 2692 767 2731 etiam
784 2702 1007 2742 possumus
1029 2691 1224 2732 eumdem

188 2759 503 2808 Hieronymum,
527 2754 645 2805 epist.
675 2751 837 2793 decima
856 2752 992 2800 tertia,
1009 2753 1062 2791 ad
1088 2753 1224 2792 Pauli-

187 2830 290 2858 num
310 2817 559 2867 Episcopum
579 2815 810 2854 dicentem:
838 2813 1005 2864 Semper
1031 2814 1076 2853 in
1100 2825 1223 2854 manu

189 2883 260 2919 tua
281 2889 401 2918 saera
431 2879 487 2916 sil
509 2877 617 2916 lectio
634 2892 651 2921 ,·
676 2880 716 2915 et
733 2875 841 2914 infra
865 2887 874 2913 z
895 2874 1023 2922 Audi,
1046 2875 1103 2914 mi
1136 2885 1222 2916 eou-

188 2950 311 2986 serve,
341 2937 461 2978 amice
482 2948 680 2989 permane,
704 2936 887 2978 ausculta
903 2936 1125 2987 paulisper,
1146 2946 1220 2988 quo

188 3000 232 3039 in
252 2999 485 3051 Scripturis
509 2999 662 3038 sanetis
694 2999 792 3038 calle
825 2998 1061 3051 =eradicari-t,-
1077 3001 1218 3046 totum,

189 3061 292 3113 quod
308 3060 474 3113 leqirnus
493 3060 537 3098 in
553 3060 701 3099 divinis
728 3059 860 3107 libris,
878 3060 982 3099 nitet
993 3059 1164 3111 quidem,
1186 3063 1222 3099 ot

189 3122 320 3173 fulyet
346 3121 467 3161 etiam
488 3119 532 3159 in
547 3121 703 3169 cortice,
722 3122 790 3162 sed
807 3120 964 3161 dulcius
985 3121 1030 3160 in
1048 3120 1222 3161 medulla

189 3184 276 3228 est;
292 3181 362 3232 qui
396 3181 503 3220 edere
526 3180 612 3220 vult
642 3182 836 3228 nucleum,
854 3183 1028 3233 franpas
1056 3192 1221 3229 rzucem;

191 3245 233 3282 et
253 3241 298 3280 in
322 3240 485 3289 reliqua
503 3244 620 3291 parte
642 3242 826 3292 epistolae
848 3242 963 3280 illum
990 3241 1143 3280 excitat
1168 3240 1223 3283 ad

188 3302 270 3342 hoc
293 3301 492 3349 studium,
512 3305 552 3339 et
571 3302 804 3341 concludit:
827 3302 877 3344 N
876 3301 951 3341 ihil
967 3303 1011 3342 in
1025 3306 1063 3342 te
1079 3301 1223 3342 medio-

191 3373 256 3404 cre
272 3374 355 3403 esu
369 3365 571 3403 contentus
607 3362 666 3402 sis
679 3376 696 3407 ;
713 3366 839 3404 totum
858 3373 1070 3410 summum,
1094 3364 1223 3404 totum

188 3427 409 3476 perfeetum
423 3423 615 3464 desidera.
635 3423 706 3462 His
728 3423 824 3463 addi
845 3426 1034 3473 possunt,
1053 3434 1146 3474 quae
1168 3423 1220 3463 de

191 3485 272 3526 hac
288 3484 459 3525 seientia
478 3484 796 3536 Scripturarum,
821 3487 1026 3535 quatenus
1053 3483 1222 3535 religio-

194 3545 251 3587 sis
270 3550 311 3587 01
331 3545 549 3586 monachis
585 3544 820 3585 necessaria
852 3548 928 3594 est,
952 3547 1102 3584 tractat
1124 3546 1223 3585 Cas-

195 3606 350 3659 sianus,
364 3607 500 3647 collat.
529 3607 598 3657 ss,
611 3618 649 3648 ο.
665 3608 707 3656 8,
730 3618 863 3658 usque
883 3606 941 3647 ad
955 3605 1100 3648 finem.
1118 3607 1223 3647 Item

172 3740 197 3781 ..ἱἸ
210 3747 211 3750 ’

509 245 588 279 Lm.
609 241 650 273 V.
673 236 731 272 ΒΕ
747 234 1035 272 ὃῧΗθῐμΔὸΊῚῦΙὸ
1054 234 1114 271 Aa
1128 236 1289 274 smnus
1302 236 1555 279 melenus,
1576 235 1664 293 TA!
1681 234 1882 272 mm.
1895 194 2013 271 ETG..

1280 315 1374 354 quae
1395 303 1446 342 (10
1461 303 1640 354 antiquis
1659 302 1874 342 monachis
1891 302 2079 342 rexerunt
2110 297 2171 340 ht
2201 302 2212 336 ι’
2229 291 2260 349 ἐζ

1283 363 1394 416 quod
1413 363 1610 404 nimirum
1634 363 1801 405 lectioni
1822 362 2125 416 Scripturarum
2143 357 2241 403 assi

1282 424 1499 473 vacabant,
1520 428 1566 465 111
1584 425 1636 465 de
1668 424 1872 477 religiosis
1900 425 1946 463 in
1972 424 2166 475 AEgypto,
2183 426 2226 463 et
2258 466 2262 470 ,

1283 487 1432 527 Essaeis
1465 487 1705 527 Christianis
1739 486 1866 528 refert
1906 485 2111 526 Eusebius
2129 514 2140 533 ‚
2172 483 2275 526 ἰὼ

1282 547 1489 596 Historia,
1513 560 1550 589 c.
1566 549 1728 588 decimo
1748 552 1879 597 sexto,
1903 559 1953 587 ex
1973 546 2159 596 Philone,
2174 545 2246 586 lib.
2263 559 2281 581 ·=
2348 581 2349 585 ,

1284 609 1372 648 Vita
1391 610 1724 661 contemplativa.
1747 610 1796 649 Et
1823 609 1875 649 de
1897 608 2077 659 antiquis
2095 617 2261 647 monac
2282 613 2293 651 ἐ,
2348 642 2349 648 ,

1283 671 1324 711 S.
1346 669 1574 718 Benedicti,
1597 671 1708 710 idem
1732 671 1859 711 refert
1877 669 2139 717 Trithemius,
2161 668 2231 710 lib.
2264 687 2283 703 ἰ
2347 701 2349 706 .

1282 731 1389 770 Viris
1402 731 1629 772 illustribus
1648 733 1758 772 illius
1776 733 1944 779 ordinis,
1964 743 2054 782 cap.
2072 733 2200 770 sexto.

1336 795 1374 833 5.
1409 793 1549 835 Tertia
1563 794 1747 846 probatio
1774 794 1965 835 auctoris.
1984 816 2036 822 —
2052 791 2188 831 Tertio
2214 802 2273 841 pv
2344 811 2349 842 f

1283 866 1427 894 sumus
1462 854 1586 893 0110111
1618 855 1778 894 ratione
1813 855 1890 895 1100
1925 854 2185 894 convincere.
2205 853 2299 892 Na
2348 859 2349 888 1

1283 916 1480 964 studium,
1494 916 1726 967 praesertim
1759 925 1968 956 sacrarum
1992 916 2237 961 litterarum,
2264 931 2273 948 ·
2308 944 2310 946 v

1282 989 1326 1017 50
1360 977 1519 1017 bonum
1553 981 1615 1016 est
1638 981 1679 1019 et
1698 978 1936 1026 honestum,
1955 981 1996 1018 et
2014 977 2067 1017 ad
2092 975 2282 1027 perfecti
2311 995 2313 998 ·

1282 1050 1378 1078 nem
1396 1038 1488 1077 vitae
1516 1042 1600 1077 tam
1639 1038 1796 1086 activae,
1825 1049 1951 1090 quam
1982 1036 2313 1087 contemplatis
2348 1028 2349 1053 ³

1284 1103 1343 1140 est
1372 1098 1681 1147 necessarium3
1703 1111 1802 1150 ergo
1820 1099 2000 1138 maxime
2026 1097 2280 1136 accommod

1283 1165 1369 1200 tum
1403 1165 1465 1201 est
1493 1160 1687 1212 religioso
1728 1161 1864 1200 statui.
1900 1158 2028 1211 Major
2062 1162 2189 1210 patet,
2215 1158 2311 1208 quit
2344 1159 2345 1162 ’

1282 1222 1451 1262 scientia
1471 1233 1546 1273 per
1566 1234 1609 1261 se
1628 1226 1690 1261 est
1719 1222 1916 1273 perfectio
1942 1220 2120 1259 maxime
2141 1231 2309 1258 consen-

1281 1288 1403 1324 tanea
1423 1287 1583 1323 naturae
1604 1283 1800 1332 hominis,
1821 1287 1863 1323 et
1889 1282 1984 1322 ideo
2006 1282 2127 1320 etiam
2143 1283 2328 1332 propter

1285 1357 1400 1384 mam
1438 1344 1735 1395 perfectionem
1772 1345 1909 1395 appeti
1939 1344 2112 1383 honeste
2148 1344 2306 1393 potest3
2348 1383 2352 1389 ,

1281 1407 1377 1458 quia
1405 1405 1511 1445 velle
1547 1406 1864 1446 convenientem
1897 1408 2054 1443 naturae
2090 1403 2352 1455 perfectio-,·

1280 1479 1392 1516 nem,
1415 1471 1456 1506 et
1491 1468 1609 1518 quasi
1646 1471 1952 1514 ornamentum,
1977 1477 2051 1518 per
2089 1478 2132 1504 se
2154 1465 2338 1519 bonum-g

1282 1532 1345 1568 est
1355 1539 1369 1577 3
1387 1528 1430 1567 id
1449 1532 1527 1577 est,
1547 1529 1706 1567 secluso
1733 1540 1858 1579 pravo
1879 1527 1978 1575 fine,
1998 1527 2065 1566 vel
2092 1526 2172 1565 alio
2205 1525 2311 1565 acci-

1281 1589 1471 1629 dentario
1507 1590 1691 1641 periculo
1721 1589 1881 1638 morali,
1911 1589 1977 1627 vel
2015 1588 2312 1639 impedimento
2347 1616 2352 1618 -

1280 1650 1508 1691 necessarii
1534 1651 1655 1698 honi;
1678 1651 1766 1689 haec
1798 1650 1909 1689 enim
1938 1650 2167 1688 extrinseca
2197 1652 2309 1697 sunt,
2332 1668 2342 1678 ==

1282 1716 1322 1752 et
1356 1714 1398 1751 in
1431 1712 1644 1763 religionis
1676 1714 1784 1750 statu
1819 1711 1937 1749 facile
1965 1710 2083 1749 vitari
2122 1712 2306 1761 possunt.
2328 1711 2340 1771 ἒ,

1281 1773 1398 1820 Quod
1418 1774 1450 1812 si
1474 1774 1562 1812 haee
1581 1785 1679 1813 vera
1705 1775 1801 1811 sunt
1817 1772 1868 1811 de
1891 1772 2060 1810 scientia
2086 1783 2136 1810 ex
2156 1782 2311 1822 genere
2338 1821 2341 1827 Ι

1281 1848 1370 1881 suo,
1396 1835 1526 1874 multo
1553 1835 1686 1886 magis
1713 1835 1763 1873 de
1794 1834 1964 1872 scientia
1984 1832 2073 1880 Dei,
2096 1837 2135 1871 et
2166 1844 2310 1873 earum
2328 1824 2337 1883 J

1279 1909 1420 1937 rerum
1442 1908 1532 1946 quae
1551 1896 1604 1934 ad
1619 1897 1755 1946 ipsum
1774 1895 1995 1946 pertinent,
2026 1906 2120 1933 cum
2138 1894 2311 1933 felicitas
2328 1889 2341 1908 '¹

1281 1957 1457 1997 hominis
1490 1956 1534 1995 in
1567 1956 1645 1995 hac
1674 1956 1909 2007 cognitione
1937 1956 2145 2004 consistat,
2169 1955 2232 1994 vel
2256 1955 2310 1994 ab

1277 2016 1343 2058 illa
1375 2018 1555 2056 maxime
1576 2018 1770 2068 pendeat,
1788 2018 1907 2068 juxta
1939 2017 2115 2055 verbum
2147 2016 2310 2067 Christi,
2339 2023 2341 2027 '

1302 2080 1450 2120 oannis
1474 2082 1540 2127 17,
1556 2080 1728 2120 dicentis
1747 2093 1757 2119 ι
1776 2081 1878 2120 Haee
1896 2083 1954 2120 est
1976 2080 2060 2119 vila
2079 2083 2242 2125 (eterna,
2262 2083 2311 2120 ut
2335 2073 2346 2107 '-

1280 2145 1514 2195 aoy-noscant
1542 2145 1578 2182 te
1597 2142 1724 2181 solum
1752 2143 1878 2181 Deum
1908 2152 2059 2188 verum,
2076 2144 2152 2180 etc.
2175 2129 2310 2192 Appos-⁸
2337 2140 2344 2154 ·

1278 2207 1362 2243 tere
1389 2204 1531 2242 autem
1566 2203 1778 2253 propriam
1805 2201 2122 2248 beatitudinem,
2155 2212 2196 2241 et
2217 2206 2308 2240 stu·
2342 2238 2349 2246 ,Α

1276 2264 1374 2304 dere
1394 2263 1453 2302 illi
1485 2262 1763 2314 acquirendae,
1790 2275 1862 2313 1ro
1894 2263 2020 2313 hujus
2038 2263 2129 2301 vitae
2150 2262 2309 2314 capaci·
2336 2248 2352 2292 ἶ

1275 2329 1358 2366 1010
1380 2325 1583 2376 optimum
1603 2329 1677 2365 est.
1701 2325 1753 2363 Et
1773 2325 1867 2363 hinc
1881 2323 2001 2364 facile
2021 2324 2220 2374 probatur
2235 2324 2309 2363 mi·
2340 2364 2352 2375 ,-

1277 2400 1366 2427 nor.
1390 2389 1493 2428 Nam
1529 2385 1730 2439 imprimis
1761 2386 2052 2437 contemslatio
2083 2386 2126 2425 in
2158 2386 2308 2427 divinae

1275 2449 1457 2489 veritatis
1494 2449 1823 2488 consideratione
1857 2448 2062 2495 consistit,
2099 2459 2188 2498 quae
2216 2448 2310 2488 51110
2332 2442 2339 2503 ’ἶ

1276 2512 1429 2562 praevia
1447 2511 1623 2551 lectione
1645 2515 1686 2550 et
1713 2511 1848 2550 studio
1869 2510 1932 2549 vel
1955 2509 2099 2548 haberi
2121 2521 2207 2548 non
2230 2520 2306 2560 po-
2335 2525 2346 2547 -ι

1275 2575 1356 2612 1051
1367 2572 1625 2621 naturaliter,
1642 2572 1707 2612 vel
1724 2583 1809 2610 non
1826 2571 1914 2610 sine
1929 2570 2111 2622 periculo
2127 2570 2305 2620 erroris;
2343 2575 2345 2579 ⁴

1278 2638 1318 2673 et
1335 2634 1429 2672 ideo
1452 2634 1592 2672 Patres
1613 2645 1772 2681 omnes,
1793 2632 1844 2672 de
1869 2633 1951 2671 vita
1985 2632 2304 2682 contemplativa

1276 2698 1514 2741 tractantes,
1543 2697 1638 2732 ante
1672 2693 1808 2732 omnia
1832 2692 1981 2731 docent
1996 2692 2206 2731 assiduam
2221 2693 2305 2733 lec·

1277 2756 1432 2795 tionem
1458 2758 1498 2793 et
1517 2754 1700 2792 studium
1727 2754 1779 2791 ad
1799 2752 1909 2791 illam
1933 2764 2024 2792 esse
2052 2753 2306 2804 necessaria,
2350 2765 2352 2768 ·

1276 2816 1410 2855 athas
1431 2818 1591 2866 ponunt
1609 2815 1718 2853 inter
1744 2817 1885 2864 partes
1902 2813 1994 2852 vitae
2019 2814 2227 2865 contempl
2271 2813 2300 2828 ⁸·

1274 2886 1349 2924 vae,
1370 2879 1417 2915 ut
1436 2887 1576 2926 supra,
1595 2875 1637 2913 in
1658 2875 1730 2913 lib.
1747 2875 1787 2923 1,
1807 2886 1841 2912 c.
1859 2875 1898 2921 6,
1918 2885 2092 2913 numero
2110 2874 2312 2927 septimo>

1274 2937 1400 2988 hujus
1419 2936 1563 2988 partis,
1579 2935 1770 2975 vidimus.
1794 2935 1910 2975 Unde
1932 2936 2220 2988 Hieronymus,
2232 2946 2303 2990 ep.

1277 2999 1384 3037 103:
1408 2996 1484 3036 Oro
1512 2996 1674 3048 (inquit)
1710 2999 1759 3043 te,
1780 3000 1910 3047 frater
1929 2997 2178 3046 charissime,
2198 2997 2306 3039 inser

1278 3060 1359 3101 liceo
1382 3059 1525 3106 vivere,
1553 3058 1636 3099 ista
1657 3056 1858 3105 meditari,
1895 3058 1999 3097 nihil
2027 3058 2142 3098 aliud
2173 3069 2308 3107 nosse,

1276 3119 1454 3172 ninilque
1473 3118 1586 3160 aliud
1598 3129 1784 3171 quoerere.
1797 3119 1943 3160 Nonne
1957 3118 2115 3159 videtur
2129 3119 2206 3160 tibi
2211 3119 2304 3171 jam

1277 3181 1341 3223 nio
1356 3181 1401 3220 in
1418 3181 1541 3221 terris
1567 3179 1682 3231 requi
1718 3179 1888 3221 ecelesiis
1926 3179 2227 3220 habitaculum?

1275 3252 1351 3296 quo
1372 3241 1444 3291 (ait
1472 3241 1519 3281 D.
1555 3240 1750 3289 Thomas,
1772 3240 1868 3280 dict.
1902 3251 1939 3280 c.
1972 3241 2039 3292 11)
2054 3244 2183 3294 patet,
2202 3239 2314 3292 quoa*

1277 3302 1449 3343 eoelestis
1466 3302 1707 3343 conversatio
1726 3305 1786 3342 est
1806 3303 1850 3342 in
1869 3301 2000 3343 studio
2013 3312 2142 3342 saeroe
2157 3300 2316 3354 Scrip-

1277 3367 1381 3405 tnroe
1414 3362 1661 3405 commorari.
1684 3364 1767 3403 Nec
1801 3363 1938 3403 minus
1971 3362 2206 3403 necessaria
2237 3362 2310 3401 est:

1277 3424 1332 3465 ad
1345 3423 1641 3476 perfectionem
1655 3423 1778 3476 hujus
1791 3424 1919 3476 partis
1934 3423 2027 3464 vitoe
2040 3424 2194 3470 activae,
2209 3433 2266 3475 qu

1276 3486 1384 3527 circa
1406 3485 1640 3538 spirituales
1661 3486 1859 3536 actiones,
1877 3488 1922 3526 et
1957 3485 2134 3525 salutem
2165 3495 2242 3536 pro
2271 3482 2283 3492 ”

1274 3557 1440 3586 morum
1458 3549 1663 3595 versatur,
1679 3549 1727 3588 ut
1737 3557 1815 3599 per
1830 3557 1877 3586 se
1895 3545 1995 3586 satis
2010 3545 2136 3598 patet,
2150 3555 2220 3584 ma
2251 3543 2266 3553 “

1277 3617 1363 3659 que
1374 3608 1578 3649 constabit
1605 3619 1658 3649 ex
1673 3606 1865 3660 sequenti
1879 3605 2124 3648 assertione.
2278 3607 2281 3611 '
