2352 3880
161 218 270 261 1060

163 285 319 339 pective
350 279 630 321 maneat.1ta
673 277 723 316 de
753 277 940 316 Generali
979 277 1186 326 statuitur,

161 349 276 400 parte
293 355 416 390 nona,
434 354 468 380 c.
492 343 532 388 6,
553 338 577 391 ἓ
608 339 673 384 11,
694 343 735 378 et
758 339 808 377 de
830 338 984 377 caeteris
1003 339 1188 390 Superio-

160 407 288 448 ribus
309 416 349 455 p.
385 403 430 450 4,
457 412 493 440 c.
519 402 583 447 17,
607 404 648 439 et
676 412 715 452 p.
738 401 776 447 9,
803 411 838 439 c.
864 401 904 446 6,
933 399 1069 452 §11th
1089 404 1187 452 etp.

163 465 274 517 10‚§
293 466 334 510 8,
364 462 610 530 generaliter
637 461 785 500 dicitur
801 473 1047 513 magnopere
1065 461 1188 500 refer-

160 541 217 574 re,
237 527 269 564 si
292 524 499 575 Praepositi
517 524 561 562 in
588 522 769 562 subditos
789 523 964 562 multum
985 523 1192 575 potestatis

159 587 352 630 habeant.
368 587 418 624 Et
433 586 475 623 in
492 585 569 623 hoc
584 589 737 636 puncto
750 585 989 636 explicando
1006 584 1192 624 consistit

161 652 243 687 tota
259 647 475 686 difficultas
501 647 712 698 praesentis
726 646 883 698 capitis,
909 657 1007 685 nam
1031 646 1191 698 reliqua

159 708 270 749 clara
294 713 404 747 sunt.

181 804 267 847 ΟΜ·
291 804 482 848 Proela'ti,
498 804 718 845 Societatis
751 804 828 843 soli
854 803 1051 844 vindicent
1077 803 1173 852 defi-

442 866 631 906 nitionem
658 866 702 904 in
730 865 909 915 ayendz's.

215 953 256 993 7.
286 952 407 993 Ratio
442 951 563 991 dubii.
583 971 635 980 -
654 949 850 988 Dubitant
886 949 998 988 enim
1033 949 1190 1001 aliqui,

162 1026 236 1054 cur
272 1014 447 1052 Societas
479 1015 636 1049 tantam
666 1015 906 1060 potestatem
927 1011 1130 1060 Generali,
1151 1016 1191 1051 et

162 1087 254 1115 eum
270 1073 528 1125 proportione
543 1072 698 1110 caeteris
714 1073 943 1122 praepositis
962 1073 1130 1119 tribuat,
1145 1076 1189 1111 ut

160 1148 225 1176 res
255 1147 397 1173 omnes
418 1146 491 1172 suo
520 1133 672 1182 jndicio
707 1139 747 1171 et
778 1133 989 1171 voluntate
1019 1133 1190 1172 definire

161 1197 331 1249 possint,
352 1196 476 1234 etiam
502 1199 642 1233 contra
667 1195 869 1243 Judicium
896 1206 1062 1233 suorum
1089 1195 1190 1233 Con-

161 1258 360 1297 sultorum
377 1289 387 1303 ,
417 1257 451 1294 si
476 1256 618 1295 velint.
641 1256 742 1294 Nam
765 1256 842 1293 hoc
862 1256 995 1305 potius
1018 1259 1078 1294 est
1098 1267 1188 1294 mo-

159 1319 328 1357 narchia
349 1330 465 1368 pura,
492 1329 614 1368 quam
642 1317 777 1362 mista,
799 1317 875 1355 nisi
906 1316 1023 1355 valde
1050 1328 1191 1355 secun-

160 1379 259 1418 dum
286 1379 401 1427 quid,
421 1379 528 1430 quod
548 1391 630 1416 non
649 1378 796 1416 sufficit
815 1378 865 1416 ad
893 1378 1192 1416 excludendum

160 1440 404 1492 periculum,
427 1453 478 1479 ne
499 1439 735 1478 monarchia
753 1440 795 1478 in
816 1440 1072 1489 tyrannidem
1096 1452 1193 1478 con-

159 1506 364 1549 vertatur3
385 1506 548 1552 propter
567 1501 674 1551 quod
698 1501 919 1550 perieulum
941 1502 984 1538 in
1014 1500 1191 1539 homini-

159 1560 236 1599 hus
260 1563 474 1599 vitandum
502 1562 739 1599 monarchia
761 1562 880 1599 mista
898 1574 946 1600 ex
978 1563 1189 1600 aristocra-

159 1623 218 1661 tia
239 1623 454 1672 praefertur
473 1634 584 1674 purae
601 1633 613 1671 3
636 1622 771 1660 mistio
791 1627 928 1660 autem
951 1623 1074 1660 solius
1094 1635 1189 1660 eon-

159 1684 239 1722 silii
273 1683 460 1722 inefficax
484 1683 600 1722 valde
621 1689 699 1731 est,
727 1688 813 1721 tum
843 1684 939 1733 quia
964 1683 1099 1721 nullus
1130 1687 1189 1722 est

159 1748 360 1795 tyrannus
390 1745 489 1783 adeo
516 1746 695 1795 iniquus,
716 1745 785 1795 qui
807 1745 1039 1795 aliquorum
1060 1746 1190 1783 consi-

161 1805 215 1844 lio
251 1819 333 1845 non
365 1811 531 1852 utatur;
560 1811 647 1845 tum
675 1808 797 1845 etiam
827 1808 923 1857 quia
955 1807 987 1845 si
1017 1812 1192 1858 potestas

159 1867 203 1905 in
226 1879 309 1905 uno
330 1871 484 1913 manet,
506 1868 622 1917 cujus
650 1867 837 1905 voluntas
864 1867 1010 1906 sufficit
1030 1873 1075 1906 ut
1104 1868 1192 1906 fac-

159 1936 247 1966 tum
271 1932 420 1973 teneat,
444 1928 604 1965 etiamsi
625 1934 765 1966 contra
785 1929 997 1966 consilium
1023 1941 1190 1968 suorum

159 1987 446 2026 Assistensium
481 1987 568 2035 fiat,
595 1988 745 2026 subditi
774 1993 942 2026 manent
974 1990 1015 2026 in
1048 1993 1191 2028 eodem

159 2049 339 2100 periculo
376 2049 558 2099 patiendi
591 2049 725 2099 plures
756 2051 940 2100 injurias.
965 2051 1080 2089 Unde
1112 2052 1189 2090 Na-

158 2121 301 2148 varrns
316 2141 328 2158 ,
347 2111 573 2150 Comment.
595 2113 618 2150 3
639 2112 687 2150 ile
707 2112 994 2161 Regularibus‚
1014 2114 1124 2161 dicit,
1144 2113 1190 2151 li-

151 2175 220 2211 cet
251 2172 490 2211 monarchia
520 2184 622 2223 pura
647 2174 869 2211 secundum
890 2186 931 2212 se
957 2173 1102 2212 melior
1119 2174 1186 2222 sit,

158 2236 296 2272 tamen
318 2239 481 2285 propter
511 2235 769 2274 concordiam
794 2240 833 2274 et
857 2235 957 2273 alios
986 2242 1188 2284 respectus

157 2296 397 2343 convenire,
421 2308 472 2334 ne
503 2297 698 2335 Praelatus
726 2297 832 2336 solus
865 2295 1083 2344 gubernet,
1116 2295 1187 2334 sed

156 2357 321 2407 adjutus
353 2357 517 2397 consilio
549 2362 585 2398 et
622 2370 807 2397 consensu
838 2357 1083 2407 aliquorum.
1110 2356 1187 2395 Ubi

157 2418 341 2468 expendo
367 2417 480 2456 illam
509 2417 752 2468 particulam
775 2418 939 2457 consilio
965 2422 1001 2457 et
1029 2429 1189 2458 consen·

156 2489 240 2525 8n;
269 2491 364 2516 nam
400 2490 475 2530 per
512 2478 625 2517 illam
655 2478 910 2529 significatur
946 2478 1188 2530 suffragium

156 2551 238 2578 uon
254 2540 386 2578 solum
408 2541 697 2587 consultivum‚
720 2541 788 2579 sed
806 2542 927 2580 etiam
946 2542 1183 2581 decisivum.

155 2601 205 2639 Et
226 2602 428 2640 rationem
449 2602 622 2653 amplius
643 2603 818 2642 declarat
838 2615 880 2641 n.
905 2604 977 2651 15,
997 2604 1092 2654 quia
1121 2615 1189 2642 ex-

157 2663 358 2712 perientia
379 2668 632 2714 compertum
656 2668 731 2710 est,
756 2665 942 2714 regimen
964 2666 1085 2704 unius
1104 2676 1189 2704 ma-

156 2723 219 2772 gis
242 2724 490 2772 ahsolutum,
511 2725 632 2763 etiam
654 2726 697 2763 in
718 2725 1000 2775 religionibus,
1023 2738 1188 2778 praeser-

155 2783 230 2821 tim
251 2796 335 2823 non
355 2785 696 2834 mendicantibus,
715 2787 964 2836 degenerare
982 2788 1024 2825 in
1044 2792 1186 2838 tyran-

156 2843 319 2882 nidem:
342 2846 404 2884 Et
423 2845 505 2885 ideo
527 2847 538 2897 (
558 2846 724 2897 inquit.)
751 2847 981 2887 introducta
1017 2850 1075 2887 est
1107 2859 1186 2887 mo-

158 2906 327 2945 narchia
346 2908 557 2953 restricta,
580 2918 658 2957 qua
675 2919 780 2947 unus
805 2909 849 2947 de
869 2920 1058 2947 consensu
1084 2909 1186 2948 mul-

156 2967 286 3006 torum
307 2967 413 3005 adid
422 2967 697 3018 deputatorum
715 2969 922 3021 quoernat.
943 2969 1019 3008 Ubi
1034 2970 1186 3009 iterum

157 3025 204 3067 de
237 3037 425 3066 consensu
454 3027 585 3076 dixit,
619 3039 702 3067 non
731 3029 780 3068 de
811 3030 978 3068 consilio
1009 3035 1185 3080 tantum,

156 3087 255 3135 quia
283 3099 355 3135 per
380 3087 595 3126 consilium
627 3088 759 3127 solum
791 3102 874 3128 non
908 3091 1068 3129 videtur
1091 3093 1188 3130 satis

158 3144 220 3184 illi
235 3145 414 3196 periculo
433 3149 606 3187 occurri.
626 3149 737 3188 Facit
757 3151 880 3189 etiam
901 3151 1010 3202 quod
1029 3152 1188 3203 antiqui

159 3205 297 3245 Patres
337 3205 582 3257 religionum
613 3208 723 3248 hunc
763 3211 931 3250 modum
974 3213 1186 3262 regiminis

160 3266 329 3318 elegisse
348 3267 554 3316 videntur,
574 3273 621 3308 ut
637 3270 814 3322 intelligi
838 3276 968 3323 potest
994 3285 1044 3311 ex
1079 3273 1187 3311 Basi-

159 3326 231 3376 lio,
251 3328 294 3367 in
310 3328 463 3378 regulis
480 3329 548 3375 45,
568 3330 620 3368 48
639 3336 679 3370 et
705 3333 771 3379 54,
793 3344 843 3371 ex
875 3333 1094 3372 fusioribus
1108 3363 1118 3380 ‚
1147 3336 1189 3372 et

159 3388 204 3428 in
223 3390 314 3436 112,
330 3402 381 3429 ex
401 3389 671 3439 brevioribus,
689 3397 729 3430 et
748 3405 798 3432 ex
824 3395 967 3444 regula
996 3394 1187 3433 Carmeli-

161 3453 308 3499 tarum,
329 3462 416 3503 cap.
436 3453 462 3491 2
477 3455 518 3491 et
533 3453 574 3501 3,
592 3455 634 3492 et
655 3463 704 3492 ex
724 3455 882 3493 statutis
901 3455 1188 3495 Carthusiauo-

160 3524 269 3561 rum,
292 3525 334 3565 p.
364 3515 405 3560 2,
432 3526 469 3553 c.
489 3515 530 3562 4,
558 3517 599 3553 et
617 3526 666 3553 ex
690 3514 846 3566 Regula
878 3517 1186 3568 monacharum,

161 3583 202 3613 ο.
217 3575 259 3623 Ἰ,
276 3574 383 3615 inter
401 3586 529 3630 opera
541 3575 800 3630 Hieronymi,
818 3580 922 3620 tom.
941 3578 983 3620 9.
1003 3577 1190 3631 Denique

447 217 525 249 Lm.
547 215 588 247 X.
611 213 667 246 DE
685 211 882 245 REGimiNE
901 210 1149 250 socm'rffls,
1173 211 1228 246 m·
1246 209 1562 250 CONSEQUENTER
1584 209 1638 244 DE
1656 209 1873 253 mauis
1884 213 1988 267 EIUS,
2042 195 2043 198 Ἴ

1242 277 1327 318 sere
1358 288 1500 317 omnes
1527 276 1744 327 religiones
1762 263 2036 321 mendicantes
2051 279 2159 322 hane
2173 268 2346 333 fimf-*J

1243 351 1352 379 mam
1373 339 1583 389 regiminis
1602 337 1814 378 observare
1829 338 2033 380 videntur.
2310 333 2325 344 ”

1297 401 1335 440 8.
1362 399 1550 440 Auctoris
1575 401 1761 440 resolutio
1789 399 1981 450 probatus·
2007 363 2274 447 ανστονίἰαίσ;
2287 422 2314 453 ·,.

1244 483 1296 494 .-.
1315 460 1590 501 Nihilominus
1606 461 1824 500 dicendum
1845 464 1905 499 est
1924 459 1967 500 Ρ.
1988 461 2036 502 N.
2062 463 2266 513 ignatium
2322 491 2323 494 ,

1244 536 1327 563 non
1357 524 1443 561 sinc
1471 523 1731 575 antiquorum
1762 523 1929 562 Patrum
1956 522 2162 574 exemplo,
2191 535 2282 565 nee-
2304 517 2313 554 f'

1246 587 1332 625 sine
1353 584 1569 624 sufficienti
1588 585 1760 633 ratione,
1781 584 1893 623 hunc
1918 584 2086 623 modum
2104 584 2268 634 regimia

1245 649 1309 686 nis
1337 645 1518 696 elegisse.
1541 645 1755 693 Probatur,
1778 657 1876 684 nam
1902 645 2105 696 imprimis
2123 645 2166 684 D.
2194 645 2267 687 Be·
2327 665 2330 669 ·

1244 709 1432 747 nedictus
1450 708 1493 746 in
1511 719 1583 746 sua
1601 707 1755 758 regula,
1775 719 1861 758 cap.
1887 707 1926 755 3,
1947 710 2086 745 monet
2105 705 2269 756 quidem

1245 770 1445 808 Abbatem
1472 772 1517 807 ut
1539 781 1632 807 cum
1657 768 1824 808 consilio
1846 767 2017 806 fratrum
2045 765 2267 819 gubernet3

1247 831 1457 881 subjungit
1493 835 1655 869 tamen:
1685 830 1738 869 In
1769 828 1935 869 Abbatie
1965 829 2131 879 pendeat
2163 827 2270 868 arbi-

1249 893 1355 938 trio,
1389 894 1434 931 ut
1465 893 1567 943 quod
1596 890 1798 930 salubrius
1824 889 2070 942 ,iudicaverit
2100 901 2179 928 esse
2196 918 2210 938 ,
2234 888 2270 932 οἱ
2304 900 2307 902 ’
2348 934 2352 942 ι

1247 954 1377 993 cuncti
1403 953 1594 992 obediant.
1620 953 1665 990 Et
1686 953 1728 990 in
1748 963 1782 990 c.
1804 952 1856 990 65
1872 981 1883 998 ,
1905 950 2043 989 omnia
2062 948 2270 990 constituit

1245 1015 1288 1054 in
1309 1014 1478 1052 arbitrio
1500 1018 1539 1052 et
1561 1013 1769 1052 voluntate
1788 1012 1977 1060 Abbatis,
2006 1013 2191 1062 quamvis
2211 1010 2271 1050 di-

1245 1076 1441 1116 catillum
1464 1075 1523 1113 uti
1549 1075 1694 1113 debere
1723 1074 1889 1113 consilio
1919 1073 2091 1112 fratrum
2125 1073 2270 1112 timen-

1244 1140 1347 1175 tium
1368 1138 1511 1175 Deum.
1530 1136 1683 1174 Deinde
1704 1135 1874 1174 Basilius
1887 1134 1995 1173 idem
2014 1134 2150 1181 sentit,
2165 1133 2199 1172 si
2211 1136 2271 1172 at-

1243 1203 1354 1238 tente
1387 1199 1545 1248 legatur
1579 1198 1621 1235 in
1650 1197 1716 1235 cit.
1741 1197 1836 1243 loe.‚
1856 1208 1952 1235 nam
1971 1196 2015 1234 iu
2035 1194 2177 1246 regula
2201 1193 2270 1243 48,

1245 1272 1294 1299 ex
1319 1259 1557 1304 fusioribus,
1581 1259 1760 1308 primum
1780 1258 1863 1296 ait:
1884 1257 2010 1298 Nullo
2039 1256 2147 1295 modo
2182 1255 2272 1307 quis

1247 1323 1399 1362 curiose
1428 1319 1639 1360 Antitistz‘s
1670 1319 1834 1359 consilia
1851 1318 2108 1370 pervectum,
2132 1320 2202 1356 aut
2229 1316 2273 1356 in
2343 1354 2352 1355 c

1246 1384 1330 1433 ejus
1358 1384 1471 1431 sacca
1498 1381 1614 1420 anaia
1633 1381 1831 1432 inquirat,
1854 1379 1916 1419 his
1942 1379 2135 1418 duntaxat
2164 1389 2272 1417 emce-
2340 1376 2343 1377 ⁷

1242 1445 1328 1494 ptis
1356 1443 1423 1493 qui
1455 1454 1540 1481 cum
1566 1442 1780 1490 dimicatis
1812 1441 1965 1493 qradu,
1999 1443 2079 1478 tum
2113 1438 2273 1478 consilii

1243 1505 1456 1556 prudentia
1470 1503 1662 1541 Antis-lits
1677 1501 1942 1553 ipsiproximi
1959 1505 2070 1543 suva-
2085 1504 2124 1537 et
2134 1500 2273 1538 statim

1245 1565 1487 1615 subjungit:
1513 1564 1615 1610 Quos
1644 1563 1798 1613 quidem
1830 1562 1898 1601 ille
1924 1562 2144 1600 necessario
2176 1561 2270 1608 sibi,

1244 1627 1561 1678 quandocumque
1581 1625 1625 1664 de
1643 1636 1684 1662 re
1703 1623 1839 1674 aliqua
1856 1623 1932 1662 erit
1949 1623 2237 1662 deliberaturus
2254 1650 2266 1669 ,

1243 1691 1287 1728 in
1310 1688 1530 1734 consitium,
1553 1698 1597 1725 ac
1615 1688 1817 1724 maturam
1836 1684 2183 1724 considerationem
2204 1683 2273 1721 ad-
2335 1690 2338 1691 ’

1249 1750 1393 1789 nitebit
1415 1779 1423 1793 ‚
1446 1748 1636 1786 nimirum
1668 1747 1859 1797 proecepto
1886 1745 1952 1783 illi
1977 1745 2268 1793 obtemperans:

1249 1810 1391 1850 Omnia
1416 1814 1481 1859 fac
1508 1822 1595 1849 cum
1621 1809 1799 1848 consilio.
1826 1808 1871 1845 In
1890 1805 2037 1856 quibus
2056 1805 2189 1843 verbis
2211 1815 2274 1843 so-

1247 1871 1332 1910 lum
1351 1871 1688 1910 consultationem
1710 1872 1911 1907 maturam
1934 1867 2115 1916 requirit.
2138 1866 2188 1903 Et
2206 1876 2274 1903 eo-

1248 1933 1340 1971 dem
1362 1945 1480 1971 sensu
1501 1932 1612 1981 loqui
1633 1930 1809 1977 videtur,
1833 1928 1955 1979 capit.
1979 1929 2043 1972 54,
2070 1926 2140 1964 ubi
2159 1927 2274 1965 docet

1245 2006 1329 2033 esse
1367 1993 1546 2044 cogenda
1581 1990 1792 2042 Capitula,
1826 2001 1896 2028 seu
1933 1987 2274 2037 congregationes

1243 2056 1414 2094 fratrum
1453 2056 1495 2093 in
1524 2053 1673 2105 quibus
1704 2052 1881 2090 defectus
1921 2050 2207 2097 corrigantur,
2232 2051 2274 2088 et

1242 2116 1403 2156 honesti
1434 2127 1564 2154 mores
1596 2114 1842 2153 laudentur:
1867 2111 1949 2158 Quo
1982 2109 2275 2160 videlicetffin-
2326 2159 2336 2161 4

1243 2177 1354 2228 quit)
1377 2178 1556 2217 adhibita
1588 2175 1776 2227 locuplete
1810 2173 2027 2212 multorum
2062 2171 2272 2218 sententia,

1242 2241 1392 2287 majore
1406 2251 1492 2279 cum
1512 2239 1763 2280 auctoritate,
1779 2235 1882 2285 quod
1892 2235 1936 2273 in
1948 2233 2116 2272 medium
2131 2232 2275 2271 adduc·

1242 2301 1325 2338 tum
1346 2301 1417 2344 est,
1446 2298 1558 2349 quale
1577 2298 1647 2342 sit,
1667 2296 1890 2346 judicetur.
1913 2294 2000 2333 Non
2019 2298 2155 2331 tamen
2174 2292 2275 2332 dicit

1237 2359 1440 2410 judicium
1469 2358 1728 2397 definitivum
1757 2357 1943 2395 futurum
1964 2366 2048 2392 esse
2069 2354 2272 2402 omnium,

1242 2433 1318 2459 nec
1347 2420 1567 2458 verisimile
1587 2419 1627 2457 id
1649 2422 1722 2466 est,
1744 2429 1817 2468 pro
1845 2415 2014 2467 singulis
2043 2419 2082 2454 et
2110 2415 2274 2454 ordina-

1242 2482 1313 2521 riis
1325 2481 1546 2520 defectibus
1563 2480 1847 2529 religiosorum
1866 2477 2110 2528 judicandis.
2130 2476 2272 2516 Solum

1244 2555 1340 2593 ergo
1360 2542 1448 2581 vult
1467 2546 1513 2580 ut
1532 2543 1575 2579 in
1596 2542 1777 2592 plurium
1806 2551 1996 2579 consessu
2017 2545 2057 2577 et
2083 2537 2270 2585 consilio,

1241 2610 1364 2655 atque
1396 2603 1497 2642 adeo
1530 2602 1677 2652 maj0ri
1707 2611 1800 2638 cum
1835 2599 2073 2637 auctoritate
2103 2597 2188 2636 fiat.
2225 2597 2272 2639 In

1241 2666 1332 2706 aliis
1350 2677 1445 2704 vero
1468 2663 1624 2703 duobus
1641 2662 1739 2700 locis
1765 2672 1848 2699 non
1867 2663 2014 2699 tractat
2047 2659 2096 2697 de
2122 2658 2272 2708 guber-
2324 2703 2327 2705 ,

1242 2727 1423 2772 natione,
1444 2725 1512 2764 sed
1533 2725 1582 2763 de
1603 2723 1797 2762 electione
1816 2720 1991 2767 Praelati,
2012 2717 2062 2758 de
2078 2731 2158 2769 qua
2179 2731 2272 2770 pos-

1242 2793 1323 2835 tea,
1343 2799 1378 2826 c.
1401 2788 1426 2825 2
1445 2790 1484 2825 et
1502 2787 1542 2833 3,
1564 2785 1760 2829 dicemus,
1776 2786 1815 2820 et
1834 2781 1884 2820 de
1905 2780 2138 2831 receptione
2158 2779 2271 2819 novi-

1241 2850 1409 2895 tiorum,
1429 2848 1478 2885 de
1498 2857 1577 2896 qua
1593 2846 1678 2895 jam
1698 2843 1767 2882 hb.
1789 2844 1828 2888 2,
1849 2854 1882 2881 c.
1906 2843 1946 2890 3,
1968 2853 2008 2880 n.
2030 2843 2072 2890 7,
2091 2841 2280 2881 diximus>

1239 2909 1339 2961 quid
1362 2907 1623 2963 peculiariter
1641 2906 1686 2946 in
1705 2904 1783 2945 hoc
1805 2903 1995 2945 observet
2017 2903 2210 2951 Soc-iem,
2228 2903 2282 2943 et'

1242 2983 1327 3009 eur.

1294 3034 1333 3072 9.
1359 3031 1521 3072 Accedit
1536 3027 1802 3082 Aequa-tinus.
1814 3045 1867 3059 -
1883 3025 2163 3068 Addimentum
2178 3023 2271 3068 Na-

1242 3093 1357 3132 varri
1375 3105 1453 3132 non
1471 3094 1573 3132 satis
1591 3092 1801 3142 probatur.
1822 3109 1875 3118 —
1894 3089 2090 3127 Praeterea
2115 3087 2161 3126 D.
2183 3087 2270 3126 Au·
2295 3103 2308 3106 ·-

1243 3155 1429 3204 gustinus
1449 3154 1492 3192 in
1513 3165 1587 3191 sua
1605 3152 1748 3202 regula
1768 3150 1945 3189 multum
1962 3149 2093 3188 defert
2114 3150 2269 3199 Praepo-

1241 3214 1348 3262 sito,
1379 3215 1598 3264 omniaque
1635 3212 1844 3251 constituit
1867 3211 1911 3250 in
1936 3210 2104 3249 arbitrio
2127 3209 2238 3247 illius
2250 3232 2268 3256 ‚

1241 3274 1306 3313 vel
1331 3275 1558 3326 presbyteri
1583 3274 1780 3324 majorem
1805 3270 1992 3311 habentis
2010 3272 2266 3322 potestatem,

1243 3339 1288 3374 ut
1319 3338 1362 3374 in
1395 3335 1684 3387 superioribus,
1716 3335 1877 3373 tractat.
1913 3334 1952 3380 8,
1980 3329 2192 3370 tractando
2215 3325 2300 3367 de
2288 3343 2298 3363 i

1243 3396 1421 3435 Praelatis
1447 3396 1695 3447 religionum
1725 3394 1769 3433 iu
1802 3405 1966 3445 genere,
1983 3389 2265 3442 explicuimus.

1242 3458 1356 3497 Unde
1375 3458 1580 3497 Navarrus
1598 3467 1722 3508 supra
1739 3456 1906 3502 fatetur,
1930 3450 2203 3503 Augustinum
2218 3445 2269 3487 in
2286 3468 2293 3490 ι

1241 3530 1315 3558 sua
1341 3518 1483 3569 regula
1510 3517 1774 3568 significasse,
1800 3519 1847 3555 ut
1875 3515 1919 3554 in
1948 3514 2042 3553 suis
2061 3510 2294 3550 monaste-t

1240 3579 1314 3621 riis
1339 3579 1578 3620 monarchia
1603 3578 1738 3631 potius
1764 3587 1892 3631 quam
1909 3569 2161 3614 aristocratia
2180 3577 2296 3621 ιρι-,ι
