2352 3880
126 227 231 267 1116

126 294 166 344 3,
186 296 327 333 eontra
346 291 534 332 eumdem
553 291 711 338 Sotiim,
731 291 802 342 qui
829 291 916 330 sine
945 303 1068 331 eausa
1084 304 1154 332 ne-

125 360 194 408 gat
210 356 249 394 id
267 354 372 405 qnod
392 353 569 390 diximus
586 351 635 391 de
652 356 821 403 paterna
839 352 1062 404 punitione.
1078 353 1154 394 Ve-

124 420 355 457 rumtamen
375 413 462 452 haee
490 414 628 452 omnia
657 425 706 452 ex
723 413 939 465 prudentia
958 414 1149 466 pendent,

125 477 220 529 quia
259 474 372 514 nulla
407 474 498 525 lege
527 474 709 514 humana
745 474 810 514 vel
845 475 1062 527 prohibita,
1087 474 1152 517 vel

123 537 356 589 praescripta
375 540 486 582 sunt,
511 541 552 575 et
568 548 617 575 ex
638 548 680 576 se
699 548 782 576 non
802 538 1002 576 excedunt
1021 541 1152 589 potes-

123 602 245 637 tatem
269 597 563 637 dominativam
590 598 730 649 patris,
767 611 898 651 neque
931 599 1081 638 cedunt
1107 600 1151 639 in

121 658 335 698 infamiam
363 658 585 698 notabilem
604 659 768 709 subditi,
792 672 886 699 eum
913 661 1000 711 ejus
1031 660 1150 699 delie-

120 723 208 759 tum
230 733 312 760 non
331 720 558 773 publicetur
583 720 691 761 ultra
709 721 860 761 limites
891 721 1149 763 correctionis

112 779 323 826 'fraternae.
356 791 372 809 ³

172 847 237 886 ¹15.
264 846 425 887 Tertius
441 845 867 900 processus—Tertio
886 844 934 893 si,
968 843 1032 884 his
1064 854 1148 886 non

119 905 386 955 obstantibus,
407 909 590 947 subditus
606 913 664 947 est
680 907 882 958 pertinax,
903 910 942 945 et
961 907 1148 948 admoni-

115 968 273 1009 tionem
288 970 443 1009 nullam
456 969 650 1017 admittit,
672 972 712 1007 et
731 968 924 1007 delictum
939 980 1012 1007 nec
1030 973 1145 1009 noto—

109 1021 224 1107 {rium
241 1036 314 1079 est,
339 1044 414 1070 nee
430 1030 637 1081 probabile
665 1030 709 1068 in
730 1030 894 1081 judicio,
917 1042 991 1069 nec
1013 1031 1143 1082 vergit

109 1090 263 1131 directe
285 1093 328 1130 in
353 1092 551 1129 damnum
571 1092 892 1139 communitatis,
916 1104 1000 1131 non
1019 1092 1143 1133 habet

109 1130 307 1192 J'Praelatiis
321 1152 496 1203 amplius
515 1153 623 1203 quod
642 1151 763 1191 faciat
781 1154 886 1192 circa
902 1153 1143 1205 delinquen·-

109 1216 209 1262 tem,
231 1213 298 1252 sed
325 1218 413 1253 oret
433 1226 506 1265 pro
538 1214 621 1263 illo,
653 1214 809 1264 vigilet,
831 1223 870 1253 et
897 1215 1142 1265 occasiones,

110 1284 210 1324 quas
231 1276 419 1325 potuerit,
448 1275 607 1314 auferat
625 1276 710 1314 sine
737 1275 927 1314 scandalo
950 1279 1021 1313 aut
1038 1275 1143 1315 infa-

111 1335 289 1375 matione
318 1337 493 1387 subditi3
515 1337 611 1388 quia
631 1349 714 1376 non
745 1341 877 1388 potest
896 1342 1060 1389 propter
1076 1349 1143 1376 oe-

110 1396 263 1436 cultum
296 1397 489 1437 delictum
522 1399 638 1437 illum
672 1398 886 1446 infamare,
923 1410 1057 1448 neque
1091 1396 1142 1439 ad

107 1434 218 1496 blind
239 1470 369 1508 geniis
389 1460 665 1511 inquisitionis
689 1460 808 1499 debet
840 1459 1069 1511 procedere,
1097 1463 1144 1499 nt

107 1519 288 1560 dicemus
305 1534 392 1572 cap.
413 1524 476 1570 12,
499 1522 570 1561 ubi
587 1523 724 1568 etiam,
747 1534 772 1560 a
790 1534 904 1561 num.
929 1522 995 1565 34,
1012 1533 1142 1573 expo—

107 1591 252 1620 nemus
271 1583 366 1632 qnid
391 1583 595 1634 agendum
616 1584 668 1621 sit
693 1583 854 1634 quando
871 1583 1063 1621 delictum
1083 1586 1142 1622 est

106 1642 330 1694 probabile,
351 1650 421 1685 aut
440 1645 592 1686 directe
611 1648 743 1698 vergit
760 1646 805 1686 in
823 1646 1019 1685 damnum
1033 1657 1141 1686 com-

106 1705 334 1747 munitatis.

493 1854 659 1896 CAPUT
685 1854 751 1897 XI.

106 1995 157 2027 DE
174 1999 335 2029 'rr-irum
354 2002 456 2030 MODO
475 2003 712 2031 PROCEDENDI
733 2002 775 2032 IN
796 2001 977 2031 EXTERNO
993 2001 1138 2032 JUDIGIO

159 2060 311 2090 CONTRA
324 2063 484 2091 DELICTA
501 2064 769 2103 SUBDiTORUM3
788 2064 835 2093 AG
853 2064 997 2092 PRIMUM
1010 2064 1061 2094 DE
1076 2063 1136 2094 VI·

158 2122 381 2164 SITATIONE,
401 2125 471 2155 SEU
491 2125 688 2155 GENERALI
705 2126 981 2159 INQUISITIONE·

159 2258 199 2297 Ι.
224 2258 367 2298 Prima
396 2259 618 2312 suppositio
655 2259 831 2312 triplicis
862 2259 968 2300 modi
998 2271 1134 2313 proce-

101 2320 219 2363 {dandi
240 2321 284 2359 iu
295 2320 711 2371 judicio—Secunda
724 2323 942 2372 suppositio
962 2323 1134 2375 duplicis

101 2370 259 2430 lforum»,
268 2383 381 2430 juris
396 2382 545 2422 scilicet
560 2383 738 2434 positici,
759 2388 830 2422 aut
843 2385 1060 2423 naturalis.
1082 2404 1134 2416 —-·

97 2441 256 2507 {Forma
265 2445 379 2493 jzm's
401 2445 606 2484 naturalis
623 2445 778 2494 sufficit
795 2445 1066 2496 religionibus.
1082 2464 1135 2477 —-

100 2503 288 2553 iDiximus
307 2516 331 2543 a
358 2516 446 2555 cap.
468 2506 492 2543 7
524 2505 574 2544 de
605 2505 785 2544 fraterna
804 2506 1130 2556 denuntiatione,

102 2565 187 2613 sed,
205 2567 445 2618 priusquam
469 2567 514 2606 in
532 2568 766 2619 particulari
791 2568 1043 2608 declaremus
1062 2581 1132 2610 ne·

101 2629 318 2667 cessarium
335 2640 416 2666 non
433 2629 570 2668 essein
588 2629 785 2668 Societate
796 2634 932 2669 nostra
945 2630 1131 2682 usurpari

100 2691 228 2732 totam
246 2689 479 2740 judicialem
496 2690 671 2729 formam
692 2690 736 2729 in
757 2691 974 2742 puniendis
996 2691 1131 2733 subdi·

101 2754 236 2789 torum
265 2751 437 2801 delictis,
471 2752 595 2791 etiam
627 2765 755 2804 usque
790 2753 842 2792 ad
871 2753 1127 2804 ejectionem,

101 2811 209 2862 qnod
227 2824 313 2863 cap.
344 2814 397 2852 13
416 2814 712 2864 praestabimus,
732 2815 965 2865 generalem
984 2815 1130 2855 doetri-

100 2882 199 2914 nam
223 2878 264 2912 et
285 2875 538 2926 frequentius
567 2876 612 2915 in
627 2876 704 2915 hae
734 2878 905 2915 materia
926 2881 1130 2927 receptam

100 2934 348 2986 praemittere
367 2948 529 2975 neeesse
550 2942 613 2976 est
638 2949 712 2988 per
734 2937 815 2975 duo
836 2938 1046 2988 sequentia
1063 2949 1130 2977 ca-

99 2995 186 3049 pita
204 3007 214 3032 z
235 3006 331 3034 nain
351 2996 445 3035 inde
461 2997 606 3036 melius
628 2997 884 3047 intelligetur
901 3010 954 3036 an
974 2997 1126 3051 aliquid

103 3056 303 3111 peculiare
322 3057 366 3097 in
391 3057 470 3097 hoc
501 3058 651 3098 habeat
679 3060 872 3107 Societas,
895 3063 1035 3111 etqua
1067 3071 1130 3100 ra-

102 3119 212 3161 tione
229 3120 396 3157 nitatur.
412 3118 547 3158 Primo
559 3132 655 3171 ergo
675 3120 939 3172 supponenda
948 3125 1008 3159 est
1025 3132 1130 3162 eom-

100 3180 239 3222 munis
254 3180 324 3219 illa
337 3180 541 3219 distinctio
557 3181 607 3220 de
625 3181 776 3232 triplici
795 3182 1008 3233 modoque
1026 3183 1128 3223 Prae-

98 3241 175 3282 lati
195 3246 236 3281 et
251 3242 406 3292 judices
430 3245 596 3293 possunt
625 3242 842 3294 procedere
861 3243 906 3281 in
938 3244 1128 3282 exteriori

97 3303 251 3355 judicio
269 3303 320 3342 ad
339 3303 620 3354 cognoscenda
637 3303 702 3342 vel
719 3303 928 3354 punienda
945 3304 1045 3343 subd
1053 3305 1128 3344 ito-

97 3356 194 3406 rum
216 3364 377 3413 delicta,
396 3376 486 3417 quoe
516 3365 623 3405 circ-a
640 3365 794 3404 crimen
814 3364 978 3404 haeresis
995 3365 1128 3405 attuli·

98 3438 207 3476 mus,
227 3426 330 3478 disp.
358 3428 426 3475 20,
453 3425 504 3466 de
529 3426 642 3473 Fide,
675 3430 771 3466 sect,
797 3426 840 3473 4,
869 3425 1035 3474 scilicet,
1056 3438 1127 3478 per

97 3472 208 3536 'niam
239 3487 519 3536 accusationis,
551 3487 752 3539 judicialis
787 3486 1124 3538 denuntiationis,

97 3552 143 3589 et
158 3548 449 3600 inquisitionis,
462 3559 554 3601 quae
577 3549 621 3587 in
637 3549 730 3599 jure
748 3559 852 3600 saepe
870 3547 1128 3600 distinguun-

100 3612 186 3667 tur,
215 3615 263 3659 ut
278 3614 491 3666 patetcap.
522 3608 703 3663 Qualiter
719 3612 760 3654 et
775 3611 945 3666 quaudo,
972 3611 1015 3662 2,
1034 3624 1128 3653 cum

404 228 482 263 ΠΒ.
501 227 542 260 X.
567 227 620 259 DE
641 225 837 260 REGunNE
858 225 1106 267 socmTA'rIS,
1128 227 1183 262 m·
1203 227 1520 267 CONSEQUENTER
1544 227 1597 260 DE
1617 223 1950 280 PR'AELATISQEJUS.

1206 292 1404 332 similibus
1423 293 1474 332 de
1483 293 1829 344 Accusationibus,
1838 299 1879 335 et
1889 308 1974 348 cap.
1989 297 2104 340 Dicet
2116 297 2228 352 Heli,
2255 276 2257 278 ³
2270 280 2298 327 s„

1206 354 1256 393 de
1275 353 1470 393 Simonia.
1502 354 1611 393 Inter
1642 367 1742 407 quos
1769 361 1850 395 tres
1869 358 2006 398 modos
2023 361 2228 411 potissima

1206 415 1436 455 differentia
1451 416 1582 467 posita
1594 417 1712 456 estin
1731 417 1960 457 inchoando
1975 419 2138 470 judicio,
2158 434 2228 463 seu

1204 487 1415 529 processu3
1437 490 1533 516 nam
1555 478 1598 517 in
1621 478 1708 529 ejus
1736 478 1871 517 medio
1890 484 1930 518 et
1955 479 2036 519 fine
2055 483 2228 524 multum

1205 538 1470 587 conveniunt,
1494 540 1681 590 quamvis
1696 539 1906 578 nonnullae
1923 539 2158 582 differentiae
2168 544 2228 584 in-

1204 599 1427 648 tercedant,
1449 604 1495 639 ut
1512 601 1756 640 videbimus.
1779 602 1848 640 Est
1871 606 2066 652 praeterea
2085 614 2230 655 suppo·

1203 661 1400 709 nendum,
1431 662 1476 701 in
1493 662 1558 701 his
1585 662 1716 701 tribus
1736 662 1979 714 procedendi
2009 662 2138 702 modis
2156 663 2231 704 ali-

1203 735 1322 775 quem
1339 723 1522 762 ordinem
1542 728 1582 763 et
1597 724 1768 763 formam
1784 724 1977 775 postulari
1995 736 2042 764 ex
2056 724 2147 774 jure
2161 735 2231 777 po·

1203 785 1321 823 sitive
1338 785 1607 824 eeclesiastico
1627 785 1695 825 vel
1715 786 1840 833 civili,
1861 797 1954 837 quae
1983 797 2008 825 a
2037 786 2230 826 seculari·

1202 844 1278 884 bus
1293 845 1499 896 judicibus
1522 847 1721 886 servanda
1736 851 1811 894 est,
1839 851 1884 885 iit
1899 847 2027 898 juste,
2046 850 2087 887 et
2103 847 2229 888 inter·

1202 906 1299 945 dum
1319 907 1442 945 etiam
1462 907 1594 947 valide
1612 908 1854 959 procedaiit3
1875 912 2023 959 praeter
2041 908 2146 946 hane
2159 919 2228 949 au-

1198 971 1281 1006 tern
1298 967 1471 1007 formam
1486 970 1731 1008 considerari
1746 981 1858 1020 posse
1867 969 1995 1007 solam
2012 968 2123 1007 illam
2141 979 2228 1019 qiiae

1198 1040 1249 1069 cx
1264 1030 1356 1080 jure
1374 1031 1551 1070 naturali
1565 1036 1604 1070 et
1618 1033 1803 1082 gentium
1818 1030 2055 1082 requiritur,
2071 1024 2229 1069 etsuffiss

1198 1090 1253 1130 cit
1272 1097 1318 1130 ut
1337 1092 1433 1131 facti
1460 1093 1630 1132 veritate
1647 1092 1891 1131 sufficienter
1908 1092 2088 1142 inspecta
2103 1090 2228 1142 possit

1197 1150 1287 1192 fieri
1307 1154 1531 1193 humanum
1543 1155 1760 1204 judicium,
1780 1154 1940 1198 suffieit,
1957 1153 2141 1204 inquam,
2154 1163 2229 1203 per

1197 1224 1238 1254 se
1259 1214 1476 1266 loquendo,
1497 1228 1568 1255 seu
1597 1216 1668 1255 ubi
1692 1215 1894 1266 peculiare
1911 1215 1979 1265 jiis
2010 1214 2226 1265 positivum

1197 1285 1281 1314 non
1300 1276 1557 1328 obligaverit.
1577 1277 1670 1316 Haee
1684 1289 1782 1327 ergo
1804 1277 1999 1328 posterior
2017 1276 2163 1323 forma,
2184 1274 2228 1315 in

1197 1348 1278 1388 qua
1297 1338 1383 1377 sine
1415 1341 1586 1390 strepitu
1606 1343 1648 1377 et
1675 1338 1807 1389 figura
1843 1336 1987 1389 judicii
2021 1333 2224 1382 secularis,

1195 1398 1315 1450 plane
1329 1404 1368 1439 et
1385 1399 1621 1451 simpliciter
1630 1399 1796 1451 procedi
1810 1403 1941 1450 potest
1959 1396 2008 1437 ad
2023 1397 2227 1450 justitiam

1196 1461 1453 1509 servandam,
1483 1461 1768 1512 explicandae
1799 1460 1919 1499 nobis
1947 1463 2019 1507 est,
2054 1458 2150 1509 qnia
2181 1457 2226 1498 in

1198 1525 1305 1560 statu
1325 1522 1514 1573 religioso
1533 1528 1726 1573 tanquam
1746 1523 1878 1572 magis
1903 1521 2147 1561 conveniens
2166 1522 2227 1576 est

1197 1584 1490 1622 consuetudine
1508 1588 1683 1635 recepta,
1702 1587 1742 1623 et
1761 1595 1832 1634 per
1851 1595 2027 1621 canones
2054 1586 2096 1621 et
2129 1581 2228 1627 Dee<

1196 1649 1303 1682 tores
1314 1645 1536 1696 approbata
1550 1660 1561 1693 3
1574 1646 1630 1683 ita
1649 1645 1892 1695 significavit
1909 1641 2230 1703 liiiioceiitiuslll·k

1194 1705 1238 1744 in
1258 1706 1353 1744 dict.
1376 1719 1462 1757 cap.
1484 1707 1665 1753 Qualiter
1685 1711 1721 1747 et
1738 1708 1906 1758 quaudo,
1925 1705 2010 1752 ubi,
2029 1703 2225 1754 explicato

1192 1778 1402 1819 progressu
1420 1768 1617 1819 JudieiaI'i,
1636 1767 1995 1806 concluditzffuuo
2015 1768 2145 1805 tamen
2160 1775 2224 1804 ον-

1194 1829 1323 1869 dinem
1349 1830 1458 1869 cio-ca
1475 1831 1678 1880 reyulares
1702 1839 1891 1882 personas
1923 1838 2000 1867 ποθι
2033 1827 2224 1867 creclz'mus

1193 1899 1466 1943 usquequaque
1482 1892 1731 1931 servandum.
1756 1890 1805 1928 Et
1826 1889 2057 1928 Bonifatius
2069 1888 2156 1926 viil
2173 1886 2229 1954 de0

1193 1949 1271 1989 hae
1303 1964 1347 1990 re
1391 1952 1562 2003 speciale
1600 1952 1863 2003 privilegium
1897 1948 2229 1988 mendicantibus.

1193 2013 1400 2059 concessit,
1428 2012 1536 2064 quod
1573 2013 1748 2052 refertur
1774 2013 1817 2050 in
1837 2010 2084 2061 compendio
2106 2019 2226 2074 men-¹

1192 2072 1417 2114 dicentium
1433 2102 1444 2121 ,
1479 2073 1592 2114 verb.
1628 2074 1825 2114 eorrectio
1861 2074 2038 2122 fratrum
2058 2101 2071 2120 ,
2106 2074 2148 2109 et
2177 2069 2226 2136 in¹

1191 2132 1263 2174 lib.
1297 2135 1554 2177 Monumeuta
1584 2138 1755 2183 ordinis,
1790 2135 2044 2173 concessione
2065 2133 2160 2179 499,
2181 2136 2228 2185 et⁸

1188 2194 1234 2235 in
1254 2196 1502 2247 Compendio
1522 2197 1833 2249 privilegiorum
1854 2195 2076 2241 Societatis,
2105 2193 2222 2234 verbss

1193 2257 1411 2306 Correcti'o,
1447 2257 1471 2310 ξ
1499 2262 1551 2308 1;
1585 2259 1833 2298 adnotarunt
1861 2258 1985 2296 etiam
2009 2255 2219 2307 Cajetanus

1189 2319 1229 2358 ⁶2.
1248 2320 1287 2366 2,
1307 2324 1447 2371 qiiaest.
1469 2321 1535 2363 70,
1560 2324 1636 2359 art.
1660 2322 1701 2367 2,
1721 2323 1762 2359 et
1785 2329 1879 2358 eum
1900 2329 1947 2358 eo
1967 2317 2074 2364 Soto,
2104 2317 2176 2356 lib.
2194 2318 2219 2358 5

1189 2379 1240 2419 de
1258 2381 1434 2430 Justitia,
1455 2386 1596 2433 quaest.
1621 2383 1660 2429 7,
1681 2385 1759 2420 art.
1779 2380 1820 2427 ⁶2,
1852 2380 1897 2419 in
1928 2379 2026 2425 fine,
2057 2383 2098 2419 et
2121 2390 2217 2419 con-

1188 2445 1396 2494 gruentias
1416 2444 1638 2491 insinuant,
1653 2442 1747 2495 quia
1762 2442 1804 2482 in
1819 2441 2082 2493 religionibus
2098 2441 2218 2481 debet

1188 2516 1273 2544 esse
1307 2506 1464 2545 sincera
1487 2510 1526 2545 et
1549 2506 1671 2556 plana
1702 2504 1880 2554 cognitio
1909 2505 2144 2552 criminum,
2176 2508 2216 2544 et

1188 2567 1285 2618 quia
1302 2567 1361 2606 ibi
1394 2567 1593 2619 supplicia
1611 2578 1694 2606 iion
1716 2569 1812 2605 sunt
1848 2564 1952 2605 adeo
1972 2565 2133 2611 acerba,
2166 2574 2214 2604 eo

1185 2627 1294 2680 qnod
1328 2639 1412 2668 non
1439 2634 1533 2668 sunt
1563 2633 1648 2667 tam
1676 2627 1725 2667 ad
1747 2626 1998 2678 puniendum
2019 2637 2144 2677 quam
2162 2624 2213 2663 ad

1185 2688 1358 2729 salntem
1376 2690 1524 2730 animae
1539 2701 1551 2739 ;
1565 2690 1663 2729 item
1682 2690 1725 2728 in
1739 2689 1920 2728 favorem
1934 2687 2131 2738 regularis
2146 2685 2216 2741 01)-Ι

1185 2751 1418 2800 scrvaiitiae3
1450 2763 1498 2792 ac
1528 2751 1702 2801 denique
1733 2750 1829 2801 quia
1852 2759 1924 2799 per
1955 2759 1995 2787 se
2024 2748 2212 2787 credibile

1186 2815 1247 2851 est
1265 2813 1482 2863 procedere
1502 2813 1656 2863 judices
1671 2823 1764 2850 eum
1782 2808 1930 2860 majori
1948 2809 2144 2848 charitate
2173 2812 2214 2859 et

1185 2875 1348 2926 puriore
1367 2875 1609 2920 intentione,
1624 2876 1665 2912 et
1681 2877 1801 2911 testes
1813 2873 1937 2910 etiam
1958 2876 1998 2908 et
2012 2870 2111 2910 alias
2124 2880 2211 2922 per·

1184 2945 1317 2982 sonem,
1341 2946 1431 2986 quae
1448 2935 1760 2982 intervenirent,
1782 2945 1866 2973 esse
1886 2932 1964 2972 fide
1984 2933 2144 2982 dignas.

1237 2997 1277 3038 2.
1297 2997 1516 3049 Inquisitio
1533 3009 1602 3038 seu
1618 2997 1800 3037 visitatio
1819 2994 2015 3048 yeneralz's
2047 2994 2091 3034 iu
2115 2992 2209 3034 reli-

1185 3059 1369 3111 ⁸qiouibus
1383 3060 1499 3100 licita
1515 3062 1648 3099 est.—
1665 3058 1735 3097 His
1757 3058 1910 3109 positis,
1938 3055 2147 3107 inquisitio
2165 3055 2215 3123 in<¹

1185 3119 1260 3160 hoc
1274 3119 1409 3158 differt
1428 3120 1479 3159 ab
1509 3120 1599 3160 aliis
1622 3119 1792 3167 duabus,
1813 3118 1921 3170 quod
1941 3118 1986 3157 in
2004 3127 2053 3156 ea
2079 3115 2208 3167 judex

1184 3182 1270 3234 ipse
1290 3182 1448 3233 incipit,
1467 3186 1508 3221 et
1527 3194 1609 3221 non
1630 3181 1732 3221 alius
1760 3191 1855 3219 eum
1875 3182 2080 3231 provocat,
2101 3171 2209 3235 dese-i*

1184 3243 1311 3283 rendo
1329 3244 1381 3282 ad
1408 3256 1527 3283 aures
1558 3243 1645 3294 ejus
1677 3241 1884 3288 delictum,
1905 3243 1947 3279 et
1967 3237 2209 3291 postulando

1182 3306 1456 3358 cognitionem
1475 3306 1579 3357 ejus,
1598 3303 1668 3343 sed
1693 3304 1778 3354 ipse
1797 3301 1939 3354 incipit
1955 3312 2047 3340 eam
2069 3299 2204 3352 inqui-

1182 3368 1324 3416 rendo,
1347 3372 1389 3408 et
1417 3367 1508 3406 ideo
1528 3369 1694 3405 vocatur
1721 3364 1808 3404 haec
1824 3364 1891 3403 via
1918 3361 2202 3414 inquisitionis.

1182 3428 1278 3478 Quae
1299 3429 1514 3481 dupliciter
1529 3426 1591 3476 fit,
1612 3426 1764 3466 seilicet
1789 3424 1834 3466 in
1862 3423 2056 3476 generali,
2079 3420 2144 3460 vel
2161 3419 2202 3459 in

1179 3492 1429 3544 particulari.
1451 3489 1665 3541 Inquisitio
1699 3487 1902 3539 generalis
1925 3485 1975 3526 fit
2002 3484 2047 3525 ln
2063 3480 2202 3535 visita·⁴

1179 3552 1360 3592 tionibus
1387 3552 1647 3603 religionum,
1669 3561 1759 3602 quae
1777 3552 1838 3589 est
1853 3556 1984 3601 perse
2007 3545 2131 3597 justa,
2163 3544 2204 3604 0¹²,

1179 3613 1405 3655 necessaria
1428 3613 1482 3654 ad
1512 3612 1667 3657 bouum
1695 3610 1881 3665 regimen
1913 3602 2138 3658 relig10nis,
2160 3604 2211 3651 et,
2263 3652 2266 3653 7
2316 3627 2324 3641 ,-

2235 3782 2297 3880 ii
