2352 3880
165 348 331 402 ⁴virtutis
360 345 547 402 specialis
573 350 833 400 obedientias,
864 351 1081 391 difficultas
1110 364 1196 391 non

166 424 293 465 parva
316 414 399 461 est,
428 423 483 451 an
516 412 568 452 ad
593 412 712 452 illum
736 413 969 464 requiratur
995 426 1046 454 ex
1077 418 1195 466 parte

166 472 312 523 objecti
344 474 558 524 proprium
587 479 836 527 praeceptum
868 475 1108 527 Superioris,
1130 475 1196 515 vel

166 533 336 573 sufficiat
353 533 526 585 simplex
553 535 740 575 voluntas
767 536 1001 588 significans
1032 537 1195 576 subdito

165 606 422 647 quocumque
458 597 594 636 modo.
628 598 674 637 In
705 610 786 649 qua
822 599 1035 650 Cajetanus
1064 600 1107 639 2.
1143 600 1196 648 Ξ,

164 660 309 708 quaest.
345 658 568 698 centesima
601 665 760 711 quarta,
796 660 967 699 articulo
1001 660 1193 710 secundo,

163 727 239 769 pro
265 723 375 758 certo
402 721 614 772 supponit,
635 721 838 771 objectum
866 721 1108 761 obedientiae
1134 722 1197 761 in-

165 779 326 819 cludere
345 786 594 833 praeceptum
614 782 793 833 aliquod,
822 786 862 821 et
879 782 1052 833 inquirit
1073 795 1128 821 an
1147 783 1200 823 sit

163 842 435 881 necessarium
465 847 716 894 praeceptum
738 843 922 893 obligans
940 843 992 882 ad
1010 844 1196 891 mortale,

163 902 230 942 vel
261 903 433 943 sufficiat
467 906 718 956 generatim3
751 909 791 943 et
817 904 984 943 resolvit
1014 905 1199 945 suffic-ere

164 965 450 1017 quodcumque
479 971 728 1017 praeceptum
755 966 953 1005 inducens
986 965 1200 1016 obligatio-

163 1038 259 1066 nem
291 1027 365 1066 sub
401 1040 659 1079 quacumque
697 1027 838 1078 culpa,
872 1030 997 1066 etiam
1029 1028 1196 1067 veniali.

164 1088 277 1136 Quod
297 1093 404 1128 recte
424 1089 589 1140 probat,
612 1090 708 1140 quia
728 1090 852 1128 etiam
886 1090 1059 1128 materia
1078 1090 1200 1129 mini-

163 1161 232 1189 ma
247 1154 307 1189 est
323 1163 450 1202 capax
464 1150 707 1189 obedientiae
723 1155 762 1190 et
779 1151 1086 1198 inobedientiae;
1103 1152 1200 1202 quia

163 1215 223 1251 est
241 1224 367 1262 capax
388 1213 579 1263 praecepti
601 1213 828 1262 generatim
849 1213 1019 1263 sumpti,
1040 1213 1200 1252 etiamsi

163 1278 412 1324 praeceptum
429 1273 539 1311 illius
558 1285 631 1324 per
650 1286 691 1313 se
724 1286 807 1312 non
841 1273 995 1323 obliget
1023 1273 1074 1312 ad
1095 1286 1201 1312 mor·

161 1334 257 1373 tale.
278 1335 391 1382 Quod
411 1339 547 1373 autem
570 1335 734 1386 aliquod
753 1340 999 1386 praeceptum
1020 1347 1200 1374 necessa-

160 1395 271 1435 rium
292 1396 358 1444 sit,
383 1395 514 1434 solum
547 1395 695 1447 probat
725 1397 956 1446 Cajetanus,
988 1397 1084 1448 qwc'a
1120 1397 1201 1436 obe-

161 1458 324 1497 dientioe
344 1462 458 1497 actus
485 1459 676 1510 proprius
697 1462 754 1497 est
774 1461 903 1506 facere
934 1458 994 1497 vel
1024 1458 1201 1510 omittere

162 1518 331 1569 aliquid,
352 1523 397 1558 ut
431 1520 667 1569 Superioris
694 1520 933 1559 voluntatem
965 1519 1046 1558 sibi
1068 1523 1201 1559 notam

161 1580 352 1630 impleah·
379 1581 494 1630 quasi
513 1592 745 1631 supponens
779 1580 1102 1619 notificationem
1129 1591 1202 1618 vo-

159 1640 330 1679 luntatis
352 1642 579 1692 Superioris
598 1654 759 1692 semper
779 1641 928 1680 habere
945 1642 1029 1679 vim
1051 1653 1201 1692 praece-

160 1703 222 1754 pti
245 1703 480 1753 obligantis,
500 1703 644 1741 saltem
665 1703 740 1741 sub
766 1703 930 1741 veniali.
957 1702 1071 1748 Quod
1089 1702 1200 1742 vide-

160 1769 229 1802 tur
248 1765 371 1803 etiam
394 1765 574 1803 indicare
595 1766 641 1804 D.
663 1765 840 1803 Thomas
860 1764 933 1812 ibi,
955 1765 997 1802 in
1019 1776 1198 1815 corpor„

161 1826 259 1864 dum
291 1827 382 1865 ait:
415 1825 639 1866 obedientia
674 1830 734 1866 est
762 1826 949 1877 specialis
979 1826 1126 1874 virtus,
1162 1828 1201 1866 et

162 1888 249 1938 ejus
269 1889 459 1938 objectum
491 1892 548 1927 est
569 1891 809 1939 praeceptum,
841 1887 1026 1933 tacitum,
1048 1887 1108 1926 vel
1132 1898 1200 1927 ex-

157 1960 342 2001 pressum
353 1965 367 1994 ‚·
380 1948 565 1987 voluntas
583 1949 685 1987 enim
700 1947 951 1997 Superioris,
961 1959 1200 2000 quocumque

161 2011 272 2049 modo
294 2010 528 2056 innotescat,
556 2013 614 2048 est
640 2009 833 2060 quoddam
862 2009 1028 2048 tacitum
1057 2020 1200 2059 proece-

159 2074 289 2122 ptum.
311 2072 359 2109 Et
383 2071 427 2109 in
450 2070 652 2109 solutione
672 2070 723 2108 ad
743 2072 786 2117 2,
812 2069 921 2108 idem
940 2070 1103 2120 repetit,
1123 2069 1199 2108 sci-

161 2132 277 2180 licet,
310 2132 516 2183 objectum
551 2131 793 2170 obedientiae
826 2143 912 2169 esse
950 2136 1199 2182 praeceptum

162 2194 394 2245 Superioris
430 2205 690 2245 expressum,
722 2192 787 2231 vel
818 2192 1194 2243 interpretativum;

161 2256 261 2307 quid
280 2260 418 2294 autem
439 2267 510 2306 per
523 2254 879 2305 interpretativum
895 2253 1111 2304 intelligat,
1130 2254 1199 2293 de-

161 2317 304 2366 clarat,
323 2317 476 2364 dicans,
494 2316 646 2357 scilicet
665 2315 833 2366 simplex
851 2315 1008 2355 verbum
1021 2315 1199 2356 Proelati

162 2379 249 2429 ejus
269 2379 454 2418 indicans
479 2377 736 2425 voluntatem,
758 2377 822 2416 cui
847 2377 971 2416 obedit
987 2380 1198 2426 promptus

161 2440 336 2480 obediens
350 2466 362 2485 .
383 2439 594 2479 secundum
615 2437 719 2477 illud
748 2438 801 2477 ad
817 2437 967 2487 {Titum
986 2438 1012 2477 3
1041 2450 1051 2475 :
1081 2436 1198 2477 Dicto

162 2500 327 2540 obedire.
363 2501 413 2540 Et
447 2504 579 2552 potest
608 2499 842 2538 confirmari
874 2499 965 2538 haec
996 2499 1199 2538 sententia

160 2564 310 2614 primo,
333 2575 382 2601 ex
416 2562 560 2601 eodem
588 2561 795 2611 CajetanO,
817 2560 914 2611 quia
947 2559 1199 2611 ubicumque

159 2628 292 2675 potest
310 2623 462 2662 versari
476 2622 709 2661 obedientia
728 2620 912 2660 formalis
931 2632 982 2659 ex
1006 2620 1200 2659 intentio·

160 2697 214 2726 ne
233 2685 439 2736 operantis
453 2715 466 2734 ,
487 2688 619 2736 potest
638 2683 890 2722 intercedere
920 2681 1199 2721 inobedientia

160 2746 228 2785 vel
256 2747 438 2786 formalis
457 2758 507 2785 ex
535 2749 788 2795 contemptu,
809 2743 875 2783 vel
898 2744 1120 2783 materialis
1145 2755 1198 2783 ex

161 2820 422 2860 quacumque
441 2807 673 2846 voluntaria
692 2806 977 2844 commissione
992 2805 1057 2844 vel
1075 2806 1198 2844 omis-

160 2870 297 2917 sione,
330 2869 428 2914 quia
458 2868 642 2919 opposita
675 2871 891 2906 versantur
919 2866 1029 2904 circa
1062 2866 1195 2916 idem3

161 2930 233 2969 sed
255 2929 534 2968 inobedientia
569 2940 652 2967 non
686 2927 810 2966 habet
843 2926 993 2974 locum,
1015 2927 1094 2965 nisi
1124 2927 1198 2966 ubi

160 2990 386 3030 intervenit
406 2993 679 3042 praeceptum3
695 2993 784 3027 tum
804 2988 902 3039 quia
919 2987 1197 3028 inobedientia

160 3052 259 3092 dicit
282 3052 447 3099 vitium,
465 3062 538 3090 seu
560 3054 789 3103 peccatum,
808 3049 915 3100 quod
938 3050 1025 3088 sine
1045 3061 1197 3101 praece-

160 3117 233 3166 pto
262 3113 438 3164 intelligi
465 3124 550 3151 non
579 3115 734 3163 potest;
754 3115 844 3149 tum
877 3111 1001 3150 etiam
1029 3111 1140 3162 quia,
1162 3109 1197 3149 si

161 3175 355 3227 Superior
373 3173 535 3212 nullum
552 3185 676 3224 grave
694 3176 767 3212 aut
780 3172 869 3211 leve
886 3172 1087 3223 imponat,
1102 3172 1198 3210 licet

160 3236 347 3277 subditus
367 3247 451 3275 non
469 3235 593 3275 faciat
612 3235 700 3286 ejus
715 3234 986 3281 voluntatem,
1001 3245 1086 3272 non
1105 3244 1199 3284 pec-

163 3298 272 3339 cabit
287 3298 515 3347 venialiter,
531 3309 603 3348 per
619 3309 661 3335 se
677 3296 898 3348 loquendo,
913 3299 954 3335 et
968 3295 1063 3334 licet
1080 3294 1196 3334 illam

163 3364 414 3408 contemnat,
443 3371 528 3399 non
547 3357 728 3410 peccabit
747 3356 999 3404 mortalitem
1020 3367 1104 3395 11011
1134 3359 1197 3395 est

163 3435 261 3475 ergo
277 3421 528 3461 inobediens.
548 3418 822 3459 Confirmatur
840 3417 1018 3458 secundo
1042 3429 1094 3457 ex
1111 3416 1196 3456 dic-

163 3484 231 3533 tis,
254 3496 368 3533 nam,
398 3483 552 3523 secluso
581 3485 798 3534 praecepto,
831 3492 915 3519 non
938 3479 1059 3518 datur
1081 3483 1195 3518 actus

164 3545 250 3584 voti
286 3543 546 3591 obedientiae,
579 3543 622 3582 id
658 3547 733 3591 est,
765 3544 980 3582 contentus
1017 3539 1092 3580 suh
1124 3539 1197 3579 illa

165 3607 456 3657 promissione;
485 3617 584 3656 ergo
606 3616 680 3645 nec
701 3603 791 3644 dari
822 3607 953 3655 potest
978 3606 1090 3642 actus
1113 3601 1196 3642 for-

166 3666 285 3705 malis
299 3667 463 3706 virtutis
480 3665 736 3707 obedientiae.
756 3665 872 3705 Patet
889 3664 1192 3715 consequentia,

776 3726 801 3742 Ν

518 281 598 320 Lm.
619 281 677 319 IV.
697 283 752 319 m:
771 280 892 320 VOTIS
910 278 1162 320 smrmcl‘nus
1180 281 1420 321 cAsrlurls
1438 281 1494 320 m·
1513 281 1808 324 murmuris,
1830 277 1925 318 Ε’Μζ

1247 351 1346 404 quia
1365 353 1509 390 votum
1541 349 1803 398 obedientiae,
1821 352 1869 388 ut
1898 358 2053 388 nomen
2073 346 2164 399 eius
2193 343 2283 399 pru
2307 351 2311 355 “

1248 425 1291 452 se
1311 412 1406 460 fert,
1426 411 1550 451 habet
1568 423 1642 463 pro
1663 410 1834 449 materia
1866 409 2060 448 virtutem
2090 408 2284 450 ohedien-

1247 474 1337 520 tiae;
1357 484 1456 523 ergo
1484 478 1647 512 servant
1666 472 1854 511 eamdem
1881 470 2191 530 proportionem
2215 476 2288 512 1·οἐ
2316 475 2318 478 ⁴

1247 538 1388 587 spectu
1407 533 1598 585 praecepti
1616 532 1858 584 Superioris.

1303 598 1369 634 11.
1401 594 1552 635 Contra
1593 594 1700 634 hanc
1731 605 1829 633 vero
1860 593 2110 633 sententiam
2152 590 2289 637 obstat
2349 633 2352 639 ,

1250 657 1400 709 primo,
1423 656 1520 707 quia
1546 656 1735 695 voluntas
1756 656 1984 706 Superioris
2018 654 2198 694 indicata
2219 653 2289 692 in·'-

1250 717 1391 757 feriori
1411 721 1472 755 est
1489 716 1696 756 sufficiens
1729 715 1934 767 objectum
1957 715 2142 755 formalis
2171 717 2288 755 actus

1252 778 1510 825 obedientiae3
1531 782 1572 817 et
1592 777 1661 816 illa
1676 789 1759 816 non
1777 789 1935 829 semper
1947 778 2071 817 habet
2085 777 2171 816 vim
2185 787 2287 828 prae·

1253 840 1373 891 cepti,
1411 840 1494 878 sive
1528 839 1656 888 taciti,
1695 839 1779 878 sive
1808 840 2002 891 expressi,
2041 850 2116 878 nec
2142 849 2215 890 per
2244 847 2287 876 se

1254 901 1475 951 obligantis
1494 899 1546 938 ad
1563 899 1734 938 mortale
1765 904 1838 938 aut
1876 901 1928 939 ad
1960 900 2149 948 veniale;
2170 909 2284 949 ergo.

1252 962 1493 1013 Explicatur
1509 961 1661 1009 minor,
1683 960 1782 1011 quia
1813 960 1856 999 in
1883 973 1932 999 ea
1948 961 2113 1000 videtur
2138 960 2284 999 consis-
2337 1008 2339 1010 Ι

1251 1028 1338 1063 tere
1362 1023 1592 1062 difficultas.
1634 1023 1737 1060 Nam
1757 1022 1808 1060 ad
1834 1026 2085 1074 praeceptum
2122 1034 2197 1061 nec
2214 1032 2285 1060 ne-

1253 1085 1472 1124 cessarium
1494 1088 1567 1132 est,
1600 1095 1675 1122 nec
1694 1082 1863 1131 sufficit,
1888 1087 1934 1121 ut
1962 1083 2153 1134 Superior
2187 1081 2304 1120 170111·Ι

2290 1115 2301 1159 l

1254 1145 1410 1196 aliquid
1428 1145 1518 1184 fieri
1531 1157 1555 1183 a
1575 1144 1737 1183 subdito
1757 1159 1767 1192 ;
1795 1156 1879 1182 non
1895 1148 1955 1184 est
1971 1144 2137 1194 quidem
2150 1155 2288 1182 neces·
2343 1188 2347 1196 ·

1254 1207 1423 1255 sarium,
1452 1207 1548 1258 quia
1567 1206 1673 1244 Deus
1699 1206 1884 1256 praecipit
1919 1206 2007 1244 sine
2032 1205 2109 1244 hac
2138 1205 2289 1244 volun-

1254 1271 1335 1306 tate
1356 1282 1367 1316 ;
1390 1280 1525 1318 neque
1553 1268 1677 1306 etiam
1713 1266 1876 1315 sufficit,
1917 1267 2015 1317 quia
2046 1265 2177 1305 multa
2202 1264 2288 1304 vult

2331 710 2352 781 ,οῖ

2328 782 2352 1077 ξ

2337 1111 2352 1164 ἒ

1255 1328 1360 1368 Deus
1380 1329 1471 1367 fieri
1499 1328 1551 1367 ab
1581 1328 1761 1375 homine,
1788 1339 1878 1378 quae
1910 1340 1993 1366 non
2016 1327 2200 1379 praecipit
2216 1341 2228 1375 3
2249 1329 2289 1365 et
2344 1365 2346 1369 ,

1255 1391 1364 1430 inter
1391 1390 1577 1430 homines
1611 1390 1653 1428 id
1686 1390 1847 1428 videtur
1875 1390 2139 1428 manifestum
2158 1404 2169 1437 3
2191 1400 2289 1427 nam

1255 1453 1464 1492 interdum
1485 1453 1678 1503 Superior
1689 1451 1904 1500 desiderat,
1924 1457 1963 1490 et
1973 1452 2074 1502 petit
2087 1463 2111 1490 ιι
2127 1450 2290 1489 subdito

1255 1517 1303 1552 ut
1321 1513 1476 1564 aliquid
1495 1513 1631 1561 faeiat,
1670 1524 1753 1550 non
1774 1512 1906 1550 solum
1940 1512 2027 1550 sine
2064 1511 2148 1549 ullo
2184 1523 2289 1561 prae-

1256 1580 1387 1626 cepto,
1409 1574 1478 1613 sed
1501 1575 1623 1613 etiam
1653 1574 1806 1612 directe
1847 1573 2084 1624 explicando
2120 1584 2161 1611 se
2182 1571 2291 1610 nolle

1257 1637 1551 1687 obligationem
1571 1636 1783 1686 imponere
1797 1643 1812 1674 e
1834 1635 2022 1673 voluntas
2040 1646 2136 1684 ergo
2154 1645 2289 1672 neces-

1255 1699 1363 1738 saria
1381 1699 1431 1737 ad
1452 1702 1718 1749 praeceptum,
1744 1697 1828 1735 sive
1847 1708 2098 1746 expressum,
2121 1695 2204 1734 sive
2232 1699 2289 1733 ta-

1256 1761 1398 1808 citum,
1418 1764 1477 1798 est
1493 1759 1681 1798 voluntas
1707 1758 1916 1808 obligandi
1942 1757 2166 1804 subditum,
2186 1767 2291 1808 prae-

1254 1826 1318 1861 ter
1336 1832 1461 1872 quam
1474 1820 1650 1870 intelligi
1666 1825 1796 1870 potest
1813 1820 1855 1857 in
1871 1819 2087 1869 Superiore
2101 1817 2290 1857 voluntas

1255 1884 1462 1931 ordinans,
1485 1895 1556 1921 seu
1588 1894 1757 1920 movens
1778 1880 1988 1919 subditum
2023 1880 2075 1919 ad
2113 1879 2191 1918 hoc
2226 1879 2289 1919 vel

1254 1943 1356 1982 illud
1375 1943 1624 1991 faciendum,
1647 1942 1761 1980 nulla
1779 1942 1970 1993 imposita
2004 1941 2254 1991 obligatione
2274 1951 2288 1988 ς

1253 2003 1498 2055 significatio
1515 2015 1613 2054 ergo
1638 2003 1761 2055 hujus
1774 2003 1994 2042 voluntatis
2011 2015 2095 2041 non
2115 2007 2175 2041 est
2191 2014 2291 2054 prae-

1254 2072 1418 2117 ceptum
1439 2078 1677 2118 expressum
1698 2066 1763 2105 vel
1779 2066 1963 2113 tacitum,
1983 2077 2114 2116 neque
2131 2064 2291 2117 inducit

1253 2128 1547 2178 obligationem
1569 2127 1645 2165 sub
1665 2127 1827 2166 mortali
1848 2130 1920 2165 aut
1939 2127 2089 2165 veniali
2110 2120 2292 2177 peccato,

1254 2190 1363 2241 quod
1381 2193 1470 2229 erat
1486 2190 1530 2228 in
1544 2189 1696 2227 minori
1711 2188 2013 2240 subsumptum.
2027 2188 2289 2235 Quodautem

1253 2250 1344 2290 haec
1353 2251 1540 2289 voluntas
1554 2250 1783 2302 Superioris
1794 2250 1846 2288 sit
1861 2249 2068 2288 sufficiens
2083 2249 2290 2299 objectum

1252 2311 1436 2358 formalis
1453 2316 1567 2350 actus
1587 2311 1847 2359 obedientiae,
1874 2315 2002 2363 patet,
2029 2311 2128 2362 quia
2148 2310 2290 2351 volun·-

1253 2377 1315 2413 tas
1334 2373 1510 2412 faciendi
1525 2372 1635 2424 quod
1656 2373 1849 2424 Superior
1869 2373 1926 2411 ita
1948 2371 2036 2411 vult
2063 2371 2169 2419 fieri,
2188 2382 2290 2427 prae-¹

1255 2435 1335 2474 eise
1349 2447 1400 2474 ex
1418 2434 1496 2473 hoc
1530 2435 1684 2474 motivo
1714 2433 1956 2485 subjiciendi
1981 2433 2190 2485 propriam
2221 2444 2291 2491 11οᾒ

1253 2496 1456 2537 luntatem
1489 2496 1689 2534 voluntati
1718 2495 1844 2544 illius,
1866 2495 2026 2535 etiamsi
2061 2506 2144 2534 non
2162 2495 2291 2535 inter-

1255 2560 1369 2599 cedat
1386 2558 1584 2609 obligatio
1605 2558 1811 2610 praecepti,
1848 2562 1910 2597 est
1941 2557 2125 2605 honesta,
2146 2556 2288 2596 hahet-

1255 2633 1335 2673 que
1353 2620 1535 2672 aliquam
1559 2619 1777 2670 specialem
1805 2619 2008 2658 rationem
2044 2619 2207 2658 virtutis
2238 2629 2288 2657 cx

1253 2683 1324 2722 1110
1343 2681 1508 2732 speciali
1527 2681 1680 2719 motivo
1697 2690 1710 2726 ;
1730 2683 1771 2718 et
1807 2690 1890 2718 non
1915 2678 2054 2728 aliam,
2088 2678 2169 2720 nisi
2193 2677 2288 2720 obe·
2347 2703 2352 2708 ·

1253 2743 1418 2782 dientiae
1441 2756 1452 2790 ;
1476 2753 1588 2792 ergo.

1306 2806 1372 2843 12.
1404 2804 1454 2841 Et
1471 2802 1737 2841 confirmatur
1749 2813 1800 2841 ex
1822 2802 2031 2841 communi
2056 2801 2173 2854 praxi
2192 2801 2287 2842 reli-

1253 2865 1440 2916 gionum,
1459 2864 1503 2902 in
1522 2863 1671 2914 quibus
1686 2862 1839 2913 regulae
1859 2867 1900 2902 et
1916 2866 2066 2902 statuta
2076 2874 2185 2916 saepe
2202 2871 2287 2904 non

1253 2926 1438 2976 obligant
1457 2924 1507 2964 ad
1529 2924 1658 2962 ullam
1680 2924 1840 2975 culpam
1862 2925 2077 2964 mortalem
2113 2929 2186 2964 aut
2217 2935 2286 2963 vc-

1252 2988 1419 3034 malem,
1438 2990 1485 3025 ut
1512 2986 1556 3025 in
1575 2986 1773 3025 Societate
1803 2985 2056 3026 declaratum
2080 2990 2142 3026 est
2168 2991 2285 3038 parte

1252 3051 1280 3088 ⁶
1298 3048 1658 3096 Constitutionum,
1673 3060 1711 3089 0,
1738 3048 1897 3099 quinto.
1919 3049 1969 3086 Et
1988 3047 2175 3087 similiter
2189 3047 2284 3087 sim·
2330 3064 2345 3100 ⁹„

1250 3109 1346 3162 plex
1367 3109 1498 3160 jussio
1517 3108 1745 3160 Superioris
1760 3121 1844 3148 11011
1869 3113 2058 3148 censetur
2073 3108 2285 3160 obligatio-

1251 3183 1347 3212 nem
1369 3172 1420 3210 ad
1437 3171 1599 3223 culpam
1619 3170 1844 3220 includere,
1865 3171 1945 3210 nisi
1973 3170 2110 3219 addat,
2132 3171 2178 3210 in
2200 3171 2284 3210 vir-
2347 3192 2352 3230 .'

1253 3236 1337 3274 tute
1359 3233 1598 3282 obedientie,
1618 3233 1683 3272 vel
1705 3233 1801 3285 quid
1820 3233 1979 3280 simile,
2001 3236 2044 3271 et
2073 3231 2284 3272 nihilomi-

1250 3306 1330 3336 nus
1348 3296 1392 3334 in
1411 3295 1695 3335 observatione
1713 3295 1860 3334 talium
1888 3294 2150 3346 regularum,
2167 3305 2285 3334 cons-

1250 3357 1510 3406 titutionum,
1525 3360 1598 3396 aut
1614 3356 1863 3408 jussionum,
1883 3360 2071 3401 censetur
2103 3353 2305 3412 exerceri-

1253 3418 1501 3467 obedientia,
1519 3417 1586 3458 vel
1607 3418 1887 3467 materialiter,
1927 3417 1962 3457 si
1982 3429 2049 3458 res
2069 3417 2166 3468 ipsse
2182 3416 2284 3455 sim-

1250 3479 1410 3531 pliciter
1424 3478 1540 3528 fiant,
1559 3478 1624 3518 vel
1647 3481 1774 3519 etiam
1791 3477 2032 3527 formaliter,
2055 3478 2091 3516 si
2106 3489 2158 3516 ex
2178 3489 2283 3529 prae-
2316 3478 2318 3482 '

1251 3540 1362 3579 dicta
1389 3540 1619 3580 intentione
1637 3540 1754 3591 fiant,
1783 3544 1824 3580 et
1853 3543 2168 3590 transgressores
2192 3537 2283 3577 illa·

1250 3614 1346 3643 rum
1361 3606 1576 3642 censentur
1587 3602 1882 3650 inobedientes,
1902 3600 2045 3640 saltem
2061 3599 2195 3651 quoad
2212 3610 2297 3644 car

1250 3664 1428 3705 rentiam
1447 3664 1704 3717 perfectionis
1722 3662 1979 3712 obedientiae,
1998 3671 2124 3714 quam
2139 3669 2294 3721 θεοῖ-ΠΡ,
2311 3669 2318 3690 ³
2347 3658 2352 3661 ¹
