2352 3880
99 35 404 75 .dr,'³..
763 34 765 38 -

287 63 323 107 Ο

371 199 463 237 ω.
486 196 527 233 111
543 195 660 232 Em
678 190 906 231 wrm
925 189 1166 225 summotus
1185 188 1356 227 mmo.
1377 189 1521 230 Amet.
1537 187 1888 230 mmmmm,
1910 188 2000 226 mc.

106 291 115 296 -
129 268 183 310 rh
197 264 404 320 predictis
417 261 569 312 verbis,
578 261 679 315 quia
691 256 838 301 noiomi
852 255 1167 306 etmolentinon

127 327 187 370 *ut
218 326 370 380 injuria
392 336 409 374 ;
450 324 495 367 in
526 319 724 376 praesenti
760 322 908 360 ,1111111111
947 315 1167 370 religiosus

136 388 275 431 sciens
293 393 333 428 et
354 386 500 427 videns
522 384 615 425 vult
639 383 739 423 item
767 381 1030 426 contrahere,
1052 380 1095 418 et
1119 388 1166 418 se

135 450 313 498 donare,
334 447 444 489 etad
463 447 575 486 hunc
591 443 720 484 finem
738 445 852 484 tanto
872 446 1058 493 tempore
1071 451 1166 480 exa·

139 513 336 559 minatur,
356 513 400 550 et
417 508 456 548 ei
475 507 665 547 distinctis
684 504 930 556 proponitur
947 502 1000 543 ad
1012 501 1113 553 quid
1127 503 1167 539 et

140 585 224 627 qno
253 571 378 612 modo
405 567 655 621 obligandus
674 567 740 614 sit,
762 570 804 606 et
836 570 922 606 tam
951 563 1167 615 multiplex

135 632 429 678 eumden-atio,
450 635 490 670 et
516 629 690 681 repetunt
710 627 829 667 lectio
859 626 1031 666 instituti
1050 628 1091 664 et
1108 623 1167 663 di-

139 697 369 748 plomatum
397 692 457 731 illi
484 692 734 743 imperatur-3
761 701 854 740 quae
875 689 997 741 igitur
1016 684 1171 738 injuria

136 768 192 797 ex
233 757 354 808 parte
389 751 604 794 Societatis
636 752 891 791 intervenire
922 749 1086 802 potest?
1118 746 1168 786 Et

132 816 423 863 ›mutii-matur,
441 826 540 855 nam
561 814 604 853 in
630 814 757 853 rebus
776 811 969 851 humanis
986 820 1037 850 ac
1065 810 1169 849 tem-

139 878 352 931 poralihus
370 880 544 928 possunt
555 875 647 915 fieri
663 874 817 914 similes
830 875 1062 914 contractus
1073 881 1168 910 cum

135 950 293 991 magna
306 939 499 990 aequitate
509 937 702 989 justitiae;
723 948 798 977 cur
815 947 914 987 ergo
927 946 1012 974 non
1028 933 1072 971 in
1086 931 1168 984 spi-

133 1000 388 1041 ritualibus?
408 999 670 1039 Antecedens
700 1001 827 1049 patet,
859 1006 972 1044 nam,
1006 994 1167 1034 secluso

138 1062 230 1115 jure
246 1061 510 1113 prohibente,
531 1062 666 1111 potest
685 1068 729 1096 se
752 1056 901 1107 aliquis
922 1055 1080 1095 donare
1094 1055 1169 1095 ali-

138 1124 207 1164 cui
234 1123 277 1161 in
294 1131 472 1167 servum,
493 1130 575 1170 qua
602 1117 825 1157 donatione
844 1116 967 1165 facta,
989 1128 1074 1156 non
1095 1127 1168 1168 po-

139 1184 222 1224 test
235 1184 322 1233 ipse
340 1180 615 1226 retrocedere,
637 1181 710 1218 ant
729 1190 775 1218 se
793 1178 973 1218 eximere
993 1189 1020 1219 a
1040 1177 1170 1218 servi-

140 1244 250 1291 mte;
272 1242 376 1280 alius
401 1252 500 1281 vero
528 1243 664 1292 potest
694 1239 811 1280 illum
842 1240 1166 1288 manumittere3

141 1302 264 1352 unde,
286 1302 485 1353 quamdiu
503 1302 620 1341 illum
650 1302 763 1353 apud
791 1313 837 1341 se
867 1302 1033 1350 retinet,
1055 1306 1098 1341 et
1123 1301 1168 1341 in

130 1375 259 1404 'sunm
277 1364 543 1403 commodum
563 1364 632 1403 illo
650 1363 791 1412 utitur,
815 1363 932 1402 illum
960 1364 1075 1403 alere
1104 1366 1168 1402 te-

135 1427 273 1474 netur,
292 1425 358 1465 vel
379 1436 430 1464 ex
447 1429 570 1477 pacto
581 1425 792 1477 implicito,
809 1425 876 1464 vel
898 1437 950 1464 ex
968 1426 1057 1476 ipso
1073 1424 1169 1475 jure

137 1487 333 1534 naturali3
366 1486 399 1525 si
432 1491 572 1528 autem
592 1488 707 1526 illum
738 1487 866 1526 semel
885 1487 1166 1535 manumittat,

137 1548 243 1588 sieut
262 1559 370 1586 unus
390 1548 589 1589 liberatur
607 1548 856 1599 obligatione
878 1547 1097 1596 serviendi,
1112 1547 1170 1586 ita

138 1620 180 1648 et
200 1609 304 1648 alter
331 1609 483 1657 alendi,
502 1610 543 1648 in
565 1622 647 1661 quo
673 1613 885 1649 contractu
905 1609 1076 1648 evidens
1109 1612 1171 1648 est

137 1680 223 1708 non
243 1681 333 1709 esse
354 1670 609 1721 injustitiam.
628 1671 731 1716 Quia
746 1671 787 1708 in
809 1682 858 1709 ea
874 1674 1005 1721 parte,
1028 1671 1069 1709 in
1087 1682 1170 1721 qua

138 1731 300 1770 videtur
328 1744 417 1770 esse
439 1732 712 1782 inaequalitas,
739 1731 907 1778 scilicet,
927 1731 1040 1783 quod
1058 1743 1168 1770 unus

137 1793 347 1843 obligatur
370 1793 423 1831 ad
441 1804 526 1831 non
557 1792 956 1843 subterfugiendum,
989 1796 1033 1831 et
1064 1792 1169 1833 alter

137 1864 223 1892 non
256 1853 462 1904 obligatur
494 1852 547 1891 ad
579 1853 867 1903 retinendum;
903 1854 946 1891 in
974 1853 1054 1892 hac
1083 1852 1173 1902 (in-

134 1916 288 1965 quam)
317 1919 434 1965 parte
454 1918 688 1954 contractus
714 1927 796 1954 non
826 1918 886 1953 cst
905 1926 979 1965 per
996 1912 1172 1955 modum

138 1976 487 2024 commutationis,
511 1976 583 2015 sed
600 1989 675 2028 per
694 1977 864 2015 modum
885 1976 1083 2027 simplicis
1099 1976 1170 2016 do-

138 2036 318 2075 nationis
339 2048 389 2076 ex
409 2037 538 2077 altera
559 2042 691 2089 parte,
711 2039 806 2090 quia
826 2038 887 2088 (ut
906 2038 1167 2089 supponitur)

137 2097 207 2137 ille
227 2099 461 2138 voluntarie
482 2110 526 2138 se
546 2099 673 2139 donat
690 2099 734 2138 in
760 2110 941 2138 servum.
967 2099 1084 2140 Addo
1105 2099 1169 2138 in·-

136 2170 278 2210 euper,
302 2160 462 2199 etiamsi
483 2161 659 2200 servitus
693 2162 960 2200 contrahatur
987 2173 1062 2212 per
1079 2171 1171 2201 mo-

139 2219 238 2259 dum
269 2222 629 2267 commutationis,
655 2227 781 2273 posse
805 2233 898 2261 esse
927 2225 968 2262 et
1001 2234 1171 2262 concur-

138 2292 231 2321 rere
250 2282 353 2321 tales
370 2283 713 2331 circumstantias,
734 2287 781 2323 ut
797 2284 919 2323 etiam
936 2283 979 2323 in
996 2294 1062 2333 ea,
1076 2295 1170 2335 quae

137 2343 303 2382 videtur
326 2344 595 2395 inaequalitas,
619 2346 783 2386 summa
803 2347 1017 2397 aequalitas
1034 2348 1095 2386 rei
1114 2346 1169 2387 ad

139 2413 231 2442 rem
251 2410 452 2444 servetur.
474 2406 591 2453 Nam,
612 2408 645 2445 si
667 2408 841 2447 servitus
859 2409 947 2459 ipsa
970 2409 1013 2447 in
1031 2409 1169 2460 majus

140 2464 405 2502 commodum
431 2466 536 2504 servi
559 2467 679 2505 cedat
697 2479 824 2518 quam
841 2469 1016 2517 domini,
1036 2471 1168 2521 majo-

138 2536 312 2575 remque
332 2526 550 2564 utilitatem
571 2527 625 2566 illi
646 2528 805 2576 afferat,
823 2541 896 2567 cur
913 2541 999 2568 non
1019 2531 1169 2580 poterit

149 2585 204 2623 lle
224 2596 420 2623 excessus
439 2587 700 2638 compensari
714 2589 859 2640 majori
873 2590 1054 2640 quadam
1070 2590 1170 2631 obli-

137 2644 306 2698 gatione
321 2657 370 2684 ex
388 2650 506 2696 parte
524 2649 655 2686 servi?
676 2648 742 2688 Sic
763 2651 872 2689 enim
893 2651 936 2690 in
956 2653 1170 2693 contractu

139 2706 358 2758 emptionis
374 2711 415 2746 et
430 2708 693 2756 venditionis,
716 2710 940 2761 aliquando
961 2713 1169 2765 obligatur

135 2771 299 2819 emptor
316 2767 370 2806 ad
391 2767 543 2807 iterum
564 2770 847 2820 vendendum,
872 2772 905 2812 si
926 2773 1031 2813 alius
1050 2775 1163 2815 velit.

136 2828 202 2868 Sic
222 2841 318 2869 vero
338 2839 420 2869 non
441 2830 648 2882 obligatur
666 2832 722 2873 ad
742 2835 979 2884 emendum,
1004 2836 1165 2877 etiamsi

132 2889 242 2929 alius
269 2891 366 2930 velit
392 2891 592 2941 vendere;
622 2897 664 2934 et
694 2899 835 2935 tamen
862 2909 946 2936 non
977 2902 1038 2938 est
1065 2899 1166 2940 inae-

128 2952 326 3004 qualitas,
349 2952 381 2991 si
413 2954 671 2994 tantumdem
701 2955 753 2996 de
772 2957 904 3008 pretio
924 2959 983 2998 rei
1005 2960 1164 3002 minua-

133 3015 217 3060 tur,
239 3013 381 3064 quanti
419 3014 614 3066 obligatio
646 3017 716 3056 illa
746 3020 881 3070 major
911 3021 1163 3064 aestimabilis

129 3075 211 3112 est.
233 3074 292 3113 Ita
312 3085 411 3125 ergo
431 3074 548 3115 facile
565 3077 738 3132 intelligi
755 3085 942 3121 nostrum
958 3083 1163 3125 intentum

134 3137 271 3184 potest
302 3136 345 3174 in
374 3137 443 3176 illo
477 3139 668 3191 exemplo
694 3142 914 3183 servitutis.
939 3145 1033 3186 Haec
1050 3148 1162 3187 enim

134 3195 275 3234 omnia
287 3196 409 3236 simul
426 3199 467 3237 in
488 3200 566 3240 hoc
577 3202 931 3252 quasi-contractu
947 3207 1161 3251 Societatis

136 3263 399 3298 concurrunt.
437 3261 542 3301 Nam
577 3262 780 3316 imprimis
819 3271 1055 3309 contractus
1099 3276 1162 3312 est

139 3315 329 3367 utrinque
350 3319 617 3374 voluntarius,
640 3329 681 3365 et
701 3338 798 3366 cum
816 3328 999 3379 perfecta
1029 3331 1160 3372 scien-

134 3373 215 3423 fiat
244 3377 393 3417 deinde
413 3391 464 3419 ex
479 3388 597 3432 parte
615 3387 798 3439 religiosi
817 3393 880 3430 est
902 3392 1036 3444 magis
1057 3393 1161 3434 libe-

135 3434 234 3475 ralis
253 3438 442 3488 quaedam
462 3442 717 3498 traditibsui,
732 3461 857 3502 quam
874 3454 1156 3505 commutatio,

137 3498 291 3551 etipsa
319 3501 502 3542 Societas
536 3505 637 3546 satis
667 3520 862 3562 expresse
895 3513 1080 3556 declarat
1113 3527 1158 3558 se

131 3558 247 3607 nfflo
277 3566 494 3616 acceptare
519 3574 741 3617 personam
768 3572 895 3642 talqn
923 3575 1001 3619 sibi
1029 3578 1159 3620 dona-

1295 4 1329 30 ‘·
1563 7 1565 9 -
1815 0 1881 20 ,ἀλ
2103 27 2110 38 ι
2173 11 2215 38 ’“
2271 22 2288 41 ὀ,
2302 0 2352 41 ζῆ

2165 44 2263 55 =‹=.›«

2192 124 2206 135 O

2156 187 2251 232 ⁴888

1219 256 1306 293 tam
1310 279 1326 301 ,
1342 251 1423 293 nisi
1436 255 1516 295 sub
1531 266 1586 296 ea
1605 253 1856 305 conditione,
1874 254 2072 308 utpoenit
2082 268 2179 298 can
2188 257 2252 300 di·

1219 314 1386 354 mittere
1403 325 1500 354 cum
1515 317 1965 370 expedierinflcniquc
1974 317 2070 359 hec
2083 317 2252 371 ipsom-

1221 375 1417 428 ceptatio,
1426 375 1505 415 hoc
1517 377 1640 415 modo
1655 378 1776 427 tacta,
1787 384 1855 420 est
1867 390 1954 420 non
1968 380 2102 420 solum
2117 390 2253 432 mqua-

1219 436 1274 485 lc,
1291 436 1366 476 sed
1376 436 1504 476 etiam
1520 437 1656 488 maj-ns
1674 438 1832 480 bonum
1845 445 2040 493 respectu
2054 441 2250 494 religiosi,

1222 510 1346 549 qnam
1361 498 1414 538 sit
1432 497 1654 538 commoda
1666 499 1759 549 ejus
1774 502 1937 542 traditio
1949 502 2028 555 ipsi
2041 503 2250 556 religioni.

1221 560 1341 600 Nulla
1361 571 1462 612 ergo
1481 560 1586 599 ratio
1614 559 1823 611 injustitiae
1844 563 1912 603 hic
1930 561 2160 617 excogitari.
2181 576 2253 618 po-

1221 625 1313 671 test,
1336 622 1565 674 praesertim
1587 623 1701 674 quia,
1722 622 1821 663 licet
1846 623 2027 666 Societas
2042 631 2130 667 non
2148 627 2252 669 ohti-

1222 687 1344 736 getur
1363 684 1531 736 speciali
1547 686 1587 723 et
1596 684 1786 724 absoluta
1802 685 2050 737 obligatione
2066 689 2120 728 ad
2137 689 2254 729 schn-

1221 746 1354 786 larem
1399 746 1673 798 approbatum
1710 751 1913 799 perpetuo
1959 749 2221 790 retinendum
2235 779 2252 800 ,

1222 807 1429 860 obligatm·
1457 808 1728 848 nihilominus
1760 809 1814 848 ad
1845 820 1931 848 non
1962 808 2253 852 dimittendum

1221 869 1338 908 illurn
1358 869 1445 908 sine
1468 869 1654 920 legitima
1672 881 1815 918 causa,
1837 870 1924 910 sive
1944 869 2038 909 haec
2057 871 2252 924 obligatio

1223 931 1380 971 oriatur
1396 942 1449 971 ex
1468 935 1618 971 natura
1637 931 1697 971 rei
1714 942 1770 971 ex
1790 932 1880 983 ipso
1908 935 2138 980 contractu,
2170 934 2254 974 sive

1221 1005 1275 1033 ex
1294 992 1384 1044 ipso
1412 993 1616 1041 instituto,
1638 993 1691 1034 de
1712 1004 1793 1046 quo
1813 992 1936 1042 infra,
1965 1006 2056 1046 cap.
2079 994 2173 1044 ult„
2192 993 2255 1034 di·-

1220 1066 1335 1103 cam;
1361 1058 1402 1094 et
1421 1066 1547 1094 causa
1565 1055 1651 1102 illa,
1672 1055 1886 1095 moraliter
1905 1055 2131 1107 loquendo,
2150 1067 2255 1095 sem-

1220 1127 1297 1169 per
1323 1116 1477 1168 pendet
1500 1128 1552 1156 ex
1578 1117 1791 1157 voluntate
1810 1117 2028 1169 ipsiusmet
2057 1117 2253 1169 religiosi.

1223 1176 1340 1217 Adde
1375 1178 1549 1230 insuper
1564 1208 1577 1227 ,
1601 1178 1743 1230 plures
1779 1180 2015 1218 contractus
2051 1179 2256 1219 humanos

1223 1240 1466 1280 auctoritate
1496 1241 1641 1292 legum
1677 1241 1734 1281 ita
1770 1240 2022 1289 claudicare,
2049 1245 2097 1281 ut
2126 1252 2256 1282 unum

1221 1301 1556 1342 contrahentium
1590 1301 1831 1353 simpliciter
1864 1302 2062 1353 obligent,
2092 1306 2134 1342 et
2171 1313 2254 1342 non

1222 1363 1363 1411 alium,
1385 1367 1430 1402 ut
1449 1363 1530 1402 late
1550 1367 1731 1403 tractant
1745 1363 1890 1404 Glossa
1909 1363 2071 1411 ultima,
2093 1366 2137 1404 et
2154 1363 2257 1404 Doc-

1221 1428 1348 1472 tores,
1367 1436 1418 1464 ex
1439 1428 1554 1464 textu
1574 1425 1645 1475 ibi,
1667 1425 1708 1464 in
1733 1436 1824 1477 cap.
1847 1426 1908 1466 De
1926 1426 2030 1473 illis,
2047 1427 2086 1474 1,
2104 1425 2158 1466 de
2178 1427 2255 1467 De-

1224 1498 1365 1538 spons.
1388 1486 1615 1538 impubem,
1634 1491 1674 1526 et
1693 1487 1736 1526 in
1753 1499 1844 1539 cap.
1863 1488 1904 1536 1,
1917 1487 1970 1527 de
1985 1488 2042 1526 Eo
2059 1487 2129 1538 qui
2144 1487 2259 1529 duxit

1222 1549 1267 1586 in
1287 1548 1523 1588 matrimon.
1548 1559 1674 1599 quam
1693 1549 1897 1600 polluerat
1917 1561 1994 1600 per
2012 1549 2254 1597 adulter.;et

1223 1608 1265 1648 in
1296 1609 1377 1660 leg.
1401 1610 1617 1659 Julianus,
1643 1610 1667 1662 ξ
1690 1610 1741 1651 Si
1764 1611 1854 1663 quis
1876 1622 1903 1651 a
1921 1611 2090 1663 pupillo,
2122 1611 2166 1650 ff.
2203 1611 2257 1652 de

1224 1671 1386 1710 Action.
1412 1672 1718 1724 empti.,etin§
1741 1674 1778 1720 1,
1802 1672 2173 1713 Inst.deAuctorit.
2192 1676 2252 1712 tu-

1222 1735 1318 1780 tor.;
1331 1731 1461 1771 videri
1477 1732 1599 1771 etiam
1612 1738 1784 1783 possunt
1797 1738 1909 1773 tomo
1923 1735 2137 1785 superiore
2149 1733 2253 1774 dicta

1222 1792 1274 1833 de
1294 1792 1553 1843 professione
1572 1795 1711 1842 tacita,
1732 1795 1804 1834 ubi
1832 1795 2000 1845 aliquod
2021 1795 2254 1846 exemplum

1224 1853 1358 1893 simile
1377 1854 1601 1903 attigimus.
1627 1855 1799 1905 Propter
1817 1865 1915 1905 quae
1933 1855 2090 1901 omnia,
2110 1855 2255 1895 merito

1222 1914 1267 1953 in
1287 1915 1534 1965 compendio
1555 1915 1863 1968 privilegiorum
1885 1917 2115 1965 Societatis‚
2134 1918 2256 1958 verbo

1231 1975 1386 2024 Votum,
1409 1975 1433 2027 ξ
1455 1977 1492 2023 2,
1523 1977 1565 2016 in
1599 1977 1717 2019 dictis
1747 1977 1868 2026 votis,
1893 1990 1972 2018 nec
2000 1983 2254 2018 contractum

1223 2037 1540 2088 claudicantem,
1566 2050 1646 2082 nec
1673 2039 1801 2080 ullam
1820 2040 2062 2092 injustitiam
2081 2041 2254 2094 reperiri

1223 2099 1386 2139 dicitur.

1276 2161 1317 2200 5.
1350 2160 1536 2203 Secunda
1556 2169 1659 2215 pars
1677 2156 1851 2213 ejicsclem
1870 2160 2043 2204 rationis
2063 2162 2252 2215 multipli-

1223 2220 1322 2262 citer
1342 2223 1577 2263 ostenditur.
1594 2242 1647 2253 -—
1660 2223 1800 2263 Altera
1816 2235 1913 2274 pars
1931 2224 1985 2264 de
2004 2224 2256 2277 obligatione

1225 2295 1277 2323 ex
1297 2283 1498 2323 charitate
1518 2285 1718 2336 probatur
1736 2285 1956 2336 dupliciter
1974 2298 2025 2325 ex
2043 2285 2181 2326 verbis
2203 2286 2252 2327 ci-

1223 2345 1332 2385 tatis.
1358 2346 1508 2394 Primo,
1531 2355 1581 2385 ex
1609 2348 1729 2398 parte
1747 2347 1874 2399 ipsius
1899 2347 2127 2399 religionis,
2157 2347 2252 2399 quia

1224 2406 1278 2446 ad
1309 2408 1666 2447 conservationem
1687 2408 1780 2460 ejus
1809 2411 2091 2449 necessarium
2121 2414 2184 2449 est
2210 2413 2255 2450 ut

1221 2467 1302 2507 hoc
1319 2468 1461 2518 modo,
1480 2473 1521 2509 et
1548 2479 1633 2509 non
1665 2470 1796 2518 aliter,
1818 2471 2083 2511 scholasticos
2106 2483 2253 2524 appro-

1222 2529 1341 2568 batos
1361 2531 1554 2581 recipiat;
1586 2532 1797 2571 charitatis
1815 2537 1955 2572 autem
1973 2532 2074 2573 ordo
2092 2537 2170 2582 est,
2194 2536 2253 2582 ut,

1224 2593 1387 2630 servata
1406 2592 1639 2641 aequalitate
1648 2592 2131 2645 justitiae,unusquisque
2158 2606 2254 2635 con-

1223 2653 1330 2691 sulat
1340 2653 1449 2692 bono
1461 2653 1629 2704 proprio
1649 2653 1781 2707 magis
1793 2666 1919 2707 quarn
1933 2655 2082 2703 alieno,
2094 2660 2135 2695 et
2149 2667 2254 2707 prae-

1223 2714 1363 2754 sertim
1377 2715 1418 2753 in
1438 2715 1731 2766 spiritualibus,
1744 2717 1959 2769 multoque
1972 2717 2106 2769 magis
2121 2716 2156 2756 si
2172 2717 2254 2757 tale

1220 2776 1375 2816 bonum
1396 2787 1619 2816 commune
1644 2777 1709 2818 sit.
1746 2776 1840 2818 Haec
1871 2782 2012 2818 autem
2040 2777 2180 2818 omnia
2209 2779 2254 2818 in

1219 2837 1410 2890 praesenti
1430 2843 1702 2888 concurrunt3
1720 2849 1819 2878 nam
1836 2839 2036 2892 imprimis
2054 2840 2253 2891 probatur

1219 2899 1433 2951 aequalitas
1443 2900 1626 2951 justitiae,
1640 2905 1685 2940 111
1697 2905 1910 2941 ostensum
1924 2907 1999 2942 est.
2011 2902 2169 2942 Deinde
2180 2902 2252 2941 bo·

1217 2973 1334 3010 num,
1357 2963 1468 3013 quod
1486 2963 1527 3002 in
1547 2963 1749 3003 Societate
1770 2965 2006 3004 conservari
2025 2964 2251 3004 intenditur

1216 3033 1292 3076 per
1315 3024 1394 3063 hoc
1412 3024 1613 3074 medium,
1635 3025 1849 3077 spirituale
1863 3029 1941 3074 est,
1963 3026 2133 3072 scilicet,
2157 3026 2250 3065 reli-

1218 3086 1332 3137 giosa
1349 3085 1548 3137 perfectio
1570 3090 1612 3126 et
1643 3087 1827 3138 puritas;
1865 3086 1964 3127 item
1996 3088 2129 3139 maj0r
2149 3087 2248 3140 apti-

1215 3147 1315 3187 tudo
1334 3152 1376 3186 et
1396 3148 1617 3187 efficacitas
1636 3149 1688 3188 ad
1708 3147 1936 3200 spiritualia
1952 3150 2180 3190 ministeria
2205 3149 2248 3187 in

1215 3209 1434 3248 utilitatem
1454 3210 1689 3249 animarum
1708 3211 1964 3262 peragenda.
1988 3211 2104 3251 Unde
2123 3210 2247 3251 etiam

1217 3273 1377 3310 constat
1395 3271 1474 3311 hoc
1494 3272 1653 3312 bonum
1686 3283 1771 3312 non
1799 3285 1892 3313 esse
1919 3274 2140 3325 privatum,
2172 3269 2247 3310 sed

1215 3344 1451 3382 commune,
1466 3345 1552 3373 non
1567 3334 1701 3374 solum
1718 3335 1814 3387 quia
1829 3335 2012 3375 Societas
2032 3336 2118 3385 ipsa
2137 3343 2246 3371 com-

1213 3395 1395 3435 munitas
1418 3395 1610 3447 quaedam
1631 3400 1716 3444 est,
1754 3397 1872 3448 cujus
1891 3397 2047 3436 bonum
2070 3392 2138 3432 vel
2165 3391 2246 3432 hoc

1213 3456 1305 3496 solo
1327 3457 1445 3497 titulo
1472 3457 1782 3509 praeferendum
1814 3460 1876 3497 est
1899 3456 2144 3505 cuicumque
2162 3453 2245 3506 pri·

1212 3522 1323 3566 vato,
1345 3518 1420 3559 sed
1438 3519 1564 3559 etiam
1586 3520 1684 3571 quia
1701 3521 1780 3560 hoc
1800 3516 2005 3558 redundat
2019 3515 2063 3555 in
2083 3514 2244 3555 honum

1213 3580 1448 3623 universale
1481 3580 1728 3629 animarum,
1752 3579 1805 3620 ad
1835 3576 1948 3630 quod
1976 3587 2062 3618 non
2091 3582 2245 3631 parumj
