2352 3880
186 240 272 289 778

189 321 229 357 et
258 316 346 356 sine
379 310 598 354 sufficienti
621 315 792 366 motivo,
810 317 982 368 perinde
999 329 1086 359 esse
1105 319 1217 361 vide·

186 381 255 417 tur
281 388 331 417 ae
359 376 568 428 postulare
585 375 639 417 ab
657 377 795 430 aliquo
813 382 861 418 ut
877 379 1015 420 videat
1036 378 1124 421 sine
1153 378 1216 422 lu-

185 438 325 486 mine3
345 437 457 488 quia,
494 436 594 478 sicut
625 438 703 478 hoc
733 439 825 480 fleri
855 447 940 481 non
974 445 1126 494 potest,
1155 442 1215 483 ita

183 497 323 546 etiam,
342 497 388 538 in
417 496 509 548 his,
539 508 632 551 quae
666 499 748 540 fide
775 501 959 542 humana
990 503 1214 555 judicanda

183 563 291 609 sunt,
310 560 562 612 impossibile
579 564 642 603 est
658 559 862 614 judicium
893 565 999 605 ferre
1022 567 1109 606 sine
1130 567 1212 606 suf-

181 621 305 662 cienti
321 621 522 671 discursu,
545 626 587 662 et
609 624 869 675 coniecturis.
892 626 1128 679 Eademque
1145 627 1212 667 vel

179 683 311 734 majm·
339 683 556 724 difficultas
573 689 648 733 est,
681 685 717 725 si
747 686 837 726 haec
855 689 1014 727 caecitas
1034 693 1211 739 ponatur

177 744 222 785 in
239 745 463 796 judicando
482 757 567 785 esse
584 751 759 796 rectum,
780 752 822 787 et
848 750 1112 799 convenienS,
1128 751 1214 789 imo

174 811 219 848 et
241 807 388 847 melius
409 808 452 847 id
480 808 589 859 quod
622 810 876 861 praecipitur,
901 812 989 850 sine
1019 811 1103 850 ullo
1130 812 1213 851 dis·-

176 879 300 909 cursu
313 869 378 908 vel
392 870 724 919 examinatione,
745 875 806 910 est
825 872 950 911 etiam
971 871 1048 912 hoc
1060 874 1211 925 impos-

175 931 306 979 sibile,
324 930 403 970 nisi
420 931 688 982 supponendo
707 932 970 982 Superiorem
989 945 1072 973 non
1093 947 1208 985 posse

174 1005 326 1041 errare,
338 993 448 1045 quod
463 996 524 1032 est
539 1003 772 1032 erroneum.
783 994 832 1032 Et
851 998 1025 1046 augetur
1036 996 1207 1035 difficul-

171 1058 248 1104 tas,
270 1066 367 1094 nam
400 1054 497 1093 hinc
531 1053 716 1092 nascitur
733 1055 961 1105 periculum
989 1056 1205 1097 obediendi

167 1115 330 1158 homini
347 1116 393 1156 in
418 1125 469 1155 eo
498 1114 610 1168 quod
639 1115 723 1155 Deo
751 1115 921 1157 fortasse
951 1120 1203 1160 contrarium

168 1180 322 1219 existit.

222 1242 261 1281 3.
289 1239 496 1283 Probatur
514 1243 645 1282 tamen
661 1241 798 1293 prima
813 1243 1007 1295 perfectio
1027 1243 1205 1284 auctori-

168 1305 265 1345 tate.
283 1327 335 1332 —
352 1303 598 1354 Priusquam
623 1316 712 1343 rem
742 1305 1008 1356 explicemus,
1028 1308 1071 1343 et
1093 1303 1203 1344 diffi-

165 1365 388 1406 cultatibus
421 1365 733 1414 satisfaciamus,
760 1378 893 1418 operae
920 1366 1101 1418 pretium
1126 1367 1205 1406 erit

165 1429 377 1468 ostendere
396 1431 616 1478 utramque
638 1431 797 1479 partem
815 1429 1081 1480 propositam,
1098 1440 1205 1481 quo-

162 1490 216 1532 ad
245 1490 443 1541 loquendi
474 1488 660 1536 modum,
684 1493 727 1529 et
747 1491 879 1541 quoad
901 1501 989 1529 rem
1013 1502 1085 1542 per
1114 1492 1203 1533 illas

161 1553 382 1601 intentam,
406 1562 495 1592 esse
513 1554 755 1603 usurpatam
774 1563 799 1591 a
820 1553 970 1591 sanctis
995 1552 1196 1604 Patribus,

161 1618 204 1655 et
227 1615 271 1653 in
300 1614 509 1664 Scriptura
530 1625 644 1652 sacra
677 1613 829 1653 hahere
864 1612 1196 1655 fundamentum.

160 1677 265 1718 Nam
286 1675 421 1728 quoad
438 1676 616 1727 priorem
634 1679 810 1726 partem,
828 1675 1013 1715 Christus
1031 1677 1120 1728 ipse
1138 1678 1198 1716 di-

158 1739 223 1780 xit
241 1749 254 1781 t
280 1739 360 1787 Qui
378 1748 447 1778 vos
472 1738 587 1778 audit
605 1747 664 1777 me
685 1736 800 1777 audit
813 1752 831 1782 ,-
847 1740 885 1779 et
906 1738 976 1789 qui
994 1748 1063 1778 cos
1089 1750 1198 1790 sper-

159 1803 224 1842 uit
246 1813 306 1842 me
334 1799 512 1853 speruit;
532 1796 714 1850 loquitur
742 1799 853 1838 enim
884 1799 935 1838 ad
969 1799 1195 1862 Apostolos,

160 1863 234 1915 qui
267 1862 356 1901 loco
393 1861 521 1913 ipsius
560 1859 806 1912 pastoralem
839 1871 981 1900 curam
1015 1863 1197 1902 habituri

159 1929 292 1973 erant,
313 1928 354 1963 et
371 1924 430 1963 ita
446 1923 492 1962 in
516 1921 575 1963 eis
600 1923 652 1962 ad
672 1934 815 1962 omnes
837 1927 1019 1974 pastores
1039 1926 1198 1964 anima-

159 1999 255 2029 rum
274 1986 470 2038 loquitur,
492 1988 533 2024 et
561 1984 788 2036 specialiter
805 1981 857 2023 ad
877 1985 1116 2036 Superiores
1133 1998 1197 2026 re-

159 2046 365 2100 ligionum
399 2046 471 2086 illa
501 2046 710 2097 applicant
743 2046 915 2085 Basilius
932 2046 977 2085 in
997 2046 1198 2087 Constitu-

158 2113 263 2152 tion.
297 2112 492 2156 monast.‚
523 2120 612 2159 cap.
635 2108 833 2158 vigesimo
855 2109 976 2147 tertio
994 2119 1009 2159 ;
1036 2113 1077 2148 et
1102 2110 1196 2150 Ber-

158 2173 339 2221 nardus,
362 2173 412 2211 de
434 2173 639 2222 Praecepto
667 2176 707 2210 et
734 2170 954 2221 dispensat.
961 2201 974 2220 ,
1004 2183 1092 2224 cap.
1116 2175 1166 2213 12
1179 2184 1193 2224 3

157 2235 383 2278 Antiochus
419 2232 541 2280 Abb.‚
574 2232 718 2271 homil.
758 2233 811 2272 28
842 2232 891 2272 de
923 2231 1191 2282 ohedientia,

155 2304 260 2339 tom.
279 2299 305 2336 2
324 2295 427 2335 Bibl.
449 2298 578 2334 sanct.
597 2309 607 2343 ;
630 2299 670 2334 et
689 2295 860 2333 Sanctus
879 2294 1135 2345 Vincentius,
1149 2295 1196 2335 in

156 2358 335 2401 'tractatu
353 2359 403 2398 de
421 2357 516 2396 Vita
533 2357 682 2408 spirit„
703 2368 793 2408 cap.
812 2357 862 2396 de
878 2356 1133 2406 Ohedientia,
1154 2362 1196 2398 et

155 2408 231 2464 'alii
259 2421 368 2461 infra
398 2417 616 2460 referendi.
640 2419 841 2458 Praeterea
861 2417 1024 2468 Paulus,
1046 2419 1099 2458 ad
1120 2419 1195 2459 Co-

157 2485 252 2526 loss.
282 2486 323 2533 3,
360 2482 412 2522 ad
441 2493 575 2521 servos
604 2480 660 2520 sic
686 2480 897 2532 loquitur:
922 2480 1195 2535 Quodcumque

158 2547 327 2602 faciatis
341 2575 352 2594 ‚
373 2555 422 2586 eo>
446 2544 580 2583 auimo
603 2541 850 2594 operamini,
876 2542 983 2583 sieut
1002 2542 1190 2594 Domino,

156 2613 196 2651 et
211 2620 289 2649 nori
307 2605 547 2652 homiuibus,
570 2605 739 2645 scientes
757 2603 860 2656 quod
884 2614 911 2644 a
936 2604 1106 2644 Domino
1127 2616 1193 2645 ac-

155 2656 317 2724 'cipietis
362 2667 660 2709 retributionem
698 2664 949 2707 haereditatis
977 2695 988 2714 ,
1023 2665 1192 2708 Domino

155 2721 316 2777 *Christo
338 2730 494 2772 servite.
517 2728 568 2768 Et
585 2727 636 2768 ad
654 2728 798 2780 Epth.
817 2728 846 2768 6
863 2728 926 2767 bis
944 2729 1107 2781 repetit,
1136 2730 1194 2770 si-

156 2787 227 2838 'cut
247 2795 425 2840 Christo,
443 2792 551 2831 sicut
574 2790 760 2830 Domino.
780 2789 983 2829 Praeterea
1001 2790 1191 2839 Basilius,

158 2858 199 2897 d.
220 2869 255 2896 c.
275 2857 351 2896 23:
373 2852 556 2894 Autistes
578 2850 688 2901 (ait)
706 2862 917 2901 personam
936 2850 1093 2891 Carisa·
1106 2862 1192 2892 sus·

157 2913 273 2967 tinet,
297 2919 335 2957 et
352 2917 550 2967 sequester
568 2914 628 2952 est
652 2912 758 2952 iuter
776 2912 902 2952 Deum
922 2913 959 2952 et
978 2911 1188 2953 hominem.

158 2981 209 3022 Et
227 2980 271 3019 in
289 2976 443 3027 regulis
459 2971 728 3021 brevioribus,
746 2984 833 3023 reg.
856 2972 1068 3024 trigesima
1083 2977 1194 3013 octa-

158 3044 236 3083 'vaz
267 3036 468 3090 Quidquid
493 3034 762 3084 coutumacia»,
785 3033 937 3086 inquit,
962 3034 1042 3075 sive
1060 3034 1191 3076 inobe-

159 3102 316 3145 dientioe
342 3098 523 3140 subditus
543 3096 715 3143 adhibet,
743 3106 820 3135 uon
847 3097 1037 3137 adversus
1068 3095 1192 3137 homi-

160 3177 246 3206 uem
265 3193 275 3211 ‚
307 3161 374 3202 sed
397 3160 584 3199 adversus
608 3155 826 3197 Dominum
849 3156 1021 3207 adhibet,
1042 3158 1110 3211 qui
1127 3157 1192 3200 di-

159 3227 248 3269 ait:
262 3224 339 3272 Qui
349 3233 417 3262 vos
434 3220 562 3263 audit,
575 3222 652 3258 etc.
669 3217 812 3258 Fusius
828 3219 1072 3267 Bernartius,
1089 3218 1191 3262 dict.

158 3288 249 3339 cap.
271 3284 513 3325 duodecimo
530 3290 541 3320 t
561 3278 720 3331 Ipsum,
739 3291 852 3333 quem
867 3290 943 3333 pro
959 3281 1040 3321 Deo
1071 3280 1190 3322 habe-

159 3349 276 3398 mus,
301 3351 490 3398 tauquam
516 3342 644 3382 Deam
673 3342 719 3382 in
747 3340 813 3382 liis
837 3351 924 3394 quoe
950 3345 1084 3392 aperte
1109 3352 1189 3383 mm

161 3414 255 3454 suut
270 3413 408 3451 contra
420 3405 560 3451 Deum,
576 3402 715 3443 audire
734 3400 926 3443 debemus.
943 3401 994 3442 Et
1011 3403 1164 3443 iterum
1176 3414 1191 3443 ε

159 3467 262 3516 {Sive
284 3473 408 3517 Deus,
425 3467 507 3509 sive
525 3467 636 3506 homo
654 3461 832 3505 vicarius
846 3465 938 3514 Dei,
956 3465 1188 3507 mandatum

160 3519 423 3589 ³quodoumque
441 3525 667 3577 tradiderit,
677 3526 772 3580 pari
785 3529 964 3580 profecto
984 3525 1192 3579 obsequen-

160 3598 257 3639 dum
275 3599 332 3636 est
351 3603 464 3641 cura,
483 3589 579 3643 pari
599 3589 821 3630 reverentia
848 3588 1115 3638 deferendum.
1141 3589 1194 3628 Et

161 3650 212 3709 'in
228 3667 351 3698 serm.
367 3653 420 3694 de
433 3652 596 3693 Virtute
618 3645 864 3690 obedientiae
882 3651 924 3689 et
949 3651 1038 3701 ejus
1056 3649 1193 3701 gradi-

541 245 620 285 ΠΒ.
635 244 692 284 tv.
713 242 772 284 ΒΕ
788 242 911 285 VORS
930 245 1182 289 mmmm!
1200 248 1440 292 msmms
1458 252 1515 294 m·
1531 251 1841 304 ultumum:
1849 258 1942 298 Em.

1267 320 1371 361 bus:
1396 322 1601 377 Quidquid
1622 324 1850 368 obedientia)
1867 321 2066 371 Praelatio
2075 328 2302 385 alcibium}

1265 383 1306 425 ei
1322 382 1541 435 emmim,
1568 387 1639 438 qui
1663 384 1792 429 dieite
1812 387 1894 437 Qui
1921 395 1991 430 eos
2021 392 2150 434 anit.
2178 390 2307 444 Apud<

1265 444 1468 486 soannem
1486 446 1727 497 climacum,
1746 448 1792 488 in
1805 448 1880 490 lib.
1899 449 1952 490 oe
1970 447 2086 492 scala
2100 440 2316 505 paradisis

1266 503 1398 556 gradu
1415 507 1456 555 A,
1475 507 1527 548 de
1544 508 1784 550 obedientia
1794 533 1808 560 ,
1828 511 1960 551 multa
1977 507 2184 554 hahentur
2201 522 2297 566 quus
2312 511 2321 565 ᾗ

1265 564 1345 605 hoo
1370 566 1618 610 confirmant
1634 581 1649 621 ;
1666 571 1878 613 notatione
1904 582 2003 613 vero
2030 569 2202 626 dignum
2235 579 2298 616 est
2322 574 2327 582 ²

1264 636 1505 679 responsum
1534 631 1747 683 cuiusdam
1774 634 1904 673 sancti
1930 636 2124 676 monachi
2138 660 2153 686 ,
2180 636 2296 688 cujus
2346 662 2352 679 ι

1264 688 1496 730 ohedientia
1514 691 1567 732 ab
1586 693 1744 734 Abbate
1771 699 1930 736 tentata
1948 697 2084 737 fuerat
2115 698 2296 749 quodam
2322 678 2352 750 {²ss

1266 751 1431 802 speciali
1448 753 1587 803 modo,
1606 763 1731 807 quem
1750 753 1809 796 ibi
1826 758 1952 798 refert
1969 773 1981 808 3
2003 763 2044 799 et
2061 759 2120 799 ait
2148 756 2297 799 Clima·
2334 755 2352 790 “-

1265 821 1363 852 cus:
1387 813 1486 855 Nou
1511 815 1629 856 omisi
1649 827 1717 871 eqo
1739 819 1836 871 quin
1864 828 1992 860 senam
2019 820 2137 860 illum
2169 823 2296 862 teuta·
2325 827 2346 856 ἰ·

1262 881 1358 914 rem.
1396 875 1562 928 Itaque,
1597 886 1687 918 cum
1719 889 1805 920 eum
1836 885 1974 931 postea
2009 881 2296 935 interrogarem
2332 900 2350 940 ᾖ,

1262 935 1363 987 quid
1386 940 1526 978 astaus
1551 940 1765 992 coyitasset
1783 958 1797 979 .·
1819 938 2001 990 Christi,
2023 943 2174 994 inquit,
2195 943 2296 983 ima·
2332 943 2339 971 ἵ

1259 998 1390 1048 qinom
1412 1000 1572 1050 pastori
1587 1000 1780 1052 imposui,
1802 1012 1923 1054 neque
1941 1004 2075 1044 abillo
2095 1005 2166 1044 hoc
2183 1005 2295 1055 peni-
2337 1009 2342 1014 ⁴

1260 1061 1325 1099 tus
1340 1066 1582 1114 praeceptum
1613 1063 1754 1113 emisse,
1773 1065 1842 1104 eod
1870 1074 1896 1104 a
1927 1063 2008 1104 Deo
2034 1066 2264 1106 existimavi
2277 1081 2295 1119 .-¹

1258 1132 1394 1172 quare,
1416 1134 1438 1163 o
1459 1124 1587 1165 Pater
1602 1124 1637 1164 J
1639 1136 1803 1172 oannes,
1824 1137 1902 1165 nou
1921 1137 2050 1166 coram
2069 1136 2204 1167 mensa
2229 1123 2295 1166 ho-v

1257 1181 1424 1232 mireum,
1445 1185 1515 1224 sed
1540 1197 1672 1225 coram
1703 1186 1830 1226 altari
1864 1187 1997 1226 diviua
2034 1198 2094 1227 me
2126 1169 2296 1244 putans-,J

1260 1246 1393 1285 astare
1426 1246 1602 1294 orabam,
1627 1246 1855 1300 nullamque
1879 1248 2041 1299 penitus
2071 1249 2295 1299 maliqrzam

1258 1306 1534 1358 copitatiouem
1565 1309 1756 1349 adversus
1787 1313 1988 1359 pastorem
2021 1310 2295 1362 admittebant,

1254 1374 1331 1418 pro
1349 1369 1506 1418 sincera
1523 1369 1569 1409 iu
1583 1369 1700 1410 illum
1718 1371 1798 1420 fide
1816 1381 1903 1410 mea
1919 1375 1954 1411 et
1973 1371 2183 1412 charitate.
2199 1371 2295 1426 Alia[

1259 1430 1367 1470 sumi
1389 1435 1558 1481 possunt
1586 1442 1637 1470 ex
1655 1431 1784 1482 gradu
1803 1432 2015 1482 trigesimo
2035 1433 2189 1484 primo,
2220 1435 2293 1485 qui

1258 1495 1320 1532 est
1337 1491 1388 1531 de
1407 1492 1668 1539 discretione,
1690 1504 1741 1532 ex
1764 1493 1912 1545 quibus
1940 1494 2078 1546 aliqua
2101 1494 2210 1533 infra
2228 1506 2294 1534 re-

1255 1553 1448 1593 feremus.
1484 1554 1589 1594 Hinc
1622 1554 1747 1594 etiam
1784 1554 1998 1594 Cassianus
2032 1556 2084 1596 de
2115 1556 2293 1608 antiquis

1253 1615 1465 1655 monachis
1499 1616 1647 1665 refert,
1680 1616 1820 1655 solitos
1853 1617 1992 1665 fuisse,
2011 1617 2070 1659 cic
2102 1620 2291 1660 universa

1254 1678 1444 1730 complere
1459 1708 1472 1727 ,
1516 1687 1766 1730 quiec-umque
1806 1679 1963 1729 fuerint
2002 1690 2027 1718 a
2064 1679 2290 1731 Praeposito

1250 1743 1466 1790 proecepta,
1489 1741 1680 1791 tanquam
1711 1750 1737 1780 a
1766 1739 1847 1779 Deo
1881 1740 1965 1779 sint
1988 1740 2143 1781 coelitus
2169 1742 2288 1782 edita.
2342 1766 2346 1771 ·

1251 1800 1303 1839 Et
1322 1800 1509 1839 eamdem
1526 1804 1724 1852 tanquam
1744 1800 1986 1840 obedientiae
2006 1802 2191 1852 regulam
2210 1803 2290 1842 suis

1250 1861 1451 1912 religiosis
1474 1862 1685 1913 proposuit
1704 1862 1748 1901 B.
1768 1862 2030 1911 Benedictus,
2045 1864 2088 1902 in
2105 1876 2138 1903 c.
2161 1865 2187 1903 5
2207 1877 2289 1904 suae

1250 1921 1431 1973 regulae3
1454 1927 1494 1962 et
1521 1924 1822 1972 Bonaventura,
1843 1926 1868 1963 2
1889 1929 2001 1963 tomo
2015 1925 2222 1977 Opuscul.,
2243 1927 2287 1966 in
2343 1968 2345 1973 ,

1251 1985 1422 2037 Speculo
1441 1985 1677 2036 disciplinas,
1699 1989 1814 2038 parte
1831 1986 1980 2038 prima,
1999 1999 2088 2039 cap.
2110 1993 2284 2040 quarto:

1252 2047 1458 2099 Quidquid
1471 2046 1552 2087 vice
1570 2045 1647 2087 Dei
1659 2048 1846 2099 praecipit
1871 2048 1997 2098 bomo,
2016 2051 2119 2101 quod
2136 2062 2214 2090 non
2232 2051 2287 2092 sit

1251 2113 1383 2151 tamea
1408 2113 1557 2149 certwm
1586 2109 1793 2160 displicere
1819 2111 1914 2158 Dea,
1935 2111 1996 2151 sic
2015 2105 2289 2162 accipiendum

1251 2174 1309 2212 est
1324 2170 1438 2222 quasi
1463 2171 1679 2223 praecipiat
1697 2171 1817 2212 Deus.
1841 2172 1890 2211 Et
1914 2172 1959 2211 in
1979 2160 2289 2222 Collationibus‚¹

1249 2232 1383 2271 collat.
1405 2232 1446 2279 2,
1474 2243 1510 2271 c.
1533 2233 1591 2272 3:
1622 2232 1675 2274 Ut
1702 2233 1842 2273 melius
1873 2232 2034 2286 (inquit)
2054 2235 2189 2275 valeas
2207 2231 2287 2276 esse

1249 2295 1441 2342 obediens,
1461 2295 1592 2346 coqita
1607 2306 1772 2347 semper,
1790 2297 1943 2348 quaudo
1960 2306 2037 2337 voca
2052 2294 2286 2349 praecipien-

1250 2357 1307 2398 tis
1332 2360 1449 2397 sonat
1475 2357 1520 2396 in.
1547 2358 1715 2397 auribus
1743 2359 1840 2407 tuis,
1862 2359 1966 2410 quod
1995 2369 2122 2399 vocem
2144 2359 2283 2409 istam,

1248 2430 1326 2459 riou
1349 2422 1541 2471 tauquam
1560 2418 1608 2459 ab
1628 2417 1779 2459 homine
1798 2421 1943 2460 audias
1956 2449 1970 2469 ,
1999 2420 2068 2461 sed
2095 2414 2286 2474 tanquam¹

1248 2482 1296 2522 ab
1315 2482 1405 2532 ipso
1424 2482 1521 2521 Deo.
1543 2481 1585 2521 S.
1605 2481 1729 2520 etiam
1748 2482 1991 2521 Laurentius
2011 2482 2034 2522 J
2039 2466 2285 2532 numianus]

1246 2543 1293 2583 in
1311 2541 1501 2595 opuscul.
1524 2543 1546 2584 1
1560 2573 1574 2593 ‚
1594 2543 1769 2597 Liyuum
1787 2544 1896 2592 vitae,
1918 2545 1945 2585 8
1961 2556 2004 2597 p.
2020 2572 2033 2593 ‚
2051 2545 2101 2584 de
2123 2539 2283 2600 Virtute

1248 2604 1517 2654 obedientiae,
1535 2616 1569 2644 c.
1590 2605 1642 2644 6:
1666 2605 1937 2658 Quodcumque
1957 2607 2122 2658 (inquit)
2140 2610 2283 2655 fecerit

1247 2666 1440 2715 obediens,
1475 2667 1659 2720 operetur
1690 2667 1951 2719 simpliciter,
1985 2671 2022 2706 et
2055 2676 2102 2706 eo>
2130 2650 2283 2746 animo,=
2338 2651 2352 2663 ⁶

1247 2728 1353 2769 sicut
1372 2729 1478 2776 Deo,
1498 2730 1537 2767 et
1557 2736 1634 2767 non
1662 2727 1899 2767 hominibus.
1922 2727 2106 2778 Denique
2137 2729 2281 2788 eodem¹

1247 2789 1371 2831 modo
1388 2790 1614 2841 loquuntur
1630 2788 1780 2841 reliqui
1798 2789 1988 2829 Doctores
2007 2791 2186 2842 mystici,
2208 2794 2279 2844 qui

1247 2851 1299 2891 de
1327 2850 1448 2890 rebus
1477 2849 1754 2902 spiritualibus
1786 2851 2056 2903 scripserunt3
2079 2856 2123 2892 et
2150 2853 2202 2893 de
2233 2843 2279 2895 S]
2339 2897 2341 2899 ,

1245 2911 1385 2954 Niceta
1401 2912 1510 2964 apud
1528 2911 1843 2964 Metaphrestem
1857 2917 1899 2952 et
1918 2913 2100 2962 Surium,
2116 2913 2143 2954 3
2162 2894 2281 2968 Apri-¹

1245 2975 1309 3024 lis,
1327 2974 1386 3013 ita
1406 2973 1587 3024 loquitur
1608 2974 1920 3023 Theosterictus‚
1940 2974 1985 3015 in
2005 2976 2192 3016 oratione
2211 2977 2256 3016 fu
2328 3018 2331 3022 ,

1245 3035 1363 3076 nebri
1384 3045 1394 3075 t
1420 3035 1563 3075 Omnia
1585 3035 1753 3087 (inquit)
1774 3046 1928 3076 morum
1945 3037 2219 3088 simplicitate,
2241 3043 2280 3081 et

1243 3098 1332 3138 siue
1350 3097 1600 3138 licesitatioue
1613 3097 1765 3150 aliqua,
1779 3099 1891 3138 corde
1905 3097 2056 3139 sincero
2074 3072 2280 3149 faciebat}
2324 3107 2339 3146 ι’,

1242 3170 1333 3214 quoe
1351 3170 1440 3199 vero
1460 3170 1485 3199 a
1505 3159 1683 3199 Proeside
1708 3158 1794 3210 ipso
1813 3160 2065 3208 dicebantur,
2088 3164 2278 3214 tanquam
2328 3166 2342 3212 i

1247 3231 1273 3263 a
1289 3222 1371 3262 Deo
1401 3218 1485 3273 ipso
1508 3220 1617 3262 dicta
1636 3219 1846 3274 acipiens,
1866 3231 2016 3262 omnem
2034 3223 2190 3275 quidem
2209 3233 2277 3265 cu-
2324 3216 2339 3260 t

1242 3283 1468 3324 riositatem
1487 3285 1523 3323 et
1539 3281 1830 3323 haesitationem
1849 3284 2055 3333 abjiciens,
2071 3285 2188 3336 fidem
2203 3296 2276 3327 au-
2320 3296 2352 3343 '.,.:

1244 3346 1320 3386 tem
1337 3354 1382 3385 ae
1401 3347 1550 3386 certam
1561 3344 1856 3398 persuasionem
1870 3344 2032 3396 habam,
2044 3346 2177 3387 omnia
2190 3353 2277 3390 eae-
2347 3345 2352 3402 ξ

1242 3404 1444 3461 quebatur.
2314 3408 2318 3426 ’·
2348 3422 2352 3429 ·

1298 3469 1338 3507 4.
1359 3466 1542 3510 Secunda
1560 3477 1708 3522 quoque
1723 3468 1910 3522 perfectio
1930 3468 2168 3511 auctoritate
2185 3478 2276 3511 eua-
2308 3492 2311 3493 ν

1243 3527 1486 3571 detur.·—-De
1503 3530 1631 3570 altero
1656 3531 1781 3570 etiam
1799 3530 1994 3582 loquendi
2016 3529 2139 3570 modo
2154 3531 2277 3571 lnnu-
2306 3533 2316 3574 ἴ

1245 3600 1370 3631 merae
1389 3598 1486 3631 sunt
1500 3593 1669 3632 Petrum
1684 3592 1909 3638 sententiae,
1927 3589 2029 3630 adeo
2047 3592 2277 3632 conformes
2308 3587 2310 3614 ἶ
2339 3605 2352 3633 ·.

1244 3660 1339 3693 cum
1357 3652 1492 3693 verbis
1518 3651 1566 3693 B.
1585 3653 1631 3695 Ρ.
1659 3650 1828 3708 ignatii,
1843 3652 1895 3702 ,nt
1917 3650 2185 3694 manifestum
2200 3651 2277 3703 eit,
2307 3645 2312 3653 “
2335 3653 2338 3658 “
