2352 3880
315 395 644 508 INDEX
707 397 1152 497 CAPITUM

466 590 531 643 DE
553 592 619 642 IIS
641 594 732 650 QUI
751 596 1067 647 RELIGIOSUM
1090 600 1298 648 STATUM
1317 601 1354 648 A
1374 600 1662 651 SOGIETATE
1685 603 1922 655 MUTANT.

130 912 236 963 CAP.
275 913 311 962 I.
355 914 517 964 Utrum
560 919 794 979 professus
830 920 973 981 possit
996 937 1025 968 a
1064 920 1156 973 So·-

194 995 360 1045 cietate'
383 998 567 1060 expelli,
594 1009 637 1046 et
661 1016 774 1062 quas
794 1002 848 1048 ob
875 1018 1053 1051 causas.

123 1075 229 1128 CAP.
271 1080 328 1141 II.
373 1078 534 1126 Utrum
575 1083 809 1143 professus
843 1083 890 1130 in
927 1083 1155 1133 Societate

185 1160 329 1223 possit
352 1161 413 1207 ad
436 1161 579 1209 aliam
595 1164 863 1226 religyionem
885 1167 1151 1228 transmitti,

1211 405 1486 500 LIBRI
1550 406 2052 508 UNDECIMI
2307 405 2342 501 ⁴³:21

1272 932 1318 973 et
1339 926 1585 988 quomodo-

1211 1005 1317 1054 cip.
1360 1008 1437 1055 111.
1487 1008 1566 1055 Ad
1588 1008 1700 1072 quid
1734 1018 1942 1057 teneatur
1963 1010 2194 1073 professus
2215 1026 2242 1059 e

1272 1085 1499 1135 Societate
1538 1088 1723 1150 ejectus,
1753 1090 1824 1137 vel
1858 1090 1937 1153 qui
1970 1090 2103 1137 modo
2146 1089 2240 1139 alio

1276 1170 1332 1217 ab
1357 1170 1440 1218 itta
1464 1171 1619 1236 deficit
1640 1189 1720 1219 seu
1742 1182 1963 1221 mutatur.

871 1477 1066 1542 LIBER
1103 1479 1479 1542 UNDEGIMUS

1048 1641 1111 1683 DE
1138 1643 1201 1682 lIS
1229 1642 1316 1691 QUI

257 1782 1311 1937 RELIGIOSUM
1416 1786 2098 1940 STATUM

927 2026 957 2069 A
980 2024 1206 2066 SOCIETATE
1230 2024 1405 2067 MUTANT

173 2299 290 2350 Varii
310 2307 415 2347 modi
435 2298 555 2356 hujus
584 2305 819 2346 mutationis
838 2307 918 2346 alz’o
937 2309 1148 2348 remittun-

113 2372 195 2411 tur.
213 2392 264 2399 —
284 2369 379 2416 Quae
416 2369 584 2408 mutatio
607 2369 676 2408 hoc
712 2368 754 2408 in
786 2368 885 2407 libro
915 2371 1142 2410 tractanda.

113 2430 342 2482 -Duplex
375 2432 547 2468 mutatio
581 2434 708 2468 status
730 2429 909 2479 religiosi
944 2435 1075 2481 potest
1102 2431 1144 2470 in

114 2492 309 2532 Societate
326 2493 562 2543 contingere
582 2503 719 2541 :nnus
738 2495 811 2537 est,
829 2493 993 2542 qnando
1014 2505 1145 2543 perso-

114 2565 169 2593 na
189 2554 245 2592 ita
265 2558 471 2598 mutatur,
495 2558 540 2591 ut
559 2565 609 2591 ex
629 2553 818 2603 religioso
838 2553 911 2591 fiat
940 2566 1022 2592 11011
1051 2554 1146 2594 reli-

112 2616 270 2667 giosus;
288 2616 389 2654 alter
404 2619 477 2660 est,
497 2614 660 2666 quando
681 2620 966 2665 perseverante
984 2615 1144 2666 religio-

112 2688 157 2717 so
180 2682 287 2715 statu
305 2681 486 2716 mutatur
501 2676 664 2714 vivendi
681 2676 837 2714 modus.
857 2677 929 2716 Hic
946 2678 1143 2729 posterior

110 2739 256 2777 modus
275 2739 504 2777 communis
523 2743 583 2777 est
603 2739 794 2777 Societati
815 2751 906 2778 euin
927 2739 1018 2779 aliis
1048 2738 1142 2778 reli-

110 2800 316 2851 gionibus.
339 2801 453 2839 Prior
470 2812 564 2839 vero
585 2806 643 2839 est
663 2801 850 2852 proprius
868 2802 968 2852 ejus,
985 2801 1143 2840 locum-

111 2873 190 2913 que
210 2861 347 2908 habet,
379 2874 462 2900 non
490 2862 534 2900 in
555 2862 753 2913 religiosis
773 2863 985 2914 prolessis,
1009 2863 1079 2902 sed
1099 2863 1142 2902 in

111 2923 268 2963 caeteris
288 2923 481 2972 gra-libus
495 2953 504 2970 ‚
527 2925 596 2974 qui
619 2936 688 2974 per
707 2930 800 2963 vota
818 2924 1016 2975 simplicia
1047 2936 1141 2963 con·

110 2984 353 3032 stituuntur,
369 2988 415 3021 ut
431 2996 572 3034 supra,
591 2984 663 3023 lib.
682 2986 721 3030 3,
741 2997 826 3035 cap.
849 2986 889 3032 9,
911 2986 1042 3023 visum
1064 2989 1137 3023 est.

111 3044 168 3086 De
194 3044 320 3096 priori
344 3055 440 3095 ergo
475 3045 596 3083 modo
630 3045 866 3084 mutationis
890 3046 994 3084 nihil
1025 3046 1142 3085 nobis

112 3111 297 3159 superest
312 3105 546 3154 dicendum,
574 3110 669 3156 quia
692 3107 735 3145 in
754 3107 1027 3157 superioribus
1046 3109 1142 3147 satis

113 3170 305 3220 expositae
322 3171 418 3207 sunt
439 3178 568 3206 eausae
589 3167 641 3204 ob
658 3180 757 3218 quas
775 3168 819 3206 in
837 3168 1035 3207 Societate
1059 3169 1143 3208 haee

112 3230 279 3272 libertas
296 3234 337 3270 et
364 3229 536 3269 facultas
558 3229 782 3277 retinetur,
803 3233 842 3268 et
862 3229 1079 3283 quomod-0,
1102 3234 1143 3269 et

112 3304 197 3346 quo
215 3291 373 3339 ordine,
400 3295 440 3330 et
460 3290 607 3342 quihus
625 3302 674 3329 ex
698 3290 827 3328 causis
846 3289 916 3328 illa
943 3291 1142 3330 utendum

114 3359 188 3402 est,
219 3358 259 3393 et
283 3365 404 3405 quem
424 3353 614 3392 effectum
634 3351 782 3390 habeat
800 3352 905 3390 circa
924 3364 1139 3402 personam

114 3417 302 3467 ejectam,
324 3426 420 3454 nam
439 3414 634 3465 relinquit
656 3413 767 3452 illam
788 3413 955 3452 liberum
978 3415 1141 3464 religio-

113 3478 179 3518 nis
194 3477 373 3524 vinenlo,
391 3480 432 3516 et
451 3476 568 3514 votis.
587 3475 717 3522 Quare
737 3474 839 3513 nihil
859 3475 982 3513 etiam
1002 3475 1141 3515 ‹lieen-

113 3538 211 3580 dum
231 3542 412 3591 superest
432 3538 481 3577 de
498 3536 813 3588 obligationibus
833 3536 922 3575 talis
941 3549 1137 3588 personas,

113 3604 206 3656 post
229 3601 378 3641 factam
397 3599 669 3642 mutationem
684 3629 696 3649 ,
722 3597 820 3652 quia
839 3609 934 3638 cum
953 3597 1141 3650 religiosa

1202 2318 1285 2347 non
1302 2310 1365 2356 sit,
1383 2308 1516 2347 nullas
1535 2308 1803 2360 obligationes
1822 2309 1943 2351 habet
1959 2324 2050 2364 quae
2065 2311 2114 2353 ad
2129 2315 2239 2370 pree-J

1202 2375 1356 2409 sentem
1390 2371 1756 2411 considerationem
1794 2375 2051 2424 pertineant,
2093 2388 2164 2426 per
2188 2378 2238 2423 se}

1200 2429 1426 2481 loquend03
1453 2445 1524 2483 per
1556 2433 1743 2472 accidens
1769 2447 1864 2474 vero
1883 2435 2032 2475 habere
2065 2438 2227 2488 poterit,

1201 2495 1299 2545 quia
1317 2496 1350 2533 si
1367 2495 1469 2534 forte
1486 2499 1580 2534 ante
1601 2498 1831 2547 ingressum
1854 2499 1896 2536 in
1916 2500 2114 2538 Sorietate
2134 2505 2228 2539 voto

1198 2555 1335 2606 aliquo
1361 2556 1591 2605 tenebatur,
1622 2558 1663 2596 id
1696 2559 1817 2610 plane
1837 2565 1924 2610 post
1947 2561 2237 2601 dimissionem

1199 2607 1432 2667 reviviscet,
1467 2619 1548 2658 nisi
1579 2619 1665 2670 ejus
1686 2621 1855 2660 materia
1883 2623 1967 2672 Jam
1997 2623 2237 2670 cessaverit,'

1199 2684 1271 2718 aut
1308 2680 1424 2732 lapsu
1458 2682 1650 2732 temporis
1677 2683 1882 2721 transierit
1901 2684 2120 2733 obligatio;
2145 2696 2226 2735 qua

1198 2740 1247 2780 de
1263 2754 1307 2780 re
1324 2745 1434 2780 extat
1452 2742 1660 2781 decretum
1683 2745 1758 2782 132
1785 2745 1925 2794 primae
1940 2745 2227 2794 congregatio-

1196 2805 1260 2841 nis
1278 2804 1502 2853 generalis,
1523 2808 1563 2843 et
1579 2816 1711 2842 canon
1747 2806 1797 2843 22
1824 2805 2020 2856 ejilsdem.
2045 2807 2108 2844 An
2129 2817 2226 2846 vero
2301 2803 2339 2848 2¹

1197 2869 1360 2903 maneat
1379 2869 1491 2903 tutus
1515 2865 1558 2903 in
1579 2867 1838 2920 conscientia,
1858 2867 1927 2916 qui
1947 2867 2084 2905 dedita
2103 2879 2226 2919 opera
2347 2859 2352 2872 ⁸

1198 2925 1304 2964 male
1324 2926 1449 2974 vixit,
1482 2930 1528 2964 ut
1550 2925 1653 2965 liber
1673 2927 1960 2977 dimitteretur,
1982 2929 2024 2967 in
2045 2929 2224 2980 superio-

1195 2988 1322 3035 ribus,
1354 2987 1458 3026 libro
1479 2989 1518 3036 3,
1537 2990 1659 3028 etiam
1681 2990 1930 3029 declaratum
1950 2995 2023 3030 est.
2046 2993 2225 3044 Quapro-

1200 3053 1285 3100 pter
1303 3048 1353 3087 de
1367 3049 1430 3087 his
1447 3051 1518 3101 qui
1535 3051 1584 3090 de
1605 3052 1802 3091 Societate
1822 3053 2100 3102 dimittuntur,
2119 3053 2224 3106 nihil

1200 3109 1314 3148 nobis
1332 3111 1549 3150 dicendum
1570 3119 1765 3164 superest.
1787 3113 1901 3153 Alter
1921 3116 2064 3153 modus
2090 3118 2227 3157 muta·

1201 3171 1319 3220 tionis
1340 3173 1472 3211 varios
1501 3173 1624 3213 habet
1642 3175 1784 3213 modos
1805 3179 1846 3214 et
1863 3176 2012 3226 gradus
2027 3205 2036 3223 ‚
2069 3176 2120 3216 de
2137 3172 2233 3228 qui?
2330 3211 2337 3227 „

1199 3241 1271 3270 nus
1288 3233 1383 3271 satis
1402 3234 1580 3273 diximus
1595 3247 1732 3286 supra,
1748 3237 1792 3275 in
1808 3240 1923 3276 tract.
1944 3238 1984 3283 8,
2001 3237 2103 3276 libro
2120 3239 2160 3287 3,
2173 3247 2225 3278 ex
2296 3279 2299 3282 ,
2332 3239 2334 3250 ²

1198 3293 1343 3344 quibus
1363 3295 1483 3334 multi
1502 3296 1567 3335 vel
1596 3297 1700 3335 nihil
1722 3297 1874 3336 habent
1901 3299 2072 3349 speciale
2089 3299 2134 3337 in
2153 3298 2223 3339 So-

1197 3354 1362 3403 cietate,
1383 3357 1448 3396 vel
1478 3357 1522 3396 in
1556 3369 1604 3397 ea
1635 3358 1770 3397 locum
1805 3371 1888 3398 non
1914 3359 2081 3398 habent.
2109 3360 2224 3400 Unus
2296 3354 2301 3370 '

1195 3418 1339 3456 nioilns
1358 3423 1417 3457 est
1434 3418 1732 3459 involuntarius
1758 3424 1800 3459 et
1818 3421 2038 3472 injuriosus
2063 3419 2223 3471 religio·

1195 3479 1254 3527 ni,
1273 3480 1423 3519 seilicet
1435 3492 1508 3532 per
1528 3481 1667 3532 fugam
1684 3482 1748 3520 vel
1769 3483 2010 3533 apostasiam
2025 3478 2217 3531 religio-‘ik
2284 3533 2286 3536 ι

1196 3544 1237 3578 et
1259 3541 1308 3579 de
1327 3541 1402 3580 hoo
1430 3542 1606 3581 videnda
1622 3548 1719 3582 sunt
1736 3543 1845 3582 dieta
1863 3545 1908 3582 in
1924 3545 2046 3581 citato
2064 3541 2150 3580 loeo
2169 3539 2222 3581 de
2288 3574 2290 3593 :

1195 3601 1394 3654 religione
1412 3603 1458 3643 in
1477 3605 1702 3654 communi,
1722 3605 1820 3659 quia
1833 3604 1869 3645 si
1882 3602 1982 3658 quid
1994 3602 2041 3643 iu
2057 3601 2135 3641 hoc
2150 3600 2222 3642 ha-
2284 3661 2286 3665 .
2336 3646 2337 3650 ,
