2352 3880
175 284 422 350 lis-peccati,
443 294 556 351 idem
569 298 784 347 peccatum
808 294 960 333 iterum
988 303 1085 333 con-

119 361 167 401 ,Ἰ
190 356 415 410 Superiori,
448 360 664 408 postquam
689 356 766 395 rite
798 354 934 393 iuerat
967 353 1086 394 alteri

26 421 29 429 ’
65 436 84 466 ‘1
109 431 137 453 ‡.·
151 419 273 469 ,οι-ί
292 417 532 466 revelatum,
551 421 591 456 et
609 416 661 456 ab
679 428 726 456 eo
743 415 951 467 punitum,
971 419 1012 455 et
1024 426 1084 455 sa-

25 474 36 486 *
79 472 356 531 s2‚,=·entaliter
381 478 623 526 remissum,
657 477 824 523 scilicet,
857 476 1021 527 quando
1039 475 1084 516 in

22 561 31 584 i
74 545 79 550 '
99 536 123 588 ζ,
138 542 237 582 ntia
256 539 484 591 Superioris
505 539 572 578 cui
589 542 801 590 peccatum
833 544 1085 577 reservatum

111 633 144 654 v,
175 603 298 642 datur
325 600 491 639 licentia
522 599 682 638 subdito
710 598 934 637 confitendi
968 597 1085 638 alteri

22 654 32 688 ὲ
74 653 306 706 =„mrvatum
323 673 336 713 ;
367 661 489 700 datur
525 661 636 699 enim
673 659 762 699 haec
792 660 960 699 facultas
991 671 1084 699 cum

21 732 29 739 ·
70 719 300 782 ss'i'gatione
316 722 493 762 adeundi
509 725 648 774 postea
666 721 943 771 Superiorem,
963 725 1084 761 nacta

70 789 75 793 “
169 787 276 825 ione.
298 785 400 824 Nam
435 783 543 834 quod
580 782 667 821 haec
695 782 892 832 obligatio
927 784 978 822 sit
1009 781 1084 821 sub

36 845 37 849 ’
124 847 230 894 rtali‚
248 847 290 885 in
311 846 509 885 Societate
527 844 777 884 declaratum
799 848 859 883 est
879 856 928 883 ex
947 847 1084 883 mente

90 904 264 960 .Ignatii
283 919 306 946 a
327 908 370 946 P.
392 907 439 946 N.
466 905 632 946 Claudio
669 905 895 956 Aquaviva,
923 905 1085 955 Praepo-

56 963 130 1042 {ito
144 968 344 1011 Generali.
365 969 461 1007 Haec
477 979 574 1017 ergo
587 970 703 1005 tanta
716 966 908 1018 obligatio
922 966 1084 1005 videtur

19 1064 22 1066 ,
56 1019 176 1082 ‘nimis
194 1031 339 1071 acerba
357 1035 398 1070 et
425 1029 665 1082 periculosa.

23 1132 25 1134 .
72 1090 143 1136 ’.2
169 1093 484 1143 ostenditurjns
510 1091 738 1132 reservandi
757 1090 850 1130 dari
869 1090 915 1130 in
946 1088 1081 1131 Socie-

28 1155 147 1221 Πρω.
156 1154 340 1195 —Ratz'o
363 1152 581 1194 communis
594 1162 670 1203 pro
698 1150 798 1191 dicto
816 1151 927 1201 jure.
940 1150 1084 1189 —Cir-

29 1208 103 1260 iun
117 1216 433 1257 reservationem
456 1225 577 1265 agere
596 1224 808 1264 possumus
829 1212 893 1251 vel
915 1212 965 1252 de
995 1211 1084 1262 jure

27 1277 232 1334 ῇιροοίειΙί,
254 1277 393 1329 quod
383 1289 426 1316 in
441 1275 518 1315 hoc
536 1275 713 1314 Societas
733 1274 932 1322 observat,
953 1273 1018 1312 vel
1033 1273 1083 1312 de

28 1352 39 1380 J
56 1348 130 1383 usu
149 1340 235 1391 ejus
255 1349 326 1378 seu
354 1339 402 1377 de
418 1337 539 1376 facto.
560 1335 672 1384 Quod
693 1334 744 1375 ad
769 1336 949 1387 primum
970 1346 1083 1386 spec-

28 1415 37 1420 ”
56 1402 128 1449 eat,
154 1400 326 1439 dicimus
355 1398 671 1439 reservationem
700 1401 959 1448 peccatorum
991 1408 1084 1448 pro·

53 1461 184 1517 priam
203 1465 242 1501 et
263 1460 477 1513 specialem
493 1470 578 1498 esse
595 1463 909 1497 consentaneam
928 1457 1082 1508 regulae

35 1548 38 1558 ›
55 1523 467 1567 etConstitutionihus
481 1521 704 1562 Societatis.
719 1521 820 1560 Nam
837 1520 956 1559 tertia
970 1524 1084 1571 parte

34 1604 37 1616 ·
54 1584 412 1632 Constitutionum,
428 1595 463 1622 c.
481 1586 520 1628 1,
536 1582 561 1634 ἓ
579 1583 645 1630 11,
664 1581 743 1620 hoc
757 1581 950 1633 supponit
972 1582 1017 1621 B.
1038 1581 1081 1620 P.

52 1646 249 1700 Ignatius,
268 1658 361 1685 cum
382 1646 508 1684 dicit:
533 1645 816 1694 Confessarz’us
831 1655 909 1685 non
931 1645 1087 1695 iqnoret

33 1738 35 1745 ἲ
51 1719 148 1764 qnos
173 1719 290 1749 casas
306 1707 385 1747 sibi
415 1705 613 1758 Superior
646 1710 850 1751 reservat,·
876 1709 917 1744 et
950 1705 1087 1743 subdit

50 1770 223 1814 modum
244 1773 284 1809 et
321 1778 555 1808 mensuram
585 1767 899 1815 reservationis,
930 1778 1014 1806 non
1041 1766 1086 1804 in

50 1831 284 1884 particulari
311 1829 588 1880 designando,
626 1828 695 1867 sed
728 1829 955 1880 generatim
989 1828 1086 1867 dici-

50 1895 140 1935 tur:
165 1892 241 1933 Illi
265 1895 395 1932 autem
421 1890 743 1937 reservabuntur,
763 1901 860 1941 quos
885 1890 932 1929 ab
956 1900 996 1928 eo
1027 1900 1087 1929 co-

51 1952 185 2008 snosci
201 1952 469 1993 necessarium
491 1951 702 1999 videbitur,
721 1954 794 1990 aut
815 1950 927 1990 valde
949 1961 1085 1990 conve-

51 2016 176 2063 niens,
203 2025 276 2067 quo
296 2014 438 2054 melias
453 2014 665 2054 remedium
687 2012 867 2053 adhibere
881 2011 1025 2065 possit,
1047 2012 1086 2053 et

52 2086 134 2126 ποτε
158 2085 266 2118 curce
299 2075 527 2116 commissos
555 2085 799 2126 praeservare
828 2074 874 2113 ab
907 2074 1086 2113 omnzbus

51 2148 138 2194 μω
155 2139 339 2178 nocitura
356 2139 465 2175 sunt.
486 2137 606 2175 Hunc
625 2139 761 2175 antem
779 2145 935 2168 morem
957 2141 1084 2169 reser-

27 2211 32 2214 ·
51 2198 171 2241 ‘randi
191 2209 319 2245 casus,
341 2195 525 2234 absolute
544 2193 595 2233 de
614 2192 684 2231 illo
703 2191 923 2241 loquendo,
946 2191 1084 2231 nullus

52 2259 269 2303 catholiius
291 2255 555 2308 improbabit,
577 2265 674 2295 nam
692 2254 887 2292 universa
906 2253 1084 2292 Ecclesia

51 2319 130 2363 hoc
162 2320 374 2366 observat3
407 2322 496 2357 tum
530 2328 605 2368 pro
638 2316 857 2363 universa,
896 2321 1083 2365 respectu

53 2381 209 2424 Summi
236 2379 459 2428 Pontificis,
488 2381 579 2417 tum
604 2388 680 2430 pro
704 2376 876 2426 singulis
900 2375 1082 2414 dioecesi·

49 2443 142 2494 bUS,
164 2446 348 2494 respectu
361 2451 528 2480 suorum
542 2439 846 2492 Episcoporum.
868 2438 1001 2489 Atque
1020 2449 1084 2477 ea-

51 2507 146 2548 dem
165 2506 325 2545 ratione
347 2502 568 2554 religiones
594 2500 704 2539 idem
723 2499 955 2548 observant,
987 2499 1084 2550 quia

21 2567 215 2612 ²*Praelati
246 2565 492 2617 religionum
524 2561 678 2602 habent
701 2563 745 2601 in
779 2562 979 2612 religione
1013 2572 1085 2600 sua

53 2630 157 2672 vices
173 2629 480 2681 Episcoporum,
499 2628 540 2663 et
551 2635 632 2675 quo
651 2623 836 2663 intimius
857 2622 1086 2673 gubernant

51 2695 94 2734 et
110 2690 335 2743 specialiori
355 2687 513 2726 ratione
526 2685 705 2724 officium
724 2685 999 2736 spiritualium
1015 2695 1086 2735 pa-

27 2780 29 2782 ·
53 2759 215 2801 tentum
250 2753 456 2797 exercent,
478 2758 655 2799 suosque
679 2747 861 2786 subditos
887 2746 939 2784 ad
959 2746 1086 2796 majo-

53 2812 140 2858 ¹rem
156 2812 445 2866 perfectionem
465 2810 613 2848 ducere
631 2813 837 2856 tenentur,
857 2819 905 2846 eo
919 2808 990 2846 tali
1007 2812 1087 2846 sta-

52 2871 115 2915 'tul
133 2875 263 2923 magis
281 2871 608 2918 accommodata,
641 2873 680 2908 et
699 2869 1001 2920 quodammodo
1021 2868 1087 2906 de-

56 2932 140 2980 §ita
164 2939 224 2974 est
251 2934 340 2973 hacc
365 2932 599 2972 reservatio.
621 2930 738 2970 Unde
770 2930 809 2969 S.
845 2931 892 2968 D.
918 2931 965 2968 N.
1001 2929 1086 2968 Cle-

57 2982 171 3039 'mens
198 2996 375 3045 V111,in
398 2993 593 3046 peculiari
609 2993 785 3040 decreto,
809 3004 888 3043 quo
907 2991 1004 3030 huic
1024 3003 1087 3031 re-

27 3085 29 3087 -
57 3051 272 3100 &rvationi
301 3056 583 3107 religiosorum
615 3054 784 3093 modum
813 3053 969 3104 posuit,
996 3065 1089 3104 sup-

22 3139 27 3142 ·
111 3120 174 3161 nit
199 3131 288 3159 eam
314 3123 355 3157 et
375 3118 553 3166 licitam,
575 3119 615 3155 et
639 3115 948 3155 convenientem
978 3126 1087 3164 csse,

20 3199 26 3232 j
55 3127 113 3291 ἕ
137 3194 218 3234 qua
237 3182 359 3220 etiam
381 3179 513 3218 videri
527 3182 696 3230 possunt
717 3189 805 3229 quae
823 3177 1010 3215 universe
1039 3177 1090 3216 de

11 3247 27 3291 ,ἕ
70 3287 74 3290 Α
113 3253 136 3283 c
151 3255 211 3292 re,
241 3243 284 3281 in
300 3244 444 3293 quarto
463 3243 589 3287 tomo,
610 3240 730 3279 tertia
755 3242 883 3290 parte,
902 3238 1003 3288 disp.
1019 3239 1086 3287 29,

20 3313 27 3347 ὲ
59 3288 336 3410 Ξῗὲῒιινὶωηε,
354 3301 464 3340 unde
484 3305 639 3341 constat
650 3302 759 3340 hunc
770 3313 886 3339 usum
908 3299 959 3338 ob
974 3311 1086 3338 suam

22 3410 26 3412 ,
95 3365 104 3370 ’
153 3377 320 3405 munem
341 3363 540 3403 rationem
557 3363 603 3404 in
620 3363 819 3403 Societate
846 3360 1091 3414 reprehendi

15 3422 28 3473 ὲ
102 3429 106 3432 “
158 3439 286 3478 posse.

22 3511 40 3539 ,χ
76 3485 155 3535 -,“3.
175 3489 367 3530 Rationes
383 3486 575 3539 speciales
583 3479 659 3539 pri)
679 3486 885 3526 eodem.—
898 3485 986 3524 Non
1015 3482 1093 3524 erit

21 3549 25 3551 ”
116 3549 201 3604 tem
218 3548 381 3588 difficile
399 3547 581 3600 proprias
601 3549 642 3586 et
663 3546 884 3598 peculiares
915 3545 1093 3585 rationes

138 3609 266 3659 mire,
285 3610 338 3649 ob
357 3621 458 3662 quas
483 3609 572 3648 haec
587 3608 809 3649 reservatio
828 3608 872 3647 in
893 3607 1094 3647 Societate

394 230 485 267 (ΞΑΡ.
506 230 549 267 V.
569 229 627 265 AN
646 229 902 266 Rusanvxrlo
922 215 1205 268 PECCATORUM.
1227 229 1324 271 QUAE
1341 231 1386 267 IN
1405 231 1631 268 socmTATE
1649 231 1730 275 Frr,
1752 231 1844 270 mc.

1137 293 1341 344 expediat.
1373 295 1510 335 Primo
1538 309 1585 336 ac
1617 297 1844 349 praecipue,
1878 295 1976 351 quia
2006 307 2175 352 propter

1137 355 1551 395 communicationem
1570 370 1661 398 cum
1682 357 1879 410 proximis
1907 359 1951 400 in
1986 363 2173 413 periculis

1136 420 1337 466 versatur,
1359 421 1400 456 et
1415 417 1507 456 ideo
1526 431 1688 458 necesse
1705 424 1767 459 est
1784 424 1828 459 ut
1846 422 1975 473 magis
1994 423 2168 464 timeant

1139 488 1438 528 quemcumque
1468 478 1642 530 lapsum,
1673 481 1724 519 ad
1758 482 1865 532 quod
1894 483 2072 524 multum
2104 485 2174 526 de-

1139 538 1265 577 servit
1274 539 1517 584 reservatio;
1539 552 1635 579 nam
1647 545 1707 579 est
1720 543 1847 581 veluti
1866 544 2026 584 frenum
2047 547 2174 598 quod-

1138 598 1233 636 dam
1265 599 1480 638 continens
1510 599 1736 640 hominem.
1760 604 1969 654 Secundo,
1995 608 2092 658 quia
2127 609 2171 648 in

1135 657 1216 697 'hac
1234 659 1431 710 religione
1457 661 1593 712 plures
1616 662 1879 712 ,educantur'
1863 677 2049 715 juvenes,
2069 681 2171 719 quos

1137 719 1190 759 ob
1209 724 1391 768 aetatem,
1422 722 1465 761 in
1494 722 1650 770 officio,
1681 726 1721 761 et
1740 723 1952 774 disciplina
1983 728 2172 778 religiosa

1137 783 1270 832 magis
1308 783 1519 823 continere
1560 784 1740 822 maxime
1782 787 2059 826 necessarium
2094 795 2168 830 est.

1136 840 1288 891 Tertio,
1310 845 1407 895 quia
1437 856 1530 884 etun
1564 845 1607 883 in
1639 845 1716 884 hac
1741 845 1941 895 religione
1973 859 2058 886 non
2087 855 2173 890 tam

1138 904 1278 944 multae
1304 907 1532 957 corporales
1560 905 1812 954 afflictiones,
1838 919 1910 947 seu
1936 911 2174 960 asperitates

1137 977 1186 1005 ex
1208 967 1388 1016 genera-li
1408 967 1550 1017 regula
1572 967 1902 1018 praescribantur,
1924 969 1976 1008 ob
1995 972 2172 1012 rationes

1081 1053 1086 1059 -
1137 1026 1181 1066 in
1200 1027 1228 1065 1.
1250 1028 1289 1075 1,
1313 1040 1347 1066 c.
1370 1030 1410 1076 9,
1439 1029 1595 1076 allatas,
1615 1033 1774 1080 oportet
1790 1033 1835 1068 ut
1857 1031 2078 1080 spiritualis
2095 1032 2172 1072 dis-

1134 1085 1288 1138 ciplina
1306 1100 1354 1127 ac
1374 1089 1585 1140 vigilantia
1605 1090 1778 1140 rigidior
1804 1091 1870 1138 sit,
1888 1092 1973 1130 imo
1991 1092 2035 1130 in
2062 1093 2173 1133 hunc

1140 1149 1263 1188 etiam
1301 1150 1426 1190 finem
1459 1152 1683 1203 spiritualis
1711 1153 1824 1203 rigor
1854 1165 2072 1205 corporeus
2106 1156 2173 1196 ille

1138 1209 1218 1249 fuit
1234 1216 1486 1263 temperatus
1509 1226 1532 1252 a
1553 1214 1598 1252 B.
1626 1214 1797 1264 Ignatio.
1826 1215 1992 1265 Quarto,
2014 1218 2110 1268 quia
2130 1219 2173 1257 in

1137 1270 1215 1311 hac
1229 1274 1426 1324 religione
1444 1276 1623 1314 maxime
1639 1278 1912 1316 necessarium
1938 1283 1998 1317 est
2011 1283 2058 1317 ut
2079 1280 2174 1319 sub-

1139 1333 1213 1372 diti
1227 1336 1406 1374 multum
1422 1337 1505 1375 suis
1524 1337 1808 1387 Superioribus
1824 1338 1966 1387 fidant,
1983 1344 2029 1378 ut
2047 1341 2100 1379 ab
2116 1342 2174 1380 eis

1138 1398 1226 1447 regi
1254 1398 1428 1448 possint,
1454 1409 1506 1437 ne
1534 1398 1636 1437 forte
1658 1399 1865 1438 interdum
1890 1401 2107 1451 scandalis,
2135 1407 2174 1442 et

1139 1459 1417 1497 occasionibus
1452 1460 1646 1510 peccandi
1680 1459 1771 1498 illos
1799 1467 2030 1512 exponant,
2062 1468 2101 1502 et
2130 1468 2175 1503 ut

1139 1519 1230 1558 aliis
1252 1521 1384 1559 modis
1411 1526 1579 1572 paterne
1610 1522 1767 1572 possint
1793 1522 1845 1560 ab
1877 1524 1934 1561 eis
1963 1524 2173 1575 adjuvari;

1142 1584 1181 1619 et
1198 1582 1396 1631 quamdiu
1412 1582 1498 1621 haec
1515 1582 1659 1633 religio
1676 1595 1782 1622 nova
1797 1587 1871 1632 est,
1889 1584 1953 1623 et
1944 1597 1986 1623 in
2006 1598 2078 1624 suo
2097 1586 2174 1637 pri-

1141 1642 1286 1680 mitivo
1319 1643 1464 1694 spiritu
1497 1634 1631 1692 durat,
1674 1645 1897 1684 curandum
1919 1650 1978 1684 est
2009 1651 2055 1685 ut
2088 1647 2174 1686 haec

1142 1705 1389 1742 consuetudo
1416 1717 1498 1744 non
1530 1706 1739 1744 auferatur
1770 1718 1845 1745 nec
1874 1709 2099 1757 minuatur,
2126 1708 2175 1747 ad

1140 1775 1264 1814 quem
1288 1765 1411 1804 finem
1436 1766 1525 1805 haec
1561 1767 1783 1806 reservatio
1807 1767 1930 1806 etiam
1962 1769 2177 1808 utilissima

1141 1830 1222 1874 θεῖς
1248 1826 1376 1877 igitur
1395 1827 1444 1866 de
1465 1828 1708 1876 substantia,
1729 1833 1774 1866 ut
1798 1828 1854 1867 ita
1874 1829 2027 1878 dicam,
2050 1843 2178 1871 reser-

1139 1887 1316 1927 vationis
1336 1890 1617 1928 controversia
1636 1901 1722 1928 esse
1741 1901 1826 1928 non
1845 1894 1990 1940 potest.

1142 1988 1442 2034 Convenientem
1470 2002 1553 2031 esse
1581 2001 1699 2030 nsum
1727 1989 2020 2041 particularem
2051 2002 2181 2032 reser-

1216 2052 1343 2091 vando·
1356 2052 1535 2097 peccata,
1557 2059 1669 2099 quem
1694 2046 1879 2088 Societas
1899 2050 2094 2091 observat.

1191 2134 1231 2171 4.
1255 2130 1400 2172 Prima
1415 2133 1617 2172 calumnia
1638 2134 1682 2172 de
1693 2134 1820 2172 nimia
1832 2135 2095 2175 reservatione
2113 2148 2177 2176 ea-

1134 2192 1332 2247 plectitur.
1350 2216 1400 2221 —
1417 2194 1521 2241 Quia
1552 2195 1594 2234 de
1621 2196 1889 2235 reservatione
1909 2197 2102 2237 decretum
2125 2198 2177 2239 sit

1135 2255 1180 2296 in
1195 2257 1333 2308 prima
1366 2254 1689 2308 Conqreqatione,
1712 2268 1797 2296 can.
1822 2257 1928 2295 4.-
1946 2257 2177 2309 Conyreqa-

1135 2316 1193 2357 tio
1209 2317 1469 2369 provincialis
1482 2328 1559 2355 non
1575 2318 1718 2368 qaadet
1721 2317 2026 2368 jurisdictione.
2044 2342 2096 2348 —
2109 2321 2176 2360 Se-

1138 2378 1272 2417 cundo
1292 2378 1418 2428 igitur
1437 2378 1486 2416 de
1506 2378 1741 2428 particulari
1765 2379 1850 2429 ejus
1870 2392 1946 2417 usu
1967 2392 2037 2418 seu
2056 2381 2176 2420 modo

1138 2439 1365 2477 videamus.
1393 2438 1525 2478 Potest
1542 2444 1680 2478 autem
1701 2440 1743 2477 in
1765 2439 1842 2478 hoc
1859 2441 1980 2479 modo
2001 2453 2087 2480 esse
2109 2455 2176 2480 ex-

1139 2513 1296 2550 cessus,
1317 2501 1382 2540 vel
1414 2502 1572 2541 ratione
1608 2502 1747 2540 nimiae
1781 2503 2091 2551 reservationis,
2115 2504 2176 2542 vel

1138 2566 1306 2614 propter
1341 2563 1515 2601 nimiam
1565 2563 1847 2601 difficultatem
1890 2565 2175 2604 committendi

1139 2623 1229 2663 aliis
1248 2623 1562 2671 absolutionem,
1582 2624 1648 2662 vel
1667 2629 1832 2675 propter
1850 2623 2030 2675 aliquem
2048 2625 2177 2664 alium

1139 2685 1314 2725 abusum
1335 2685 1645 2724 reservationis:
1669 2685 1718 2723 de
1739 2685 1911 2735 singulis
1937 2697 2033 2736 ergo
2066 2686 2173 2725 vide-

1140 2759 1270 2786 amus.
1309 2748 1361 2786 De
1393 2747 1524 2798 primo
1549 2747 1593 2785 in
1631 2746 2011 2794 Constitutionibus,
2033 2753 2174 2798 praeter

1141 2809 1262 2847 citata
1298 2808 1422 2847 verba
1462 2807 1594 2845 tertiae
1634 2808 1758 2858 partis
1799 2808 2146 2847 Constitutionum
2165 2839 2174 2857 ‚

1141 2882 1228 2920 cap.
1251 2870 1401 2921 primo,
1423 2869 1446 2921 ξ
1471 2868 1702 2916 undecimo,
1740 2868 1844 2907 nihil
1873 2870 2085 2920 specialius
2114 2871 2177 2909 in-

1140 2932 1326 2981 venitur3
1354 2932 1397 2970 in
1418 2931 1498 2969 illis
1519 2935 1658 2969 autem
1679 2943 1835 2970 certum
1867 2936 1930 2970 est
1955 2933 2175 2981 rationem,

1142 2997 1183 3032 et
1200 2993 1325 3032 finem
1339 2992 1396 3031 ibi
1413 2993 1666 3042 assignatum
1686 3004 1770 3031 esse
1788 2993 2012 3043 genuinam
2033 2997 2178 3043 etpro-

1143 3055 1392 3107 priissimam
1424 3066 1587 3093 causam
1604 3085 1615 3102 ,
1649 3053 1700 3092 ob
1730 3066 1855 3105 quam
1879 3054 2056 3092 Ecclesia
2083 3065 2177 3091 con-

1142 3116 1402 3155 suetudinem
1414 3115 1650 3154 reservandi
1667 3127 1785 3154 casus
1802 3115 2049 3162 introduxit3
2073 3125 2177 3152 sem-

1142 3190 1215 3230 per
1234 3179 1344 3216 enim
1366 3177 1624 3228 supponitur,
1644 3180 1689 3214 ut
1705 3177 1748 3215 in
1771 3175 2032 3228 sequentibus
2049 3175 2178 3225 magis

1144 3251 1413 3291 exponemus,
1446 3238 1546 3276 illud
1582 3238 1833 3285 remedium,
1864 3241 1904 3275 et
1931 3237 2178 3275 medicinam

1144 3303 1473 3353 praeservativam
1507 3299 1784 3338 adhibendam
1818 3310 1902 3337 esse
1916 3329 1926 3346 ,
1961 3298 2120 3347 integro
2139 3298 2178 3332 et

1143 3363 1271 3402 illaeso
1303 3373 1468 3414 prorsus
1507 3364 1700 3399 manente
1733 3359 1996 3398 confessionis
2028 3355 2171 3405 sigillo.

1144 3424 1233 3463 Non
1253 3423 1480 3474 explicatur
1499 3427 1636 3461 autem
1657 3422 1701 3460 in
1720 3421 1800 3459 illis
1819 3419 1954 3459 verbis
1970 3417 2032 3455 cui
2052 3417 2159 3466 Supe

1144 3485 1246 3524 riori
1264 3484 1544 3523 committatur
1566 3483 1652 3521 haec
1670 3485 1845 3533 potestas
1866 3476 2099 3517 reservandi
2113 3487 2178 3515 ca·

1146 3558 1229 3594 sus,
1261 3549 1304 3584 et
1317 3545 1519 3596 judicium
1552 3544 1603 3582 de
1633 3543 1681 3580 iis
1703 3552 1803 3592 quos
1821 3538 2020 3578 reservari
2039 3548 2179 3576 ncces-

1145 3606 1299 3646 sarium
1319 3609 1390 3645 aut
1420 3604 1539 3644 valde
1556 3603 1800 3642 conveniens
1825 3603 1900 3639 est.
1929 3597 2015 3638 Hoc
2039 3606 2176 3638 autem
