2352 3880
185 237 253 275 976
508 201 602 270 [ΠΒ.
623 231 680 268 IX.
702 230 758 267 1>ss
776 228 1028 271 monam-311
1046 227 1306 268 nmis'rssmls.
1328 228 1476 270 QUIBUS
1495 230 1552 266 AD
1571 216 1853 275 nexuum
1860 220 2014 275 m.
2022 194 2024 203 ³

178 294 396 347 nunditia-
417 299 533 352 eopia
552 300 711 339 tradere
724 296 823 339 aliis
840 306 926 338 sace
943 294 1217 338 sanctimonia*
1274 294 1520 347 explicanda
1538 299 1637 336 sunt
1653 295 1724 336 illa
1741 292 1872 343 verba
1877 297 1981 342 we
1976 303 2138 354 pm

176 366 422 410 consortium
448 363 565 409 decet,
585 363 664 399 etc.
1273 357 1432 400 cictatis
1461 357 1735 409 Proepositum
1761 369 1840 426 pro
1868 353 2087 409 tempos„

231 427 298 468 20.
334 424 495 472 Quanta
515 422 701 463 doctrina
721 424 760 462 et
776 418 959 475 probitas
974 418 1214 471 postuletur.
1273 419 1486 470 deputatus
1499 419 1642 469 fuerit.
1649 419 1739 458 Non
1759 418 1870 458 enim
1902 418 2086 471 obligant
2105 419 2230 468 haue

176 510 231 520 -
243 487 406 532 Quanta
424 495 524 523 vero
545 483 780 534 requiratur
799 482 969 522 scientia
989 485 1060 521 aut
1079 481 1217 532 probi·
1271 480 1340 526 ba,
1366 483 1412 519 ut
1441 480 1687 532 Praepositus
1707 492 1783 531 per
1800 480 1984 533 seipsum
2002 485 2042 521 et
2067 482 2154 523 imm

176 553 257 597 tas,
279 560 363 587 non
393 549 528 598 potest
556 548 668 584 certa
696 545 841 596 regula
874 542 1053 590 definiri,
1079 553 1217 593 neque
1273 541 1420 580 debeat
1440 554 1585 581 omnes
1618 541 1836 581 Societatis
1869 539 2206 611 praedicatores-'⁴3
2320 587 2330 601 Ι,

177 610 349 662 aequalis
377 608 421 647 in
453 607 646 646 omnibus
679 605 859 659 petenda
887 609 972 652 est,
1003 604 1077 643 sed
1109 604 1214 651 loco,
1271 614 1371 641 nere
1389 606 1462 641 aut
1493 603 1742 654 approbare,
1766 602 1809 642 id
1830 603 2003 643 enimin
2021 607 2134 649 tanta
2167 605 2264 652 ὴ.,.*,
2315 596 2334 647 γ’

177 671 358 722 tempori
378 674 419 709 et
438 668 628 721 personis
646 667 971 719 proportionata.
988 665 1106 706 Unde
1126 665 1217 703 Dio·
1273 675 1373 702 num
1393 664 1657 704 multitudine
1671 664 1926 716 impossibile
1941 669 2016 704 est.
2037 666 2097 704 Illi
2114 678 2201 715 erg«
2228 674 2267 724 .'
2316 653 2333 687 '³

177 733 339 785 nysius,
357 732 449 770 loco
465 731 604 777 citato,
622 730 882 780 distinguens
897 727 1032 766 varios
1052 725 1218 764 ordines
1275 725 1557 773 committitur,
1582 731 1629 764 ut
1648 738 1721 777 per
1745 739 1804 774 se,
1825 726 1893 766 vel
1917 738 1992 778 per
2011 726 2129 773 alios,
2150 726 2257 778 qui·-

177 794 373 835 Ecclesiae
394 791 700 843 triumphantis,
721 791 819 841 qui
809 790 862 828 ad
883 788 1129 827 militantem
1146 798 1218 838 ap·
1274 786 1352 824 hoc
1373 798 1525 825 munus
1546 788 1795 827 sufficientes
1816 788 1911 835 sint,
1927 788 1971 828 id
1991 791 2170 839 praestet.
2196 795 2234 825 υ
2265 793 2268 799 ·
2316 782 2330 807 ³³

177 856 323 910 plicari
343 857 550 906 possunt·
571 852 626 892 At
645 864 732 892 vero
757 851 843 900 (ait)
862 850 1001 901 quibus
1016 848 1219 916 purqandi
1273 848 1560 888 universaliter
1579 849 1630 888 de
1649 849 1851 888 similibus
1869 849 2151 897 facultatibus,
2166 851 2241 891 G
2257 847 2263 863 ³
2324 861 2330 870 ·

179 922 341 959 coeteros
363 916 536 967 officium
570 916 648 959 est,
682 912 836 962 inqenti
859 909 1068 949 munditioe
1104 909 1218 961 copia
1274 908 1348 947 rali
1366 909 1590 957 concessis,
1615 910 1832 960 explicavit
1851 910 1959 949 idem
1983 910 2134 949 Paulus
2161 911 2267 961 111,

177 980 335 1019 tradere
363 976 436 1017 ali
428 988 460 1015 s
493 987 574 1014 suoe
593 972 866 1012 sanctimoniae
893 971 1138 1011 consortium
1158 970 1219 1011 de·
1274 982 1349 1009 sua
1368 971 1484 1009 Bulla
1507 973 1548 1014 5,
1569 971 1676 1010 circa
1695 971 1837 1010 finem.
1862 971 2031 1012 Videtur
2066 976 2237 1012 autem

178 1043 267 1085 cet,·
297 1039 366 1091 qui
387 1049 473 1076 vero
505 1034 768 1074 illuminandi
795 1033 988 1072 consecuti
1018 1035 1113 1073 sunt
1132 1042 1218 1071 mu·
1271 1033 1507 1082 specialiter
1521 1033 1790 1072 commissum
1808 1032 2017 1081 Generali,
2042 1033 2240 1073 utintell
2316 1063 2330 1078 .,

177 1110 269 1146 nus,
299 1110 360 1138 eos
383 1099 516 1149 utpote
555 1095 764 1134 lucidiores
801 1095 975 1145 spiritus
1009 1094 1062 1131 ad
1091 1093 1220 1142 perci·
1273 1095 1341 1132 tur
1357 1094 1434 1134 hoc
1455 1094 1716 1145 peculiariter
1732 1093 1786 1132 ad
1800 1094 1890 1144 ejus
1904 1094 2222 1135 administratio·
2244 1089 2271 1139 ᾗ
2323 1088 2333 1114 “’

175 1160 361 1213 piendam
392 1164 508 1209 atque
543 1156 773 1195 tradendam
808 1155 906 1195 aliis
939 1154 1219 1205 participatio·
1274 1155 1498 1206 pertinere,
1518 1159 1560 1195 et
1579 1158 1624 1194 ut
1644 1156 1768 1206 hujus
1790 1155 1849 1194 rei
1882 1156 2132 1206 peculiarem
2163 1168 2214 1195 cu
2242 1156 2266 1203 ᾗ
2330 1163 2333 1167 ’

176 1233 264 1262 nem
290 1232 335 1261 ac
361 1221 582 1260 societatem
599 1218 702 1257 tucis
716 1218 886 1263 idoneos,
902 1216 1087 1267 sacrique
1106 1215 1220 1255 itlius
1275 1215 1438 1263 habeat,
1457 1221 1504 1258 ut
1529 1217 1679 1257 dicitur
1698 1217 1741 1255 in
1762 1217 1945 1257 secunda
1977 1217 2274 1269 congregatio*

175 1283 337 1333 suroris
358 1282 498 1332 qratia
527 1278 825 1331 opulentissime
844 1277 997 1328 plenos,
1019 1277 1220 1316 exundan-
1274 1277 1474 1328 generali,
1497 1289 1587 1318 can.
1607 1279 1674 1316 27.
1697 1279 1745 1317 Et
1760 1278 1877 1329 juxta
1893 1278 1972 1318 hoc
1991 1276 2289 1329 intelligendu
2321 1267 2333 1321 ⁴,

177 1346 254 1385 tem
275 1344 383 1382 omni
403 1354 450 1382 etc
462 1343 579 1393 parte
598 1341 722 1379 iucem
742 1340 788 1378 in
805 1350 867 1379 eos
889 1338 958 1389 qui
978 1340 1240 1377 mererentur·
1274 1342 1353 1384 est,
1373 1338 1484 1389 qnod
1501 1339 1545 1377 in
1582 1338 1759 1390 septima
1791 1342 1910 1389 parte
1941 1339 2214 1379 Constitution
2255 1360 2270 1369 ν
2322 1337 2334 1347 ⁴¹

176 1405 392 1457 effundere.
437 1402 514 1449 Qui
553 1405 683 1442 autem
722 1398 956 1452 perficiendi
988 1399 1222 1450 funguntur
1273 1412 1310 1441 c.
1327 1400 1367 1447 4,
1391 1399 1473 1452 §6‚
1495 1401 1660 1447 dicitur,
1679 1401 1855 1440 verbum
1892 1400 1962 1439 Dei
1986 1402 2249 1452 proponend
2271 1392 2279 1435 1'
2323 1395 2332 1446 ,’

175 1470 272 1515 vice,
292 1478 354 1505 eos
367 1468 412 1505 nt
428 1463 678 1515 perficientis
692 1461 916 1513 disciptinae
934 1459 1217 1511 peritissimos,
1274 1472 1366 1501 esse
1403 1462 1557 1512 populo
1592 1461 1758 1501 assidue
1784 1474 1855 1513 per
1883 1473 1944 1503 eos
1978 1473 2075 1513 quos
2109 1461 2286 1513 Superi
2324 1467 2333 1506 ξ.

175 1519 453 1568 sacratissima
485 1524 740 1564 institutione
762 1523 938 1563 scientioe
972 1526 1216 1568 sanctarum,
1271 1523 1515 1575 probaverit,
1537 1525 1575 1568 a
1591 1524 1645 1563 ad
1670 1524 1749 1564 tate
1766 1534 1911 1563 munus
1927 1523 2200 1564 destinaverit.
2222 1523 2283 1574 S-
2327 1518 2329 1547 ἶ

174 1600 276 1640 quas
299 1586 558 1636 contemplati
581 1589 689 1631 sunt,
708 1594 858 1627 rerum,
876 1583 929 1622 ad
947 1594 988 1622 se
1001 1583 1221 1622 accedentes
1270 1585 1408 1635 perior
1426 1584 1540 1627 enim
1566 1583 1624 1621 ibi
1649 1595 1734 1622 non
1759 1583 1962 1634 significat
1979 1584 2239 1632 Generalem,
2270 1604 2274 1617 ··

175 1650 298 1700 hujus
326 1650 387 1689 rei
420 1659 539 1688 causa
570 1648 766 1698 perficere.
789 1645 933 1694 Itaque
969 1642 1219 1694 praedicandi
1275 1657 1351 1696 per
1374 1657 1419 1684 se
1437 1649 1623 1689 constat;
1640 1644 1814 1695 intelligi
1835 1649 1976 1683 autem
2006 1645 2146 1690 debet,
2168 1646 2239 1696 qui
2259 1672 2263 1680 .

175 1723 329 1750 munus
347 1722 431 1748 non
453 1709 612 1760 aequale
635 1711 694 1747 est
714 1708 757 1745 in
786 1707 1003 1752 omnibus;
1024 1706 1090 1744 alii
1108 1706 1221 1746 enim
1277 1706 1387 1745 hunc
1406 1710 1543 1745 actum
1563 1705 1645 1744 ab
1636 1718 1726 1757 ipso
1751 1706 1943 1745 habuerit
1966 1705 2222 1754 facultatem,
2239 1717 2278 1748 v

178 1773 230 1811 ad
250 1772 395 1811 rudem
417 1772 583 1822 plebem
603 1769 891 1815 erudiendam,
911 1773 952 1806 et
971 1768 1011 1805 in
1033 1779 1216 1806 commu·
1272 1768 1488 1808 indefinite
1513 1768 1723 1819 Superior,
1743 1768 1795 1807 ad
1814 1767 1934 1836 cujus
1948 1778 2100 1806 munus
2114 1767 2192 1807 hoc
2222 1783 2257 1802 ··.

175 1833 280 1873 niae
299 1834 459 1882 vulgari
478 1833 660 1871 honestae
677 1834 769 1870 vitae
788 1830 912 1869 modo
930 1829 1219 1869 instruendam
1271 1830 1390 1869 tinet.
1416 1831 1488 1869 Hic
1504 1834 1643 1869 autem
1665 1829 1863 1880 Superior
1898 1829 1941 1868 in
1973 1828 2179 1870 societate
2211 1841 2282 1883 p

179 1898 220 1934 et
257 1894 520 1933 excitandam
554 1893 831 1932 destinantur.
867 1890 945 1931 Alii
980 1891 1031 1929 ad
1064 1890 1218 1930 illumi·
1268 1891 1517 1931 Geneialem
1533 1894 1597 1931 est
1613 1891 1892 1938 Provincialis,
1905 1890 2026 1941 juxta
2047 1890 2289 1941 regulam

177 1955 366 1995 nandum
392 1955 596 2002 doctores,
626 1951 901 1992 confutandos
923 1951 1155 1999 haereticos,
1177 1953 1220 1991 et
1272 1952 1378 2004 ejus,
1395 1962 1489 2001 quaa
1507 1952 1568 1990 sic
1584 1951 1733 1992 habet:
1752 1952 2044 1993 Proedicatores
2061 1956 2098 1993 et
2113 1954 2280 2002 confess

175 2017 375 2068 mysteria
401 2015 496 2054 fidei
532 2015 656 2053 altius
681 2013 999 2065 proponendum
1032 2017 1074 2052 et
1106 2013 1218 2051 illus·
1267 2024 1336 2054 res
1353 2012 1439 2065 ipse
1466 2015 1690 2058 constituet,
1707 2013 1917 2065 praemisso
1935 2016 2066 2053 tamen
2093 2012 2284 2058 domest‘

176 2078 396 2123 trandum
431 2077 496 2115 alii
523 2076 704 2125 denique
736 2074 790 2114 ad
817 2073 1082 2124 perfectionis
1107 2074 1217 2113 viam
1269 2076 1466 2122 examine,
1478 2079 1517 2116 et
1550 2073 1830 2126 approbatione
1852 2073 2159 2115 ordinariorum
2179 2074 2262 2125 ,ium

177 2142 217 2178 et
239 2138 494 2189 spiritualem
510 2137 741 2175 doctrinam
761 2135 952 2173 subtilius
971 2134 1216 2174 tradendam
1270 2137 1447 2187 formam
1472 2134 1644 2176 Concitii
1664 2135 1911 2176 Tridentini.
1935 2133 2068 2185 Hujus
2087 2135 2148 2174 rei
2169 2145 2291 2175 exem·

176 2204 469 2245 assumuntur3
507 2200 548 2236 et
584 2197 678 2236 ideo
718 2196 761 2234 in
799 2195 1051 2245 quibusdam
1085 2196 1220 2246 major
1271 2197 1389 2249 plum
1415 2196 1619 2236 habemus
1642 2195 1686 2236 in
1715 2196 1922 2246 religione
1954 2195 2181 2242 Minorum3
2205 2208 2276 2236 na

177 2261 380 2308 doctrina,
413 2270 538 2309 quam
570 2258 613 2296 in
649 2257 755 2303 aliis,
786 2259 828 2295 et
859 2256 1048 2295 similiter
1083 2257 1223 2306 major
1270 2257 1317 2297 in
1350 2267 1442 2309 cap.
1476 2262 1623 2297 octavo
1657 2257 1828 2308 Regulae
1866 2255 2142 2307 prohibentur
2160 2268 2287 2309 piae·⁶
2327 2303 2329 2306 ,

175 2322 374 2374 perfectio
395 2319 638 2366 sanctitatis,
661 2323 700 2357 et
725 2317 905 2357 efficacia
927 2318 1096 2368 spiritus
1122 2327 1217 2367 pos·
1273 2329 1368 2358 care
1390 2320 1479 2358 sine
1496 2318 1798 2369 approbatione
1815 2317 2048 2364 Generalis;
2069 2323 2214 2368 postea
2233 2328 2279 2365 νξ
2326 2339 2327 2342 =

176 2384 346 2424 tulatur.
371 2383 418 2421 In
449 2381 643 2420 omnibus
667 2383 824 2426 autem,
849 2378 960 2429 quod
987 2378 1040 2416 ad
1068 2377 1218 2418 doctri-
1271 2391 1320 2420 ro
1335 2378 1595 2430 ,declaratum
1612 2385 1688 2427 est,
1708 2379 1980 2418 Proxinciales
2002 2391 2122 2429 posse
2141 2379 2183 2419 id
2202 2391 2229 2432 p

177 2455 276 2484 nam
297 2444 456 2489 attinet,
481 2443 534 2480 ad
568 2442 788 2480 minimum
822 2439 1105 2478 necessarium
1140 2443 1217 2487 est,
1271 2443 1400 2491 stare,
1420 2445 1465 2480 ut
1497 2444 1659 2481 constat
1692 2452 1744 2480 ex
1774 2440 1943 2479 Nicolao
1967 2437 2098 2492 Papa,
2130 2437 2180 2480 in
2205 2451 2274 2482 ca
2324 2431 2326 2434 ¹

177 2508 224 2545 ut
242 2505 337 2544 fidei
361 2504 573 2553 dogmata,
598 2507 638 2541 et
658 2500 826 2553 propria
857 2513 905 2539 ac
925 2501 1094 2539 moralis
1122 2500 1220 2540 doc·
1272 2501 1413 2548 Exiit,
1432 2501 1456 2553 ἓ
1478 2502 1621 2544 Verum
1642 2501 1741 2554 quia
1757 2512 1955 2559 expresse,
1974 2500 2027 2541 de
2049 2501 2221 2543 verbor.
2258 2517 2273 2535 a
2320 2512 2327 2549 g

177 2566 287 2606 trina
315 2567 512 2605 virtutum
541 2566 581 2603 et
609 2564 804 2602 vitiorum
826 2563 881 2600 ita
914 2566 1152 2609 teneantur,
1175 2564 1220 2602 ut
1273 2563 1477 2616 gnificat.,
1498 2561 1541 2602 in
1572 2562 1613 2610 6,
1635 2562 1708 2601 ubi
1739 2562 1868 2606 etiam
1892 2562 2019 2603 refert
2043 2562 2094 2603 in
2126 2563 2286 2603 fratr·

176 2627 336 2677 absque
367 2626 551 2677 periculo
586 2625 746 2663 erroris
774 2623 1027 2662 sufficienter
1061 2621 1220 2673 possint
1272 2624 1499 2675 privilegiis
1533 2624 1751 2673 contineri,
1781 2627 1823 2668 et
1853 2625 1911 2666 ita
1939 2623 2164 2663 observari,
2187 2623 2262 2672 Qu

177 2688 343 2741 publice
364 2687 583 2737 explicare·
608 2685 726 2731 Quod
754 2696 852 2723 vero
881 2687 1040 2735 spectat
1060 2683 1114 2721 ad
1139 2684 1221 2723 vir·-
1260 2685 1491 2726 <confirmat
1518 2685 1708 2724 Clemens
1740 2685 1791 2734 V,
1826 2684 1873 2726 in
1906 2684 2032 2724 elem.
2064 2685 2227 2734 Exivit,
2251 2679 2285 2732 θ’
2323 2683 2327 2696 ’

177 2751 329 2795 tutem,
353 2749 499 2787 saltem
526 2747 813 2785 necessarium
835 2750 896 2784 est
916 2745 1128 2796 publicum
1147 2744 1219 2783 ho·
1271 2745 1501 2787 Verborum
1523 2747 1697 2798 signific.
1714 2758 1726 2794 3
1746 2750 1786 2785 et
1808 2745 2033 2798 Gregorius
2057 2746 2124 2795 IX,
2147 2748 2189 2788 in
2228 2753 2243 2765 ¹

177 2815 306 2850 nestae
323 2810 416 2847 vitae
443 2808 692 2858 exemplum.
716 2807 779 2845 An
801 2818 898 2845 vero
920 2805 971 2844 sit
1000 2810 1218 2857 peccatum
1271 2808 1476 2859 positione
1507 2807 1676 2857 regulae.
1703 2806 1875 2846 articulo
1908 2808 1947 2846 6.
1984 2807 2101 2847 Unde
2133 2808 2274 2855 collis,
2322 2822 2327 2843 ι

179 2871 352 2909 mortale
368 2870 410 2908 in
426 2873 596 2920 peccato
611 2868 775 2907 mortali
790 2867 1032 2918 praedicare,
1047 2866 1090 2904 in
1108 2867 1217 2906 dicto
1271 2869 1379 2907 hanc
1399 2872 1645 2919 potestatem
1674 2867 1718 2907 in
1747 2868 2070 2907 Provincialihus
2096 2881 2180 2908 non
2210 2881 2265 2912 623

178 2929 270 2971 loco
290 2933 314 2969 3
334 2934 433 2968 tom.
459 2928 752 2973 tractavimus,
775 2933 816 2966 et
834 2927 1089 2978 probabilius
1119 2927 1217 2967 duxi
1271 2933 1434 2969 tantum
1464 2928 1726 2979 delegatam,
1759 2928 1833 2968 sed
1870 2930 1996 2970 etiam
2031 2930 2266 2978 ordinaria·
2323 2921 2327 2931 ³

179 3002 265 3031 non
285 3002 400 3037 esse,
419 2990 580 3028 secluso
601 2988 812 3027 scandalo.
835 2988 880 3026 In
900 2992 1052 3026 nostrae
1077 2992 1216 3028 autem
1272 2991 1369 3042 quia
1388 3002 1438 3029 ex
1460 2990 1497 3029 vi
1515 2991 1578 3029 sui
1613 2990 1814 3038 muneris,
1842 2992 1883 3030 et
1913 2990 2033 3042 legis,
2051 3003 2102 3031 ac
2135 2991 2238 3043 priv·
2254 3020 2267 3036 ,2
2320 2983 2325 2991 '¹

182 3051 395 3092 Societatis
428 3050 666 3088 hominibus
701 3049 1025 3088 desiderandum
1055 3052 1140 3096 est,
1168 3060 1216 3088 rc
1271 3053 1433 3104 giorum
1452 3052 1618 3100 virtute,
1635 3052 1750 3091 illam
1783 3053 2043 3104 participant,
2067 3065 2196 3104 quare

177 3112 505 3166 procurandum,
526 3115 571 3150 ut
589 3110 867 3149 abundantior
885 3110 936 3148 sit
955 3110 1154 3159 doctrina,
1174 3114 1217 3151 et
1269 3118 1473 3165 repugnat
1490 3118 1534 3153 ut
1555 3125 1650 3153 eam
1669 3113 1825 3165 possint
1841 3114 2034 3166 delegare
2058 3115 2180 3154 alicui
2211 3122 2218 3134 ¹
2243 3133 2256 3151 -,

179 3179 227 3214 ut
243 3176 326 3213 vita
345 3172 591 3225 professioni
612 3184 659 3211 ac
680 3172 865 3211 instituto
885 3173 1150 3222 respondeat,
1170 3176 1216 3212 ut
1268 3176 1363 3222 tori,
1377 3176 1443 3214 vel
1463 3175 1595 3223 alteri,
1614 3175 1647 3214 si
1667 3175 1944 3226 judicaverint
1959 3176 2175 3227 expedire;
2192 3188 2219 3228 q
2251 3178 2262 3219 j·
2316 3160 2325 3231 Ξ

189 3240 350 3276 ceteros
367 3235 522 3285 possint
541 3233 652 3273 verbo
669 3233 826 3284 pariter
850 3242 887 3274 et
911 3234 1084 3285 eoeempio
1104 3235 1228 3284 oedifi-
1279 3241 1419 3276 tamen
1442 3236 1626 3287 generali
1645 3236 1907 3289 delegatione
1926 3249 2008 3276 non
2022 3237 2184 3277 videtur
2220 3249 2259 3271 xv·
2317 3241 2325 3285 ἠ

185 3306 291 3345 caro,
307 3307 403 3335 eum
420 3296 466 3334 in
485 3298 656 3335 externo
675 3294 818 3334 habitu
837 3304 986 3346 parum
1003 3294 1058 3335 ab
1078 3293 1139 3334 eis
1155 3305 1222 3334 se-
1274 3298 1537 3344 mittendum,
1560 3298 1654 3349 quia
1695 3309 1775 3337 nec
1809 3298 2088 3339 necessarium
2121 3296 2252 3349 est,
2312 3294 2325 3323 *⁰

181 3360 423 3398 cernantur.
1274 3360 1499 3409 sufficiens,
1519 3363 1565 3400 ut
1600 3360 1865 3399 Provincialis
1889 3372 1964 3400 suo
1994 3360 2157 3400 muneri
2196 3351 2255 3400 :1‘1'

496 3438 726 3483 marvan-0
744 3442 908 3494 quarta!
1271 3421 1430 3461 faciat:
1453 3421 1497 3460 in
1538 3420 1678 3471 aliquo
1706 3425 1846 3461 autem
1863 3433 1963 3461 casu
1991 3421 2045 3463 ob
2080 3421 2226 3473 speci
2243 3468 2245 3470 q
2311 3414 2322 3484 f}

1269 3482 1575 3529 necessitatem,
1590 3485 1631 3522 et
1650 3483 1828 3524 maxime
1845 3480 2225 3536 respectudeteruf
2315 3487 2325 3513 ‘v'

235 3545 304 3587 Ἡ.
332 3543 372 3586 Α
397 3553 472 3598 quo
507 3542 725 3597 Superiore
753 3542 930 3590 fizcultas
958 3541 1218 3585 concionandi
1269 3546 1323 3585 tae
1346 3556 1535 3595 personae
1554 3556 1648 3584 eam
1669 3548 1916 3596 potestatem
1948 3543 2209 3586 committam
2241 3555 2243 3559 ’

2316 3520 2325 3550 1

178 3601 373 3649 ,detun-
391 3607 568 3651 litatum
580 3615 630 3648 em
643 3604 828 3660 proxime
846 3603 1033 3647 ‹ttotia—
1046 3604 1218 3657 Quarto,
1273 3605 1488 3663 delegare,
1501 3609 1545 3650 et
1561 3606 1703 3655 valide
1714 3610 1759 3649 et
1770 3606 1881 3649 licite
1895 3603 1988 3658 fieri
2000 3605 2169 3668 poma.
2197 3631 2201 3634 -
2231 3647 2238 3655 ,
2314 3570 2323 3656 ἑ

1952 3702 1954 3706 .
2200 3688 2202 3690 ’
2226 3679 2231 3688 ’
2313 3680 2323 3730 ⁴
