2352 3880
147 173 230 217 656

147 249 307 298 spectat
325 243 439 297 quod
458 243 634 296 operarii
665 242 881 282 Societatis
907 242 1046 283 idonei
1065 248 1106 283 et
1133 243 1180 283 fi·

146 306 263 348 deles
282 305 459 345 ministri
485 305 565 343 sint
583 301 810 353 Evangelii.
836 303 979 344 Solum
998 304 1180 344 restabat

147 367 409 421 probandum
431 365 510 404 hoc
529 363 714 404 medium
745 375 836 404 esse
870 364 1080 404 moraliter
1106 377 1179 405 ne-

147 428 387 475 cessarium,
409 430 482 465 aut
500 425 619 465 valde
639 425 737 464 utile
757 425 810 464 ad
828 424 907 465 hoc
925 426 1081 464 bonum
1103 426 1176 465 So-

147 488 328 534 cietatis;
352 486 426 526 sed
443 487 520 526 hoc
535 487 627 526 luce
643 486 794 526 clarius
809 490 870 525 est
886 498 1011 537 quam
1025 490 1070 525 ut
1083 498 1175 537 pro·

145 549 312 590 batione
331 548 528 599 indigeat,
550 552 592 587 et
611 547 652 586 in
670 547 803 587 citatis
822 547 960 586 verbis
979 547 1175 586 diuturna

142 607 397 662 'experientia
408 609 450 647 in
464 608 750 660 probationem
769 607 1000 654 adducitur,
1020 619 1112 657 quae
1129 607 1174 645 in

143 682 190 710 re
211 670 358 710 morali
392 670 599 710 sufficiens
629 672 921 720 argumentum
959 672 1035 712 est.
1070 669 1172 707 Item

142 725 360 772 'adducitur
386 731 429 770 in
455 734 758 782 argumentum,
783 729 894 780 quod
915 742 940 769 a
971 729 1170 781 principio

142 791 219 833 fuit
236 793 315 833 hoc
331 805 356 832 a
382 793 427 831 B.
449 792 606 843 Ignatio
632 795 671 830 et
693 791 812 830 sociis
832 791 922 842 ejus
952 791 1171 842 praevisum

141 848 185 896 'et
199 854 432 906 provisum;
467 853 578 904 quod
607 853 729 892 etiam
747 855 1037 902 argumentum
1055 853 1098 890 in
1126 863 1171 891 re

140 909 288 955 'morali
305 928 389 954 non
406 926 553 966 parum
581 914 724 953 efficax
751 917 827 961 est,
855 917 1023 965 propter
1040 916 1173 952 tanto-

141 973 236 1017 'rum
250 977 431 1015 virorum
444 975 701 1014 sanctitatem
715 979 754 1014 et
765 974 1040 1026 prudentiam.
1055 974 1173 1013 Dein-

144 1037 196 1079 de
222 1038 312 1077 haec
340 1038 508 1076 libertas
529 1036 743 1076 Societatis
765 1048 813 1075 eo
847 1038 1006 1075 tantum
1026 1035 1170 1083 tendit,

143 1103 188 1138 ut
222 1099 354 1138 solum
388 1098 446 1137 eis
480 1098 678 1136 membris
717 1100 889 1143 constet,
926 1097 1065 1147 quoad
1083 1096 1173 1135 fieri

143 1161 285 1212 possit,
302 1171 394 1210 quae
415 1159 467 1198 ad
486 1159 611 1198 finem
633 1158 845 1198 Societatis
858 1161 954 1209 apta
969 1162 1009 1196 et
1023 1157 1172 1196 idonea

143 1221 237 1269 sint,
257 1225 298 1261 et
320 1224 546 1272 expurgata
582 1220 634 1258 sit
671 1219 782 1258 omni
814 1219 1001 1258 membro
1021 1218 1170 1267 inutili,

140 1279 207 1323 vel
228 1283 281 1322 ad
300 1283 381 1322 tale
402 1294 550 1333 corpus
577 1293 724 1332 parum
746 1286 865 1332 apto;
899 1281 1000 1319 nihil
1033 1285 1172 1319 autem

143 1348 206 1384 est
223 1344 355 1394 magis
375 1343 655 1382 necessarium
677 1343 730 1382 ad
755 1343 1052 1393 cujuscumque
1083 1354 1173 1381 cor-

140 1395 253 1457 'poris
273 1405 626 1445 conservationem
654 1408 694 1443 et
725 1408 1011 1455 augmentum,
1048 1407 1088 1442 et
1120 1402 1172 1442 ad

144 1478 287 1506 omnes
306 1478 401 1505 suas
421 1466 602 1504 actiones
616 1477 708 1504 cum
723 1465 857 1504 fructu
872 1464 1168 1515 perficiendas·
1156 1494 1170 1514 ,

144 1540 256 1579 ergo.
280 1528 463 1579 Denique
488 1539 631 1565 omnes
653 1527 848 1575 rationes,
875 1527 1025 1577 quibus
1050 1526 1169 1574 infra,

142 1589 245 1628 libro
263 1594 392 1637 sexto,
410 1600 445 1626 c.
468 1589 507 1636 1,
525 1588 790 1627 ostendemus
809 1588 1017 1639 propriam
1037 1588 1172 1626 Socie-

141 1650 235 1690 tatis
254 1649 555 1701 professionem
583 1649 730 1687 merito
764 1661 837 1699 per
871 1649 1010 1699 plures
1041 1661 1171 1687 annos

142 1711 311 1758 differri,
327 1716 367 1750 et
382 1723 466 1750 non
486 1710 639 1749 habere
658 1714 816 1749 certum
834 1711 1055 1748 terminum
1073 1721 1174 1760 prae-

142 1776 206 1812 ter
240 1772 511 1810 sufficientem
550 1770 839 1821 probationem
875 1782 1063 1821 personae
1099 1783 1174 1821 per

143 1833 336 1874 diuturna
356 1832 653 1882 experimenta,
677 1831 854 1881 probant
870 1836 1174 1881 consequenter

143 1895 349 1947 pertinere
371 1894 548 1931 maxime
579 1892 632 1931 ad
651 1892 807 1930 bonum
829 1892 1042 1930 Societatis
1069 1904 1170 1930 con-

145 1967 307 1995 servare
334 1955 377 1992 in
403 1965 452 1996 ge
487 1955 593 1992 hanc
615 1953 858 1999 libertatem,
896 1956 937 1991 et
969 1964 1052 1991 non
1077 1964 1172 1991 con-

145 2016 291 2068 stringi
305 2015 357 2054 ad
371 2014 607 2056 retinendos
625 2026 711 2062 eos,
728 2025 831 2064 quos
848 2013 1034 2052 nondum
1050 2013 1173 2053 habet

145 2078 244 2118 satis
263 2077 472 2128 probatos,
500 2088 586 2115 non
603 2075 735 2115 solum
760 2087 833 2126 per
850 2075 1078 2122 biennium,
1100 2075 1173 2114 sed

145 2139 267 2179 etiam
290 2150 362 2189 per
382 2138 450 2176 illa
470 2137 663 2178 diuturna
680 2137 979 2186 experimenta,
1010 2148 1101 2186 quae
1121 2135 1176 2175 ad

143 2199 443 2253 professionem
460 2198 693 2239 necessaria
707 2201 813 2236 sunt.
829 2198 961 2248 Supra
974 2198 1096 2236 etiam
1112 2210 1173 2236 os-

144 2261 367 2307 tendimus,
381 2260 422 2298 in
440 2264 551 2298 tomo
570 2259 834 2310 praecedenti,
854 2259 956 2296 alias
972 2258 1093 2297 etiam
1110 2271 1174 2297 re-

144 2322 319 2374 ligiones
339 2321 491 2359 habere
506 2324 747 2372 potestatem
761 2319 948 2370 ejiciendi
966 2319 1172 2358 interdum

146 2396 243 2424 suos
258 2383 482 2434 professos,
504 2383 600 2433 quia
617 2382 669 2421 ad
686 2393 802 2419 suam
818 2381 1172 2420 conservationem

146 2449 187 2485 et
210 2444 506 2496 perfectionem
537 2447 624 2483 erat
646 2442 857 2481 moraliter
876 2442 1169 2489 necessarium,

146 2507 243 2558 quia
265 2518 411 2558 parum.
441 2505 628 2554 fermenti
656 2509 778 2545 totam
805 2515 980 2543 massam
1001 2515 1173 2544 corrum-

146 2570 223 2624 pit.
257 2568 361 2615 Quid
381 2579 479 2619 ergo
502 2567 667 2614 mirum,
691 2566 801 2617 quod
820 2565 873 2604 ad
902 2565 1174 2604 conservatio·

146 2643 244 2671 nem
259 2630 472 2669 Societatis
487 2629 672 2668 dicamus
688 2629 766 2668 hoc
780 2627 963 2667 medium
980 2639 1071 2668 esse
1088 2639 1173 2666 mo-

147 2692 287 2732 raliter
306 2690 741 2730 convenientissimum
754 2691 773 2727 Τ

199 2754 239 2793 6.
282 2751 497 2793 Instantioe
533 2751 681 2800 satisfit
712 2749 898 2801 undique.
928 2769 981 2778 --
1014 2747 1133 2788 Dices
1158 2761 1168 2785 ε

149 2813 274 2855 etiam
291 2814 326 2852 si
347 2813 533 2852 absolute
568 2815 892 2862 acceptarentur,
915 2814 1085 2861 possent
1116 2809 1173 2848 di-

148 2874 257 2915 mitti
270 2875 434 2925 quando
454 2873 678 2924 expediret,
694 2884 778 2910 non
792 2875 930 2910 tamen
952 2871 1083 2919 liberi,
1101 2868 1175 2909 sed

149 2936 235 2976 suis
249 2936 351 2974 votis
371 2935 498 2986 ligati,
521 2934 623 2972 sicut
640 2933 898 2973 dimittuntur
913 2933 956 2970 in
974 2932 1063 2971 aliis
1081 2931 1175 2970 reli-

151 2996 341 3048 gionibus
368 2995 556 3046 professi.
595 2994 711 3040 Quod
743 2994 910 3045 quidem
942 2997 1051 3032 esset
1070 3004 1174 3031 onus

150 3059 334 3109 ipsorum
361 3057 432 3108 qui
463 3057 734 3103 dimittuntur,
758 3067 841 3094 non
862 3055 1089 3094 SocietatiS.
1114 3053 1177 3093 Ad

154 3120 231 3159 hoc
249 3119 371 3158 tacite
391 3118 666 3168 respondetur
686 3118 727 3155 in
760 3117 916 3155 eisdem
938 3116 1058 3155 bullis
1078 3115 1178 3154 cita-

151 3181 224 3230 tis,
256 3180 520 3231 adjungendo
550 3178 775 3218 secundam
803 3177 1029 3226 rationem3
1057 3176 1177 3215 nimi-

152 3251 246 3280 rum
278 3241 318 3279 in
354 3241 432 3279 hac
469 3240 726 3279 restitutione
758 3242 1022 3290 prospectum
1053 3237 1177 3276 etiam

155 3314 245 3342 esse
271 3302 488 3342 commodo
517 3303 699 3352 ipsorum
723 3301 982 3346 voventium;
1010 3311 1122 3346 nam,
1146 3298 1180 3338 si

156 3375 259 3414 quos
278 3364 481 3404 dimittere
497 3364 696 3414 oporteat,
717 3366 994 3413 praeterquam
1014 3360 1125 3411 quod
1141 3364 1181 3399 et

158 3424 300 3464 litteris
323 3425 409 3464 fere
442 3424 586 3463 imbuti
609 3427 720 3470 sunt,
751 3427 792 3462 et
827 3423 1023 3474 pietatem
1043 3425 1182 3474 gusta-

158 3489 267 3534 runt,
290 3486 419 3526 multo
449 3486 507 3525 eis
534 3484 789 3525 commodius
810 3488 886 3532 est,
908 3487 954 3523 ut
970 3483 1087 3522 liberi
1108 3494 1182 3533 po-

158 3545 239 3585 tius
267 3558 393 3598 quam
425 3546 593 3598 obligati
625 3545 903 3592 dimittantur;
930 3547 1040 3585 esset
1070 3543 1182 3584 enim

539 177 616 212 Lm.
639 177 697 212 11¹.
719 177 773 211 ΒΕ
793 177 1037 212 AnnissioNE
1057 178 1316 214 scnommuu
1335 182 1392 215 AD
1413 180 1524 216 von
1545 180 1874 223 SmPLm1A,1·:·1'c.

1234 257 1358 296 grave
1380 257 1487 297 onus
1503 246 1684 286 retinere
1715 242 1942 299 principale
1970 259 2078 291 onus
2102 249 2262 304 obliga·

1231 306 1370 355 tionis,
1383 310 1424 346 et
1444 317 1585 347 carere
1599 307 1826 348 commodis
1845 309 2071 351 societatis.
2091 313 2260 354 Accedit

1231 367 1355 407 etiam
1385 367 1511 418 quod,
1545 369 1712 420 quando
1745 369 1938 422 obligatio
1971 375 2160 413 votorum
2183 385 2260 414 seu

1231 428 1449 467 oblationis
1480 433 1635 478 manet,
1665 430 1794 469 multo
1829 435 1891 471 est
1921 430 2055 471 minor
2083 433 2261 476 facultas¹

1229 489 1473 535 dimittendi,
1499 494 1541 530 et
1560 491 1846 541 gravissimam
1873 503 2040 531 causam
2058 494 2254 545 requirit;

1227 549 1270 589 in
1283 551 1487 590 Societate
1502 555 1641 592 autem
1661 553 1878 604 oportebat
1891 553 1999 593 hanc
2018 554 2257 597 facultatem

1229 622 1317 651 esse
1361 612 1562 662 majorem
1597 613 1651 654 ad
1684 615 1990 665 assequendum
2022 615 2148 655 finem
2179 627 2257 668 per

1229 673 1335 712 hanc
1355 673 1650 714 institutionem
1666 675 1871 716 intentum
1888 689 1898 724 ;
1925 688 2032 727 saepe
2051 677 2164 716 enim
2185 689 2255 717 ex-

1227 734 1341 785 pedit
1357 734 1536 785 aliquem
1566 736 1788 786 dimittere,
1809 750 1894 777 non
1925 738 2058 776 solum
2085 741 2254 789 propter

1226 796 1322 834 vitia
1342 796 1646 848 incorrigibilia,
1670 810 1762 849 quae
1783 798 1870 839 fere
1890 799 1978 838 sola
2000 803 2134 850 potest
2160 809 2253 839 esse

1226 858 1329 896 ratio
1350 857 1836 909 dimittendiprofessum‚
1850 860 1924 900 sed
1940 860 2064 900 etiam
2084 863 2254 911 propter

1227 917 1431 956 difficilem
1452 922 1657 966 naturam,
1671 920 1735 959 vel
1749 933 1832 959 non
1849 922 1947 960 satis
1969 924 2108 972 aptam
2122 924 2193 960 aut
2206 920 2256 960 fi-

1227 978 1338 1027 dam,
1361 983 1406 1017 ut
1435 979 1471 1018 ei
1495 980 1723 1019 ministeria
1756 982 1967 1021 societatis
1998 983 2255 1022 committan-

1226 1043 1307 1087 tur,
1332 1043 1373 1078 et
1393 1039 1494 1078 alias
1518 1041 1670 1080 similes
1690 1053 1850 1080 causaS.
1872 1042 1992 1081 Unde
2017 1044 2141 1082 etiam
2165 1043 2254 1083 haec

1226 1101 1520 1152 impedimenta
1553 1101 1762 1141 interdum
1794 1106 1889 1140 sunt
1914 1106 2129 1153 perpetua,
2159 1113 2254 1153 quoe

1228 1166 1298 1201 aut
1318 1162 1429 1201 nullo
1463 1162 1602 1212 modo,
1626 1167 1697 1202 aut
1725 1163 1792 1201 vix
1812 1167 1985 1212 possunt
2006 1162 2158 1201 auferri
2180 1174 2255 1212 per

1226 1224 1479 1264 voluntatem
1497 1225 1586 1275 ejus
1601 1224 1670 1274 qui
1689 1223 1918 1271 dimittitur,
1938 1227 1978 1262 et
1997 1222 2089 1261 ideo
2109 1222 2256 1262 inutile

1227 1289 1336 1324 esset
1356 1297 1450 1324 eum
1471 1285 1674 1323 dimittere
1695 1285 1882 1335 ligatum,
1902 1295 1997 1322 cum
2015 1295 2101 1321 non
2118 1283 2167 1322 sit
2181 1283 2256 1322 ite-

1226 1358 1317 1386 rum
1334 1347 1611 1397 recipiendus,
1629 1346 1787 1385 etiamsi
1804 1344 1958 1396 probus
1974 1344 2119 1383 existat
2130 1358 2142 1392 3
2156 1343 2257 1382 obli-

1226 1419 1324 1458 gare
1346 1412 1485 1446 autem
1502 1408 1616 1446 illum
1635 1407 1688 1446 ad
1704 1407 1827 1445 aliam
1845 1406 2088 1456 religionem
2109 1407 2256 1455 peten-

1227 1468 1337 1516 dam,
1372 1480 1446 1518 per
1470 1481 1513 1507 se
1541 1468 1763 1519 loquendo,
1791 1479 1872 1506 non
1904 1471 1991 1506 erat
2013 1462 2259 1516 expediens,

1226 1530 1323 1580 quia
1338 1542 1460 1569 nemo
1478 1530 1600 1569 debet
1621 1530 1792 1580 obligari
1809 1527 1914 1567 adid
1933 1527 2043 1577 quod
2062 1539 2145 1565 non
2158 1537 2256 1577 pro-

1226 1592 1354 1638 misit3
1379 1603 1476 1642 ergo
1497 1591 1537 1629 in
1567 1592 1643 1630 hoc
1662 1591 1786 1629 etiam
1816 1590 1933 1640 juxta
1953 1588 2161 1627 charitatis
2193 1587 2255 1627 le-

1227 1665 1320 1704 gem
1339 1655 1603 1703 prospectum
1619 1655 1681 1691 est
1697 1652 1880 1702 ipsorum
1893 1649 2131 1688 voventium
2145 1658 2254 1688 com-

1229 1714 1368 1753 modo.

1280 1779 1320 1816 7.
1355 1775 1495 1816 Tertia
1512 1786 1624 1828 pars.
1640 1796 1692 1804 —-
1710 1773 1859 1814 Ultima
1880 1771 2057 1822 denique
2080 1782 2176 1822 pars
2192 1782 2255 1811 sa-

1226 1836 1278 1876 tis
1298 1837 1470 1887 probata
1492 1840 1553 1875 est
1570 1846 1662 1874 cum
1680 1833 1946 1885 praecedenti;
1967 1836 2178 1870 ostensum
2193 1835 2253 1873 est

1227 1896 1337 1936 enim
1358 1896 1410 1935 ad
1429 1897 1583 1935 bonum
1601 1906 1819 1933 commune
1840 1893 2064 1940 Societatis‚
2087 1897 2127 1932 et
2156 1904 2254 1932 con-

1227 1962 1449 2008 sequenter
1461 1957 1585 1996 etiam
1602 1955 1793 1995 Ecclesiae
1806 1966 1879 1994 seu
1891 1954 2122 1993 animarum
2140 1965 2253 2005 spec-

1226 2023 1329 2067 tare,
1351 2022 1396 2058 ut
1422 2018 1603 2057 Societas
1623 2018 1730 2055 hanc
1746 2016 1918 2055 liberam
1938 2015 2113 2054 retineat
2128 2014 2252 2054 facul-

1226 2083 1379 2126 tatem3
1405 2091 1503 2130 ergo
1525 2090 1608 2117 non
1628 2081 1763 2129 potest
1783 2088 1873 2116 esse
1895 2081 2035 2115 contra
2053 2076 2251 2127 justitiam

1225 2141 1419 2192 legalem,
1452 2140 1516 2179 vel
1548 2150 1766 2178 commune
1786 2139 1956 2177 bonum.
1980 2138 2251 2188 Quapropter,

1226 2202 1321 2241 licet
1341 2213 1391 2240 ex
1409 2213 1492 2240 uno
1511 2201 1577 2239 vel
1596 2200 1674 2238 alio
1693 2199 1826 2250 capite
1843 2198 2009 2248 aliquod
2029 2200 2252 2237 incommo-

1226 2262 1325 2301 dum
1340 2262 1455 2312 sequi
1470 2261 1673 2308 videatur,
1683 2264 1729 2298 ut
1743 2259 1853 2309 quod
1868 2259 2010 2309 aliqui,
2021 2259 2137 2298 titulo
2156 2270 2252 2310 pau-

1225 2323 1395 2374 pertatis
1426 2322 1625 2368 ordinati,
1647 2322 1792 2371 postea
1823 2331 1907 2358 non
1938 2320 2019 2358 sint
2050 2331 2254 2370 pauperes

1228 2384 1479 2435 obligatione
1514 2387 1554 2422 et
1591 2385 1714 2429 statu,
1741 2385 1782 2420 et
1812 2383 1952 2419 tamen
1981 2380 2117 2430 reipsa
2148 2379 2255 2420 indi<

1228 2450 1351 2497 geant
1383 2447 1525 2483 contra
1557 2442 1789 2482 decentiam
1826 2440 1980 2479 ordinis
1993 2470 2003 2488 ,
2031 2441 2097 2479 vel
2130 2442 2252 2481 etiam

1227 2505 1339 2557 quod
1357 2504 1489 2551 multi,
1522 2504 1593 2554 qui
1621 2502 1780 2542 divitias
1813 2503 2146 2552 contempserunt
2180 2513 2253 2553 spe

1226 2566 1452 2618 religionis,
1466 2568 1610 2616 postea
1622 2564 1710 2602 sine
1728 2562 1876 2602 divitiis
1893 2566 1934 2600 et
1952 2562 2039 2599 sine
2052 2562 2253 2612 religione

1225 2628 1511 2674 inveniantur;
1535 2637 1585 2663 ex
1616 2624 1680 2662 his
1713 2623 1946 2671 (inquam),
1969 2622 2034 2660 vel
2053 2622 2253 2664 similibus

1225 2686 1513 2734 incommodis,
1532 2696 1616 2723 non
1631 2687 1691 2722 est
1709 2683 1926 2722 ferendum
1941 2683 2175 2722 absolutum
2187 2685 2255 2736 ju-

1227 2749 1380 2788 dicium
1414 2747 1464 2785 de
1491 2744 1819 2784 inconvenientia
1854 2743 1912 2782 rei
1948 2744 1990 2782 in
2025 2745 2169 2784 ordine
2201 2745 2254 2786 ad

1227 2820 1446 2849 commune
1462 2808 1642 2853 bonum;
1661 2805 1755 2857 quia
1769 2805 1880 2843 nulla
1897 2810 1956 2844 est
1972 2806 2056 2846 fere
2072 2808 2255 2848 humana

1226 2870 1442 2918 institutio,
1473 2881 1524 2908 ex
1549 2879 1630 2919 qua
1661 2878 1744 2905 non
1765 2866 1921 2917 possint
1944 2867 2080 2917 aliqua
2100 2869 2256 2908 incom-

1228 2933 1352 2972 moda
1385 2930 1525 2980 sequi;
1564 2928 1674 2967 unde
1707 2927 1808 2966 illud
1841 2927 1891 2965 de
1922 2928 2180 2968 ordinatione
2211 2929 2256 2968 in

1229 2991 1555 3044 Congregatione
1575 2989 1614 3029 S.
1635 2988 1807 3028 Joannis
1835 2988 2102 3038 Evangelistae
2123 2989 2256 3030 levius

1229 3056 1455 3106 reputatur,
1481 3063 1575 3091 cum
1601 3053 1740 3090 tamen
1761 3048 1819 3087 ibi
1845 3049 2037 3098 utrinque
2058 3049 2179 3088 detur
2197 3049 2258 3088 fa-

1233 3116 1362 3156 cultas
1378 3114 1430 3152 ab
1446 3126 1494 3152 eo
1515 3111 1768 3163 quasi-pacto
1785 3109 2019 3149 recedendi.
2042 3110 2257 3150 Pensanda

1231 3188 1329 3228 ergo
1346 3178 1441 3214 sunt
1457 3173 1627 3220 homini,
1647 3175 1688 3212 et
1706 3171 1759 3211 ab
1779 3182 1828 3210 eo
1850 3171 1962 3222 quod
1981 3171 2116 3222 majus
2135 3175 2176 3210 et
2193 3184 2261 3211 ex-

1233 3237 1445 3278 cellentius
1472 3239 1547 3282 est,
1570 3233 1794 3286 prudenter
1813 3236 1876 3271 est
1894 3231 2181 3282 judicandum.
2214 3233 2261 3272 In

1234 3298 1424 3351 praesenti
1451 3300 1592 3336 autem
1611 3293 1842 3334 universale
1864 3293 2020 3332 bonum
2049 3292 2260 3345 spirituale

1235 3361 1357 3400 unius
1377 3357 1602 3410 religionis,
1623 3354 1736 3408 quod
1757 3353 2024 3394 redundatia
2049 3353 2260 3405 spirituale

1236 3424 1277 3461 et
1290 3419 1484 3472 generale
1495 3418 1619 3458 etiam
1633 3415 1896 3456 commodum
1911 3415 2034 3454 totius
2053 3412 2258 3463 Ecclesiae,

1236 3480 1404 3532 maj0ris
1432 3478 1631 3520 momenti
1653 3481 1731 3526 est,
1765 3486 1892 3528 quam
1910 3473 2174 3526 particularia
2200 3474 2259 3513 in‹

1236 3541 1454 3584 commoda
1469 3551 1561 3594 quae
1579 3540 1624 3580 in
1637 3537 1889 3582 contrarium
1902 3537 2076 3588 possunt
2092 3533 2260 3589 allegari
