2352 3880
172 0 238 22 4:⁴¹
266 0 295 18 ’,ε
315 0 344 14 ι’
379 7 382 14 .
418 0 421 9 ·

143 18 276 63 Δ,Ὧιζιὶῆῗ

107 68 124 91 ι.
137 59 158 76 Δ»
202 68 208 79 Ι
314 71 327 85 ἱ
356 57 362 67 ἱ

376 211 468 246 ῦΑΡ.
489 210 560 245 vn.
582 209 765 245 neeman
785 208 1020 244 secuturis
1038 208 1119 243 PER
1138 209 1270 246 IPSIUS
1288 211 1485 246 REGULAM
1503 208 1908 251 eunomianorum.

41 265 192 326 ffiuie
207 263 346 321 autem
361 277 447 330 juri
462 275 634 329 quilibet
651 276 890 317 renuntiare
907 278 1038 328 potest
1054 274 1111 315 ef-

70 339 276 389 ficaciter,
296 350 370 380 seu
387 337 523 390 quoad
539 337 806 386 validitatem,
823 341 870 376 ut
885 336 944 377 ita
961 336 1108 386 dicam3

85 410 176 448 tum
204 402 301 455 quia
326 400 607 453 unusquisque
634 398 872 439 renuntiare
896 402 1028 451 potest
1054 397 1112 439 fa·

85 464 174 508 ποτὶ
188 463 369 519 propriO‚
387 475 425 503 c.
456 461 512 504 Si·
528 463 573 504 de
590 464 714 510 terra,
733 460 779 501 in
800 459 900 509 fine,
920 460 970 501 de
986 459 1110 502 Privi-

82 525 164 578 leg.
181 540 194 576 ;
224 529 316 565 tum
334 523 457 565 etiam
474 521 572 574 quia
590 520 716 563 homo
734 523 796 561 est
816 520 1008 562 dominus
1024 531 1108 561 suae

74 579 225 638 nfama&
244 597 342 638 ergo
357 585 393 625 si
410 582 640 632 renuntiet,
660 586 702 624 et
718 582 787 622 det
810 582 926 623 alteri
943 582 1111 624 faculta-

82 650 170 690 tem
190 644 462 688 denuntiandi
481 643 688 696 Superiori
706 655 827 683 suum
844 643 1053 693 delictum,
1069 654 1112 686 se

83 719 170 752 non
186 708 411 756 admonito,
443 705 613 747 cessabit
641 705 836 757 obligatio
857 706 982 758 hujiis
1007 717 1111 760 prie-

83 770 190 824 cepti
204 770 388 824 justitiae.
410 768 514 809 Hinc
530 768 641 809 enim
656 769 776 820 juxta
800 772 1004 821 receptam
1020 768 1113 808 doc·

82 833 251 881 trinam,
263 834 473 884 peccatum
488 830 700 882 injustitiae
714 841 798 871 non
816 834 891 879 est,
906 830 1015 870 hona
1027 839 1111 870 suae

83 893 205 936 famae
217 897 288 933 aut
299 892 557 933 fortunarum
570 891 799 944 prodigere,
813 903 949 944 neque
964 891 1009 932 in
1024 891 1114 931 aliis

85 957 381 1007 consequenter
412 952 606 1004 obligatio
627 953 871 994 restituendi
889 953 1112 1004 consurgit,

84 1014 121 1057 si
145 1027 195 1057 ex
222 1014 394 1068 prodiga
421 1014 533 1055 illius
559 1013 724 1055 licentia
741 1014 907 1066 praecise
929 1012 1010 1054 tale
1041 1012 1116 1053 ali·

85 1075 196 1129 quod
215 1077 303 1127 ejus
322 1076 476 1116 bonum
495 1075 695 1116 auferant.
717 1075 841 1127 Atqui
856 1076 901 1114 in
916 1074 1116 1115 Societate

81 1136 170 1190 iuri
188 1137 308 1178 famae
330 1137 438 1189 apud
465 1137 746 1188 Superiorem,
776 1139 824 1176 ιιι
849 1140 1006 1189 patrem
1021 1165 1032 1183 ‚
1051 1147 1117 1175 re-

85 1199 301 1240 nuntiatur
326 1199 407 1239 illis
435 1198 570 1239 verbis
590 1198 743 1250 regulae
758 1229 769 1245 ‚
790 1207 841 1238 ex
859 1201 1005 1248 quarto
1022 1208 1111 1248 cap.

86 1258 316 1309 Examinis,
342 1259 368 1313 ξ
386 1261 412 1301 8
431 1271 443 1300 z
460 1261 740 1311 Interroqetur
757 1258 827 1308 (is,
852 1257 1018 1306 scilicet,
1042 1258 1114 1310 qui

85 1320 331 1362 Societatem
347 1321 509 1373 ingredi
533 1320 648 1372 vult)
675 1331 729 1363 an
746 1323 950 1361 contentas
976 1319 1030 1360 sit
1046 1323 1114 1369 fu·

86 1385 222 1432 turus,
254 1389 303 1425 ut
322 1394 451 1425 omnes
481 1392 632 1422 errores
649 1386 689 1425 et
719 1382 889 1432 defectas
909 1381 1057 1433 ipsias,
1078 1386 1115 1424 et

85 1455 151 1486 res
170 1454 417 1497 quaecumque
441 1446 590 1484 notata»
605 1443 649 1483 in
666 1454 720 1492 eo,
749 1446 786 1483 et
802 1443 1015 1482 observatae
1030 1446 1115 1494 fae-

86 1506 191 1554 rint,
212 1505 513 1559 Superioribus,
534 1515 609 1556 per
625 1505 802 1558 quemvis
819 1503 887 1556 qai
904 1508 1020 1545 extra
1030 1516 1116 1548 con-

86 1565 294 1617 fessionem
304 1577 370 1608 eas
380 1567 585 1619 acceperit,
597 1565 909 1615 manifestentur.
923 1566 1020 1613 Quae
1029 1569 1119 1607 tan-

87 1628 183 1671 dem
213 1628 379 1680 regula,
399 1640 472 1669 seu
489 1628 763 1677 renuntiatio,
783 1639 836 1668 ne
866 1627 975 1668 ullus
991 1629 1119 1670 ambi·

87 1689 215 1744 gendi
231 1690 344 1729 locus
362 1694 479 1740 esset,
505 1689 709 1731 declarata
726 1689 806 1730 fuit
823 1690 867 1730 in
890 1693 1004 1731 sexta
1018 1691 1120 1731 Con·

89 1751 330 1804 gregatione
356 1751 553 1802 generali,
585 1763 610 1792 a
644 1751 805 1791 decreto
825 1753 874 1791 32
891 1781 903 1800 ,
922 1763 1054 1803 usque
1069 1752 1117 1793 ad

90 1813 158 1864 34,
180 1819 221 1854 et
241 1815 563 1866 congregatione
582 1820 712 1864 sexta,
732 1826 823 1855 can.
849 1816 915 1864 10,
934 1813 959 1867 ξ
979 1816 999 1855 1
1013 1845 1028 1863 ,
1057 1813 1123 1855 his

91 1874 223 1915 verbis
242 1886 254 1913 ι
278 1875 449 1917 licitum
470 1879 529 1916 est
549 1877 727 1917 omnibus
757 1876 910 1917 nostris
932 1877 1121 1928 manifes-

90 1939 178 1979 tare
196 1935 436 1988 Superiori,
452 1940 496 1976 at
510 1937 638 1988 patri,
658 1936 920 1988 quodcumque
937 1937 1122 1978 delictum

88 1998 276 2047 alterius,
297 1999 378 2040 sive
398 1998 489 2045 leve,
508 2000 590 2040 sive
616 2009 750 2050 yrave,
768 2007 805 2038 et
822 1999 887 2039 liic
906 2002 965 2039 est
981 2009 1121 2040 sensus

89 2059 259 2112 nautea,
276 2071 320 2101 cu
328 2072 362 2100 m
382 2072 429 2100 ese
443 2060 531 2101 illis
548 2059 676 2102 verbis
694 2060 841 2111 capitis
857 2060 885 2098 4
901 2059 1123 2102 Examiais

90 2125 257 2170 constet,
285 2125 439 2163 nostros
459 2121 587 2163 cedere
616 2121 844 2174 cuicumque
871 2122 960 2167 iuri
976 2125 1119 2172 famoe,

90 2183 194 2236 quod
220 2183 311 2225 huie
330 2182 650 2233 manifestationi
666 2181 822 2223 obstare
843 2186 996 2234 posset,
1011 2187 1049 2224 et
1062 2186 1125 2234 fa-

92 2244 281 2287 cultatem
297 2247 428 2293 facere
443 2244 623 2285 omnibus
647 2243 844 2294 deferendi
860 2244 914 2284 ad
931 2241 1124 2294 Superio-

93 2317 190 2355 res,
225 2315 476 2359 quaecamque
503 2305 551 2347 ab
578 2304 670 2346 iltis
691 2308 831 2346 notata
858 2304 1024 2353 fuerint.
1057 2305 1125 2344 Est

94 2367 224 2421 igitur
242 2370 328 2408 tam
361 2377 552 2419 expressa
575 2365 698 2407 hodie
733 2366 778 2407 in
806 2367 1006 2407 Societate
1034 2367 1126 2407 talis

93 2427 364 2477 renuntiatio,
383 2426 656 2480 amnibusque
674 2427 721 2468 in
743 2427 858 2469 illam
875 2426 1036 2480 ingredi
1055 2439 1127 2468 vo·-

92 2487 273 2532 lentibus
296 2488 395 2530 adeo
421 2493 613 2541 patenter
641 2489 882 2542 exponitur,
902 2495 950 2529 ut
967 2489 1128 2530 nullam

93 2549 276 2605 profecto
307 2549 550 2601 injustitiam
573 2550 782 2591 contineat
796 2550 906 2592 dicta
918 2551 1028 2603 apud
1046 2551 1122 2593 Su-

91 2613 312 2666 periorem,
329 2614 379 2650 ut
393 2615 565 2664 patrem,
580 2610 817 2653 immediata
834 2611 1120 2654 manifestatio.

148 2671 215 2713 19.
243 2671 455 2715 laetantia
480 2674 590 2715 eirea
611 2671 795 2726 proxime
817 2672 943 2715 dieta.
967 2691 1022 2704 --
1049 2671 1125 2713 Ve-

97 2742 190 2777 rum
203 2736 383 2785 opponet
399 2732 571 2785 aliquis:
589 2743 684 2775 cum
698 2733 750 2774 ad
763 2732 988 2776 absolutam
1003 2731 1127 2786 hujus

95 2794 249 2847 regulae
266 2794 519 2835 honestatem
534 2805 620 2836 non
635 2793 691 2834 sit
708 2794 820 2843 satie,
839 2794 874 2833 si
886 2800 1030 2835 contra
1040 2796 1128 2849 J‘us-

95 2855 233 2899 titiam
250 2866 334 2897 non
353 2855 516 2904 militet,
535 2854 608 2896 sed
627 2855 751 2895 etiam
767 2859 952 2907 oporteat
974 2867 1027 2897 ne
1041 2855 1127 2898 ulla

97 2915 179 2958 alia
194 2916 450 2957 inhonestate
461 2915 620 2956 laboret
635 2915 806 2968 (bonum
818 2917 930 2957 enim
942 2916 1126 2958 absolute

97 2989 185 3020 non
204 2977 286 3017 nisi
310 2987 361 3017 ex
385 2977 546 3028 integra
564 2988 686 3018 causa
702 2979 944 3029 consurgit),
965 2979 1127 3020 contin·

98 3050 195 3093 gere
220 3038 371 3091 poterit
386 3042 449 3088 ut,
477 3037 572 3078 licet
588 3049 641 3078 ex
660 3040 895 3079 renuntiato
910 3040 1005 3091 Jure
1022 3040 1128 3092 opti-

99 3111 168 3142 me
186 3100 451 3140 concludatur
480 3099 681 3140 actionem
708 3100 822 3140 illam
840 3101 1130 3142 manifestandi

100 3171 187 3203 non
209 3173 296 3201 esse
314 3162 510 3212 injustam
524 3191 538 3210 ,
570 3172 654 3201 non
673 3165 813 3200 tamen
831 3161 874 3200 id
892 3162 1063 3202 sufficiat
1082 3168 1129 3204 ut

101 3221 155 3263 sit
177 3221 359 3274 undique
379 3221 503 3270 licita,
533 3222 630 3274 quia
650 3222 736 3262 sola
753 3222 944 3273 charitas,
973 3224 1128 3265 seclusa

102 3283 261 3324 ratione
282 3284 466 3334 justitiae,
495 3287 627 3336 potest
643 3283 824 3336 obligare
852 3284 903 3324 ad
922 3295 1006 3324 non
1025 3285 1129 3327 infa-

103 3343 303 3386 mandum
319 3344 574 3396 proximum;
594 3345 696 3384 sicut
714 3346 758 3384 in
778 3344 971 3396 exemplis
985 3358 1131 3398 praece-

105 3404 219 3446 denti
238 3417 410 3445 numero
429 3405 637 3456 adductis,
661 3418 782 3446 nemo
801 3411 964 3447 tenetur
981 3419 1031 3446 ex
1045 3408 1132 3460 jus-

105 3465 198 3521 titia
214 3478 299 3507 non
316 3477 359 3507 se
374 3466 573 3508 infamare
590 3497 603 3516 ,
635 3471 676 3508 et
699 3472 840 3508 tamen
866 3479 916 3508 ex
938 3467 1135 3511 charitate

55 3547 59 3550 >
108 3528 272 3581 propria
300 3532 465 3569 tenetur
497 3540 582 3569 non
613 3527 827 3581 prodigere
861 3530 1041 3580 famam;
1077 3530 1134 3571 sic

108 3597 207 3641 ergo
253 3593 630 3645 quantumcumque
670 3589 796 3631 frater
839 3592 1135 3632 renuntiaverit

2086 205 2193 285 {097¹

1161 276 1246 328 J'uri
1261 288 1351 326 suo,
1366 281 1509 318 teneor
1521 288 1598 328 ego
1616 288 1668 318 ex
1682 275 1880 317 charitate
1893 285 1978 315 non
1992 255 2193 317 infamare

1164 337 1299 389 illum,
1322 339 1488 391 quando
1513 338 1664 390 possim
1688 336 1823 380 eidem
1839 336 2086 378 sufficienter
2102 348 2194 406 pro·-⁸

1166 400 1280 442 desse
1297 400 1387 441 sine
1410 399 1485 440 tali
1510 399 1698 440 infamia.
1729 399 1812 440 Nec
1838 399 2040 440 contendo
2065 410 2193 449 nunc,
2223 396 2226 399 ’

1165 472 1222 502 an
1248 461 1295 502 in
1319 472 1368 502 eo
1386 471 1482 501 casu
1505 459 1558 500 sit
1579 460 1701 514 culpa
1720 460 1926 511 mortalis,
1952 472 2008 502 an
2024 459 2194 502 venialis

1163 524 1341 569 tantum,
1364 521 1462 574 quia
1476 521 1564 572 J'am
1584 533 1668 562 non
1687 527 1749 562 est
1765 521 1944 572 injuria;
1970 521 2068 562 satis
2083 521 2192 562 enim

1163 581 1285 623 nobis
1299 585 1361 623 est
1377 581 1487 634 quod
1505 582 1559 623 sit
1576 581 1714 634 aliqua
1731 582 1865 634 culpa,
1884 576 2108 635 quam‘non
2124 593 2194 635 po·

1164 648 1246 685 test
1270 643 1520 685 renuntiatio
1546 644 1700 696 proprii
1720 644 1820 694 juris
1838 645 2038 696 impedire
2050 655 2064 696 3
2087 649 2135 685 ιιι
2159 643 2196 685 si

1165 707 1259 760 quis
1273 705 1371 747 velit
1389 706 1572 758 proprias
1588 701 1773 746 fortunas
1791 706 1837 746 in
1856 706 2012 747 flumen
2029 719 2104 759 pro
2122 717 2198 761 sua

1165 771 1330 808 tantum
1358 767 1530 820 prodiga
1558 766 1746 808 libertate
1775 767 1988 819 projicere,
2022 768 2196 809 charitas

1167 829 1323 882 obligat
1339 834 1388 869 ut
1410 829 1528 869 illum
1551 828 1788 882 impediam,
1813 828 1849 868 si
1874 829 2086 868 commode
2110 842 2195 880 pos·

1169 902 1275 932 sum.
1304 891 1356 932 Et
1377 890 1565 943 quamvis
1590 891 1677 944 ipse
1701 890 1912 943 permittat
1935 893 1983 929 ut
2005 900 2080 940 ego
2100 902 2197 942 pro-

1164 953 1307 1005 jiciam
1318 982 1333 1003 ,
1366 956 1509 993 contra
1524 952 1768 994 charitatem
1787 963 1908 1003 agam
1927 950 1969 991 id
1988 950 2172 991 faciendo
2183 981 2197 1000 ‚

1169 1016 1295 1057 etiam
1327 1014 1364 1056 si
1391 1026 1478 1056 non
1506 1015 1584 1056 sim
1614 1016 1802 1066 injiistus.
1833 1015 1884 1054 Et
1906 1014 2195 1054 confirmatur:

1170 1090 1268 1121 nam
1285 1078 1330 1119 in
1348 1077 1425 1119 hoc
1441 1088 1561 1118 sensu
1576 1077 1745 1117 tradunt
1761 1077 1965 1125 Doctores,
1984 1088 2068 1116 non
2084 1088 2200 1129 posse

1170 1139 1349 1192 aliquem
1375 1139 1612 1180 renuntiare
1649 1138 1828 1178 naturali
1858 1142 1901 1177 et
1927 1138 2068 1177 divino
2096 1138 2198 1190 juri,

1170 1201 1320 1250 Abbas‚
1339 1201 1384 1241 in
1400 1212 1435 1240 c.
1459 1200 1514 1242 Si
1530 1199 1732 1252 immenti,
1747 1199 1798 1239 de
1817 1198 1920 1240 Foro
1936 1198 2204 1257 competenti,{

1170 1275 1212 1305 n.
1235 1265 1276 1310 7,
1293 1273 1345 1303 ex
1362 1261 1571 1310 Bartholo,
1586 1261 1631 1301 in
1648 1261 1728 1313 leg.
1750 1262 1835 1302 Jas
1850 1261 2071 1313 publicum,
2086 1260 2130 1300 ff.
2150 1261 2203 1301 de

1170 1323 1317 1372 PactiS‚
1335 1328 1377 1364 et
1392 1324 1438 1363 in
1453 1322 1532 1373 leg.
1555 1321 1714 1375 Siquis
1729 1322 1775 1362 ia
1789 1322 2073 1371 conscribendo,
2087 1323 2130 1364 C.
2150 1322 2203 1364 de

1169 1386 1316 1428 Paetis.
1350 1385 1514 1424 Constat
1539 1388 1677 1424 autem
1701 1383 1779 1425 hoc
1804 1385 1871 1435 jus
1899 1397 1984 1424 esse
2013 1386 2202 1425 divinum

1171 1452 1242 1488 aut
1255 1447 1457 1495 naturale,
1474 1458 1558 1486 non
1575 1446 1706 1486 solum
1723 1450 1924 1497 quatenus
1938 1447 1989 1486 ad
2001 1447 2202 1498 justitiam

1173 1512 1327 1561 spectat
1343 1509 1504 1548 ratione
1520 1507 1693 1547 dominii
1709 1508 1817 1560 quod
1834 1508 2003 1560 quisquc
2021 1508 2144 1548 habet
2158 1508 2202 1548 in

1171 1581 1290 1611 suam
1310 1570 1480 1619 famam,
1507 1570 1578 1609 sed
1596 1570 1721 1609 etiam
1740 1570 1907 1621 praecise
1925 1570 2084 1610 ratione
2104 1571 2203 1610 cha-

1172 1631 1331 1680 ritatis,
1354 1643 1452 1683 ergo
1471 1632 1515 1671 in
1531 1631 1650 1679 illud,
1671 1635 1717 1671 ut
1734 1631 1805 1679 sic,
1827 1643 1911 1671 non
1931 1632 2038 1671 cadit
2054 1643 2205 1671 renun-

1172 1692 1291 1735 tiatio
1303 1723 1315 1742 ‚
1335 1704 1384 1733 ac
1402 1693 1571 1745 proinde
1590 1693 1734 1733 saltem
1749 1704 1800 1733 ex
1813 1693 1891 1733 hac
1907 1698 2020 1745 parte
2035 1693 2207 1734 honesta

1176 1766 1264 1796 esse
1281 1765 1365 1796 non
1383 1755 1533 1806 poterit
1551 1754 1620 1794 illa
1645 1754 1755 1805 apud
1774 1755 2034 1806 Superiorem
2060 1756 2203 1795 imme-

1175 1817 1290 1857 diata
1305 1816 1595 1858 manifestatio.

1229 1879 1296 1919 20.
1328 1878 1573 1930 Expeditior.
1604 1894 1658 1909 -··
1686 1876 1752 1917 Ad
1773 1875 1882 1917 hanc
1907 1883 2048 1917 tamen
2075 1877 2206 1928 objec-

1176 1938 1347 1987 tionem,
1368 1942 1516 1991 praeter
1532 1938 1604 1978 illa
1621 1949 1715 1989 quae
1735 1949 1825 1991 cap.
1846 1938 1888 1988 9,
1910 1949 1955 1979 n.
1976 1940 2044 1988 17,
2070 1938 2204 1980 obser-

1175 1999 1378 2047 vabimus,
1398 1999 1743 2051 respondendum,
1763 2010 1860 2041 cum
1874 2001 2124 2041 renuntiatio
2144 2002 2205 2052 ju·

1175 2063 1233 2103 ris
1254 2060 1451 2114 praedicta
1474 2060 1520 2103 in
1541 2060 1740 2101 societate
1761 2059 1836 2102 fiat
1857 2061 1910 2101 ob
1935 2063 2132 2112 maj0rem
2162 2063 2207 2104 in

1177 2123 1326 2176 spiritu
1349 2122 1592 2176 profectum,
1620 2126 1668 2161 ut
1696 2122 1842 2173 regula
1862 2124 1951 2175 ipsa
1977 2124 2203 2175 praemittit,

1179 2194 1354 2235 cumque
1369 2183 1500 2234 major
1513 2184 1566 2222 sit
1578 2183 1784 2225 ordinarie
1798 2183 1865 2225 hic
1881 2184 2098 2236 profectus,
2112 2196 2207 2226 cum

1179 2255 1206 2285 a
1226 2244 1434 2296 Superiori
1456 2242 1505 2283 fit
1533 2244 1780 2294 emendatio,
1805 2257 1932 2298 quam
1958 2258 2052 2286 cum
2071 2257 2096 2286 a
2124 2247 2207 2298 pri-

1179 2310 1275 2346 vato
1302 2307 1365 2355 (ut
1394 2304 1566 2345 inferius
1590 2305 1672 2347 late
1691 2307 1965 2355 ostendemus,
1990 2308 2063 2348 ubi
2083 2309 2207 2352 etiam

1180 2368 1233 2409 de
1265 2367 1464 2420 particula
1494 2366 1698 2411 ordinarie
1728 2369 1878 2410 redibit
1909 2372 2087 2420 sermo),
2123 2381 2208 2411 non

1180 2439 1296 2482 posse
1311 2428 1514 2468 ordinarie
1530 2433 1670 2470 contra
1686 2429 1925 2471 charitatem
1940 2431 2115 2471 militare
2132 2433 2208 2472 im-

1182 2489 1402 2532 mediatam
1431 2490 1805 2532 manifestationem
1833 2492 2012 2533 defectus
2040 2493 2207 2534 alterius

1181 2550 1291 2604 apud
1316 2551 1591 2602 Superiorem.
1627 2552 1713 2592 Imo
1739 2565 1814 2605 pro
1838 2553 2034 2594 charitate
2057 2555 2205 2604 facere,

1179 2622 1273 2654 cum
1290 2612 1424 2663 majus
1441 2611 1597 2652 bonum
1612 2624 1685 2665 per
1698 2613 1824 2654 talem
1841 2615 2207 2655 manifestationem

1179 2672 1416 2715 intendatur
1430 2677 1471 2713 et
1482 2677 1686 2726 sequatur,
1706 2678 1753 2714 ut
1767 2676 2048 2727 supponimus.
2067 2677 2207 2728 Neque

1181 2734 1296 2776 enim
1322 2734 1367 2776 in
1392 2733 1614 2786 Evangelio
1636 2734 1756 2787 (quod
1784 2735 1889 2776 nulli
1915 2749 2099 2788 unquam
2122 2750 2206 2776 ma-

1176 2794 1279 2848 joris
1295 2795 1498 2848 profectus
1516 2798 1624 2836 viam
1643 2797 1860 2849 praeclusit)
1876 2802 1947 2838 aut
1962 2798 2203 2848 declaratur,

1181 2862 1254 2899 aut
1281 2857 1492 2898 confertur
1519 2858 1587 2910 jus
1620 2859 1789 2908 erranti,
1819 2862 1867 2899 ut
1889 2860 2003 2911 prius
2031 2872 2056 2900 a
2082 2861 2206 2900 fratre

1181 2922 1418 2966 moneatur,
1444 2931 1572 2970 quam
1589 2930 1615 2959 a
1632 2923 1749 2972 patre
1764 2951 1778 2969 ,
1804 2920 1838 2961 si
1859 2920 1960 2960 velit
1979 2921 2206 2972 perfectiori

1181 2978 1304 3022 modo
1320 2980 1485 3031 corrigi.
1504 2982 1637 3033 Atque
1654 2981 1731 3020 hoc
1751 2980 1874 3021 modo
1892 2982 2093 3022 verificari
2113 2995 2207 3035 pos-

1181 3045 1244 3084 set
1275 3040 1384 3095 quod
1419 3041 1489 3082 alii
1524 3047 1758 3093 senserunt,
1797 3044 2005 3094 regulam,
2042 3046 2205 3093 scilieet,

1182 3113 1307 3156 quam
1326 3105 1561 3152 tractamus,
1582 3104 1712 3156 ipsam
1729 3105 2017 3155 esse-regulam
2036 3104 2204 3143 charita-

1182 3165 1249 3213 tis,
1269 3175 1341 3205 seu
1358 3164 1404 3204 in
1423 3164 1618 3205 charitate
1640 3166 1827 3214 fundari,
1847 3170 2046 3217 quatenus
2064 3165 2206 3204 videli-

1183 3229 1248 3266 cet
1265 3236 1338 3278 per
1354 3225 1505 3265 dictam
1523 3226 1893 3267 manifestationem
1909 3225 2064 3264 bonum
2084 3224 2206 3278 (quod

1184 3286 1393 3327 charitatis
1425 3287 1631 3338 objectum
1662 3289 1750 3340 est),
1781 3299 1865 3326 non
1896 3288 2204 3338 qualecumque,

1185 3348 1256 3389 sed
1273 3348 1521 3401 perfectum,
1549 3361 1598 3389 ac
1615 3348 1829 3389 efficaciori
1850 3348 1998 3396 medio,
2028 3351 2074 3386 ut
2099 3347 2207 3388 infra

1187 3409 1366 3449 dicemus
1381 3439 1394 3458 ,
1419 3409 1536 3449 fratri
1554 3412 1810 3461 procuratur.
1835 3409 1920 3448 Hoc
1942 3409 2068 3459 igitur
2085 3407 2207 3449 modo

1187 3481 1272 3509 non
1295 3470 1454 3521 justitia
1474 3475 1635 3510 tantum
1650 3500 1662 3519 ,
1691 3470 1761 3510 sed
1781 3473 1822 3510 et
1843 3470 2032 3509 sanctitas
2055 3468 2207 3520 regulas

1187 3530 1398 3571 societatis
1417 3531 1648 3575 defenditur
1665 3560 1680 3582 ,
1711 3534 1833 3584 atque
1859 3531 1984 3571 etiam
2005 3540 2210 3572 commen-

1187 3592 1321 3634 datur.
