2352 3880
209 257 292 300 918

209 330 342 380 majus
361 327 435 368 Dei
455 326 677 380 obsequium
694 339 769 367 sem
759 339 844 379 per
860 326 1061 376 intuend03
1083 330 1179 376 etc„
1192 331 1234 369 et

209 387 236 441 ξ
268 389 430 428 ultim.·
461 388 573 435 Quod
598 389 684 428 ideo
711 387 776 436 fi't,
792 392 839 428 ut
866 389 1052 440 utrinque
1085 389 1234 441 majori

209 461 296 490 oum
321 449 505 491 claritate
522 454 559 490 et
579 450 802 500 monitione
827 449 873 490 in
899 450 1071 490 Domino
1101 454 1232 490 nostro

204 511 442 563 procedatur
464 539 475 558 ,
507 514 552 551 ut
583 513 727 563 quanto
755 511 883 562 fuerit
910 511 1040 562 maqis
1065 513 1233 565 probata

206 571 455 622 sinonem-um
474 573 706 619 constantia,
721 575 833 612 tanto
853 573 1078 614 stabiliores
1096 585 1142 613 ao
1159 573 1233 622 fir-

207 634 350 674 miores
367 633 509 673 sintin
527 634 659 673 divino
680 634 858 682 servitio,
874 637 911 674 et
931 636 1131 674 vocatione
1142 635 1232 684 pri-

205 705 287 742 ma,
307 695 362 734 ad
376 693 546 744 §loriam
567 698 603 734 et
621 695 800 734 bonorem
823 695 968 734 dioinoe
987 695 1229 745 majestatis.

207 755 322 803 Quod
340 755 508 794 verbum
532 754 636 793 adeo
661 759 750 794 erat
767 755 968 794 familiare
985 755 1030 793 B.
1052 756 1228 805 Ignatio,

205 821 251 857 ut
267 818 438 869 singulis
454 818 539 857 fere
553 817 919 857 Constitutionibus
938 817 1039 856 illud
1053 822 1227 869 repetat,

203 879 396 919 nimirum
419 879 470 918 ad
487 879 597 918 vices
620 890 752 929 usque
774 880 865 918 17⁷.

254 942 295 982 2.
329 942 460 991 Atque
479 939 584 978 hanc
608 940 729 978 etiam
751 940 1023 981 intentionem
1051 943 1229 983 maxime

203 1002 464 1043 commendat
500 1001 671 1040 Basilius
706 1000 748 1039 iu
786 1002 940 1052 regulis
975 1004 1199 1044 moralibus
1214 1035 1228 1054 ‚

201 1074 288 1115 reg.
315 1067 379 1110 14,
401 1063 578 1101 afferens
594 1061 716 1100 verba
741 1062 852 1100 Pauli
871 1075 881 1102 z
903 1065 999 1105 Sive
1020 1067 1231 1107 manduea-

201 1126 273 1173 tis,
293 1126 374 1165 sire
398 1125 545 1171 bibitis,
577 1124 658 1163 sive
679 1123 792 1163 aliud
810 1126 908 1175 quid
923 1127 1082 1175 facitis,
1101 1128 1230 1168 omnia

199 1188 243 1226 in
264 1187 436 1239 gloriam
456 1185 531 1225 Dei
557 1186 697 1235 facite,
714 1187 734 1223 1
759 1186 940 1225 Corinth.
962 1189 1033 1236 103
1066 1193 1108 1227 et
1127 1189 1231 1229 illud

200 1247 226 1285 2
254 1246 307 1286 ad
336 1246 577 1286 Thessalon.
611 1247 655 1286 2:
682 1247 807 1288 Siout
839 1249 1000 1297 probati
1033 1260 1172 1290 sumus
1205 1261 1230 1291 a

198 1309 280 1350 Deo
303 1339 314 1356 ,
346 1313 393 1350 ut
418 1309 604 1349 credatur
637 1309 747 1348 nobis
775 1309 1059 1361 Evanqeliunz,
1083 1312 1147 1351 ita
1171 1310 1229 1350 lo-

197 1369 359 1422 quimur
373 1380 451 1410 non
461 1371 579 1421 quasi
594 1370 816 1411 bominibus
832 1372 1120 1423 placentes,sed
1133 1374 1227 1421 Deo,

198 1432 268 1483 qui
292 1433 435 1484 probat
462 1430 578 1473 corda
599 1435 739 1471 nostra
749 1449 765 1478 ;
783 1443 877 1482 quae
898 1433 1025 1472 verba
1047 1433 1230 1483 quotidie

197 1494 352 1534 versari
374 1494 574 1534 deberent
592 1494 635 1532 in
654 1494 779 1535 corde
796 1499 837 1534 et
857 1500 996 1535 mente
1017 1497 1229 1547 religioso—

197 1567 289 1594 rum
310 1555 540 1603 Societatis,
557 1557 598 1595 et
614 1567 705 1606 quae
726 1556 889 1595 subdit:
909 1558 998 1598 Neo
1012 1564 1231 1609 quoerentes

197 1617 244 1657 ab
256 1618 477 1656 bominibus
489 1618 679 1667 yloriam,
694 1629 763 1657 neo
783 1630 809 1655 a
827 1619 951 1663 robis,
967 1629 1034 1656 neo
1055 1620 1104 1657 ab
1117 1619 1229 1659 aliis.

195 1679 282 1717 Imo
299 1677 413 1716 addit
430 1677 555 1716 etiam
574 1677 618 1715 B.
639 1678 681 1715 P.
705 1677 903 1729 Ignatius‚
930 1682 976 1717 ut
995 1690 1079 1718 non
1098 1679 1231 1719 solum

197 1739 286 1779 haec
318 1740 502 1778 humana
538 1739 693 1778 motiva
723 1743 1065 1788 contemnamus,
1087 1751 1231 1779 verum

198 1801 319 1840 etiam
338 1801 446 1840 inter
465 1799 618 1844 divina,
634 1811 775 1839 amore
789 1800 926 1851 potius
941 1812 1068 1850 quam
1084 1802 1230 1842 timore

196 1873 453 1901 moveamur.
475 1863 526 1902 Ut
545 1862 657 1900 enim
677 1861 779 1901 dixit
800 1863 989 1909 Basilius,
1012 1874 1099 1914 reg.
1121 1864 1162 1910 4,
1179 1875 1229 1904 ex

195 1923 442 1962 fusioribus:
462 1923 558 1970 Eis,
578 1923 646 1974 qui
665 1924 717 1962 ad
731 1924 1010 1974 perfectionem
1028 1924 1226 1974 aspirant,

195 1987 402 2036 prceoeptis
415 1985 715 2024 sublimioribus
732 1995 829 2035 opus
844 1988 914 2030 est,
929 1986 1057 2036 eisque
1075 1987 1121 2024 in
1136 1997 1230 2036 quo-

196 2058 287 2087 rum
307 2047 522 2097 eupletz'one
541 2047 730 2085 universa
753 2047 966 2086 charitatis
989 2046 1230 2088 Christianoe

196 2110 347 2150 veritas
376 2110 551 2160 leyitime
577 2108 809 2149 absolvitur.
832 2109 950 2149 Unde
977 2108 1091 2148 idem
1117 2111 1230 2149 Basi-

196 2171 290 2218 lius,
309 2182 397 2221 reg.
417 2172 509 2217 137,
523 2181 574 2210 ex
590 2170 848 2209 brevioribus
866 2182 876 2209 ε
893 2172 1047 2210 Bonam
1065 2172 1227 2223 (inquit)

196 2233 323 2273 animi
355 2232 602 2283 affectionem
630 2243 697 2283 eqo
727 2244 808 2272 esse
828 2233 1011 2272 existimo
1034 2234 1230 2283 cupidita-

197 2297 274 2335 tem
293 2294 549 2334 bellimontem
567 2293 748 2344 placendi
764 2294 860 2339 Deo,
883 2305 1043 2345 eamque
1060 2295 1230 2334 insatia-

197 2355 312 2396 bilem
330 2384 339 2402 ‚
362 2366 397 2395 ea
426 2355 629 2403 stabilem,
650 2359 685 2394 et
716 2358 973 2394 constantem.
998 2355 1112 2391 Hanc
1131 2363 1230 2393 vero

195 2417 311 2457 addit
343 2417 478 2455 statim
499 2446 512 2463 ,
545 2413 895 2465 contemplatione
934 2414 1230 2466 magnitudinis

194 2480 285 2527 Dei,
309 2483 350 2519 et
374 2478 662 2519 recordatione
689 2477 989 2519 beneficiorum
1010 2479 1099 2528 ejtis
1119 2489 1230 2517 com·

196 2541 349 2594 parari.
374 2540 536 2580 Addere
558 2541 659 2579 item
682 2552 921 2591 possumus,
948 2539 1228 2579 necessarium

197 2614 304 2650 esse,
317 2603 571 2654 frequenter,
585 2602 684 2642 etin
705 2602 880 2652 singulis
901 2601 1110 2652 operibus,
1126 2612 1230 2653 quo-

196 2665 250 2705 ad
268 2665 356 2704 fieri
378 2665 522 2716 possit,
543 2676 635 2703 eam
654 2665 927 2703 intentionem
946 2667 1150 2714 repetere.
1171 2662 1230 2703 Ad

195 2727 275 2768 hoe
307 2731 446 2766 autem
471 2728 542 2777 (ut
569 2726 681 2765 idem
719 2726 898 2765 Basilius
930 2725 1054 2771 dixit,
1074 2737 1164 2775 reg.
1188 2725 1229 2772 5,

197 2800 250 2829 ex
271 2786 701 2838 fusioribus)neeesse
719 2791 781 2826 est
794 2786 895 2825 illud
920 2786 1032 2825 Pauli
1051 2786 1228 2825 imitari:

196 2850 357 2892 Nostra
371 2849 609 2889 conversatio
622 2849 666 2887 in
680 2849 788 2888 eoelis
801 2852 873 2895 est,
887 2848 983 2898 quia
999 2848 1107 2887 alias
1121 2847 1231 2886 nullo

197 2912 307 2950 modo
325 2921 483 2961 scopum
500 2909 628 2948 animi
647 2911 904 2959 attingemus,
923 2909 1017 2957 Deo,
1037 2908 1228 2954 videlicet,

197 2974 245 3012 ut
264 2972 504 3022 placeamus.
531 2969 648 3010 Omni
665 2981 757 3019 erqo
782 2970 961 3010 custodia
982 2969 994 3018 (
1013 2968 1150 3008 subdit
1171 2969 1230 3007 in·

198 3031 350 3081 terius)
372 3032 664 3072 custodiendum
695 3034 752 3070 est
782 3042 848 3070 cor
874 3034 1054 3071 nostrum
1071 3060 1084 3079 ,
1111 3041 1231 3082 neque

197 3094 429 3147 patiendum
447 3097 492 3133 ut
512 3092 679 3132 assidua
697 3091 741 3131 de
761 3092 841 3131 Deo
859 3091 1045 3142 ooqitatio
1071 3103 1119 3132 ex
1139 3093 1230 3133 ani-

199 3157 279 3196 mis
317 3154 469 3195 nostris
500 3154 695 3200 elabatur,
730 3153 922 3204 siquidem
948 3153 1028 3193 lioee
1047 3157 1104 3194 est
1122 3155 1229 3194 ratio

197 3227 271 3270 per
293 3228 410 3268 quam
439 3228 532 3267 erqa
556 3216 684 3255 Deum
704 3214 861 3266 acquiri
882 3214 1056 3255 ebaritas
1076 3226 1230 3256 eonsue-

200 3279 276 3328 vit,
299 3282 395 3325 etc„
415 3289 508 3328 quae
541 3275 847 3328 elegantissime
879 3276 1158 3327 prosequitur,
1188 3280 1229 3317 et

202 3339 388 3379 imitatus
422 3341 485 3378 est
517 3339 564 3378 B.
585 3339 629 3378 P.
652 3339 700 3377 N.
731 3338 915 3388 Ignatius
928 3368 942 3387 ‚
964 3339 1083 3378 tertia
1112 3342 1227 3390 parte

201 3401 562 3449 constitutionum,
580 3412 617 3439 c.
638 3401 678 3446 1,
695 3399 718 3450 ἓ
735 3400 802 3447 26,
815 3399 979 3439 dicens:
999 3399 1142 3441 Crebro
1162 3401 1229 3441 ad·

199 3466 435 3504 moneantur
450 3490 465 3512 ,
491 3465 540 3502 ut
572 3461 618 3502 in
654 3462 834 3501 omnibus
866 3464 1045 3512 quaerant
1084 3460 1226 3511 Deum,

203 3527 386 3566 exuentes
409 3535 472 3572 se,
493 3527 684 3577 quantum
705 3523 797 3572 fieri
820 3525 962 3574 potest,
984 3534 1116 3563 amore
1147 3533 1229 3562 om-

199 3586 312 3627 nium
333 3587 610 3626 ereaturarum
624 3615 638 3634 ,
658 3588 704 3626 ut
728 3585 914 3636 affectum
931 3584 1158 3624 universum
1184 3585 1230 3626 in

199 3646 386 3700 ipsarum
404 3650 618 3691 creatorem
635 3647 861 3698 conserant,
882 3645 1030 3689 eumin
1047 3645 1230 3690 omnibus

583 261 768 296 1113.an
791 260 845 295 DE
865 260 1013 299 MEDIIS.
1037 260 1182 302 omnus
1203 242 1259 296 Ab
1280 261 1485 296 PROPRIAM
1506 240 1824 304 mammolino,
1838 230 1962 302 mr

1298 38 1315 62 s
1568 31 1580 54 ⁴
1827 61 1830 64 .

1387 61 1401 82 ”
1712 63 1833 112 :2322525252
1854 93 1885 114 ς,

1636 108 1647 129 ¹
1733 119 1766 151 ’μί
1796 115 1853 135 Ὗ
1886 108 1917 121 ”“
1981 124 1990 145 ι

1716 149 1758 195 2⁴,
1792 148 1858 196 ’ἐκ
2004 147 2022 169 ³

1791 206 1855 244 asts

1287 328 1482 370 creaturis
1501 329 1685 376 amando,
1706 333 1744 368 et
1759 339 1893 370 omnes
1909 323 1969 371 tn*
1973 325 2055 384 ob
2046 316 2245 399 ms
2263 342 2266 344 ·
2336 315 2345 341 ³

1286 389 1485 430 tiss-imam
1508 401 1555 430 ao
1582 391 1758 430 divinam
1777 390 1866 442 ejus
1885 361 2246 441 voluntatemne

1287 451 1494 490 sufficiunt
1519 450 1572 490 de
1599 451 1798 491 charitate
1819 463 1919 502 erga
1937 453 2097 502 neum}
2099 465 2206 515 nam
2233 439 2260 470 ³
2279 492 2294 502 ,

1287 516 1375 551 tera
1397 512 1467 561 (ut
1485 511 1594 559 dixi)
1618 517 1793 552 tractata
1814 516 2250 552 sunt.
2271 520 2273 523 ’

1341 574 1379 613 3.
1414 573 1605 615 Charitas
1636 576 1689 615 ad
1715 574 1880 615 invicem
1911 575 1956 613 in
1986 546 2225 618 Societate

1285 636 1505 675 mendatur.
1523 658 1574 665 -—
1597 636 1664 676 Eo>
1683 637 1757 676 liae
1790 637 1987 676 enaritate
2011 637 2098 676 vita
2123 635 2299 692 religi

1284 698 1456 747 sumpsit
1491 698 1706 738 exordium.
1728 718 1781 728 —
1819 698 2100 737 Proximorum
2122 685 2299 751 amoffi]
2330 709 2334 712 ’

1285 758 1463 797 externis
1480 758 1638 797 actibus
1655 759 1863 810 praecipue
1880 763 2083 805 versatur,
2099 763 2246 809 potest
2262 752 2293 810 ¹1¹
2323 759 2335 775 ”

1284 819 1489 859 subdividi
1514 819 1558 858 iu
1589 820 1786 870 operibus
1815 820 2024 859 charitatis
2056 832 2156 871 erga

1284 893 1385 928 nOS,
1410 881 1462 921 de
1496 881 1648 932 quibus
1670 882 1716 921 in
1744 882 1850 922 libro
1873 882 2064 933 sequenti
2093 882 2312 924 dicenda

1286 946 1363 990 est,
1388 946 1429 982 et
1452 942 1504 983 de
1533 942 1732 982 charitate
1753 944 1937 983 fraterna
1957 944 2064 983 inter
2083 956 2159 983 nos
2184 945 2276 996 ips
2295 958 2320 964 ··

1286 1003 1338 1043 de
1358 1014 1439 1054 qua
1460 1004 1527 1043 hic
1545 1005 1752 1056 praecipue
1768 1009 2006 1045 tractamus.
2026 1006 2229 1052 Quantum
2252 1023 2257 1041 :
2280 997 2295 1033 ‚s
2317 999 2319 1002 ’

1286 1070 1370 1104 tem
1394 1066 1486 1104 haec
1515 1065 1698 1106 fraterna
1724 1066 1888 1107 dilectio
1911 1067 1953 1106 in
1979 1068 2182 1107 Societate
2207 1079 2228 1108 c
2267 1076 2319 1108 ιιῑι,

1285 1128 1517 1174 mendetur,
1536 1128 1710 1179 intelligi
1741 1131 1877 1180 potest
1902 1140 1952 1169 ex
1981 1129 2180 1180 principio
2212 1130 2293 1171 Co
2319 1142 2322 1148 ·

1285 1189 1544 1229 stitutionum
1563 1190 1794 1238 Societatis‚
1820 1194 1861 1230 et
1889 1190 2110 1231 Summarii
2133 1190 2319 1231 illarum.

1284 1250 1354 1289 ubi
1372 1250 1535 1297 dicitur,
1554 1251 1675 1303 leyem
1694 1252 1916 1294 charitatis
1934 1264 2030 1300 esse,
2052 1263 2139 1304 quoe
2167 1264 2267 1294 cons

1284 1314 1428 1352 natura
1451 1316 1539 1360 est,
1559 1314 1855 1364 yubernatura,
1882 1318 1999 1366 atque
2017 1318 2250 1366 promoturo
2277 1310 2324 1360 ’ζ’

1282 1377 1417 1413 saneto
1428 1372 1587 1413 servitio
1607 1374 1708 1415 bano
1728 1375 1936 1414 minimam
1946 1374 2184 1416 Societatem
2193 1374 2261 1416 Je

1285 1433 1516 1486 specialiter
1524 1445 1636 1482 vero,
1647 1436 1687 1474 in
1698 1437 1819 1475 tertia
1826 1441 1942 1487 parte
1953 1436 2318 1479 Constitutionums,

1284 1506 1320 1536 c.
1333 1497 1371 1540 1,
1385 1495 1409 1548 ἓ
1423 1496 1487 1542 18,
1498 1497 1594 1536 etin
1606 1497 1973 1550 Summario,§42:
1996 1499 2097 1539 Unio
2108 1500 2145 1539 et
2159 1497 2288 1548 consor

1286 1558 1407 1599 mita-9
1425 1561 1562 1597 mutua
1591 1569 1709 1609 quom
1725 1559 2028 1612 diligentissime
2046 1559 2224 1600 curanda
2239 1569 2281 1599 es

1286 1628 1355 1658 neo
1373 1628 1460 1668 quoe
1470 1618 1505 1656 ei
1517 1619 1794 1666 adversantur,
1803 1622 2083 1671 permittenda,
2096 1632 2168 1673 quo
2174 1622 2279 1668 juno

1285 1678 1452 1720 invicem
1470 1681 1666 1728 fraternae
1687 1681 1901 1722 charitatis
1929 1682 2085 1723 vinculo
2114 1682 2259 1722 melius
2302 1729 2307 1731 ,

1287 1742 1491 1794 efficacius
1505 1743 1666 1793 possint
1682 1752 1721 1783 se
1742 1743 1875 1784 divino
1894 1743 2085 1795 obsequio,
2105 1747 2142 1783 et
2162 1741 2294 1785 auxil‘

1281 1804 1558 1854 proximorum
1580 1804 1804 1856 impendere
1820 1819 1840 1852 ‚·
1861 1807 1902 1844 et
1925 1803 1951 1856 ἓ
1972 1807 1990 1842 1
2009 1834 2023 1853 ,
2048 1805 2119 1844 ubi
2139 1804 2288 1846 dicitur

1283 1865 1345 1904 De
1359 1864 1412 1906 iis
1424 1865 1553 1905 crebro
1567 1867 1754 1913 tractent,
1766 1876 1848 1916 quce
1861 1867 1913 1908 ad
1924 1867 1988 1907 sui
2002 1867 2299 1918 abneyationem·

1284 1926 1384 1967 etin
1407 1927 1627 1967 virtutibus
1644 1929 1866 1977 profectu-in
1885 1931 1923 1969 et
1942 1928 2206 1968 omnimodam
2228 1939 2256 1978 p
2299 1919 2307 1927 ‘⁴
2336 1962 2338 1965 .

1283 1987 1492 2037 sectionem
1509 1987 1693 2035 attinent,
1715 1989 1770 2028 ad
1784 1999 1830 2028 ea
1855 2000 1895 2029 se
1913 1989 2078 2031 invicem
2102 1986 2322 2031 eelim-tan&
2342 1989 2348 1992 “

1284 2049 1347 2096 do,
1364 2052 1401 2089 et
1417 2050 1616 2101 prcecx'pne
1645 2050 1698 2091 ad
1710 2050 1896 2092 unionem
1915 2055 1953 2091 et
1971 2050 2209 2094 clear-itatem
2225 2051 2321 2154 frast

2304 1547 2323 1561 Ἀ·

1285 2112 1453 2150 ternam.
1479 2110 1563 2163 Et§
1582 2111 1928 2163 22:211a9nopere
1946 2114 2097 2163 eonfhrt
2118 2123 2162 2154 ea
2179 2121 2309 2152 mun.

1284 2183 1333 2210 ra
1353 2173 1473 2218 obire,
1488 2173 1531 2213 in
1551 2173 1690 2224 quibus
1709 2176 1843 2223 nzayis
1862 2173 2072 2214 humilitas
2086 2176 2122 2213 et
2137 2173 2296 2214 charit

1285 2237 1519 2280 ewercffetur
1540 2245 1619 2273 nec
1637 2234 1842 2273 immerito
1864 2234 1910 2273 B.
1931 2233 1978 2274 P
1998 2234 2047 2274 N.
2067 2233 2282 2285 Ignatius
2299 2260 2315 2279 ,v
2343 2232 2346 2233 ⁷

1285 2294 1363 2334 hac
1382 2295 1532 2334 unione
1544 2300 1584 2334 et
1599 2296 1764 2335 vinculo
1780 2296 1970 2336 fraternae
1989 2296 2198 2336 charitatis
2213 2307 2306 2348 prm,

1286 2355 1452 2404 cipuum
1488 2355 1614 2404 hujus
1644 2358 1855 2407 religionis
1887 2357 2206 2398 fundamentum
2238 2367 2294 2408 p

1287 2416 1380 2462 suit,
1403 2426 1498 2454 nam
1533 2416 1613 2455 hoc
1642 2416 1766 2455 etiam
1789 2415 1866 2455 fuit
1894 2421 2074 2467 piimum
2105 2418 2286 2460 vinculu‹

1285 2481 1415 2516 status
1433 2477 1632 2528 religiosi,
1652 2477 1782 2528 quiin
1797 2477 2078 2517 illisfidelibus
2099 2480 2286 2520 inchoat

1285 2543 1490 2587 censetur,
1504 2550 1668 2591 quorum
1685 2543 1772 2580 erat
1785 2549 1855 2580 σοι·
1866 2551 1988 2580 unum
2007 2544 2044 2580 et
2061 2541 2199 2581 anima
2218 2551 2280 2583 uu
2311 2543 2322 2596 ej

1284 2599 1352 2654 qui
1386 2601 1578 2641 habebant
1596 2601 1729 2641 omnia
1754 2602 2002 2651 eommunia,
2030 2604 2067 2642 et
2094 2601 2267 2642 divideba
2312 2599 2321 2648 22

1283 2662 1472 2714 sinentis,
1490 2665 1608 2713 prout
1627 2663 1838 2714 unicuique
1855 2674 1951 2712 opus
1977 2665 2065 2703 erat
2078 2678 2096 2709 ;
2117 2667 2152 2702 et
2170 2663 2271 2703 ideo,

1283 2725 1486 2765 sumebant
1499 2725 1624 2763 eibum
1644 2734 1730 2763 cum
1745 2724 1984 2764 exultatione
1999 2726 2036 2763 et
2053 2723 2281 2774 simplieit2

1284 2786 1432 2833 cordis,
1451 2785 1719 2827 collaudantes
1734 2785 1874 2833 Deum,
1890 2789 1928 2825 et
1943 2785 2123 2826 babentes
2136 2787 2246 2840 qrati
2255 2783 2277 2818 ν’
2312 2790 2318 2831 ἑ

1284 2847 1339 2888 ad
1354 2856 1502 2887 omnem
1519 2846 1672 2898 plebem
1689 2859 1707 2890 ,⁴
1725 2846 1865 2897 qratia
1885 2857 2036 2899 magna
2054 2851 2142 2890 erat
2163 2849 2212 2889 in
2242 2851 2271 2883 rs

1284 2908 1402 2948 nibus
1419 2907 1519 2955 illis,
1540 2911 1584 2946 ut
1601 2908 1737 2946 Actor.
1762 2908 1786 2946 3
1805 2910 1847 2948 et
1865 2908 1892 2947 4
1910 2907 2072 2947 dicitur.
2256 2909 2262 2915 ’
2310 2904 2317 2955 ζ

1336 2969 1376 3009 4.
1399 2968 1510 3009 Idem
1527 2971 1769 3009 attestantur
1782 2969 1942 3010 Patres.
1956 2989 2008 2999 —
2023 2970 2245 3012 Consonat
2260 3016 2262 3020 ,

1283 3028 1385 3071 illud
1405 3030 1555 3070 Psalmi
1571 3031 1672 3070 132:
1694 3030 1822 3079 Quam
1837 3031 1977 3071 bonum
1990 3034 2026 3072 et
2042 3031 2193 3083 quamj
2311 3022 2316 3073 J

1283 3093 1374 3134 dum
1396 3093 1577 3133 babitare
1598 3094 1756 3143 fratres
1781 3093 1828 3132 in
1854 3104 1994 3141 unum,
2017 3093 2086 3131 ubi
2117 3095 2251 3144 Augu
2310 3119 2315 3133 .-

1282 3165 1361 3194 nus
1374 3154 1444 3201 ait,
1458 3154 1657 3205 peculiari
1670 3153 1831 3192 ratione
1849 3153 1929 3193 hoc
1948 3154 2168 3194 convenire

1281 3215 1472 3267 religioso
1493 3229 1502 3254 x
1525 3216 1618 3256 Ista
1642 3215 1744 3256 enim
1762 3215 1881 3256 verba
1900 3215 1913 3265 (
1929 3215 2088 3266 inquit)
2106 3215 2197 3267 psal
2308 3216 2313 3249 Iv

1282 3277 1358 3317 iste
1383 3277 1509 3318 duleis
1535 3287 1676 3325 sonus,
1697 3277 1778 3316 ista
1799 3276 1938 3318 suavis
1960 3277 2140 3324 melodia,
2163 3280 2220 3317 st<rr
2311 3308 2313 3314 ,

1283 3339 1435 3380 oantioo
1457 3350 1574 3391 quam
1593 3339 1638 3378 in
1657 3337 1855 3380 intellectu
1874 3367 1888 3387 ‚
1906 3349 1975 3378 mu
1993 3341 2036 3379 ta
2067 3335 2249 3389 monasj'
2302 3330 2311 3378 ,3

1279 3402 1443 3455 peperit.
1464 3401 1514 3440 Et
1530 3399 1637 3439 infra
1659 3399 1729 3447 ait,
1750 3400 1919 3452 primos,
1938 3399 2011 3451 qui
2030 3399 2137 3438 hanc
2174 3412 2233 3455 w),

1282 3462 1518 3509 audierunt,
1545 3461 1674 3501 fuisse
1703 3461 1938 3514 Apostolos,
1959 3464 2001 3501 et
2032 3459 2175 3512 primo
2195 3459 2231 3488 5'

1280 3523 1356 3572 les,
1379 3534 1556 3575 quorum
1577 3525 1665 3563 erat
1684 3533 1755 3563 cor
1777 3534 1933 3572 unum,
1953 3524 1997 3563 et
2024 3521 2189 3561 anime

1284 3584 1370 3628 Sed
1403 3596 1483 3627 non
1509 3583 1622 3636 soli(
1646 3585 1778 3636 inquit
1800 3586 1815 3636 )
1835 3584 2064 3626 audierunt.
2080 3579 2221 3633 Non
2303 3621 2306 3642 3

1281 3658 1404 3700 usque
1425 3646 1481 3689 ad
1498 3646 1592 3688 illos
1611 3645 1713 3688 solos
1730 3646 1814 3689 laceo
1830 3644 1986 3688 dileetio
2002 3647 2040 3687 et
2054 3641 2133 3687 uu'·
2301 3655 2307 3707 ᾗ

2154 3719 2195 3739 α--’
2300 3711 2307 3763 ἶ
