2352 3880
198 321 322 361 bitur.
345 315 549 364 Additque
568 311 616 351 D.
637 310 816 349 Thomas
832 311 1068 362 hujusmodi
1080 314 1228 362 Juven-

199 386 329 425 tutem
360 389 450 417 esse
474 373 729 426 aptissimam
752 373 806 412 ad
828 373 1058 424 profectum
1083 373 1126 412 in
1151 373 1228 412 hu-

197 440 374 496 jusmodi
395 437 555 485 litteris,
579 447 628 475 eo
649 435 762 486 quod
779 448 803 474 a
820 436 1054 475 carnalibus
1073 435 1227 475 affecti—

198 506 289 551 hus,
314 507 353 542 et
371 499 625 540 secularibus
639 498 748 537 curis
765 498 941 537 maxime
958 499 1007 537 sit
1021 501 1223 549 separata,

197 568 314 618 juxta
340 563 442 603 illud
469 561 561 601 Isai.
586 560 638 599 28
660 571 670 598 ε
697 559 817 608 Quem
840 560 984 600 docebit
1003 561 1225 607 scientiam,

200 630 237 668 et
256 639 366 679 quem.
386 624 605 677 intelligere
624 623 751 671 faciet
771 622 951 662 auditum
971 622 989 660 ?
1013 621 1229 661 ablactatos

198 701 225 731 a
237 688 353 736 lacte,
370 686 529 728 avulsos
545 684 591 726 ab
606 684 801 724 uberibus.
823 684 993 733 Propter
1009 681 1120 732 quod
1136 682 1229 719 Ber-

198 750 369 792 nardus,
393 748 512 799 epsst.
537 745 761 785 centesima
782 748 940 790 octava,
966 741 1228 793 reprehendit

200 808 519 863 quemdam,qui
539 807 749 858 religionis
770 806 1003 855 ingressum
1015 803 1230 842 differebat

198 877 245 913 ut
263 874 304 913 in
325 871 463 911 seculo
485 868 630 908 studiis
649 869 817 906 vacaret
837 878 845 904 :
867 866 1042 906 Falleris
1067 865 1228 916 (inquit)

197 935 238 976 si
276 939 313 974 te
343 936 465 984 putas
496 928 669 970 iuvenire
699 928 804 968 iuter
830 928 967 967 mundi
998 928 1227 980 maytstros‚

198 1007 315 1048 quam
332 994 497 1047 (scilicet
512 990 739 1038 scientiam)
759 990 833 1029 soli
851 989 1008 1030 Christi
1026 988 1228 1039 discipuli,

194 1057 240 1097 id
266 1060 339 1101 est,
371 1054 508 1093 mundi
534 1054 813 1102 contemptores
841 1051 916 1090 Dei
942 1062 1100 1090 munere
1124 1061 1232 1089 asse-

194 1120 386 1170 quuntur.
410 1116 458 1153 Et.
479 1113 646 1152 adducit
666 1112 765 1150 illud
783 1112 896 1151 Oseae
921 1114 966 1151 10
991 1125 998 1148 z
1027 1111 1231 1152 Seminate

195 1179 303 1218 vobis
327 1175 623 1226 adjustitiam,
653 1175 786 1214 metite
811 1186 918 1225 epam
942 1174 1049 1220 vitre,
1078 1172 1230 1211 illumi-

195 1242 287 1278 'nate
317 1238 422 1276 vobis
452 1236 585 1275 lumen
612 1233 798 1275 scientiae.
831 1235 878 1272 Et
910 1233 1047 1272 subdit
1071 1243 1080 1270 ε
1118 1232 1230 1274 Vides

195 1300 292 1351 quia
322 1310 400 1337 uon
432 1301 532 1337 recte
550 1297 783 1349 proceditur
810 1297 862 1335 ad
885 1296 1013 1334 lumen
1038 1294 1228 1341 scientiae,

194 1361 280 1401 uisi
307 1371 463 1412 qermeu
481 1359 660 1409 Justitz'oe
676 1358 874 1412 praecedat
894 1357 946 1396 ad
961 1355 1134 1395 animam
1152 1384 1163 1401 ,
1185 1366 1231 1393 ex

194 1432 269 1472 quo
285 1424 479 1467 formetur
492 1431 665 1470 qrauum
680 1418 786 1464 vitae,
803 1421 839 1457 et
855 1428 930 1455 uon
942 1416 1058 1466 palea
1073 1417 1227 1466 'qlorz'ae

198 1482 307 1529 Quid
323 1492 410 1534 erqo
428 1481 445 1518 ,ἲ
467 1480 639 1519 noudum
659 1480 733 1520 tibi
753 1479 1022 1528 adjustitiam
1044 1476 1231 1516 sentinas-

194 1544 244 1589 ti,
270 1545 441 1581 noudum
457 1542 540 1594 spei
560 1541 785 1593 manipulos
802 1541 982 1580 ‘metuisti
1003 1570 1011 1585 ,
1043 1542 1079 1578 et
1097 1550 1230 1578 veram.

195 1607 233 1645 te
254 1605 469 1654 praeuntis
488 1603 634 1642 sectari
663 1602 872 1642 scientiam
892 1602 910 1639 ?
936 1601 1018 1640 nist
1040 1602 1139 1646 forte
1158 1611 1230 1651 pro

193 1677 288 1705 vera
305 1668 552 1717 supponatur
568 1663 643 1703 illa
657 1693 667 1710 ,
691 1675 778 1714 quoe
797 1663 932 1713 inflat.
959 1661 1035 1701 Ubi
1061 1661 1155 1699 licet
1178 1660 1230 1699 de

196 1728 366 1767 scientia
394 1725 591 1777 spirituali
614 1728 654 1763 et
682 1725 863 1775 practica
885 1724 1091 1774 praecipue
1117 1722 1230 1773 loqui

194 1789 397 1834 videatur,
426 1800 511 1826 non
543 1791 683 1825 tamen
711 1786 890 1824 excludit
923 1796 1229 1835 quamcumque

197 1851 410 1889 scientiam
428 1849 652 1900 praesertim
671 1859 810 1886 rerum
829 1847 1076 1885 divinarum.
1098 1847 1229 1884 Locus

208 1916 335 1965 gutein
356 1912 485 1957 Oseae,
504 1921 628 1960 quem
646 1909 827 1954 adducit,
844 1909 884 1946 in
902 1909 1074 1957 Vulgata
1090 1911 1229 1945 nostra

195 1985 279 2013 nou
307 1973 429 2010 habet
448 1972 515 2009 illa
535 1971 683 2009 verba:
714 1970 955 2009 Illumz‘uate
975 1971 1081 2008 vobis
1102 1969 1229 2007 lumen

195 2035 398 2078 scientae,-
420 2033 494 2072 sed
522 2032 650 2070 relata
673 2033 768 2069 sunt
788 2032 904 2080 Juxta
925 2030 1225 2080 Septuaginta;

194 2094 239 2134 in.
261 2096 432 2144 Vulgata
450 2106 547 2132 vero
568 2094 658 2131 loco
678 2093 840 2130 illorum
859 2096 952 2130 sunt
975 2093 1058 2130 haec
1077 2105 1085 2128 :
1110 2092 1229 2130 Iuno-

192 2163 283 2197 rate
314 2157 418 2195 vobis
450 2154 600 2194 novale.
633 2154 909 2203 Hieronymus
939 2157 1079 2191 autem
1110 2152 1165 2189 ibi
1185 2151 1229 2190 in

197 2218 387 2258 eamdem
427 2215 673 2255 sententiam
711 2226 735 2253 a
778 2214 988 2252 Bernardo
1026 2215 1228 2252 intentam

197 2284 416 2328 utramque
465 2277 685 2315 lectionem
730 2275 1013 2314 accommodat
1033 2288 1043 2321 ;
1082 2276 1229 2313 novale

199 2342 307 2379 enim
326 2351 471 2390 agrum
489 2337 694 2390 significat
711 2337 848 2375 denuo
865 2337 916 2375 ad
938 2338 1140 2375 culturam
1163 2349 1230 2375 ac-

198 2402 504 2442 commodatum
518 2431 527 2447 ‚
560 2404 605 2439 ut
625 2399 812 2450 exposuit
832 2399 1016 2437 Pontifex
1031 2429 1040 2445 ,
1069 2399 1111 2436 in
1133 2411 1223 2449 cap.

201 2464 305 2511 Quid
316 2475 387 2514 per
403 2462 552 2510 novale,
572 2461 623 2500 de
638 2461 760 2499 Verb.
781 2460 916 2511 signif.
949 2461 1227 2510 Metaphorice

200 2537 296 2576 crgo
320 2523 521 2574 significat
544 2523 741 2569 animam,
764 2534 787 2560 a
809 2533 892 2572 qua
913 2523 1040 2572 spinae
1062 2525 1102 2561 et
1119 2522 1229 2561 radi-

198 2598 266 2625 ces
287 2589 549 2637 peccatorum
578 2595 626 2623 ac
650 2584 842 2623 vitiorum
872 2582 1087 2623 eradicatae
1116 2588 1224 2632 sunt,

199 2658 291 2697 quae
312 2652 406 2698 apta
427 2650 488 2686 est
507 2646 560 2685 ad
583 2645 837 2696 spiritualem
860 2645 1063 2684 culturam
1078 2675 1091 2693 ,
1113 2649 1153 2684 et
1173 2647 1229 2684 si·

199 2709 348 2748 militer
381 2708 435 2747 ad
470 2707 648 2747 scientiae
678 2707 922 2757 profectum,
961 2710 1006 2745 ut
1041 2706 1229 2757 exposuit

200 2771 321 2808 etiam
352 2769 464 2808 idem
496 2767 732 2808 Bernardus
750 2798 759 2815 ‚
798 2780 987 2806 sermone
1015 2768 1226 2819 trigesimo

201 2831 373 2881 septimo
393 2831 435 2868 in
455 2829 644 2876 Cantica,
675 2832 716 2868 et
734 2829 930 2879 Origenes
946 2858 957 2876 ,
989 2832 1104 2868 tract.
1128 2828 1227 2867 duo-

201 2889 357 2930 decimo
378 2891 420 2929 in
436 2891 580 2930 Matth.

251 2953 290 2990 9.
325 2952 464 2991 Tertia
492 2951 675 2992 assertio.
695 2970 748 2981 —-
765 2950 969 2991 Probatur
987 2962 1035 2990 ex
1054 2950 1229 3000 Pontifi-

202 3011 319 3052 cibus.
349 3035 402 3040 -
419 3012 517 3051 Dico
538 3012 673 3061 tertio,
694 3011 1081 3051 convenientissime
1098 3012 1139 3049 in
1156 3013 1229 3050 So-

203 3072 347 3111 cietate
371 3073 602 3111 institutum
630 3085 720 3112 esse
746 3073 921 3124 primum
943 3073 1228 3123 religiosorum

205 3134 390 3183 gladum,
413 3134 516 3172 utin
534 3145 583 3172 eo
606 3134 749 3173 studiis
769 3138 948 3172 vacetur.
985 3135 1068 3172 Hoc
1088 3132 1230 3183 impri-

203 3194 279 3232 mis
300 3195 396 3232 satis
414 3198 573 3233 constat
590 3207 640 3234 ex
656 3194 952 3246 approbatione
971 3193 1227 3241 Pontificum,

205 3258 245 3292 et
261 3267 309 3292 ex
322 3259 406 3293 tota
422 3255 581 3294 ratione
600 3256 776 3294 instituti
792 3256 833 3294 in
850 3256 983 3306 primo
999 3254 1103 3293 libro
1118 3267 1143 3293 a
1159 3265 1230 3292 no-

205 3311 268 3353 bis
296 3315 505 3354 declarati.
538 3317 596 3355 Ita
626 3317 738 3355 enim
767 3321 862 3356 sunt
892 3316 974 3355 duo
1004 3315 1046 3354 hi
1078 3316 1230 3366 gradus

208 3376 454 3416 scholarium
482 3382 523 3417 et
550 3379 828 3428 professorum
855 3379 897 3416 in
925 3378 1004 3417 hac
1031 3378 1230 3428 religione

207 3436 394 3487 instituti,
423 3443 469 3478 ut
489 3438 602 3490 prior
622 3439 675 3478 ad
698 3439 965 3490 posteriorem
989 3438 1227 3486 ordinatum

209 3509 308 3549 ergo
329 3499 422 3539 finis
440 3500 650 3551 proximus
675 3503 716 3539 et
742 3500 1008 3548 intrinsecus,
1035 3503 1081 3539 ut
1099 3500 1157 3539 sic
1174 3500 1232 3539 di-

210 3569 315 3607 cam,
340 3561 449 3600 illius
472 3561 619 3613 prioris
651 3565 780 3601 status
807 3565 869 3601 est
892 3561 1109 3613 disponere
1139 3573 1232 3612 per-

210 3629 348 3671 sonas,
381 3632 538 3674 easque
561 3634 735 3676 capaces
761 3622 952 3671 reddere,
978 3627 1022 3663 et
1043 3626 1161 3674 aptas
1179 3621 1233 3661 ad

510 245 586 280 un.
605 244 645 278 V.
670 244 724 278 m:
745 243 1029 278 SCHOLASTICIS
1050 244 1104 277 Ac
1124 244 1280 278 smnus
1302 244 1550 286 socm‘rA'rls,
1571 243 1658 277 TAM
1681 243 1879 285 INTERMS,
1903 244 1992 279 mc.

1281 311 1550 363 posteriorem
1571 314 1736 350 statum.
1767 310 1859 349 Haec
1878 313 2017 349 autem
2037 307 2296 366 dispositius

1282 372 1443 412 duobus
1464 373 1642 411 maxime
1667 371 1866 419 consistit,
1889 371 1932 409 in
1949 370 2115 419 virtute,
2139 367 2298 414 scilic
2340 419 2342 422 y

1282 439 1322 474 et
1339 433 1536 481 doctrina,
1554 436 1668 486 juxta
1686 433 1788 472 illud
1803 433 1931 479 Pauli,
1953 433 1973 472 1
1996 432 2048 471 ad
2066 431 2240 472 Timoth.

1281 496 1449 536 Attouda
1477 497 1567 544 tibi,
1594 501 1628 536 et
1652 497 1855 536 doctrinae.
1888 496 1946 533 Ex
1966 494 2115 545 quibus
2134 483 2304 534 ἰηεῐηὶ
2346 499 2347 502 ’

1280 557 1336 596 tio
1370 561 1410 596 et
1435 559 1675 597 exercitium
1706 557 1865 596 virtutis
1895 551 2032 595 statim
2062 567 2086 593 a
2109 555 2302 610 principi¹
2345 607 2347 611 ¹

1282 618 1492 668 religionis
1525 623 1565 658 et
1595 619 1815 658 novitiatus
1847 618 2003 669 incipit,
2044 620 2085 657 et
2117 617 2170 656 ad
2201 617 2258 655 illi
2296 618 2348 668 *sl

1284 680 1463 720 studium
1480 685 1519 719 et
1536 681 1793 732 disciplinam
1818 680 2048 732 specialiter
2061 684 2223 730 tempus
2247 678 2311 718 ε’,
2336 670 2352 706 ἶ

1283 742 1426 782 cundoe
1445 742 1697 792 probationis
1712 743 1937 791 ordinatur;
1957 754 2052 781 nam
2071 741 2318 780 exercitium·
2350 756 2352 790 ξ

1284 809 1324 844 et
1343 803 1549 855 profectus
1574 805 1677 855 ejus,
1707 807 1792 844 toto
1822 805 1914 844 vitoe
1941 808 2126 855 tempore
2158 803 2262 841 dura
2294 819 2316 838 =·.
2349 814 2352 856 ξ

1283 864 1420 912 debet,
1445 869 1485 903 et
1503 869 1689 916 tempore
1707 867 1829 905 etiam
1847 865 2073 905 studiorum
2094 863 2298 915 peculiari
2326 871 2330 893 ³-

1286 926 1375 976 ejus
1405 926 1463 964 rei
1490 938 1587 964 cura
1614 931 1903 974 conservatur,
1934 927 2034 967 etin
2056 927 2198 964 ultima
2218 937 2284 976 pr·
2313 919 2315 952 ἶ

1284 987 1449 1026 batione
1470 991 1707 1036 renovatur,
1738 989 1840 1027 utin
1867 989 2055 1039 sequenti
2074 989 2192 1035 libro,
2219 996 2332 1037 cap;

1285 1050 1416 1100 primo
1454 1053 1493 1088 et
1527 1049 1723 1096 secundo,
1751 1049 1993 1089 videbimus.
2036 1050 2181 1089 Merito
2213 1059 2330 1103 ergo

1285 1110 1512 1148 litterarum
1532 1111 1710 1149 studium
1728 1110 1906 1161 positum
1928 1115 1989 1150 est
2005 1114 2204 1161 tanquam
2220 1121 2287 1160 pr·
2319 1134 2328 1140 -·

1284 1172 1416 1221 prium
1438 1184 1600 1218 munus,
1622 1177 1744 1221 atque
1767 1172 1870 1211 adeo
1888 1176 2086 1223 tanquam
2103 1172 2290 1222 proximu
2317 1154 2337 1226 ἦ,

1285 1234 1378 1272 finis
1406 1234 1528 1285 hujus
1549 1235 1693 1285 prioris
1714 1235 1890 1286 gradus3
1921 1246 2180 1284 unaquaeque
2202 1233 2352 1291 enimg,

1286 1309 1352 1335 res
1381 1309 1469 1335 esse
1499 1297 1645 1336 dicitur
1670 1302 1837 1348 propter
1863 1309 1980 1336 suam
2011 1297 2323 1348 operationem..
2348 1296 2352 1322 ἶ

1287 1358 1390 1404 Quin
1426 1359 1560 1409 potius
1594 1360 1638 1397 D.
1667 1359 1861 1407 Thomas,
1894 1359 1988 1398 dict.
2013 1359 2127 1397 artic.
2152 1358 2323 1408 quinto„
2347 1351 2352 1386 ἕ

1286 1420 1513 1471 quaestione
1535 1421 1625 1467 «188,
1647 1421 1685 1458 2.
1708 1422 1747 1466 2,
1770 1420 1820 1460 de
1844 1424 1928 1459 tota
1947 1421 2084 1471 aliqua
2110 1419 2352 1470 religione

1287 1482 1343 1530 (et
1374 1481 1534 1519 videtur
1568 1482 1689 1520 tacite
1725 1482 1775 1520 de
1806 1493 1879 1520 sua
1914 1482 2041 1532 loqui)
2075 1481 2168 1520 dicit
2201 1483 2312 1519 recte

1286 1543 1440 1580 institui
1462 1543 1515 1581 ad
1538 1543 1670 1581 studia
1697 1543 1923 1582 litterarum
1943 1556 1953 1590 ;
1984 1543 2114 1581 multo
2136 1553 2234 1593 ergo
2251 1541 2314 1581 fa-

1286 1604 1401 1642 cilius
1434 1605 1498 1642 hic
1531 1616 1605 1642 nos
1634 1604 1770 1643 dicere
1802 1617 2022 1655 possumus
2051 1604 2102 1643 de
2131 1602 2312 1642 inferiori

1287 1666 1464 1716 quodam
1499 1665 1629 1716 gradu
1659 1666 1783 1704 totius
1815 1666 2051 1716 religionis3
2084 1668 2146 1704 est
2170 1669 2312 1703 tamen
2345 1672 2352 1718 ᾖ

1285 1728 1600 1778 proportionalis
1638 1726 1851 1766 diversitas
1872 1741 1881 1774 ;
1919 1739 2015 1765 nam
2051 1730 2134 1765 tota
2168 1725 2311 1776 religio

1285 1800 1367 1826 non
1396 1789 1604 1826 ordinatur
1624 1788 1676 1826 ad
1696 1788 1830 1827 studia
1851 1788 2092 1834 litterarum,
2114 1791 2310 1837 tanquam

1286 1850 1337 1888 ad
1358 1862 1474 1888 suam
1495 1851 1713 1895 actionem,
1735 1850 1800 1888 vel
1824 1850 2099 1900 adaequatam,
2118 1849 2182 1887 vel
2201 1859 2310 1899 prae-

1285 1912 1446 1962 cipuam
1464 1926 1473 1959 ;
1506 1911 1578 1950 sed
1598 1916 1794 1960 tauquam
1815 1911 1868 1950 ad
1888 1912 2091 1952 actionem
2113 1911 2311 1949 secunda-

1284 1973 1386 2011 riam
1407 2003 1416 2019 ,
1450 1984 1540 2022 quae
1561 1973 1612 2010 sit
1630 1972 1814 2010 medium
1832 1972 1885 2010 ad
1905 1973 2006 2011 alias
2026 1972 2232 2023 praecipue
2252 1972 2311 2010 in-

1285 2037 1446 2078 tentas3
1482 2034 1649 2082 quidam
1681 2037 1820 2071 autem
1845 2033 1996 2084 gradus
2023 2034 2310 2084 religiosorum
2341 2026 2352 2047 ⁶·

1285 2094 1586 2145 proficientium
1604 2095 1643 2131 in
1664 2106 1712 2132 eo
1731 2094 1934 2144 statu,qui
1952 2095 2084 2132 solum
2105 2094 2311 2134 constituit

1287 2155 1506 2205 quamdam
1534 2159 1693 2205 partem
1718 2155 1839 2193 unius
1867 2156 2097 2206 religionis,
2120 2162 2229 2195 recte
2256 2155 2312 2195 ad
2341 2147 2352 2151 ’

1285 2217 1396 2254 illam
1416 2217 1634 2262 actionem,
1653 2219 1852 2266 tanquam
1872 2217 1945 2254 sihi
1964 2216 2312 2266 adaequatam‚vel

1284 2279 1531 2329 praecipuam
1565 2277 1741 2326 (scilieet
1772 2282 1864 2328 post
1899 2279 2136 2328 generalem
2169 2290 2312 2319 curam

1285 2340 1458 2390 propriae
1471 2339 1730 2389 perfectionis
1746 2339 1980 2390 spiritualis)
1992 2341 2214 2379 ordinatur.
2226 2342 2311 2380 Hoc

1285 2401 1392 2440 enim
1414 2413 1546 2450 genus
1567 2401 1738 2439 actionis
1754 2430 1765 2449 ,
1797 2401 1892 2440 licet
1912 2402 2052 2440 ordine
2073 2402 2323 2441 intentionis⁴
2347 2430 2352 2432 -

1283 2463 1485 2514 posterius
1504 2462 1553 2501 sit
1571 2466 1761 2513 respectu
1780 2463 1903 2502 totius
1921 2463 2145 2514 religionis,
2165 2463 2309 2503 ordine

1284 2524 1536 2563 executionis
1553 2524 1786 2562 necessario
1804 2524 1927 2563 debet
1941 2536 2030 2563 esse
2047 2525 2182 2575 prius;
2206 2523 2311 2575 opti·
2348 2574 2352 2575 ⁷

1283 2597 1349 2624 me
1375 2597 1472 2635 ergo
1494 2585 1648 2636 primus
1674 2586 1883 2637 religionis
1907 2586 2059 2637 gradus
2082 2586 2187 2624 circa
2208 2584 2310 2626 illud

1284 2651 1522 2696 occupatur.
1561 2646 1772 2693 Quomodo
1795 2649 1934 2684 autem
1962 2646 2060 2684 nihil
2084 2647 2265 2684 alienum
2283 2657 2311 2687 a
2335 2670 2352 2695 -,

1281 2707 1543 2759 perfectionis
1572 2708 1754 2746 instituto
1782 2707 1849 2745 hic
1879 2707 1979 2746 ordo
2003 2708 2236 2758 contineat,
2257 2716 2310 2749 ex
2335 2698 2352 2740 Ξ

1282 2769 1550 2809 solutionibus
1571 2772 1908 2818 argumentorum
1930 2769 2144 2808 constabit.
2313 2814 2315 2818 Α
2340 2766 2352 2818 ⁴.

1337 2831 1399 2869 10.
1432 2830 1501 2868 Ad
1520 2830 1822 2877 fundamentum
1859 2829 2129 2870 aoereticorum
2162 2829 2208 2870 in
2231 2823 2352 2873 ’tv-5⁵

1281 2902 1386 2931 mero
1402 2892 1508 2928 1.-
1541 2890 1603 2928 Ad
1638 2890 1955 2929 fundamentum
1990 2903 2087 2942 ergo
2115 2868 2352 2952 contrariss}

1282 2951 1446 2997 erroris,
1468 2951 1646 3001 primum
1665 2955 1841 3002 negatur
1859 2957 2116 3002 assumptum
2141 2948 2352 3012 univer-{31

1283 3013 1420 3051 saliter
1433 3011 1707 3061 intellectum3
1719 3012 1972 3051 ostendimus
1988 3014 2096 3051 enim
2111 3012 2313 3067 antiquis-L
2323 3006 2352 3061 j

1283 3074 1409 3113 simos
1451 3073 1574 3111 etiam
1605 3073 1817 3124 religiosos
1855 3073 2036 3112 studium
2077 3071 2340 3123 litterarum„

1284 3135 1509 3186 plurimum
1542 3133 1740 3181 coluisse;
1772 3134 1949 3173 fatemur
1965 3138 2104 3173 autem
2123 3135 2200 3174 hoc
2223 3131 2349 3185 stu-3227.

1285 3196 1400 3235 dium
1422 3207 1500 3233 nou
1524 3206 1612 3233 esse
1650 3194 1821 3245 singulis
1841 3195 2117 3234 necessarium
2140 3195 2193 3234 ad
2212 3184 2313 3247 pro-3
2331 3202 2349 3250 j

1283 3257 1415 3308 priam
1441 3255 1756 3306 perfectionem;
1778 3259 1872 3294 sunt
1899 3256 2008 3294 enim
2037 3256 2208 3295 diversae
2231 3253 2310 3294 vi.·'¹
2327 3256 2345 3294 ἶ.

1284 3317 1337 3356 ad
1356 3316 1626 3368 perficiendas
1646 3316 1820 3364 animas,
1833 3316 1981 3367 quibus
1995 3316 2166 3367 Spiritus
2179 3315 2261 3356 San
2308 3350 2317 3361 ,.

1285 3382 1350 3416 tus
1379 3377 1520 3422 utitur;
1553 3388 1651 3415 nam
1675 3377 1727 3416 ob
1753 3388 1846 3416 eam
1868 3388 2035 3417 causam
2057 3378 2164 3416 inter
2185 3374 2278 3415 alia
2304 3411 2306 3414 .

1286 3438 1463 3478 Ecclesia
1483 3437 1629 3477 dicitur
1648 3439 1894 3479 circumdata
1911 3440 2118 3483 attrectato,
2142 3436 2206 3476 Ps.
2227 3435 2283 3489 4⁴!
2309 3466 2314 3490 r

1286 3504 1326 3540 et
1352 3499 1444 3539 ideo
1477 3500 1588 3550 quod
1622 3499 1882 3548 Benedictus,
1907 3498 1974 3539 vel
2000 3497 2216 3546 Antonius,
2241 3505 2282 3536 v:
2310 3495 2313 3534 ἑ

1289 3561 1358 3601 alii
1372 3562 1580 3600 innumeri
1608 3561 1736 3601 sancti
1755 3559 1946 3600 monachi
1965 3559 2110 3598 studiis
2129 3569 2214 3598 non

1285 3623 1482 3672 caverint,
1498 3633 1583 3662 non
1597 3622 1690 3662 ideo
1709 3625 1773 3662 est
1791 3621 1888 3674 quia
1906 3620 2110 3672 religiosis
2121 3619 2204 3660 hoc
2230 3635 2234 3651 2
2271 3639 2272 3642 =
