2352 3880
137 273 156 310 t
164 271 245 313 202

177 338 372 380 Qualenam
390 338 574 379 peccatum
595 334 832 376 committant,
849 333 901 368 ib.

134 387 306 431 Religion
326 386 504 429 fugientes
521 394 543 421 a
563 386 739 430 religione
760 385 884 421 relicto
907 382 1034 418 habitu
1049 406 1058 424 ,
1083 381 1167 417 licet

179 438 320 480 fugiant
340 445 424 470 cum
449 436 572 471 animo
599 436 788 479 redeundi,
811 435 1003 469 incurrunt
1023 439 1166 466 excom-

177 485 478 527 municationem
500 489 535 520 et
556 484 594 519 in
618 485 847 520 confessione
862 481 1165 518 circumstantiam

0 534 403 603 Wfflfflffl-fll’ss
418 535 561 570 habitus
575 536 714 579 aperire
729 538 910 592 tenentur,
928 534 978 567 ib.
1042 582 1049 590 ·
1112 582 1119 589 .

154 627 156 630 .
175 574 213 619 Bi
233 584 320 619 veru
343 570 492 634 ffifflntb.
508 585 634 620 babitu
662 586 805 629 fugiant
825 585 1166 619 excommunicatio-

138 659 150 666 .,
175 639 274 676 nem,
289 643 364 669 non
385 627 579 670 'incurrunt-
594 636 676 678 jure
699 635 896 677 communi,
913 643 943 668 c.
961 637 994 666 2.

139 683 287 729 Fugitivi
307 694 328 719 a
349 685 526 728 religione
567 685 692 727 uiuam
707 685 878 720 censendi
895 685 979 726 sint,
994 683 1043 717 ib.

137 732 302 778 Religiosi
325 735 482 778 fugitivi,
497 742 547 779 qu
562 731 747 784 vagosum
766 744 840 771 non
855 739 951 778 sunt,
975 734 1013 767 in
1033 732 1166 776 quibus

174 784 300 828 puniri
311 786 450 829 possint
463 789 504 820 ut
514 786 693 830 apostate,
708 784 759 829 11).

130 834 301 886 1131131051
321 835 463 878 fugitivi
480 845 530 881 311
552 836 626 870 51111
643 834 835 903 3Ρ1ώὶἣ115
856 833 1045 877 religionis
1064 834 1165 875 quae·

129 895 132 920 3
175 885 281 920 rendi
297 886 556 927 011303330ᾱί.
572 886 622 920 ib.

133 935 303 979 Religiosi
335 936 516 980 rugientes
535 942 556 971 a
580 931 1046 976 monasterioextneonsulto
1069 931 1165 966 Prae-

174 987 257 1029 lato,
290 987 354 1021 sed
382 993 464 1022 cum
494 987 616 1021 animo
643 981 855 1020 transeundi
878 984 923 1019 ad
952 981 1166 1025 religionem

174 1037 437 1080 perfectiorem,
455 1041 500 1070 311
523 1036 569 1070 511
591 1038 777 1079 peccatum
798 1039 920 1078 graue,
936 1040 966 1067 c.
985 1036 1016 1065 9.

133 1088 269 1124 caetera
289 1095 355 1130 pro
377 1087 545 1129 religioso
563 1085 729 1129 fugitivo,
744 1085 827 1120 vida
842 1086 1020 1128 Apostata.

250 1171 443 1199 nummosve
464 1173 637 1198 mansurus
655 1172 700 1198 AB
720 1171 822 1198 aua!
837 1166 1046 1197 umerorum.

129 1237 320 1282 Religiosis
338 1248 381 1274 ex
403 1243 531 1274 natura
548 1239 615 1281 rei,
634 1242 669 1273 et
686 1239 824 1273 secluso
836 1237 916 1279 jure
932 1237 1103 1274 humano,
1118 1232 1165 1266 ll-

172 1290 283 1325 citum
299 1293 363 1332 est,
379 1290 503 1324 relicta
522 1289 670 1333 propria
684 1288 876 1331 religione,
891 1287 938 1323 ad
951 1284 1164 1321 strictiorem

171 1341 279 1376 aliam
299 1341 446 1384 propria
467 1341 676 1375 auctoritate
698 1338 864 1381 transire,
879 1343 910 1372 e.
928 1340 961 1371 8.

171 1392 247 1425 Non
271 1392 318 1425 ita
339 1396 460 1425 tamen
483 1389 530 1425 ad
551 1391 726 1425 laxiorem
739 1389 796 1424 vel
811 1380 1000 1431 aequalem,
1013 1389 1089 1421 c.⁹.

171 1441 255 1482 Quae
275 1441 403 1484 religio
429 1441 611 1475 censenda
636 1441 682 1475 sit
707 1439 912 1484 perfectior,
933 1441 975 1472 ut
998 1433 1043 1471 ad
1065 1434 1165 1469 illam

170 1492 277 1527 liceat
290 1491 456 1534 transire,
476 1492 526 1527 ib.
959 1517 962 1521 .
1066 1531 1071 1537 ,

128 1543 319 1586 Religiosis
338 1546 411 1577 esto
434 1542 480 1576 sit
495 1541 636 1577 licitum
658 1541 815 1576 transire
837 1539 882 1574 ad
896 1539 1005 1574 aliam
1018 1536 1166 1579 religio·

171 1601 269 1635 nem,
283 1597 329 1627 an
343 1593 388 1627 sit
400 1593 597 1636 expediens
610 1595 646 1626 et
662 1589 940 1631 consulendum,
957 1587 1007 1622 ib.
1095 1629 1105 1638 ἱ

169 1645 240 1679 Nec
261 1644 448 1685 laudandi,
474 1651 541 1677 nec
565 1643 672 1677 facile
692 1644 780 1676 sunt
795 1638 1020 1677 admittendi,
1036 1635 1099 1680 qui
1124 1636 1170 1670 ad

169 1694 277 1729 aliam
296 1694 449 1737 religion
461 1704 484 1728 o
495 1699 531 1728 m
550 1693 703 1727 transire
724 1691 861 1732 volunt,
874 1693 918 1724 tr.
935 1685 987 1731 iit,
1003 1688 1027 1722 l.
1042 1690 1075 1729 ιι,
1090 1694 1120 1721 c.
1137 1688 1171 1734 1·

130 1746 335 1789 Religiosus
358 1745 497 1779 habens
512 1743 718 1779 facultatem
734 1739 946 1776 transeundi
969 1740 1014 1774 ad
1031 1737 1174 1780 religio-

181 1805 266 1831 nem
282 1792 470 1837 laxiorem,
485 1802 528 1830 eo
546 1795 625 1838 ipso
638 1802 717 1828 eam
733 1793 840 1827 habet
856 1792 901 1826 311
913 1789 1174 1825 transeundum

173 1847 222 1882 ad
243 1845 353 1881 aliam
376 1844 592 1889 religionem
611 1843 828 1879 strictiorem
845 1842 910 1876 1113
930 1842 976 1876 311
996 1846 1107 1883 quam
1124 1838 1187 1878 ha«

170 1893 231 1932 bet
249 1894 465 1938 facultatem,
476 1896 520 1930 tr.
536 1899 567 1938 a,
584 1895 608 1929 l.
627 1898 659 1938 a,
677 1902 708 1929 o.
724 1897 757 1930 8.
1154 1903 1172 1915 ·

131 1948 334 1990 Religiosus
356 1946 574 1980 transiturus
593 1944 638 1979 ad
662 1944 773 1978 aliam
794 1940 1009 1985 religionem
1037 1948 1084 1973 an
1109 1946 1172 1975 exe

170 2000 312 2041 pectere
329 1992 457 2030 debeat
471 2003 688 2030 eonsensum
703 1992 853 2032 praelati,
869 1999 901 2025 c.
916 1994 948 2023 9.
1170 1987 1176 1992 “

128 2047 320 2090 Religiosis
346 2054 421 2080 non
442 2050 582 2079 tantum
605 2053 648 2078 ex
667 2049 795 2077 natura
815 2042 881 2082 rei,
908 2040 971 2074 sed
993 2038 1101 2073 etiam
1127 2044 1170 2071 ex

169 2097 206 2132 vi
226 2097 318 2139 juris
337 2095 543 2130 eommunis
562 2093 705 2128 licitum
725 2096 778 2127 est
792 2091 944 2125 transire
962 2091 1007 2124 ad
1023 2086 1171 2130 religio·-

170 2156 255 2182 nem
278 2146 481 2187 arctiorem,
500 2145 545 2179 de
566 2142 716 2178 licentia
743 2145 884 2182 tamen,
901 2139 1028 2174 saltem
1056 2137 1168 2180 petita

169 2198 225 2233 sui
241 2196 391 2237 Praelati,
415 2204 446 2230 c.
470 2197 523 2229 10.

168 2249 219 2282 Ea
242 2256 328 2283 vero
355 2245 503 2280 licentia
529 2243 639 2288 petita
669 2241 874 2277 necessaria
905 2243 958 2275 est
987 2237 1056 2274 sub
1078 2234 1176 2281 gravi

169 2301 360 2343 praecepto,
375 2297 426 2331 ib.

127 2349 293 2386 peccabit
312 2354 398 2383 vero
417 2345 615 2380 mortaliter
635 2343 804 2379 praelatus
821 2350 901 2376 eam
914 2346 1061 2383 negans,
1080 2337 1131 2371 ib.

169 2403 224 2436 An
255 2399 334 2433 talis
353 2397 500 2431 licentia
527 2396 574 2430 sit
602 2395 651 2429 ita
679 2393 894 2435 necessaria,
921 2395 962 2426 ut
991 2390 1071 2425 sine
1101 2388 1162 2423 1113

143 2445 149 2449 “
167 2452 339 2486 transitus
361 2450 406 2483 sit
422 2448 555 2487 irritus,
577 2446 626 2480 ib.

168 2501 317 2542 Quando
351 2502 468 2533 autem
504 2497 687 2531 dubitatur
720 2504 766 2530 an
805 2493 932 2536 religio
967 2491 1013 2527 ad
1048 2496 1173 2534 quamt

167 2550 430 2587 transeundum
457 2550 529 2590 est,
560 2547 606 2582 sit
624 2546 757 2581 arctior
789 2551 917 2584 necne,
944 2548 1018 2576 non
1042 2540 1160 2576 suffici

168 2603 245 2637 sola
263 2600 408 2635 licentia
424 2599 545 2643 petita,
564 2597 626 2632 sed
640 2596 837 2640 requiritur
852 2595 1010 2635 obtenta,
1031 2592 1079 2626 ib.

168 2652 270 2694 Quod
288 2650 318 2686 si
342 2649 510 2684 Praelatus
533 2655 613 2683 eam
634 2647 725 2682 nolit
748 2646 957 2685 concedere,
981 2643 1026 2678 311
1051 2643 1164 2686 Supem·

166 2704 301 2737 riorem
321 2701 511 2742 utriusque
528 2698 717 2742 religionis
740 2695 915 2740 spectabit
927 2694 1080 2728 dubium
1099 2694 1164 2728 de-

166 2751 286 2795 finire,
302 2754 336 2786 et
356 2751 524 2794 quisnam
547 2749 593 2783 sit
615 2747 822 2790 hujusmodi
837 2744 1017 2789 Superior,
1037 2744 1086 2778 ib.

167 2805 197 2838 A
215 2811 299 2846 que,
320 2801 467 2846 quando
482 2803 517 2834 et
531 2799 713 2843 quomodo
733 2798 778 2832 sit
799 2797 895 2831 dicta
916 2795 1061 2830 licentia
1079 2802 1162 2838 pos·-

166 2851 329 2894 tulanda,
344 2856 384 2886 ut
403 2851 520 2885 solum
543 2849 653 2893 petita
674 2847 838 2888 sufficiat,
858 2847 909 2881 ib.

166 2898 267 2938 'Dicta
287 2901 433 2935 licentia
455 2900 576 2943 petita,
592 2901 686 2942 juste
707 2903 827 2933 tamen
844 2906 864 2931 3
879 2895 1070 2941 Superiora
1091 2903 1156 2930 ne·-

166 2955 258 2996 gata,
273 2951 327 2986 uti
343 2959 418 2984 non
434 2954 548 2992 potest
566 2949 665 2984 licite
685 2949 885 2992 religiosus,
903 2948 953 2981 ib.

166 2996 400 3046 inpetitione
425 2996 534 3043 hujus
553 2999 708 3035 licentiae
727 3003 872 3034 tenetur
885 2997 1075 3040 religiosus
1094 3004 1157 3031 ex-

166 3053 325 3097 primere
354 3059 438 3099 cum
471 3051 625 3094 puritate
658 3054 693 3084 et
726 3050 871 3084 veritate
909 3056 1052 3083 causam
1087 3055 1159 3090 qua

167 3104 332 3138 movetur
352 3098 400 3136 ad
428 3099 690 3135 transeundum
721 3099 768 3134 ad
789 3099 897 3133 aliam
918 3098 1130 3140 religionem
1146 3121 1155 3139 ,

169 3153 221 3187 ib.

167 3197 369 3246 Religiosus
389 3199 568 3235 transiens
602 3196 650 3234 ad
670 3194 780 3233 aliam
807 3197 1020 3240 religionem
1052 3195 1158 3230 stric-

167 3253 298 3289 tiorem
315 3253 395 3286 sine
410 3251 485 3287 ulla
497 3249 645 3285 licentia
656 3245 714 3284 sui
727 3246 943 3302 §uperforia
957 3253 1000 3281 ex
1010 3244 1051 3281 vi
1064 3245 1159 3287 :iuria

169 3301 375 3338 eommunis
393 3305 468 3336 non
490 3303 543 3335 est
566 3301 786 3344 apostatffie.
801 3298 854 3332 12.

167 3355 223 3389 An
247 3353 334 3387 talia
363 3352 411 3387 sit
434 3356 509 3386 non
530 3346 750 3391 transeundo
770 3347 817 3383 ad
843 3345 1057 3381 strictiorem
1072 3371 1081 3387 ,
1100 3341 1159 3382 vel

169 3400 365 3448 suppositis
379 3398 533 3438 Induitis
559 3407 634 3437 suae
656 3396 854 3445 religionis,
878 3397 1012 3442 qulbus
1032 3396 1160 3441 prohi-

166 3448 272 3490 betur
291 3450 355 3489 1113
384 3448 556 3488 transitus
576 3451 657 3487 sine
678 3445 826 3486 lieentia
854 3445 894 3483 tn
927 3449 968 3483 re
988 3437 1156 3500 optenta,

168 3513 202 3541 c.
224 3508 278 3540 15.
846 3522 849 3526 -

167 3552 359 3601 Privile‘gia
378 3552 609 3597 religionum,
624 3550 758 3596 quibus
778 3546 990 3585 conceditur
1007 3554 1054 3583 ne
1067 3547 1156 3582 reli-

169 3603 261 3648 giosi
278 3611 416 3643 earum,
430 3603 538 3638 etlam
558 3603 604 3637 ad
625 3601 851 3641 strictiorem,
875 3596 984 3637 ailam
998 3597 1155 3632 trancire

172 3653 308 3697 possint
334 3654 415 3688 sine
444 3653 610 3688 facultate
629 3652 776 3686 obtenta
790 3676 800 3693 ,
818 3647 999 3693 quomodo
1018 3644 1154 3682 intelli-

171 3703 302 3748 genda.
319 3709 352 3738 c.
367 3701 423 3739 10⁴

1048 267 1176 308 tuum
1195 268 1346 304 RERUM.

1261 334 1314 367 An
1331 334 1367 365 et
1384 338 1457 373 qua
1485 329 1624 365 ratium
1646 330 1729 367 talis
1747 331 1919 369 transitus
1934 332 2116 376 prohiberi
2137 334 2251 379 possit

1261 391 1282 415 a
1296 382 1442 416 Summo
1454 378 1638 422 Pontifloe,
1653 379 1705 416 ib.

1219 430 1410 474 Religiosis
1432 438 1504 473 qua
1528 430 1668 465 ratione
1684 430 1790 466 liceat
1813 432 1986 467 transitus
1997 428 2043 468 ad
2058 433 2249 477 religiones

1261 480 1456 515 strictiores
1480 480 1624 516 attentis
1644 481 1844 525 privilegiis
1857 490 2005 518 auarum
2017 483 2250 530 religionum,

1200 547 1206 554 ·
1261 531 1310 566 ib.

1258 584 1311 616 An
1331 580 1459 623 religio
1484 579 1721 625 privilegiata,
1741 588 1787 617 ne
1801 582 1847 617 ab
1870 589 1914 618 ea
1936 583 1999 618 1131
2015 583 2187 618 transitus
2202 582 2247 618 ad

1259 633 1347 667 alias
1378 632 1457 666 sine
1488 633 1647 676 legitima
1669 634 1836 668 facultate
1857 634 2021 677 obtenta,
2042 635 2114 670 tale
2133 634 2249 678 privi-

1261 683 1392 726 legium
1411 683 1562 724 amittat,
1577 683 1608 717 si
1625 683 1736 718 nimis
1757 684 1944 727 relaxetur,
1965 685 2015 719 ib.

1219 731 1387 768 Praelatus
1402 732 1590 776 religionis
1609 733 1856 776 privilegiatae,
1875 743 1921 768 ne
1939 735 1983 768 ab
2006 743 2048 768 ea
2062 734 2124 769 fiat
2146 737 2250 769 tran-

1260 783 1348 817 situs
1367 783 1411 816 ad
1427 782 1617 817 arctiorem
1634 784 1770 826 absque
1792 784 1960 819 facultate
1975 785 2131 824 obtenta,
2145 788 2250 819 tene-

1258 836 1317 868 tur
1346 832 1549 866 facultatem
1572 833 1770 867 concedere
1792 834 1839 868 ad
1860 833 1959 870 hunc
1976 834 2167 869 transitum
2189 842 2250 869 re-

1259 884 1387 926 ligioso
1409 892 1487 917 eam
1508 884 1655 926 petenti,
1675 884 1725 918 ib.

1217 934 1416 978 Religiosus
1438 936 1584 978 expulsa
1606 944 1627 970 a
1647 945 1712 970 sua
1730 934 1907 979 religione
1925 936 2040 979 potest
2052 938 2170 970 statim
2183 943 2248 971 5110

1260 986 1410 1020 arbitrio
1432 986 1477 1020 ad
1497 985 1605 1020 aliam
1625 986 1839 1029 religionem
1862 986 2089 1026 strictiorem,
2102 986 2159 1021 vel
2177 985 2247 1019 sal-

1260 1040 1332 1071 tem
1363 1045 1468 1079 aeque
1489 1037 1647 1071 strictam
1677 1037 1844 1079 transire,
1869 1045 1943 1072 non
1962 1044 2047 1072 vero
2070 1037 2118 1072 ad
2135 1036 2247 1087 laxi07

1259 1094 1349 1129 rem,
1366 1095 1397 1121 3.
1422 1090 1454 1120 5.

1259 1138 1409 1178 Quando
1432 1138 1545 1180 possit
1561 1135 1669 1172 etiam
1684 1137 1730 1172 ad
1746 1134 1932 1179 laxiorem,
1947 1135 1997 1172 ib.

1258 1187 1461 1229 Religiosus
1475 1188 1643 1230 expulsus
1666 1195 1740 1222 non
1762 1190 1903 1222 tenetur
1918 1187 1963 1221 ad
1982 1186 2090 1220 aliam
2104 1185 2250 1230 religio-

1260 1245 1345 1271 nem
1367 1238 1532 1279 transire,
1555 1241 1590 1272 et
1612 1246 1658 1272 an
1678 1238 1724 1272 ad
1743 1237 1781 1272 id
1800 1237 1912 1280 possit
1927 1244 1949 1270 a
1961 1236 2036 1271 suis
2049 1237 2251 1280 Superiori-

1258 1287 1328 1322 bus
1344 1288 1509 1330 obligari,
1526 1297 1556 1322 c.
1577 1292 1607 1322 3.

1258 1337 1352 1378 Quid
1371 1338 1400 1371 si
1424 1341 1505 1371 ante
1524 1338 1726 1380 ingressum
1743 1338 1781 1372 in
1802 1338 2014 1381 religionem
2027 1340 2149 1372 votum
2164 1336 2251 1372 reli-

1258 1387 1378 1430 gionis
1392 1387 1552 1421 absolute
1567 1388 1745 1429 emiserat,
1762 1388 1811 1422 ib.

1218 1438 1418 1481 Religiosus
1438 1446 1513 1472 non
1537 1441 1652 1480 potest
1665 1438 1816 1472 transire
1837 1438 1882 1472 311
1898 1438 2112 1480 religionem
2128 1445 2253 1481 aequa-

1262 1488 1307 1522 115
1324 1489 1555 1531 perfectionis
1571 1489 1650 1523 sine
1663 1488 1830 1522 facultate
1843 1489 1899 1523 sui
1914 1489 2052 1522 Praelati
2066 1488 2106 1522 111
2120 1497 2159 1523 re
2175 1489 2252 1531 ipsa

1263 1539 1419 1578 obtenta,
1444 1541 1543 1573 c.11.

1264 1589 1348 1629 Quis
1369 1590 1463 1622 hanc
1486 1588 1689 1623 facultatem
1706 1588 1791 1623 dare
1811 1585 1933 1631 possit,
1955 1587 2005 1622 ib.

1265 1639 1476 1681 Huiusmodi
1513 1640 1657 1674 licentia
1695 1648 1715 1673 a
1745 1640 1890 1674 Summo
1922 1636 2092 1672 Pontiflce
2117 1638 2252 1681 absque

1264 1690 1358 1731 justa
1375 1698 1481 1724 331153
1495 1698 1674 1731 concessa,
1694 1689 1816 1724 illicita
1831 1692 1893 1729 est,
1909 1689 1973 1723 sed
1985 1692 2104 1722 tamen
2119 1689 2251 1733 valida,

1268 1737 1317 1773 ib.

1267 1789 1361 1830 Quid
1380 1791 1410 1824 si
1433 1790 1478 1823 ab
1492 1790 1574 1824 31115
1585 1788 1745 1824 Praelatis
1766 1790 1994 1830 concedatur,
2012 1787 2062 1823 ib.

1221 1841 1412 1883 Religiosis
1432 1850 1478 1874 an
1498 1844 1533 1875 et
1551 1849 1592 1875 ex
1615 1850 1686 1883 qua
1709 1841 1874 1875 facultate
1892 1840 1997 1874 liceat
2017 1837 2188 1875 transitus
2207 1838 2254 1874 ad

1266 1891 1478 1934 religionem
1495 1891 1681 1933 laxiorem,
1699 1892 1748 1925 ib.

1266 1942 1488 1985 Dispensatio
1510 1942 1588 1976 sine
1605 1943 1698 1985 justa
1720 1950 1826 1976 331153
1850 1941 1896 1976 311
1920 1939 2178 1975 transeundum
2207 1938 2253 1974 ad

1269 1992 1480 2034 religionem
1513 1992 1696 2033 laxiorem,
1722 1992 1828 2024 etiam
1860 2000 1881 2025 a
1912 1990 2058 2024 Summo
2083 1989 2252 2024 Pontifice

1268 2050 1447 2080 concessa,
1471 2042 1606 2081 illicita,
1623 2044 1657 2075 et
1670 2041 1829 2075 invalida
1847 2043 1910 2082 est,
1926 2040 1976 2074 ib.

1267 2093 1308 2126 Et
1329 2091 1502 2134 professio
1525 2092 1712 2125 subsecuta
1731 2091 1842 2131 irrita,
1861 2090 1910 2123 ib.

1266 2142 1351 2182 Quis
1373 2143 1505 2176 dietam
1525 2141 1709 2175 licentiam
1730 2148 1774 2174 ex
1793 2147 1899 2174 causa
1916 2138 2115 2174 concedere
2128 2139 2251 2182 possit,

1267 2191 1317 2225 ib.

1265 2242 1351 2282 Quae
1375 2240 1421 2276 sit
1439 2248 1548 2277 causa
1562 2239 1661 2285 iusta
1679 2238 1788 2283 hujus
1805 2239 1960 2274 licentiae
1979 2246 2044 2274 seu
2064 2238 2252 2282 dispensa-

1266 2293 1387 2332 tionis,
1413 2291 1462 2326 ib.

1225 2343 1424 2386 Religiosus
1441 2346 1561 2377 utrum
1581 2341 1777 2385 aliquando
1795 2343 1958 2375 teneatur
1975 2341 2155 2384 postulare
2174 2339 2252 2374 dia-

1267 2394 1514 2437 pensationem
1536 2393 1582 2427 ad
1603 2392 1860 2427 transeundum
1888 2391 1934 2426 ad
1955 2391 2165 2434 religionem
2196 2389 2254 2424 la-

1265 2445 1415 2487 xiorem,
1433 2452 1463 2479 c.
1481 2447 1512 2478 9.

1262 2496 1430 2530 Conversi
1455 2499 1489 2528 et
1511 2495 1717 2535 conversae,
1744 2490 1805 2535 qui
1837 2490 2099 2534 professionem
2127 2488 2164 2523 in
2186 2498 2250 2524 5113

1262 2546 1435 2589 religione
1451 2553 1524 2579 non
1538 2545 1745 2585 emiserunt,
1763 2542 1914 2576 transire
1928 2541 2026 2575 licite
2042 2544 2191 2584 possunt
2203 2540 2248 2574 ad

1260 2596 1367 2630 aliam
1383 2596 1490 2630 etiam
1505 2595 1689 2634 laxiorem,
1706 2593 1754 2627 ib.

1218 2646 1407 2690 Religiosis
1435 2644 1657 2688 quibuslibet
1674 2642 1826 2678 transire
1846 2641 1929 2676 lieet
1943 2641 1989 2676 ad
2011 2640 2248 2682 carthusiam,

1259 2700 1302 2730 tr.
1327 2700 1358 2735 9,
1379 2696 1402 2729 l.
1418 2699 1497 2737 2,c.
1513 2698 1543 2728 t.

1216 2779 1219 2782 Α
1258 2747 1311 2781 An
1334 2746 1440 2780 liceat
1468 2746 1577 2779 etiam
1602 2743 1690 2788 ipsis
1707 2740 2014 2778 carthusientibus
2029 2739 2182 2774 transire
2200 2739 2247 2775 ad

1258 2797 1348 2830 alias
1366 2796 1574 2838 religiones,
1596 2795 1643 2828 ib.

1215 2847 1415 2890 Religiosus
1434 2846 1491 2880 cui
1516 2846 1718 2886 assignatur
1731 2845 1867 2875 certum
1881 2843 2022 2883 tempus
2037 2840 2130 2873 intra
2148 2837 2246 2882 quod

1255 2897 1363 2931 aliam
1389 2895 1613 2937 religionem,
1639 2893 1684 2926 ad
1706 2900 1815 2934 quam
1837 2891 1914 2925 vult
1938 2890 2101 2931 transire,
2122 2889 2244 2932 ingre·-

1255 2947 1385 2987 diatur,
1416 2953 1525 2987 quam
1547 2942 1803 2984 obligationem
1836 2941 1966 2974 habeat
1995 2939 2172 2973 redeundi
2198 2938 2243 2972 ad

1253 2995 1436 3040 propriam
1465 2994 1690 3036 religionem,
1720 2992 1750 3026 si
1773 2991 1996 3034 propositum
2026 2992 2161 3027 mutet.
2184 2991 2242 3023 aut

1253 3045 1348 3080 intra
1361 3043 1547 3088 praefixum
1560 3043 1756 3078 terminum
1767 3041 1909 3084 ingredi
1925 3048 1998 3075 non
2014 3039 2137 3083 possit,
2151 3041 2196 3074 tr.
2209 3040 2242 3082 8,

1252 3095 1278 3130 l.
1293 3100 1325 3138 3,
1340 3103 1371 3130 c.
1390 3099 1440 3129 12.

1250 3147 1304 3181 An
1318 3146 1430 3189 possit
1447 3152 1594 3179 manere
1613 3143 1652 3177 in
1668 3142 1799 3178 saeculo
1843 3149 1883 3176 er
1894 3144 2007 3176 totum
2022 3139 2241 3183 assignatum

1251 3200 1405 3240 tempus,
1422 3196 1452 3230 si
1469 3196 1600 3238 statim,
1619 3195 1683 3229 ubi
1700 3203 1721 3228 a
1736 3193 1882 3238 propria
1900 3191 2076 3235 religione
2099 3189 2243 3232 egredi-

1252 3250 1322 3289 tur,
1340 3248 1386 3282 ad
1404 3247 1512 3281 aliam
1535 3245 1753 3287 admittatur,
1769 3244 1818 3278 ib.

1211 3294 1402 3340 Religiosis
1421 3296 1605 3331 societatis
1621 3295 1703 3329 Jesu
1730 3293 1794 3337 qui
1820 3292 1935 3328 velint
1955 3291 2002 3326 ad
2018 3289 2239 3326 carthusiam

1253 3347 1419 3389 transire,
1437 3346 1686 3381 conceduntur
1703 3347 1775 3378 tres
1797 3349 1952 3384 menses,
1974 3341 2070 3374 intra
2086 3346 2177 3382 quos
2192 3338 2263 3380 il-;

1254 3397 1326 3431 lam
1348 3396 1620 3440 ingrediantur;
1636 3394 1667 3429 si
1685 3396 1804 3429 autem
1817 3393 1862 3427 311
1880 3390 1970 3426 aliea
1989 3387 2239 3432 religioneadc

1252 3447 1400 3482 licentia
1425 3445 1628 3490 Superioris
1648 3444 1723 3478 aint
1744 3441 1942 3484 transituri,
1966 3442 2103 3475 oermm
2130 3433 2237 3483 etiam

1251 3500 1393 3540 tempus
1406 3497 1451 3531 ab
1467 3496 1595 3531 eodem
1608 3493 1798 3538 superiore
1814 3489 2022 3536 praefigitur,
2031 3489 2128 3523 intra
2138 3483 2236 3529 qaod

1249 3546 1514 3591 ingrediantur,
1529 3545 1581 3580 ib.
2130 3551 2132 3554 ·

1248 3595 1391 3631 Eisdem
1424 3600 1509 3631 vero
1543 3594 1751 3639 praecipitur
1778 3591 1847 3628 sub
1868 3583 2235 3626 excommtmiantione

1251 3646 1329 3689 ipso
1349 3646 1454 3688 facto,
1473 3648 1515 3680 ut
1535 3645 1605 3680 nisi
1637 3644 1732 3679 intra
1749 3643 1934 3688 praefixum
1960 3636 2156 3674 terminum
2175 3634 2235 3668 ina

1249 3696 1471 3740 gradiantur,
1490 3695 1537 3730 ad
1555 3695 1738 3741 propriam
1756 3692 1968 3750 religion,
1988 3687 2137 3725 adeant
2149 3696 2158 3727 3
2171 3693 2237 3720 ex·

2180 3836 2241 3880 fl*
