2352 3880
209 29 218 36 ο
277 0 303 21 7,
341 0 428 34 ,55
459 0 704 34 ·T·.*'z‚‘1“>·''‘
750 0 754 7 .

106 271 403 325 hartproprium
435 273 629 323 Societas,
645 273 703 313 ibi
722 273 975 315 declaratum
1001 277 1075 320 est,
1097 280 1136 313 et

4 349 19 358 ⁴
35 367 42 377 ,
105 335 151 374 in
164 333 439 384 superioribus
455 335 578 373 etiam
593 339 654 373 est
672 334 827 372 dictum
847 335 958 374 hunc
970 335 1136 375 modum

105 395 256 436 hahere
274 395 408 434 locum
426 396 471 435 in
490 396 680 436 omnibus
699 396 892 446 gradibus
912 397 1134 445 Societatis,

105 457 227 496 etiam
248 457 292 496 in
315 457 377 495 his
397 459 469 508 qni
488 458 592 496 votis
617 456 869 507 simplicibus
890 459 1136 511 incorporati

102 523 215 566 sunt,
256 524 296 558 et
331 520 491 558 easdem
511 531 652 571 poenas
679 520 902 568 incurrere,
935 525 1012 560 etc.
1047 521 1138 560 Alia

103 581 278 619 mutatio
298 585 371 626 est,
392 580 456 620 vel
476 581 526 619 ad
546 580 848 631 Episcopatum‚
867 582 931 620 vel
952 583 1002 622 ad
1018 582 1138 622 bene-

103 641 243 681 ficium
263 641 458 690 seculare,
487 641 554 680 vel
586 640 638 679 ad
670 641 966 683 habitationem
996 655 1138 696 perpe-

102 706 218 742 tuam
258 706 372 741 extra
415 701 690 740 obedientiam
728 703 964 754 religionis;
1001 709 1042 743 et
1072 704 1135 743 hae

102 762 348 802 mutationes
367 774 450 800 nou
470 762 624 801 habent
642 763 775 802 locum
795 764 837 802 in
860 766 1058 805 Societate
1077 777 1136 804 se-

103 823 286 863 cundum
323 823 507 874 regulam
529 824 644 875 ejus3
668 825 776 863 unde
808 826 873 865 vel
906 838 1132 878 nunquam,

101 884 168 924 vel
187 885 393 923 rarissime
412 885 542 936 fiunt;
570 887 602 924 si
621 891 759 925 autem
791 899 841 926 ex
868 889 1030 939 speciali
1059 888 1136 926 dis-

102 947 339 998 pensatione
357 946 471 993 fiant,
488 952 717 998 sequuntur
740 953 929 988 naturam
959 948 1136 999 religiosi

102 1009 230 1045 status
245 1037 255 1054 ,
283 1008 399 1058 juxta
418 1008 524 1046 dicta
554 1009 598 1047 in
632 1009 923 1060 superioribus.
943 1010 1136 1059 Idemque

101 1067 187 1108 fere
218 1072 278 1107 est
305 1070 354 1108 de
382 1071 606 1109 mutatione
630 1083 702 1121 per
721 1072 938 1109 transitum
967 1071 1017 1109 ad
1037 1070 1136 1109 alias

100 1128 318 1180 religiones
334 1143 344 1177 ;
367 1132 410 1169 et
427 1131 458 1168 si
481 1132 578 1181 quid
604 1131 728 1170 habet
744 1132 933 1182 speciale,
951 1143 1073 1181 supra
1092 1132 1136 1169 in

101 1192 311 1229 communi
329 1192 513 1231 doctrina
533 1197 687 1231 tactum
709 1198 794 1240 est,
817 1197 857 1232 et
888 1205 938 1231 ex
957 1193 1136 1230 dicendis

99 1250 168 1291 hic
187 1253 314 1303 accipi
338 1255 512 1304 poterit3
542 1267 667 1306 quare
696 1255 739 1293 in
760 1255 820 1292 his
839 1255 1135 1293 mutationibus

99 1312 311 1352 immorari
333 1327 416 1354 non
437 1320 496 1354 est
520 1328 695 1355 necesse.
723 1317 791 1355 Est
822 1329 919 1366 ergo
949 1317 1028 1355 alia
1047 1328 1134 1354 mu-

100 1375 199 1414 tatio
229 1388 301 1426 per
322 1376 601 1415 dimissionem
622 1389 693 1416 seu
714 1378 955 1427 ejectionem
978 1378 1028 1416 ab
1047 1378 1135 1428 ipsa

99 1436 314 1486 religione,
338 1449 410 1488 per
439 1442 679 1488 potestatem
709 1451 780 1477 seu
808 1439 1135 1489 jurisdictionem

98 1497 201 1548 eJ'us,
224 1510 313 1548 quae
344 1498 475 1537 solnm
496 1500 697 1549 contingit
720 1503 762 1537 in
800 1501 1003 1550 professis,
1038 1511 1134 1538 nam

99 1558 170 1597 alii
187 1559 317 1598 solent
334 1559 454 1598 liberi
473 1560 640 1607 dimitti,
663 1564 710 1598 ut
728 1561 882 1599 dictum
904 1565 980 1600 est.
1001 1562 1041 1599 Si
1062 1572 1135 1598 au-

97 1623 183 1659 tem
221 1621 442 1671 aliquando
477 1621 738 1660 dimittantur
772 1623 913 1673 ligati,
948 1622 1135 1660 eamdem

98 1683 404 1732 proportionem
426 1683 670 1732 servabunt3
701 1688 741 1722 et
768 1685 860 1722 ideo
890 1684 939 1722 de
976 1684 1060 1723 sola
1078 1683 1135 1722 di-

98 1742 293 1782 missione
326 1744 597 1794 professorum
633 1749 812 1795 superest
847 1745 963 1784 nobis
998 1746 1133 1784 dicen-

99 1804 229 1853 dum,
264 1810 304 1844 et
334 1807 481 1856 poterit
514 1819 576 1845 res
607 1810 745 1858 paucis
778 1809 985 1859 expediri3
1008 1808 1131 1858 quia,

97 1871 245 1918 praeter
265 1880 311 1905 ea
325 1898 334 1914 ,
354 1880 443 1918 quae
469 1870 702 1907 communia
722 1876 816 1908 sunt
841 1870 1029 1920 religioso
1051 1875 1135 1908 sta—

98 1929 179 1975 tui,
201 1941 292 1979 qnae
314 1929 380 1967 hic
409 1932 629 1981 repetenda
645 1943 728 1969 non
754 1937 863 1977 sunt,
891 1944 1016 1982 pauca
1041 1936 1135 1970 sunt

98 1989 291 2040 specialia
310 1994 487 2043 puncta,
508 2003 599 2043 quae
617 1992 755 2045 aliqua
774 1993 1051 2032 declaratione
1069 1994 1135 2031 in·-

97 2049 279 2103 digeant.

503 2167 670 2208 CAPUT
695 2169 727 2207 I.

99 2297 237 2336 Unum
261 2299 473 2332 rnorltsscs
498 2300 628 2329 POSSIT
654 2300 681 2329 A
711 2300 927 2333 socin'rA'rE
955 2302 1132 2344 EXPELLI,

399 2363 452 2393 ΕΤ
479 2363 579 2398 QUAS
603 2362 651 2392 oB
668 2362 827 2394 causas,

152 2488 192 2526 1.
215 2482 360 2527 Prima
378 2479 560 2524 assertio.
579 2504 633 2514 --
649 2481 811 2523 Certum
831 2482 1035 2537 imprimis
1054 2491 1129 2537 est,

97 2545 143 2588 in
166 2547 373 2598 aliquibus
396 2545 558 2585 casibus
575 2557 688 2596 posse
709 2547 933 2596 professum
957 2553 1133 2599 quatuor

99 2612 285 2648 votorum
307 2620 331 2646 a
347 2608 545 2647 Societate
563 2607 726 2658 expelli,
743 2613 788 2646 ut
811 2609 854 2646 in
874 2609 1014 2648 multis
1036 2610 1132 2650 locis

99 2669 447 2710 Constitutionum
467 2668 709 2706 declaratur.
745 2669 844 2707 Nam
866 2671 891 2708 2
910 2683 949 2721 p.
980 2671 1133 2709 Consti-

98 2732 323 2778 tutionum‚
341 2742 377 2768 c.
396 2732 433 2776 1,
451 2729 475 2781 ἓ
495 2732 539 2768 1;
560 2730 751 2776 Quamvis
765 2742 906 2770 causas
928 2733 981 2771 ad
998 2732 1134 2772 dimis-

100 2793 248 2833 sionem
267 2793 412 2843 diqnas
433 2803 471 2830 eo
492 2790 695 2841 yraviores
727 2803 807 2831 esse
836 2797 1039 2844 oporteat,
1059 2806 1132 2846 quo

101 2854 192 2908 quis
213 2854 363 2893 arctius
384 2852 601 2893 Societatis
626 2855 780 2902 corpori
803 2855 1034 2905 conjunctus
1053 2859 1130 2903 est,

101 2915 389 2969 quantumlibet
416 2917 545 2954 tamen
572 2915 735 2966 quisque
757 2916 813 2954 sit
832 2916 1073 2967 conjunctus,
1091 2918 1134 2957 in

102 2976 333 3029 quibusdam
357 2974 512 3015 casibus
528 2974 711 3025 separari
728 2977 774 3015 ab
801 2988 844 3016 ea
860 2982 990 3026 posset
1019 2981 1055 3017 et
1074 2980 1134 3018 de-

105 3038 221 3078 beret.
236 3035 349 3084 Quod
368 3035 419 3074 de
439 3036 693 3086 separatione
708 3049 779 3087 per
795 3038 1071 3078 dimissionem
1091 3041 1135 3079 in

104 3098 382 3138 declaratione
397 3099 630 3148 exponitur,
641 3100 680 3135 et
694 3098 742 3135 ad
757 3099 951 3148 professos
962 3106 1135 3151 quatuor

103 3163 294 3199 votorum
330 3158 375 3196 in
411 3158 545 3209 specie
578 3158 827 3207 extenditur,
860 3162 1136 3215 cujuscumque

105 3221 257 3272 yradus
278 3219 446 3269 (dicitur
478 3218 556 3269 ibi)
575 3223 612 3259 et
641 3219 854 3270 diynitatz‘s
873 3223 916 3261 in
937 3223 1137 3266 Societate

31 3295 41 3339 g
105 3282 201 3323 sint.
215 3281 325 3321 Adeo
339 3284 398 3328 ut,
417 3291 527 3319 nona
541 3285 653 3332 parte
666 3283 1025 3333 Constitutionum‚
1043 3298 1077 3325 c.
1092 3289 1132 3336 4,

105 3340 132 3394 ξ
152 3343 193 3391 7,
213 3342 264 3381 de
278 3342 454 3392 ipsomet
469 3341 654 3382 Generali
671 3343 780 3383 idem
801 3344 962 3384 dicatur
973 3356 985 3396 ;
1006 3351 1137 3398 potest

107 3403 219 3444 enim
242 3403 446 3455 imprimis
462 3416 487 3442 a
506 3405 744 3455 generalatu
764 3407 913 3458 deponi
941 3408 1060 3460 justis
1087 3410 1137 3449 de

107 3465 260 3512 musis3
283 3464 430 3504 deinde
458 3477 554 3505 vero
573 3466 606 3505 si
625 3478 755 3506 causae
774 3468 980 3519 obligent,
1014 3470 1136 3510 etiam

109 3535 135 3564 a
150 3525 350 3566 Societate
372 3527 547 3567 excludi.
574 3529 635 3567 Ex
666 3529 814 3580 quibus
830 3530 1139 3571 Constitutioni-

16 3591 18 3593 ’
46 3620 60 3634 .,
109 3583 187 3627 hus
201 3591 374 3638 constat,
391 3600 484 3630 cum
503 3589 700 3642 professio
718 3594 759 3631 et
773 3595 868 3632 vota
885 3592 931 3633 in
943 3593 1139 3635 Societate

495 205 585 243 GAP.
607 207 634 241 1.
656 205 798 242 m'nmt
817 204 1046 243 moressus
1065 207 1207 242 Possm·
1229 212 1256 243 A
1277 212 1503 248 soen-:mm
1523 214 1714 257 EXPELLI,
1731 217 1829 255 tr&

1192 275 1293 317 fiant
1305 279 1424 330 J‘nxta
1441 281 1757 325 Constitutiones
1772 286 1876 338 eius,
1892 286 1998 329 nihil
2015 287 2106 331 fleri
2125 305 2222 334 con-

1192 341 1253 377 tra
1275 340 1493 391 justitiam,
1529 348 1599 383 aut
1634 351 1775 387 contra
1801 353 1967 399 pactum
1998 351 2042 391 in
2073 355 2224 404 profes-

1192 400 1306 440 sione
1330 403 1549 454 inclusum,
1568 406 1768 458 ejiciendo
1787 411 2013 461 professum
2035 414 2156 466 justis
2173 416 2224 458 de

1193 462 1322 501 causis
1338 463 1456 514 juxta
1473 466 1792 509 Constitutiones
1808 501 1819 519 ,
1837 473 1933 524 quia
1953 474 2129 516 Societas
2148 478 2224 518 sub

1191 522 1268 561 hac
1286 525 1532 574 conditione,
1551 532 1591 566 et
1605 541 1687 568 non
1702 531 1815 576 alias,
1832 546 1873 572 se
1889 534 2044 586 obligat
2061 537 2110 576 ad
2131 548 2224 589 pro-

1191 583 1316 623 fessos
1340 598 1432 624 suos
1449 588 1697 629 retinendos.
1725 593 1804 632 Nec
1825 606 1921 634 vero
1941 596 1983 634 in
2005 610 2052 636 eo
2071 611 2222 650 genere

1192 650 1423 685 contractus
1455 652 1516 686 est
1545 649 1803 701 inaeqnalitas
1816 685 1826 701 ,
1845 656 1909 695 vel
1928 657 2129 708 injustitia
2149 662 2224 701 ali-

1191 720 1294 759 qua,
1322 713 1367 746 ut
1388 721 1412 748 a
1436 709 1596 749 fortiori
1619 718 1776 753 constat
1807 728 1857 755 ex
1885 721 2071 769 superius
2101 723 2220 764 dictis

1191 769 1240 807 de
1260 769 1511 810 scholaribus
1530 802 1540 819 ,
1562 772 1668 811 libro
1688 777 1823 824 tertio,
1846 790 1881 816 c.
1917 782 1964 826 2,
1985 793 2028 820 n.
2050 783 2090 830 4,
2112 789 2152 823 et
2171 797 2223 826 ex

1191 830 1254 869 his
1274 844 1363 882 quae
1383 845 1506 884 supra
1520 864 1530 881 ‚
1553 837 1712 874 tractat.
1743 837 1780 883 8,
1803 838 1907 877 libro
1926 843 2060 890 tertio,
2091 845 2134 882 in
2154 858 2220 896 ge-

1191 904 1286 930 nere
1305 893 1485 933 diximus
1515 896 1564 934 de
1588 901 1786 946 potestate
1815 898 2004 950 ejiciendi
2024 905 2223 953 professos

1190 953 1233 991 in
1252 966 1508 1005 quacumque
1538 957 1750 1007 religione.
1785 960 1966 1012 Denique
1986 963 2075 1002 haec
2100 965 2223 1006 liber-

1190 1018 1251 1053 tas
1276 1016 1485 1055 Societatis
1503 1018 1554 1055 ad
1575 1019 1794 1068 ejiciendos
1819 1023 2020 1071 professos
2042 1038 2134 1064 snos
2155 1040 2223 1077 ge-

1191 1078 1365 1115 neratim
1386 1079 1608 1128 approbata
1627 1085 1686 1118 est
1714 1093 1738 1119 a
1765 1082 2028 1123 Pontificibus
2046 1087 2222 1127 Societa-

1191 1141 1272 1176 tem
1306 1143 1346 1176 et
1380 1139 1695 1179 Constitutiones
1724 1143 1811 1192 ejus
1834 1146 2153 1195 approbantibus
2183 1156 2222 1190 et

1192 1199 1545 1247 confirmantibus,
1565 1206 1605 1240 et
1625 1203 1851 1253 specialiter
1867 1219 1890 1244 a
1903 1207 2097 1258 Gregorio
2113 1210 2218 1264 XIII,

1190 1259 1277 1299 loco
1301 1263 1436 1299 statim
1459 1263 1621 1300 citando
1644 1264 1685 1301 in
1709 1277 1824 1303 num.
1844 1267 1883 1305 6.

1242 1324 1280 1361 2.
1316 1323 1501 1363 Secunda
1518 1325 1685 1364 assertio
1707 1327 1914 1378 bipartita.
1930 1349 1983 1357 —
2007 1330 2116 1370 Unde
2131 1343 2222 1371 con-

1189 1386 1265 1423 stet
1291 1387 1406 1434 prior
1431 1396 1547 1436 pars.
1567 1405 1619 1413 —
1636 1386 1967 1438 Impedimeutum.
1994 1393 2222 1433 antecedens

1190 1446 1409 1498 ingressum
1434 1446 1590 1495 duplex.
1612 1468 1666 1475 —
1687 1449 1743 1487 De
1772 1450 2030 1490 substantiali
2057 1455 2222 1502 impedi-

1190 1511 1330 1545 mento.
1358 1528 1406 1538 —
1428 1507 1611 1545 Secundo
1649 1508 1866 1548 dicendum
1903 1516 1963 1549 est
2001 1524 2115 1562 posse
2150 1515 2224 1553 So-

1190 1567 1376 1606 cietatem
1407 1568 1609 1619 expellere
1642 1570 1819 1620 aliquem
1855 1573 2078 1622 professum
2092 1604 2104 1622 ,
2138 1587 2222 1615 non

1189 1629 1318 1667 solum
1342 1634 1501 1679 propter
1521 1631 1690 1668 nimiam
1713 1635 2010 1672 contumaciam
2036 1637 2222 1675 etincor-

1189 1691 1487 1740 rigibilitatem,
1502 1692 1567 1729 sed
1588 1693 1708 1730 etiam
1732 1699 1896 1744 propter
1911 1707 2034 1739 grave
2050 1698 2220 1746 crimen,

1188 1753 1295 1802 quod
1325 1753 1367 1790 in
1401 1753 1636 1791 scandalum
1668 1754 1731 1792 vel
1763 1755 1978 1794 infamiam
2012 1757 2222 1797 Societatis

1187 1819 1427 1852 verteretur.
1450 1815 1563 1852 Prior
1583 1826 1674 1864 pars
1694 1818 1920 1854 communis
1949 1821 2008 1855 est
2034 1820 2222 1859 omnibus

1187 1876 1470 1925 religionibus,
1487 1876 1658 1926 ideoque
1673 1877 1768 1913 satis
1788 1881 1898 1927 patet
1917 1890 1966 1916 ex
1987 1879 2048 1916 his
2069 1892 2159 1929 quae
2178 1881 2222 1919 in

1189 1937 1399 1975 communi
1419 1938 1610 1975 diximus.
1642 1938 1842 1976 Posterior
1874 1950 1970 1976 vero
2002 1942 2132 1990 posita
2164 1944 2223 1980 est

1189 1998 1239 2035 ad
1262 1998 1550 2047 explicandum
1573 1998 1670 2047 quid
1691 1998 1733 2035 in
1758 1998 1832 2036 hoc
1854 1998 2001 2037 habeat
2022 2002 2222 2049 peculiare

1190 2060 1391 2102 Societas;
1417 2060 1504 2096 sine
1539 2059 1664 2095 dnbio
1693 2059 1803 2096 enim
1833 2059 1955 2097 habet
1984 2062 2221 2111 ampliorem

1189 2119 1232 2158 in
1256 2121 1330 2157 hoc
1350 2131 1499 2169 genere
1519 2120 1770 2166 facultatem,
1795 2122 2073 2171 majoremque
2100 2123 2220 2162 liber-

1188 2184 1312 2219 tatem
1350 2193 1473 2231 quam
1507 2182 1750 2230 regulariter
1784 2182 1873 2220 aliae
1904 2182 2119 2232 religiones
2149 2185 2222 2224 ha-

1187 2241 1324 2280 beant.
1349 2241 1545 2279 Probatur
1566 2253 1662 2290 ergo
1683 2242 1816 2292 primo
1841 2255 1889 2281 ex
1911 2245 2085 2282 secunda
2107 2249 2221 2295 parte

1187 2303 1549 2349 Constitutionum,
1569 2315 1601 2340 c.
1630 2305 1670 2347 2,
1689 2304 1759 2340 ubi
1778 2309 1922 2353 praeter
1937 2305 2222 2355 incorrigibili—

1188 2368 1312 2403 tatem
1330 2395 1341 2412 ,
1371 2364 1462 2402 aliae
1486 2369 1696 2414 ponuntur
1720 2377 1849 2403 causae
1879 2366 1931 2404 ob
1953 2379 2051 2416 quas
2070 2368 2221 2407 dimitti

1187 2432 1355 2477 possunt
1383 2426 1560 2475 religiosi
1588 2425 1811 2465 Societatis.
1847 2428 1894 2465 Et
1923 2429 2110 2479 quamvis
2141 2430 2220 2468 illae

1187 2489 1393 2539 praecipue
1413 2488 1630 2525 videantur
1649 2488 1799 2526 habere
1821 2489 1953 2527 locum
1984 2491 2026 2528 in
2055 2490 2118 2528 his
2149 2491 2221 2541 qui

1187 2549 1230 2587 in
1248 2549 1555 2600 probationibus
1576 2554 1806 2596 versantur,
1824 2554 1962 2588 tamen
1982 2563 2122 2590 revera
2141 2563 2221 2590 ser-

1187 2622 1254 2649 mo
1274 2610 1475 2660 generalis
1500 2615 1583 2656 est,
1612 2615 1657 2648 ut
1681 2615 1837 2649 constat
1866 2623 1914 2649 ex
1943 2613 2118 2662 praeced.
2141 2625 2175 2651 c.
2196 2614 2216 2653 1

1187 2675 1372 2711 secun-*tae
1398 2674 1522 2723 partis
1554 2673 1896 2710 Constitutionum
1912 2703 1923 2720 ,
1951 2673 1974 2724 ξ
2005 2677 2042 2721 i,
2065 2675 2106 2712 in
2126 2674 2218 2724 fin.,

1186 2734 1258 2772 ubi
1280 2734 1335 2771 ita
1356 2734 1635 2771 concluditur:
1660 2735 1952 2780 Quantumlibet
1966 2737 2022 2774 sit
2035 2736 2220 2785 coujunc-

1188 2799 1254 2836 tus
1270 2794 1478 2841 Societatz'‚
1496 2796 1538 2833 in
1554 2796 1785 2846 quibusdam
1801 2797 1957 2835 casibus
1973 2798 2158 2848 separari
2171 2796 2219 2837 ab

1188 2867 1230 2896 ea
1241 2860 1375 2908 posset
1388 2869 1434 2896 ac
1448 2857 1609 2901 deberet,
1622 2861 1665 2895 ut
1679 2856 1854 2907 sequenti
1864 2858 1992 2907 capite
2008 2857 2218 2903 videbitur;

1188 2930 1285 2967 ergo
1311 2918 1497 2956 doctrina
1521 2917 1631 2955 illius
1661 2929 1747 2967 cap.
1771 2919 1796 2955 2
1826 2917 1877 2955 ad
1905 2929 2046 2956 omnes
2073 2918 2122 2956 de
2152 2919 2220 2956 So-

1189 2981 1348 3028 cietate,
1372 2981 1635 3031 quantumvis
1655 2979 1715 3017 illi
1738 2980 1973 3030 conjunctos
1999 2992 2044 3018 ac
2071 2980 2219 3030 profes-

1190 3055 1268 3090 εοε,
1299 3043 1546 3080 extenditur.
1582 3043 1651 3080 Est
1686 3045 1822 3079 autem
1860 3041 2215 3090 considerandum,

1190 3115 1330 3143 causas
1349 3105 1391 3142 in
1411 3104 1480 3142 illo
1501 3116 1588 3155 cap.
1609 3104 1634 3142 9.
1654 3106 1887 3142 numeratas
1908 3103 1958 3141 ad
1982 3103 2062 3139 duo
2086 3101 2219 3150 capita

1190 3165 1384 3205 revocari.
1426 3166 1540 3204 Prius
1575 3168 1634 3203 est
1677 3164 2015 3215 impedimentum
2052 3159 2218 3212 aliquod

1190 3226 1433 3266 antecedens
1459 3227 1640 3277 primum
1658 3225 1865 3265 Societatis
1884 3224 2128 3272 ingressum,
2147 3232 2218 3272 per

1190 3289 1448 3327 mendacium
1482 3288 1546 3327 vel
1580 3288 1774 3338 injustam
1813 3284 2131 3322 taciturnitatem
2171 3282 2216 3320 in

1190 3352 1378 3389 examine
1417 3353 1456 3388 et
1489 3346 1794 3400 probationibus
1831 3345 2096 3384 occultatum.
2131 3341 2217 3380 Hoc

1190 3416 1328 3450 autem
1348 3410 1684 3462 impedimentum
1701 3409 1832 3457 potest
1851 3417 1934 3445 esse
1947 3405 2110 3455 duplex,
2122 3401 2217 3440 suh-

1192 3472 1379 3512 stantiale
1396 3477 1437 3512 et
1455 3468 1715 3511 accidentale.
1730 3467 1773 3507 Si
1789 3478 1886 3517 ergo
1904 3467 1955 3505 sit
1969 3478 2018 3504 ex
2033 3464 2216 3503 substan-

1191 3533 1371 3583 tialibus,
1392 3545 1475 3572 non
1495 3535 1555 3571 est
1567 3530 1737 3568 dubium
1757 3529 1873 3579 quin,
1889 3527 2026 3565 statim
2043 3536 2092 3564 ac
2105 3523 2216 3570 dete-

1194 3595 1319 3648 gitur,
1343 3595 1465 3636 etiam
1493 3596 1584 3646 post
1600 3591 1892 3645 professionem
1909 3588 2118 3638 emissam,
2141 3586 2215 3639 eji-

2115 225 2221 270 {us
