2352 3880
350 278 441 316 m.
463 280 491 317 Ι.
513 279 611 322 QUID
631 277 801 318 Pom
818 279 876 316 ΑΒ
894 273 1085 321 ΜΦ
1100 276 1306 317 {El-Imm!
1326 277 1565 318 SDOER'I'ATIS
1585 279 1822 322 PnAEsrAnu,
1843 279 1935 316 mc.

7 291 295 405 {if-ssim
313 344 416 388 locis
427 344 598 387 hahent.
616 343 734 394 Quod
753 342 996 395 significavit
1008 341 1116 394 glos-

14 426 18 430 -
81 406 136 469 Jsa
153 405 343 463 quiedam
362 406 646 458 marginalis,
635 418 678 447 ιιι
697 405 794 449 dict.
815 405 1014 449 Clement-
1032 404 1117 448 Du-

14 516 18 517 ,
75 458 196 517 ῥεια,
216 467 314 513 inde
334 468 547 518 colligens,
570 478 695 520 pomo
713 467 866 518 Papam
896 467 1117 518 disponere

74 522 242 581 ..liquid
270 529 506 572 faciendum
536 529 579 570 in
607 541 653 571 ro
685 527 841 570 domini
859 527 1113 596 temporalis,

75 590 129 635 on
146 591 330 633 favorem
351 591 462 634 fidei.
479 589 669 632 Secundo
688 592 884 640 operatur
899 590 976 629 hoc
996 587 1117 641 privi-

1168 342 1246 392 ris,
1266 347 1304 384 et
1320 348 1435 386 amna
1450 345 1675 388 Ecclesiam
1694 345 1874 399 loquere,
1892 347 1930 388 ot
1954 342 2148 395 predico,
2163 345 2204 389 οἱ

1170 409 1411 457 opportunae,
1444 406 1515 446 Ιιοο
1532 411 1616 453 est,
1638 419 1726 448 oum
1750 411 1868 449 cotra
1899 404 2203 458 trepidationem

1170 466 1305 514 suerio
1320 466 1366 505 in
1393 466 1591 508 Ecclesia.
1618 466 1843 518 opportuna
1858 469 1978 516 enim,
1999 471 2035 510 et
2053 467 2204 521 impor-

1171 529 1266 568 tune
1281 526 1411 578 juxta
1426 528 1538 580 vulgi
1562 527 1778 580 opinionem
1803 530 1930 579 dimit,
1947 542 2041 572 nam
2061 539 2203 582 oppor-

1172 589 1382 630 tunitatem
1401 589 1592 630 doctrinm
1608 593 1720 629 vocat
1734 591 1780 630 in
1798 591 1986 633 Ecclesia
2005 603 2112 638 cem
2128 590 2204 631 im·

74 652 264 704 legium,
283 654 332 697 ut
361 664 434 695 oro
462 650 835 695 contradicentium
858 651 1015 695 obstrui
1044 650 1118 694 do-
1165 651 1456 703 perennitatem
1478 654 1610 708 auten}
1636 654 1751 691 extra
1775 652 1876 692 nano
1895 665 1999 700 um
2017 657 2058 694 et
2090 664 2204 693 sum-

15 739 18 741 *
85 713 226 762 beant,
253 717 294 757 et
322 717 524 766 cogantur
541 713 662 753 fateri
679 714 758 754 hoo
777 725 863 754 non
880 714 1014 756 solum
1034 725 1118 754 non

35 817 37 819 ,
77 787 177 819 osse
195 775 368 823 malum,
398 787 543 816 verum
573 775 698 815 etiam
718 775 770 816 de
790 787 836 814 se
855 776 974 816 valde
994 786 1116 827 expo-

83 836 202 882 diens
216 848 324 886 esse,
340 835 375 876 si
392 849 486 878 cum
501 836 640 880 debita
659 837 944 879 moderatione
961 842 1002 878 ct
1019 850 1117 889 pru-

84 898 225 943 dentia
242 897 328 941 fiat.
354 898 440 938 Hoc
457 902 596 949 patet,
620 902 709 938 tum
732 899 918 950 generali
937 899 1113 948 rationo,

82 960 181 1013 quio
197 972 281 1000 non
296 964 358 1000 est
370 960 592 1000 verisimile
610 961 828 1001 Pontifices
846 971 1117 1001 concessuros

83 1022 211 1065 tuisse
241 1022 481 1073 hujusmodi
514 1022 747 1071 facultates,
774 1023 853 1062 nisi
880 1023 1119 1075 judicarent

82 1095 206 1125 nsum
226 1096 370 1124 earum
389 1084 430 1125 in
445 1085 627 1124 Ecclesia
647 1084 840 1135 expedire
851 1094 864 1134 3
883 1087 971 1124 tum
992 1083 1119 1125 etiam

83 1159 135 1190 ex
154 1146 292 1189 verbis
318 1147 506 1197 ipsorum
523 1176 534 1197 ‚
565 1158 663 1187 nam
690 1146 880 1185 Clemens
903 1146 936 1184 V
956 1145 1011 1184 ait
1038 1145 1119 1186 hoc

83 1208 312 1250 concedere
337 1209 391 1249 ad
417 1209 566 1250 salutis
595 1209 823 1248 animarum
850 1207 1029 1257 fidelium
1055 1206 1118 1247 in-

83 1274 320 1312 crementum
355 1273 393 1310 et
433 1270 712 1310 multationem
726 1286 743 1317 ;
784 1269 1008 1320 Gregorius
1047 1281 1119 1309 ve-

83 1344 130 1372 ro
143 1332 231 1372 XIII
248 1331 347 1371 dicit
366 1330 408 1371 id
427 1330 658 1370 concedere
676 1361 685 1378 ‚
706 1334 753 1370 ut
767 1331 908 1382 populi
933 1331 1061 1378 verbo,
1080 1334 1119 1372 et

83 1395 254 1446 exemplo
272 1394 550 1445 religiosorum
569 1393 833 1443 aedificentur.

134 1458 201 1496 27.
234 1455 422 1496 Secunda
449 1455 617 1495 assertio
630 1485 641 1503 ,
673 1467 752 1507 qua
788 1455 1023 1496 auctoritate
1036 1455 1120 1508 ful-

85 1518 228 1559 viatur.
242 1539 296 1547 —
311 1517 400 1565 Qua
419 1517 511 1557 item
530 1518 699 1557 ratione.
720 1539 771 1546 --
789 1518 838 1556 Et
856 1517 948 1556 ideo
972 1530 1120 1557 secun-

82 1579 137 1619 da
171 1579 344 1619 assertio
375 1577 462 1617 fere
496 1589 616 1629 aeque
645 1582 760 1618 certa
798 1591 848 1618 ac
877 1580 1118 1630 praecedens

83 1642 206 1680 statui
227 1644 383 1692 potest,
418 1652 539 1678 nsum
566 1640 694 1691 hujus
720 1640 927 1679 facultatis
947 1653 1031 1680 non
1052 1653 1119 1680 so-

83 1702 170 1741 lum
191 1703 347 1741 malum
366 1714 450 1741 non
473 1713 589 1751 esse,
611 1702 686 1741 sed
711 1702 836 1741 etiam
874 1715 965 1742 esse
996 1703 1118 1742 valde

85 1771 366 1817 opportunum
385 1763 593 1811 Ecclesiae,
618 1768 658 1803 et
685 1776 737 1803 ex
770 1764 834 1802 his
853 1764 995 1813 rebus,
1027 1777 1120 1815 quae

84 1827 162 1866 suh
178 1827 395 1866 consilium
413 1827 581 1872 cadunt,
599 1830 801 1876 quantum
818 1831 944 1866 estex
963 1838 1118 1878 genere

83 1901 173 1929 tuo.
190 1889 277 1927 Hoc
291 1892 439 1938 praeter
456 1888 743 1927 auctoritatem
759 1888 1004 1927 Pontificum
1025 1901 1120 1927 sua-

82 1950 182 1990 dent
211 1950 391 1989 maxime
420 1949 610 2000 exempla
644 1950 906 1998 Sanctorum,
940 1951 1010 2001 qui
1039 1951 1119 1990 hoc

80 2013 285 2061 fecerunt,
305 2024 388 2051 non
407 2013 568 2050 tantum
587 2012 703 2051 initio
718 2012 923 2059 Ecclesiae,
949 2013 1117 2063 quando

82 2074 163 2114 hoc
181 2073 415 2113 necessitati
436 2073 558 2112 tribui
579 2078 755 2124 poterat,
776 2074 851 2114 sed
882 2074 1005 2115 etiam
1027 2078 1119 2125 post

79 2137 253 2176 <fundata
271 2140 314 2177 et
333 2136 602 2187 multiplicata
623 2137 793 2188 templa,
818 2142 940 2188 prout
957 2141 1119 2176 constat

81 2199 210 2239 fuisse
236 2199 493 2250 temporibus
517 2199 646 2237 sancti
665 2199 878 2246 Bernardi,
899 2199 1116 2247 Dominici‚

82 2261 300 2308 Francisci‚
323 2265 365 2301 et
390 2261 581 2310 aliorum,
606 2274 710 2313 quos
728 2261 960 2311 retulimus,
983 2275 1007 2300 a
1026 2262 1121 2313 qui-

83 2323 162 2365 bus
180 2325 259 2363 hoc
277 2324 435 2363 factum
455 2327 531 2371 est,
549 2328 589 2362 et
609 2327 703 2374 post
724 2335 869 2362 eorum
885 2326 1073 2374 tempora
1093 2334 1118 2364 a

82 2386 222 2426 multis
236 2386 341 2435 aliis,
358 2389 404 2424 ut
419 2398 470 2425 ex
484 2385 665 2424 historiis
680 2386 925 2425 Sanctorum
941 2390 1114 2426 constat.

83 2449 134 2488 Et
151 2448 193 2488 in
210 2448 294 2488 vita
312 2448 443 2487 sancti
471 2448 698 2494 Francisci,
721 2460 812 2498 cap.
839 2450 906 2494 42,
941 2448 1119 2500 legimus

83 2509 164 2550 hoc
182 2509 315 2549 Deum
336 2508 534 2548 miraculo
555 2509 838 2548 confirmasse.
856 2508 974 2548 Ratio
994 2510 1119 2549 etiam

84 2571 164 2610 hoc
181 2570 373 2617 ostendit,
396 2570 494 2620 quia
519 2570 735 2609 hominum
765 2574 896 2609 status
917 2575 958 2609 et
979 2572 1120 2611 condi-

83 2634 218 2674 tiones
240 2633 342 2672 varii
374 2637 492 2681 sunt,
528 2637 568 2672 et
600 2645 751 2684 magna
771 2645 916 2672 eorum
945 2645 1042 2684 pars
1064 2633 1118 2673 ad

84 2695 339 2735 audiendum
363 2695 538 2734 verbum
558 2694 631 2733 Dei
653 2694 695 2733 in
715 2694 876 2746 templis
903 2706 987 2734 non
1022 2707 1120 2735 con-

86 2757 226 2806 currit,
244 2757 361 2796 multi
382 2757 478 2808 quia
497 2755 713 2795 commode
732 2768 815 2795 non
837 2761 1025 2807 possunt,
1048 2755 1116 2799 alii

86 2820 182 2872 quia
202 2823 370 2871 propter
388 2831 559 2870 pravam
576 2818 922 2858 consuetudinem
939 2819 1087 2859 nolunt
1105 2831 1116 2867 ς

86 2892 186 2933 ergo
200 2881 319 2920 valde
337 2882 437 2921 utile
454 2885 517 2921 est
533 2880 740 2928 Ecclesiae,
757 2885 802 2920 ut
820 2881 1027 2920 interdum
1050 2894 1118 2921 ex-

87 2945 155 2984 ssrn
169 2944 371 2995 templum
399 2944 442 2983 in
470 2943 639 2996 plateis,
662 2943 728 2982 vel
748 2943 838 2983 aliis
865 2943 965 2983 locis
986 2945 1118 2995 publi-

90 3004 148 3044 cis
164 3006 384 3045 conciones
404 3005 519 3054 fiant,
540 3010 587 3045 ut
603 3005 670 3045 vel
692 3004 807 3043 inviti
823 3010 1024 3055 cogantur
1044 3019 1118 3045 au·

90 3065 193 3116 dire,
223 3068 293 3118 qui
318 3067 543 3119 refugiunt,
561 3067 628 3109 vel
647 3070 757 3107 certe
775 3069 822 3105 ut
841 3066 1048 3117 impeditis
1075 3071 1118 3107 et

90 3125 381 3180 impotentibus
404 3129 633 3168 subsidium
651 3127 864 3179 spirituale
885 3128 1082 3168 offeratur
1100 3140 1117 3181 3

88 3192 135 3228 et
161 3190 220 3230 ita
248 3191 491 3243 proedicator
509 3203 559 3230 ex
589 3190 791 3230 charitate
817 3194 974 3240 quaerat
993 3191 1118 3231 etiam

88 3259 164 3291 uos
178 3251 249 3303 qui
265 3252 440 3292 verbum
468 3252 541 3291 Dei
561 3251 706 3291 audire
725 3255 936 3300 recusant,
951 3251 1120 3294 imitans

91 3316 189 3369 oum
203 3313 272 3366 qui
291 3313 394 3353 dixit
413 3325 426 3354 ι
447 3314 639 3354 Inventus
658 3326 746 3354 eum
769 3325 794 3352 a
815 3323 893 3352 non
911 3315 1121 3365 quoerentt-

87 3370 164 3417 §ue
184 3387 244 3416 me
253 3391 270 3423 ,·
296 3375 433 3427 palam
452 3376 625 3427 apparui
644 3375 708 3415 nis
738 3375 808 3428 qui
825 3386 887 3415 me
903 3386 982 3414 non
999 3375 1122 3416 incer-

92 3434 300 3487 monhaut,
317 3437 493 3477 Roman.
521 3437 538 3476 ⁴
563 3443 588 3485 ν,
618 3436 712 3475 lsai.
733 3437 799 3476 63.
821 3437 894 3476 Cui
920 3439 1124 3478 consonat

91 3491 206 3546 Q'od
235 3497 386 3537 Paulus
411 3498 492 3545 ait,
521 3498 547 3539 2
571 3497 626 3536 ad
649 3497 827 3537 Timoth.
848 3499 916 3538 4ι
937 3497 1123 3540 Proedioa

55 3558 58 3560 ’
92 3555 265 3608 Mum,
280 3560 392 3600 insta
407 3562 638 3613 opportune,
653 3559 890 3611 importuno.
904 3558 1123 3600 UbiTheo-

94 3614 312 3669 minema
331 3627 344 3658 ι
363 3621 459 3663 Non
489 3622 546 3662 sit
575 3620 652 3660 tibi
679 3622 831 3660 statum
863 3626 1030 3673 tempas,
1053 3621 1125 3661 aod

92 3676 319 3730 mn·
329 3681 468 3730 um,
486 3681 557 3723 loo
571 3684 646 3732 ut,
667 3692 758 3724 oum
772 3680 820 3722 tn
831 3679 1023 3734 permulto
1037 3682 1123 3732 fuo-

1171 713 1254 764 psit
1274 726 1325 754 ex
1352 713 1658 765 chrysostomo,
1682 712 1852 752 homilia
1872 726 1997 753 nona.
2022 715 2068 755 D.
2093 715 2204 756 Tho-

1170 787 1260 814 mas
1281 779 1420 814 autem
1441 775 1564 814 etiam
1592 775 1777 826 exponit,
1798 776 2036 825 importune,
2057 788 2204 817 secun-

1170 835 1270 875 dum
1283 837 1431 876 falsam
1445 836 1791 876 existimationem
1808 835 2085 884 audientium3
2101 849 2204 888 prae—

1171 897 1328 938 dicator
1346 898 1456 938 enim
1480 903 1738 949 opportunus
1765 902 1826 938 est
1846 898 2103 945 volentibus;
2127 899 2208 952 im<

1171 964 1374 1011 portunus
1396 961 1654 1007 nolentibus;
1677 960 1801 1000 dehet
1822 964 1963 1000 autem
1989 961 2043 1000 ita
2077 961 2206 1000 insta-

1170 1034 1240 1068 re,
1274 1026 1320 1061 ut
1343 1022 1468 1062 etium
1500 1023 1689 1062 nolentes
1716 1022 1861 1062 audire
1900 1026 2115 1074 cogantur.
2145 1023 2208 1062 Ad

1171 1083 1281 1123 hunc
1302 1097 1401 1134 ergo
1421 1085 1592 1123 modum
1613 1085 1847 1135 praedicatio
1865 1084 1907 1122 in
1928 1084 2073 1135 plateis
2093 1084 2207 1123 vide-

1170 1147 1239 1186 tur
1255 1146 1490 1196 importuna
1514 1159 1594 1184 non
1615 1148 1713 1185 satis
1727 1159 1816 1185 rem
1833 1146 2206 1194 considerantibu33

1172 1211 1235 1247 est
1251 1213 1390 1247 tamen
1410 1209 1528 1247 valde
1547 1213 1796 1260 opportuna,
1812 1213 1858 1249 ut
1873 1208 2047 1248 verbum
2062 1209 2136 1248 Dei
2154 1207 2210 1247 ad

1172 1283 1316 1310 omnes
1334 1272 1483 1310 melius
1503 1271 1773 1312 diffundatur.

1226 1334 1290 1373 28.
1323 1332 1388 1372 Ad
1406 1332 1656 1384 objectionem
1688 1333 1732 1371 in
1750 1344 1857 1372 num.
1878 1334 1944 1372 24.
1962 1354 2013 1362 -
2028 1332 2096 1372 Ad
2123 1332 2209 1383 pri-

1171 1406 1280 1435 mam
1313 1395 1644 1446 confirmationem
1673 1393 1768 1434 ibid.
1795 1406 1876 1434 una
1912 1395 2126 1446 responsio.
2155 1412 2210 1425 —

1172 1455 1314 1497 Altera
1332 1458 1547 1507 responsio.
1564 1478 1615 1484 —-
1631 1455 1701 1496 Ad
1717 1458 1926 1497 secundam
1946 1458 2210 1508 confirmatio-

1172 1530 1272 1558 nem.
1290 1540 1346 1549 —
1365 1519 1426 1557 Ad
1447 1519 1650 1557 rationem
1672 1530 1770 1569 ergo
1792 1519 1832 1557 in
1855 1520 2107 1557 contrarium
2126 1531 2210 1558 res-

1172 1580 1394 1631 pondetur,
1429 1581 1766 1631 praedicatiOnem
1799 1582 1964 1631 proprie
2001 1594 2084 1620 non
2117 1592 2210 1620 esse

1172 1642 1517 1683 ministrationem
1534 1655 1708 1688 sacram,
1727 1647 1771 1681 ut
1786 1648 1898 1682 recte
1916 1644 2089 1682 advertit
2101 1643 2211 1682 Abu-

1173 1704 1300 1743 lensis
1318 1717 1458 1755 supra,
1480 1706 1599 1755 cujus
1620 1705 1786 1755 signum
1806 1710 1882 1752 est,
1911 1706 2022 1756 quod
2041 1710 2211 1756 propter

1173 1767 1302 1813 illam,
1336 1771 1382 1805 ut
1415 1779 1540 1817 supra
1575 1767 1833 1815 divebamus,
1867 1780 1944 1806 nec
1977 1768 2212 1818 specialiter

1174 1831 1471 1867 consecrantur
1500 1828 1690 1875 ministri,
1726 1840 1864 1878 neque
1898 1830 2025 1867 eliam
2063 1829 2210 1878 aliquae

1173 1890 1404 1942 peculiares
1419 1891 1674 1928 caeremoniae
1687 1902 1761 1940 per
1777 1902 1820 1928 se
1836 1890 2082 1929 necessariae
2099 1895 2209 1940 sunt3

1173 1963 1310 2002 neque
1333 1952 1459 1989 etiam
1480 1952 1698 1990 ordinatur
1719 1951 1772 1989 ad
1793 1951 1972 2000 aliquam
1993 1952 2211 2002 mysticam

1173 2012 1537 2064 significationem,
1571 2013 1647 2051 sed
1679 2013 1815 2052 solum
1852 2014 1906 2052 ad
1934 2014 2137 2054 moralem
2171 2018 2212 2054 et

1175 2075 1428 2127 spiritualem
1463 2075 1650 2114 fidelium
1685 2075 1917 2123 utilitatem,
1950 2075 2130 2126 ideoque
2161 2088 2211 2116 ex

1169 2139 1331 2177 ratione
1368 2150 1443 2177 sua
1477 2150 1562 2176 non
1600 2138 1777 2188 postulat
1808 2150 1971 2175 sacrum
1999 2138 2135 2177 locum
2168 2138 2211 2176 in

1173 2211 1256 2251 quo
1280 2200 1364 2243 fiat,
1397 2200 1470 2238 sed
1489 2203 1650 2238 tantum
1678 2199 2037 2238 accommodatum
2069 2204 2109 2239 et
2139 2212 2212 2251 op·

1173 2266 1400 2313 portunum
1423 2261 1476 2300 ad
1496 2262 1714 2300 utilitatem
1740 2265 1782 2299 et
1804 2261 2118 2300 aedificationem
2139 2275 2211 2301 au—

1174 2323 1390 2363 dientium.
1422 2323 1485 2362 Ad
1518 2323 1693 2374 primam
1732 2323 2090 2362 confirmationem
2127 2337 2211 2364 res-

1172 2386 1380 2438 pondetur
1401 2385 1617 2435 imprimis,
1639 2385 1809 2435 templa,
1833 2385 1928 2424 licet
1951 2386 2211 2426 consecutio-

1174 2460 1228 2487 ne
1245 2447 1426 2498 quadam
1443 2447 1495 2485 ad
1510 2459 1662 2485 munus
1681 2447 1951 2486 concionandi
1970 2448 2208 2497 inserviant,

1173 2521 1259 2548 non
1279 2514 1419 2548 tamen
1441 2512 1609 2559 propter
1630 2509 1740 2547 hunc
1760 2508 1886 2547 finem
1907 2521 1982 2560 per
2005 2522 2050 2548 se
2076 2512 2210 2561 primo

1173 2571 1382 2618 instituta,
1406 2570 1479 2608 sed
1499 2574 1668 2620 propter
1699 2570 1945 2608 sacrificium
1967 2571 2009 2609 In
2031 2572 2090 2610 eis
2112 2572 2209 2611 offe-

1172 2633 1376 2680 rendum,
1398 2644 1446 2670 ac
1472 2631 1645 2682 proinde
1666 2643 1748 2669 non
1772 2632 1936 2683 proprie
1958 2631 2209 2673 benedicun-

1173 2698 1243 2733 tur
1262 2698 1334 2733 aut
1354 2697 1650 2732 consecrantur
1674 2697 1842 2743 propter
1863 2693 2121 2742 concionem,
2137 2695 2210 2734 sed

1173 2757 1308 2795 solum
1326 2755 1485 2794 ratione
1506 2754 1652 2793 divinae
1671 2754 1950 2800 Eucharistiae,
1974 2760 2014 2794 et
2034 2757 2210 2796 aliorum

1174 2822 1545 2858 sacramentorum.
1567 2816 1684 2855 Unde
1704 2816 1958 2866 Nicephorus
1977 2817 2117 2865 refert,
2136 2818 2206 2858 lib.

1174 2883 1224 2920 ⁴2
1250 2880 1454 2926 Historiae,
1492 2889 1584 2929 cap.
1616 2878 1827 2929 trigesimo
1861 2883 2031 2928 quarto,
2058 2880 2210 2920 alicubi

1171 2943 1296 2982 fuisse
1315 2941 1594 2988 observatum,
1615 2944 1658 2979 ut
1676 2952 1749 2991 pro
1770 2941 2038 2980 concionibus
2055 2941 2210 2982 facien-

1172 3005 1235 3045 dis
1255 3007 1391 3043 essent
1411 3003 1517 3050 loca,
1543 3015 1567 3041 a
1584 3003 1751 3054 templis
1772 3003 1950 3052 diversa,
1965 3004 2205 3055 designata3

1173 3070 1215 3106 et
1232 3065 1451 3105 Abulensis
1473 3077 1597 3115 supra
1619 3063 1809 3110 advertit,
1830 3076 1925 3103 cum
1943 3067 2129 3116 tempore
2149 3065 2209 3105 le·-

1173 3127 1237 3179 gis
1259 3127 1411 3166 veteris
1431 3126 1630 3165 sacrificia
1663 3125 1706 3164 in
1726 3137 1810 3165 uno
1833 3130 1995 3166 tantum
2019 3126 2208 3166 Hieroso-

1172 3189 1374 3242 lymitano
1402 3189 1557 3239 templo
1578 3188 1718 3227 offerri
1742 3194 1925 3240 possent,
1950 3188 2116 3227 Levitic.
2140 3189 2206 3236 17,

1172 3255 1216 3291 ot
1232 3253 1527 3290 Deuteronom.
1564 3252 1633 3299 21,
1672 3250 1715 3289 in
1751 3250 1841 3288 aliis
1879 3249 2113 3289 civitatibus
2142 3247 2209 3287 vel

1174 3313 1338 3365 oppidis
1372 3312 1500 3352 fuisse
1536 3312 1782 3364 Synagogas
1819 3311 1872 3350 ad
1906 3312 2133 3350 orationem
2165 3310 2208 3347 et

1173 3376 1418 3415 concionem
1448 3375 1681 3426 deputatas.
1705 3373 1824 3420 Quod
1852 3373 1976 3412 etiam
2006 3370 2207 3422 colligitur

1177 3449 1227 3476 ex
1246 3437 1368 3476 Lucae
1387 3439 1428 3483 4,
1449 3440 1491 3476 et
1508 3438 1705 3475 Actorum
1724 3436 1789 3484 13,
1810 3445 1917 3473 vers.
1941 3433 2004 3478 14,
2022 3437 2061 3470 et
2079 3443 2115 3470 c.
2138 3433 2203 3480 15,

1176 3509 1284 3538 vers.
1317 3498 1384 3539 21.
1420 3497 1576 3536 Deinde
1597 3497 1766 3544 dicitur,
1797 3495 1881 3534 sive
1914 3492 2083 3543 templa,
2120 3493 2207 3534 sive

1174 3559 1258 3599 alia
1280 3559 1372 3599 loca
1407 3559 1613 3599 destinata
1636 3558 1716 3596 sint
1736 3556 1789 3595 ad
1809 3565 1960 3592 munus
1979 3554 2206 3605 praedican-

1172 3619 1234 3667 di,
1254 3632 1338 3659 non
1359 3619 1455 3660 inde
1474 3619 1579 3666 fleri,
1599 3618 1699 3656 illud
1719 3627 1801 3655 non
1821 3626 1944 3666 posse
1965 3615 2146 3655 exerceri
2161 3616 2205 3655 in

1173 3680 1269 3723 aliis
1284 3680 1405 3729 lotan
1425 3690 1525 3720 nam
1542 3679 1634 3721 loca
1652 3677 1724 3720 ule
1749 3686 1836 3718 uon
1860 3674 2133 3732 designentur
2157 3678 2206 3718 nt
