2352 3880
0 0 61 98 ,Ρ

405 334 731 428 INDEX
795 331 1245 428 CAPITUM
1302 331 1579 425 LIBRI
1644 301 1986 426 TERTH

129 549 198 600 DE
229 544 542 598 ADMISSIONE
573 542 892 594 NOVITIORUM
916 543 972 592 IN
1004 542 1339 592 SOGIETATEM
1369 541 1492 589 JESU
1526 539 1631 588 PER
1660 540 1786 588 TRIA
1810 542 1949 591 VOTA
1981 541 2251 594 SIMPLIGIA'

576 636 631 688 [N
659 635 915 694 COMMUNI,
947 633 1016 685 ET
1038 634 1223 682 EORUM
1254 633 1645 688 DISSOLUTIONE,
1679 632 1795 682 ETG.

762 781 1608 820 ψ

122 955 228 1007 ΟΑΡ.
255 956 291 1005 Ι.
323 954 651 1020 proponuntur
675 964 962 1019 arqumenta,
990 952 1154 1017 quibus
1205 952 1314 1002 CAp,
1365 949 1420 1000 V.
1480 951 1561 1000 An
1603 950 1828 1015 praedicta
1872 951 2248 1002 scholasticorum

185 1037 236 1085 in
260 1036 536 1089 Societatem
558 1036 776 1085 admissio
801 1052 885 1098 per
908 1043 1013 1083 vota
1035 1034 1153 1082 sim·
1274 1031 1636 1095 approbatorum
1660 1031 1878 1079 admissio
1898 1032 1948 1079 in
1967 1031 2246 1084 Societatem

183 1116 329 1179 plicia
350 1130 592 1178 perperam
613 1114 883 1178 impuynata
902 1115 993 1178 fuit
1006 1132 1024 1170 ;
1041 1130 1152 1178 sup·
1273 1112 1469 1159 dicenda
1494 1112 1554 1159 sit
1578 1113 1803 1175 professio
1827 1114 1854 1161 ?

183 1205 500 1260 ponunturque
545 1195 767 1243 nonnulla
816 1211 901 1260 pro
961 1197 1154 1245 veritate
1206 1189 1315 1239 CAP.
1354 1191 1430 1238 VI.
1470 1189 1581 1247 Quae
1623 1191 1906 1239 conditiones
1947 1191 2246 1256 requirantur

180 1276 472 1325 stabilienda.
1271 1289 1331 1322 ex
1363 1283 1496 1336 parte
1530 1274 1750 1330 voventis,
1782 1284 1834 1323 ut
1862 1277 2087 1339 proedicta
2110 1278 2246 1326 scho-

115 1358 222 1409 CAP.
263 1359 321 1406 ΙΙ.
363 1357 481 1405 Vera
502 1358 718 1406 resolutio
744 1357 996 1421 superioris
1020 1358 1150 1421 capi-
1274 1355 1540 1404 lasticorum
1561 1366 1667 1405 vota
1690 1358 1806 1421 fiant
1829 1359 2015 1407 valide?

182 1439 254 1492 tis,
285 1447 420 1502 atque
444 1439 842 1502 impuqnationum
867 1439 1038 1487 ibidem
1062 1439 1150 1486 ad-
1203 1439 1310 1490 CAP.
1349 1440 1448 1488 VII.
1488 1438 1599 1497 Quae
1625 1440 1908 1488 conditiones
1946 1438 2244 1504 requirantur

178 1521 436 1569 ductarum.
1269 1536 1327 1569 ex
1369 1529 1503 1583 parte
1548 1520 1804 1584 reliqionis,
1846 1530 1895 1568 ut
1936 1522 2099 1569 eadem
2136 1529 2242 1570 vota

112 1600 218 1650 CAP.
271 1602 351 1648 III.
396 1601 474 1649 An
505 1602 600 1649 hoec
639 1602 1015 1650 scholasticorum
1056 1619 1144 1666 ap-
1266 1603 1550 1651 scholarium
1573 1602 1726 1650 valide
1749 1602 1905 1666 fiant?

177 1683 387 1745 probatio
415 1719 428 1742 ,
473 1683 568 1730 sive
615 1683 834 1731 admissio
883 1685 933 1731 in
982 1683 1142 1732 Socie-
1197 1686 1303 1732 Cn).
1343 1685 1462 1733 VIII.
1501 1683 1579 1731 An
1627 1683 1768 1730 tacita
1810 1692 2019 1730 votorum
2055 1683 2239 1731 emissio

180 1770 318 1810 tatem
342 1762 468 1817 Jesu,
501 1778 658 1810 verum
683 1763 948 1827 reliyiosum
970 1765 1143 1813 consti-
1264 1783 1343 1814 seu
1362 1766 1692 1828 incorporatio,
1710 1766 1759 1813 in
1775 1765 2060 1814 scholaribus
2077 1765 2240 1814 Socie-

179 1843 319 1889 tuat?
1271 1847 1376 1893 tatis
1402 1846 1551 1892 locum
1577 1845 1781 1891 habeat?

111 1922 215 1973 CAP.
266 1923 341 1971 IV.
387 1924 649 1973 Corollaria
688 1923 779 1972 tria
813 1925 906 1973 sive
951 1926 1141 1973 conclu-
1195 1927 1302 1976 Ciu.
1330 1925 1506 1973 IX.An
1521 1925 1801 1972 scholarium
1820 1933 1925 1972 vota
1947 1925 2046 1972 tolli
2059 1924 2239 1987 possint

176 2005 325 2056 siones
347 2021 404 2053 ex
428 2006 680 2070 principali
701 2007 953 2071 superioris
976 2008 1143 2071 capitis
1262 2023 1344 2072 per
1380 2008 1802 2062 commutationem,
1825 2016 1904 2054 aut
1930 2006 2236 2071 dispensatio·

174 2087 461 2136 conclusione
486 2089 788 2137 deducuntur.
1263 2106 1387 2150 nem,
1415 2100 1495 2138 aut
1518 2090 1868 2138 irritationem?

916 2389 1109 2449 LIBER
1145 2388 1420 2449 TERTIUS

228 2565 391 2684 DE
473 2564 1232 2717 ADMISSIONE
1314 2564 2131 2682 SGHOLARIUM

481 2792 527 2838 [N
552 2792 824 2847 SOCIETATEM,
850 2793 932 2837 PER
956 2794 1066 2841 VOTA
1092 2793 1313 2845 SIMPLICIA,
1340 2792 1572 2840 EORUMQUE
1597 2793 1857 2839 DIMISSIONE.

158 3106 375 3161 Proprium
394 3117 442 3149 ac
463 3105 670 3160 peculiare
703 3110 764 3148 est
796 3106 1007 3148 Societatis
1027 3107 1134 3149 inter
1188 3108 1332 3147 ultimo
1360 3106 1755 3160 termino‘perfectae
1773 3107 1951 3157 unionis,
1977 3118 2099 3160 quam
2128 3111 2224 3147 eum

109 3179 252 3209 omnes
281 3170 516 3221 religioneS,
552 3174 599 3210 ut
626 3170 732 3210 inter
764 3171 1043 3222 receptionem
1080 3170 1133 3210 ad
1188 3182 1359 3222 corpore
1390 3171 1603 3211 societatis
1627 3171 1781 3210 habere
1813 3174 1962 3222 potest,
1994 3171 2069 3210 sed
2087 3170 2223 3209 adhuc

108 3227 293 3269 habitum
313 3236 352 3270 et
381 3232 434 3271 ad
452 3231 752 3284 professionem
778 3232 1022 3279 solemnem,
1058 3232 1134 3271 ha·
1186 3231 1228 3270 in
1246 3232 1390 3271 ordine
1412 3231 1465 3270 ad
1486 3232 1600 3270 illum
1616 3233 1753 3283 aliquo
1774 3232 1898 3271 modo
1916 3232 1959 3270 in
1978 3231 2219 3283 probatione

107 3287 204 3329 beat
233 3291 413 3331 medium
432 3294 653 3344 quemdam
673 3294 913 3333 admittendi
943 3294 1127 3342 modum,
1185 3297 1339 3332 manet.
1363 3294 1439 3340 Qui
1457 3294 1605 3333 modus
1630 3293 1891 3333 admissionis
1917 3297 2085 3344 propter
2106 3290 2221 3329 seho-

107 3358 184 3402 per
212 3362 336 3401 quem
362 3352 411 3400 is,
441 3355 511 3404 qui
538 3355 778 3403 admittitur,
812 3359 927 3394 extra
955 3355 1128 3407 gradum
1185 3354 1351 3393 lasticos
1366 3355 1574 3406 praecipue
1588 3355 1780 3394 inventus
1800 3358 1885 3402 est;
1910 3352 2144 3394 extenditur
2157 3354 2219 3390 ta-

108 3411 355 3450 novitiorum
388 3414 655 3464 constituitur,
692 3420 732 3456 et
751 3415 938 3468 religioni
973 3416 1129 3464 unitur,
1186 3428 1283 3455 men
1305 3416 1427 3455 etiam
1449 3416 1502 3455 ad
1516 3416 1777 3467 coadjutores
1793 3414 2055 3466 temporales,
2079 3410 2148 3461 qui
2164 3410 2218 3450 ad

108 3473 305 3523 tanquam
338 3484 483 3512 verum
519 3476 750 3516 membrum
785 3478 892 3529 ejus,
924 3489 1133 3528 verusque
1187 3475 2218 3528 scholaresipsosjuvandosrecipiuntur;etquam-

109 3532 350 3584 religiosus;
371 3537 414 3574 et
430 3533 696 3576 nihilominus
711 3549 798 3579 non
813 3538 1075 3580 constituitur
1091 3539 1137 3579 in
1187 3539 1251 3579 vis
1280 3539 1327 3579 in
1352 3539 1590 3580 ministeriis
1612 3539 1818 3585 dIfferant,
1843 3537 1887 3575 in
1912 3534 2145 3576 substantia
2175 3537 2218 3575 et
