2352 3880
12 331 19 370 i
36 306 207 379 ivibus)
225 324 452 378 imponitur
471 336 497 365 a
516 323 722 372 Generali‚
743 323 815 375 qui
839 322 960 383 longe
981 320 1100 361 distat

46 401 102 432 μα
113 401 213 435 reo;
239 391 279 426 et
298 387 356 426 ita
376 398 462 425 non
484 389 621 437 potest
639 397 807 424 causam
830 396 899 435 pei
920 383 1100 435 seipsum

68 449 327 496 examinare,
348 459 485 498 neque
507 446 793 487 excusationes
830 446 920 496 ejus
941 437 1098 493 audire,

69 511 185 567 quod
205 510 367 549 videtur
385 521 508 560 grave
528 520 635 548 onus
653 507 928 548 subditorum.

125 575 166 615 5.
195 572 444 614 Proenotacio
477 571 532 612 ad
558 571 733 622 primam
763 570 1028 621 objectionem.
1047 589 1101 600 —

72 632 138 676 Ad
173 633 442 685 principalem
491 631 766 682 obJectionem
803 631 1097 681 respondetur,

72 695 237 738 duobus
255 694 388 733 modis
407 704 529 744 posse
553 693 796 732 Societatem
824 692 1004 742 aliquem
1031 702 1102 730 ex·

69 757 241 810 pellere,
274 755 445 803 scilicet,
466 757 538 793 aut
576 753 617 793 in
638 764 802 804 poenam
839 754 1097 801 delictorum,

39 826 41 829 '
67 821 144 860 aut
160 820 332 870 propter
347 816 451 855 alias
469 827 615 856 causas
641 827 732 866 quae
752 814 930 854 reddunt
957 825 1101 866 perso-

69 889 168 920 nam
186 879 376 917 inutilem
393 878 488 916 huic
507 878 708 924 instituto,
741 877 807 918 vel
839 877 978 916 minus
1001 886 1100 916 con-

69 941 306 982 venientem
324 940 394 979 tali
411 939 615 991 religioni,
643 938 804 979 etiamsi
832 938 980 977 delicta
1014 948 1099 976 non

69 1001 166 1050 sint,
183 1012 319 1051 neque
341 1002 382 1039 in
402 1006 487 1040 toto
499 1001 668 1051 justitiae
697 1001 834 1051 rigore
853 999 989 1051 puniri
1008 1010 1100 1050 pos-

70 1063 166 1105 sint.
188 1064 247 1102 Ex
265 1063 416 1113 quibus
441 1063 605 1102 duobus
624 1062 758 1102 modis
777 1062 889 1112 prior
906 1071 958 1100 ex
977 1071 1020 1099 se
1038 1062 1101 1098 est

70 1124 372 1165 involuntarius
407 1123 641 1175 ejiciendoz
671 1133 767 1162 nam
794 1130 941 1173 parum
975 1119 1101 1159 refert

69 1187 183 1239 quod
203 1185 433 1225 consentiat
458 1186 524 1225 vel
553 1188 760 1235 repugnet
785 1195 882 1223 reus
907 1186 1100 1232 respectu

68 1258 219 1300 poenae,
237 1247 270 1285 si
291 1248 391 1285 alias
407 1247 516 1286 illam
533 1251 728 1285 meretur.
748 1243 949 1284 Posterior
960 1248 1099 1284 autem

70 1308 220 1350 modus
239 1308 329 1347 fieri
351 1308 474 1346 etiam
497 1311 629 1359 potest
645 1305 867 1355 aliquando
884 1304 1013 1344 invito
1034 1315 1098 1344 re-

67 1368 228 1421 ligioso,
259 1380 368 1420 saepe
391 1380 489 1407 vero
522 1368 567 1407 fit
605 1379 655 1406 ex
682 1378 888 1406 consensu
918 1371 958 1405 et
980 1365 1099 1416 quasi

69 1431 343 1472 conventione
363 1431 555 1480 partium.
578 1428 750 1475 Quando
766 1439 865 1473 eruo
889 1428 1034 1477 ejectio
1057 1427 1102 1466 fit

69 1491 112 1532 in
129 1503 297 1542 poenam
315 1494 493 1539 tantum,
529 1494 570 1530 et·
599 1489 714 1528 nullo
739 1489 879 1526 habito
909 1492 1103 1538 respectu

69 1553 140 1605 qui
159 1565 236 1605 per
259 1564 300 1591 se
327 1551 504 1591 sutticiat
541 1549 596 1591 ad
628 1549 930 1590 excludendam
962 1560 1103 1599 perso-

69 1623 182 1660 nam,
210 1615 373 1654 seclusa
402 1613 559 1652 ratione
579 1622 732 1662 poenae,
752 1615 851 1650 tunc
888 1621 1105 1661 nunquam

71 1675 118 1715 fit
135 1688 213 1715 nec
230 1678 363 1726 potest·
391 1674 574 1724 legitime
594 1673 685 1711 fieri
710 1673 872 1723 ejectio,
910 1672 990 1711 nisi
1019 1683 1105 1711 ser-

72 1741 166 1775 vato
185 1737 331 1775 ordine
349 1735 528 1787 regulari
548 1733 758 1785 injudicio
778 1733 949 1772 ferendo
966 1732 1016 1773 de
1034 1733 1104 1773 de·

71 1796 183 1846 licto,
221 1801 390 1848 propter
426 1795 538 1847 quod
573 1796 668 1835 talis
700 1805 824 1846 poena
859 1793 1103 1841 imponam-4

77 1858 282 1898 Probatur
295 1861 540 1909 argu-uento
561 1856 667 1895 facto
679 1856 721 1895 in
735 1856 983 1905 objectione,
1000 1857 1104 1895 Item

71 1919 169 1970 quia
191 1923 288 1958 tunc
310 1918 455 1969 ejectio
484 1922 547 1956 est
565 1928 691 1968 poena
714 1917 935 1967 judicialis,
955 1928 1030 1957 seu
1045 1917 1104 1958 le-

72 1980 205 2033 galis;
233 1979 307 2018 sed
328 1981 372 2018 in
392 1978 627 2029 hujusmodi
662 1979 795 2027 poenis
823 1978 1003 2016 maxime
1032 1987 1104 2015 ne-

73 2041 295 2082 cessarium
332 2044 396 2080 est
428 2050 595 2079 servare
620 2038 863 2090 judicialem
896 2038 1100 2086 ordinem,

73 2103 221 2144 §.altem
235 2101 564 2146 substantialem,
587 2111 634 2139 ae
648 2099 687 2138 in
703 2100 902 2150 religione
919 2099 1103 2150 praeseri-

72 2169 223 2216 ptum3
257 2175 371 2215 ergo.
402 2164 506 2202 Item
541 2162 861 2201 Constitutiones
888 2161 1103 2201 societatis

73 2238 157 2268 non
178 2225 418 2278 disponunt,
442 2228 487 2264 ut
513 2223 601 2263 haec
619 2233 744 2273 poena
777 2222 895 2261 aliter
913 2222 1102 2273 impona-

75 2290 153 2336 tur,
185 2299 263 2327 nec
281 2298 354 2338 per
372 2283 534 2326 Indulta
557 2283 766 2323 Pontificia
783 2283 905 2322 habet
922 2283 1103 2323 Societas

70 2349 116 2390 in
145 2349 226 2389 hoc
256 2346 426 2399 aliquod
465 2344 645 2399 speciale
683 2344 964 2396 privilegium3
1002 2355 1102 2395 ergo

73 2409 198 2452 debet
230 2419 400 2450 servare
436 2417 703 2448 communem
742 2406 943 2450 ordinem,
978 2416 1104 2457 quem

75 2476 188 2512 recta
208 2471 314 2512 ratio
331 2468 506 2522 requirit
530 2469 583 2508 ad
610 2468 847 2518 hujusmodi
873 2465 1020 2519 peenas
1043 2468 1104 2507 iu·

70 2531 284 2581 ferendas,
322 2531 486 2572 etiamsi
521 2530 702 2585 rigorem
730 2528 836 2582 ⁵iuris
870 2529 1102 2570 communis

76 2604 243 2636 servare
263 2604 347 2633 non
363 2595 569 2633 teneatur.

127 2656 170 2696 6.
202 2655 261 2696 De
280 2654 421 2706 quibus
448 2653 624 2695 maxime
653 2647 842 2704 procedat
866 2649 1104 2704 pronuntia·

75 2718 176 2760 tum.
196 2736 250 2746 -
268 2716 362 2754 Haec
382 2718 522 2754 autem
542 2713 714 2754 assertio
746 2713 950 2765 praecipue
967 2712 1104 2753 locum

76 2775 203 2818 habet
215 2778 259 2816 in
275 2775 485 2828 professis,
512 2786 609 2814 nam
634 2776 676 2814 in
701 2776 858 2814 caeteris
890 2784 1106 2825 nunquam

78 2839 225 2892 ejectio
249 2842 311 2877 est
327 2838 384 2876 ita
403 2837 580 2888 poenalis
598 2847 672 2875 seu
694 2835 915 2886 judicialis,
935 2837 1035 2888 quin
1055 2836 1108 2875 sit

78 2901 205 2942 etiam
225 2898 564 2946 conventionalis,
584 2901 630 2936 ut
646 2897 767 2944 infra,
798 2907 842 2936 n.
879 2898 903 2935 7
924 2902 964 2936 et
980 2897 1020 2945 8,
1040 2907 1108 2936 ex-

75 2954 338 3016 plicabimus,
359 2963 401 3000 et
421 2969 472 3000 ex
491 2958 570 2997 hoc
581 2958 712 3009 capite
727 2957 818 2997 fieri
835 2962 971 3009 potest
987 2962 1031 2998 ut
1041 2959 1106 3009 ju-

78 3021 238 3066 dicialis
254 3020 370 3067 ordo,
403 3019 655 3071 quicumque
681 3019 750 3058 ille
780 3019 916 3067 fuerit,
944 3020 1105 3060 nonita

79 3084 314 3126 necessario
329 3081 610 3133 expectandus
642 3079 705 3119 sit.
721 3080 767 3119 In
796 3080 992 3131 professis
1007 3092 1103 3121 vere

81 3145 248 3198 proprie
267 3144 392 3184 habet
409 3144 546 3182 locum
566 3143 654 3181 haec
669 3141 857 3189 assertio,
876 3153 972 3180 nam
985 3142 1104 3192 infra,

81 3205 152 3247 lib.
170 3207 237 3253 11,
253 3218 343 3257 cap.
367 3207 406 3254 t,
427 3204 643 3244 ostendam
663 3215 734 3243 eos
751 3214 872 3254 posse
887 3203 981 3253 ejici
994 3215 1018 3242 a
1033 3204 1107 3244 So·

76 3259 229 3317 ,eietate
247 3270 414 3318 propter
432 3265 597 3312 delicta,
618 3268 661 3305 et
683 3275 767 3303 non
789 3268 959 3316 propter
985 3265 1108 3306 aliam

59 3335 268 3376 mamam,
291 3328 369 3366 illis
388 3327 536 3366 invitis.
558 3327 611 3367 Ut
648 3337 746 3378 ergo
784 3326 843 3366 sic
878 3323 1109 3377 ejiciantur,

58 3377 273 3454 jonvinci
292 3388 444 3427 dehent
463 3387 515 3427 de
547 3386 712 3435 delicto,
751 3387 1013 3438 procedendo
1043 3388 1111 3439 ju-

59 3482 65 3490 ,
79 3445 290 3510 ῥίοἰειίίῑθι·
317 3453 460 3488 eontra
480 3460 564 3495 eos,
583 3448 722 3498 aliquo
744 3449 868 3487 modo
899 3448 1111 3489 sufficienti

86 3509 143 3561 {td
162 3510 410 3550 servandum
422 3511 493 3561 Jus
510 3509 716 3556 naturale,
738 3513 783 3549 ut
816 3509 1006 3549 diximus.
1046 3509 1112 3549 Di-

61 3573 174 3635 με,
193 3571 400 3611 interdum
424 3570 663 3622 contingere
681 3581 803 3623 posse
823 3574 868 3610 ut
902 3570 1111 3622 professus

62 3632 318 3694 gppellatur
337 3633 472 3686 magis
499 3635 669 3687 propter
694 3631 1013 3675 indemnitatem
1038 3643 1110 3678 te-

99 3733 109 3766 i
297 3711 382 3743 m.

449 259 541 296 GAP.
562 253 912 293 xlia-Aprucxrlo
931 254 1147 291 noc't’mNAE
1167 257 1491 294 PRAECEDENTIUM
1513 259 1702 301 carlum,
1724 261 1816 297 E'rc.

2079 245 2193 306 μή·

1156 321 1335 374 ligimus,
1366 336 1490 375 quam
1514 331 1682 378 propter
1701 326 1946 379 supplicium
1969 327 2059 381 ejus
2084 343 2094 377 ;
2122 344 2183 371 er·

1156 394 1224 434 go,
1247 386 1413 436 quando
1430 387 1518 426 haec
1539 388 1643 427 ratio
1676 388 1772 428 boni
1793 391 2022 431 communis
2058 391 2183 434 inter-

1156 446 1281 497 venit,
1302 447 1440 486 nullus
1460 452 1521 487 est
1545 450 1823 500 expectandus
1839 451 2044 503 judicialis
2063 453 2182 506 ordo,
2238 467 2241 471 ·

1157 506 1190 544 si
1209 506 1366 546 bonum
1388 519 1608 549 commune
1642 512 1907 562 periclitetur.
1946 515 2183 566 Responde-

1154 570 1222 606 tur
1238 568 1384 618 primo,
1402 569 1610 619 jamtum:
1641 584 1727 611 non
1759 574 2010 614 considerari
2037 588 2184 627 puram

1153 629 1356 668 rationem
1378 641 1525 680 poenae,
1544 631 1594 670 de
1609 644 1690 682 qua
1703 636 1873 675 assertio
1896 637 2085 687 loquitur,
2109 638 2184 679 sed

1154 691 1356 730 rationem
1377 692 1551 730 remedii
1566 695 1609 731 et
1626 696 1794 734 cautelae
1821 697 1874 736 ad
1893 699 2184 748 praevenienda

1155 753 1280 801 mala,
1309 757 1348 794 et
1371 753 1465 792 ideo
1489 753 1762 804 objectionem
1782 769 1866 796 non
1896 771 1988 798 esse
2026 761 2182 801 directe

1156 819 1297 855 contra
1329 816 1612 855 assertionem.
1649 817 1768 858 Unde
1794 821 1975 859 secundo
2018 822 2180 873 dicitur,

1153 879 1251 915 tunc
1269 877 1436 927 quidem
1466 876 1520 917 ob
1548 877 1660 917 illam
1688 878 1892 918 rationem
1925 881 2179 932 adjunctam,

1154 949 1239 976 non
1260 949 1351 977 esse
1369 939 1650 978 necessarium
1666 941 1857 979 eumdem
1871 941 2108 991 judicialem
2120 956 2184 986 or·-

1155 998 1309 1043 dinem,
1332 1000 1400 1049 qui
1420 1000 1577 1050 absque
1599 1001 1669 1040 illa
1696 1002 1924 1040 servandus
1935 1009 2071 1053 esset:
2087 1017 2192 1049 nam,

1153 1063 1252 1100 tunc
1263 1063 1431 1111 propter
1445 1061 1596 1101 indicia
1614 1061 1679 1102 vel
1695 1062 1953 1114 probabilem
1967 1065 2185 1105 denuntia-

1154 1122 1312 1161 tionem
1341 1122 1489 1172 inquiri
1511 1127 1648 1173 potest,
1674 1123 1729 1164 de
1765 1124 1836 1164 tali
1861 1136 2053 1175 persona,
2073 1127 2185 1178 qnod

1156 1184 1257 1223 alias
1274 1196 1358 1223 non
1375 1184 1531 1232 liceret,
1551 1190 1597 1224 ut
1619 1196 1758 1236 supra,
1780 1197 1816 1226 c.
1836 1188 1900 1234 12,
1922 1199 1948 1226 a
1974 1201 2089 1228 num.
2114 1191 2183 1237 20,

1154 1245 1307 1285 dictum
1329 1250 1390 1285 est
1402 1261 1413 1293 3
1431 1246 1699 1285 nihilominus
1715 1250 1855 1286 tamen
1879 1249 2001 1288 etiam
2021 1262 2184 1290 servan-

1154 1307 1231 1346 dus
1249 1314 1311 1346 est
1332 1307 1479 1357 aliquis
1517 1308 1619 1347 ordo
1644 1308 1886 1358 judiciarius
1910 1310 1964 1349 ad
1996 1311 2114 1350 illum
2133 1311 2185 1351 fi-

1157 1379 1252 1406 nem
1274 1369 1481 1407 sufficiens
1509 1370 1551 1407 et
1582 1370 1934 1416 accommodatum
1962 1372 2081 1421 Juxta
2116 1383 2186 1412 su-

1157 1429 1296 1480 perius
1317 1429 1425 1467 dicta
1444 1444 1456 1477 3
1477 1439 1576 1467 nam
1595 1430 1732 1480 aliqua
1757 1430 2013 1470 denuntiatio
2034 1434 2098 1471 vel
2125 1433 2185 1472 in·

1159 1490 1267 1529 dicia
1284 1490 1430 1528 saltem
1447 1489 1539 1528 talis
1559 1503 1744 1540 personae
1758 1494 1994 1542 praecedere
2016 1494 2183 1542 debent,

1160 1555 1200 1591 et
1221 1551 1418 1601 subsequi
1438 1552 1646 1591 sufficiens
1666 1553 1870 1603 probatio,
1896 1553 1953 1592 ita
1972 1559 2014 1593 ut
2035 1555 2186 1595 fat-iant

1158 1623 1246 1653 rem
1266 1612 1477 1651 moraliter
1496 1619 1652 1652 certam
1678 1614 1719 1652 in
1739 1614 1924 1653 humano
1949 1616 2122 1665 judicio,
2145 1620 2186 1655 et

1158 1673 1201 1713 in
1218 1684 1267 1712 eo
1288 1674 1503 1712 conferant
1524 1675 1708 1713 notitIam
1730 1675 1951 1724 publicam,
1974 1676 2015 1713 id
2037 1680 2112 1724 est,
2134 1677 2185 1716 de

1159 1747 1240 1787 qua
1259 1737 1387 1786 possit
1407 1736 1571 1786 publico
1608 1737 1844 1775 testimonio
1865 1741 2066 1776 constare.
2104 1738 2186 1777 Ad-

1156 1797 1340 1837 dendum
1357 1797 1481 1836 etiam
1502 1801 1578 1844 est,
1597 1802 1764 1847 propter
1785 1799 1891 1836 hunc
1914 1799 2036 1837 finem
2054 1799 2186 1838 vitan-

1157 1858 1198 1898 di
1219 1858 1298 1897 alia
1310 1858 1434 1906 mala,
1458 1857 1619 1897 seclusa
1630 1858 1789 1896 ratione
1803 1859 2015 1910 condignae
2031 1872 2183 1910 poenae,

1156 1931 1242 1960 non
1261 1932 1351 1960 esse
1374 1920 1553 1968 aliquem
1581 1919 1886 1966 dimittendum,
1920 1922 2085 1970 quando
2107 1922 2187 1960 alia

1156 1981 1295 2020 media
1315 1982 1505 2019 sufficere
1535 1983 1711 2031 possunt
1743 1980 1797 2018 ad
1837 1981 2050 2019 vitandum
2087 1981 2187 2022 illud

1157 2042 1312 2082 „mitum
1332 2054 1342 2088 ;
1362 2042 1458 2092 quia
1478 2045 1614 2080 cessat
1635 2042 1871 2090 necessitas,
1913 2047 1953 2081 et
1989 2044 2186 2084 abscissio

1155 2104 1331 2143 membri
1352 2114 1435 2142 non
1455 2106 1593 2153 potest
1611 2103 1751 2140 nisiex
1770 2104 2013 2142 necessitate
2036 2105 2186 2144 hones-

1155 2164 1261 2212 tari;
1284 2163 1395 2203 unde
1416 2164 1457 2201 in
1478 2164 1731 2208 universum,
1751 2163 1783 2201 si
1804 2163 1989 2202 subditus
2009 2166 2184 2217 corriga-

1157 2229 1239 2274 tur,
1276 2227 1320 2264 et
1353 2223 1578 2275 probabilis
1607 2224 1728 2262 timor
1760 2225 1926 2264 recidivi
1955 2226 2181 2275 auferatur,

1155 2297 1242 2326 non
1258 2289 1394 2336 potest
1415 2285 1505 2324 talis
1523 2285 1679 2336 imponi
1701 2294 1838 2335 poena,
1870 2298 1965 2324 cum
2003 2289 2183 2327 necessi-

1156 2351 1220 2387 tas
1239 2358 1313 2386 seu
1326 2346 1561 2399 periculum
1587 2348 1820 2388 communis
1836 2346 2074 2388 detrimenti
2099 2362 2184 2391 ces-

1156 2407 1320 2451 saverit.

1208 2472 1249 2513 7„
1278 2468 1371 2510 IIoc
1381 2462 1686 2521 pronuntiatum
1704 2464 1750 2509 ds
1770 2468 1968 2520 professis
1993 2474 2066 2512 aut
2097 2473 2184 2522 for-

1157 2531 1279 2574 masis
1295 2542 1373 2573 ozon
1385 2531 1577 2582 procedit.
1591 2552 1642 2558 —-
1653 2530 1843 2570 Secundo
1861 2531 2083 2571 dicenda-m
2098 2538 2179 2573 est:

1157 2592 1323 2646 quando
1340 2591 1431 2643 quis
1468 2591 1711 2639 excluditur,
1734 2602 1817 2631 non
1836 2592 1878 2631 in
1905 2605 2087 2644 poenam,
2109 2607 2183 2635 nec

1158 2658 1326 2707 propter
1348 2653 1765 2703 incorrigibilitatem,
1801 2653 1875 2693 sed
1907 2660 2074 2705 propter
2103 2656 2182 2695 alia

1159 2714 1376 2757 commoda
1408 2714 1635 2764 religionis,
1671 2713 1761 2764 ipso
1788 2726 1872 2752 non
1907 2721 2181 2766 repugnante,

1159 2778 1235 2819 sed
1253 2777 1388 2828 potius
1403 2774 1704 2823 consentiente,
1741 2775 1877 2814 nullus
1909 2781 1970 2815 est
1995 2790 2184 2817 necessa-

1161 2839 1247 2879 rius
1268 2836 1472 2890 judicialis
1494 2837 1609 2882 ordo,
1633 2835 1705 2875 sed
1723 2837 1914 2886 quaelibet
1932 2838 2181 2888 informatio,

1162 2911 1237 2941 seu
1261 2898 1420 2945 notitia,
1438 2897 1668 2938 secundum
1690 2897 1953 2948 prudentiam
1977 2901 2185 2940 sufficiens

1162 2960 1215 3002 ad
1237 2960 1316 2999 alia
1335 2959 1475 3010 gravia
1495 2958 1675 3010 negotia,
1693 2958 1744 2997 ad
1764 2958 1840 2998 hoc
1861 2960 1982 2998 etiam
2002 2961 2181 3000 satisest.

1161 3021 1386 3073 Loquimur
1414 3032 1579 3070 semper
1597 3019 1648 3058 de
1671 3020 1811 3058 notitia
1832 3024 1944 3058 extra
1964 3022 2187 3060 contessio-

1161 3094 1258 3122 nem
1285 3082 1440 3128 habita,
1461 3093 1559 3120 nam
1596 3081 1906 3120 sacramentalis
1937 3094 2018 3120 non
2054 3085 2187 3132 potest

1162 3155 1255 3186 esse
1272 3143 1518 3194 principium
1547 3142 1783 3193 hujusmodi
1821 3143 2041 3181 actionum.
2068 3141 2182 3180 Ratio

1164 3216 1262 3257 ergo
1277 3207 1354 3253 est,
1372 3205 1470 3256 quia
1485 3203 1537 3242 ad
1553 3204 1758 3241 humanos
1774 3207 2003 3242 contractus
2019 3214 2101 3240 non
2126 3206 2186 3241 est

1164 3265 1588 3317 necessariajuridiea
1609 3265 1793 3315 probatio
1822 3266 1892 3301 aut
1928 3263 2094 3309 notitia;
2120 3263 2185 3301 hic

1165 3332 1305 3370 autem
1321 3331 1383 3367 est
1398 3327 1526 3366 veluti
1546 3326 1711 3377 quidam
1735 3327 1980 3370 contractus,
2003 3335 2095 3361 cum
2116 3325 2187 3361 tiat

1166 3401 1217 3430 ex
1236 3388 1443 3428 communi
1464 3399 1667 3427 consensu
1688 3384 1899 3434 utriusque
1920 3384 2057 3435 partis.
2086 3383 2186 3421 Item

1166 3449 1264 3502 quia
1285 3454 1384 3490 tunc
1403 3453 1533 3490 cessat
1547 3446 1678 3487 omnis
1697 3445 1799 3483 ratio
1836 3445 1995 3495 injuriae
2017 3447 2085 3481 aut
2108 3443 2188 3481 vio-

1165 3512 1318 3551 lentiae.
1337 3512 1411 3551 Hic
1429 3516 1567 3550 autem
1585 3507 1731 3547 modus
1751 3505 2000 3544 dimissionis
2021 3516 2103 3542 non
2118 3503 2188 3543 ha-

1165 3571 1236 3612 bet
1260 3572 1399 3612 locum
1425 3572 1467 3611 in
1487 3569 1694 3623 professis,
1727 3567 1823 3617 quia
1851 3577 1927 3605 nec
1946 3565 2091 3616 religio
2114 3565 2189 3604 ha-

1164 3632 1236 3678 bet
1247 3638 1495 3688 potestatem
1511 3627 1741 3673 dimittendi
1767 3627 1875 3676 illos,
1913 3626 1992 3665 nisi
2015 3629 2190 3678 cogente
