2352 3880
171 272 386 325 sequentia
404 286 414 322 3
439 279 501 313 est
514 273 624 312 enim
638 272 742 314 ratio
759 273 878 314 valde
895 272 1081 325 diversa3
1101 288 1202 320 nam

171 335 229 374 illi
241 347 324 374 non
342 338 534 387 poterant
547 334 637 386 cogi
654 333 707 375 ad
722 336 952 377 vovendam
967 339 1201 380 castitatem

169 398 343 438 absolute
364 401 399 436 ec
422 395 659 448 simpliciter
671 413 689 443 ,·
708 407 812 449 ergo
842 409 919 441 nec
946 404 1108 451 poterat
1139 402 1199 442 eis

170 457 477 497 matrimonium
494 457 705 509 prohiberi
721 458 819 510 ipsis
832 461 1084 510 nolentibus,
1101 463 1198 513 quia

167 520 246 559 hoc
265 524 326 559 est
340 532 444 571 opus
458 519 631 568 consilii,
652 521 812 561 secluso
829 526 923 562 voto
943 536 953 571 ;
975 536 1075 576 ergo
1091 525 1208 563 mul--

166 582 207 620 to
227 580 366 621 minus
394 586 584 634 poterant
603 582 655 622 ad
678 583 987 624 matrimonium
1007 585 1198 625 inhabili-

164 643 256 691 tari,
285 644 378 696 quia
414 645 491 684 hoc
515 645 609 696 plus
635 648 696 684 est
728 657 854 696 quam
889 646 1129 698 prohiberi;
1153 648 1195 688 in

163 709 305 745 nostro
330 710 470 744 autem
498 718 597 745 casu
615 708 862 757 supponitur
876 708 965 758 jam
984 713 1130 749 votum
1156 713 1197 750 et

161 767 359 819 obligatio
379 768 422 806 in
445 768 646 819 personis.
669 769 757 806 Dixi
777 772 917 808 autem
954 770 1131 811 absoluto
1158 775 1196 811 et

159 829 412 881 simpliciter,
432 830 529 881 quia
547 830 579 869 si
598 830 652 868 ad
671 830 862 870 Ecclesiae
887 831 1043 870 bonum
1067 843 1194 883 expe—

161 890 280 941 diret,
304 893 504 943 potuisset
523 892 568 931 in
588 904 636 931 eo
658 902 756 931 casu
774 892 953 933 Ecclesia
974 892 1054 932 illis
1076 894 1195 934 cleri-

160 953 218 993 cis
249 955 488 1006 praecipere,
510 957 554 991 ut
575 953 639 991 vel
663 953 714 992 ab
736 965 812 992 usu
831 953 1032 993 ordinum
1066 955 1193 996 absti-

159 1020 337 1064 nerent,
359 1015 424 1054 vel
455 1014 683 1055 castitatem
713 1015 1025 1066 promitterent,
1050 1021 1090 1056 et
1118 1018 1189 1066 ita,

161 1088 211 1116 eo
231 1077 336 1128 ipso,
355 1076 464 1127 quod
483 1074 633 1116 Ordine
653 1087 768 1118 sacro
791 1081 1018 1125 uterentur,
1036 1090 1106 1118 cos
1129 1079 1193 1117 in-

157 1138 317 1177 habiles
339 1138 391 1177 ad
411 1138 718 1178 matrimonium
739 1137 914 1179 reddere
932 1151 941 1185 ;
964 1139 1015 1180 de
1035 1151 1118 1191 quo
1139 1140 1194 1182 ci-

158 1204 243 1240 tato
275 1205 390 1238 tomo
422 1200 578 1240 dictum
606 1205 680 1242 est.
704 1200 794 1240 Alio
814 1200 938 1240 modo
962 1205 1124 1252 poterat
1150 1202 1193 1242 id

158 1262 419 1313 contingere,
445 1262 621 1311 scilicet,
644 1266 688 1302 ut
713 1262 950 1303 sacerdotes
971 1264 1030 1302 illi
1060 1262 1192 1304 habe-

157 1329 251 1364 rent
276 1329 416 1364 votum
447 1325 621 1375 simplex
642 1323 852 1372 castitatis,
875 1326 970 1376 quia
1008 1325 1193 1365 Ecclesia

157 1387 343 1426 nonduin
374 1387 719 1437 impedimentum
746 1385 824 1427 hoc
857 1386 1127 1436 adjunxisset,
1151 1390 1194 1427 et

156 1451 254 1488 tunc
290 1452 466 1499 negatur
504 1447 758 1486 antecedens
782 1459 794 1495 ;
825 1445 885 1486 sic
916 1447 1027 1488 enim
1060 1447 1104 1488 in
1141 1460 1192 1488 eo

157 1509 283 1549 etiam
304 1521 403 1547 casu
426 1508 657 1559 procedunt
676 1517 824 1548 omnes
842 1508 1027 1548 rationes
1053 1509 1192 1549 factae.

210 1572 273 1610 13.
306 1570 536 1612 Resolvitur
565 1570 737 1610 ulterius
764 1570 868 1622 quod
893 1571 937 1610 de
964 1573 1069 1619 facto
1091 1580 1193 1612 eom-

154 1634 419 1686 prehenderic,
439 1631 628 1683 exipsius
646 1631 860 1681 Pontifi'cz's
878 1631 1077 1673 verbis.-
1091 1632 1194 1674 Con-

163 1697 347 1736 firmatur
361 1708 385 1735 a
404 1694 546 1734 simili.
565 1694 695 1732 —De
715 1696 917 1744 potestate
933 1694 1058 1745 igitur
1076 1695 1191 1735 nulla

154 1761 290 1810 potest
307 1768 397 1796 esse
411 1753 623 1794 dubitandi
644 1754 763 1793 ratio.
776 1754 891 1803 Quod
909 1760 1049 1795 autem
1063 1755 1194 1797 etiam

154 1820 206 1858 de
235 1819 341 1858 tacto
362 1818 443 1855 hoc
472 1828 596 1856 sensu
618 1816 702 1855 lata
723 1817 846 1855 fuerit
866 1817 934 1856 illa
955 1817 1041 1865 lex,
1075 1822 1190 1868 patet

153 1880 286 1932 primo
312 1891 363 1918 ex
389 1879 495 1917 serie
517 1881 556 1916 et
577 1880 771 1916 contextu
796 1878 907 1917 illius
934 1879 1189 1918 constitutio-

153 1942 231 1981 nis.
253 1942 357 1980 Nam
379 1940 494 1990 prius
517 1951 710 1989 expresse
730 1939 911 1988 loquitur
928 1943 1013 1978 tam
1034 1940 1086 1979 de
1105 1940 1183 1989 hie,

153 2003 223 2055 qui
240 2003 328 2041 haec
337 2006 431 2041 vota
445 2001 483 2039 in
498 2000 700 2040 Societate
724 2000 964 2048 emiserunt,
977 2013 1102 2053 quam
1115 2003 1185 2053 qui

152 2066 191 2104 in
212 2065 397 2103 futurum
419 2063 633 2110 emittent,
653 2062 760 2101 etde
784 2064 968 2114 utrisque
991 2075 1188 2115 expresse

152 2127 334 2166 declarat
354 2136 439 2165 cere
458 2128 493 2164 ec
514 2122 674 2175 proprie
692 2124 900 2174 reliqiosos
918 2125 1064 2174 fuisse,
1086 2138 1179 2176 esse,

151 2193 186 2229 et
199 2191 305 2238 fore‚·
319 2191 357 2227 et
376 2187 427 2226 de
446 2186 524 2224 illis
542 2189 846 2236 consequenter
865 2186 921 2225 ait
943 2197 1031 2226 esse
1046 2199 1184 2227 exem-

149 2253 256 2300 ptos,
280 2261 328 2288 ac
360 2247 453 2287 Sedi
482 2247 727 2298 Apostolicae
762 2247 1002 2286 immediate
1023 2248 1186 2300 subjec-

151 2315 228 2358 tos,
252 2310 519 2362 gaudereque
540 2308 766 2359 privilegiis
786 2309 1012 2357 Societatis,
1036 2314 1076 2350 et
1092 2310 1185 2350 fore

149 2376 374 2424 apostatas,
395 2375 435 2410 et
453 2371 844 2417 excommunicatos,
859 2383 879 2409 a
897 2371 1099 2410 Societate
1118 2372 1182 2411 fu»-

149 2434 328 2486 giendo,
355 2444 402 2471 ac
422 2432 591 2471 tandem
612 2431 662 2471 de
682 2432 759 2470 illis
781 2433 836 2471 ait
853 2444 861 2471 z
880 2434 967 2473 Eos
982 2444 1111 2473 omnes
1127 2434 1183 2474 ad

148 2493 455 2540 contrahendum
475 2493 668 2533 inhabiles
683 2492 873 2543 facimus.
890 2495 995 2545 Ergo
1014 2494 1183 2533 eviden-

147 2560 211 2597 ter
235 2557 416 2607 loquitur
443 2555 566 2594 etiam
588 2555 638 2594 de
660 2555 747 2601 his,
777 2555 848 2605 qni
872 2556 960 2606 jam
991 2561 1109 2596 erant
1135 2558 1178 2597 in

146 2618 223 2658 hoc
243 2618 374 2669 gradu
394 2616 684 2666 religiosorum
714 2615 928 2656 Societatis
949 2619 1175 2659 constituti.

146 2678 367 2728 Potestque
388 2678 467 2716 hoc
486 2677 720 2716 confirmari
735 2689 758 2716 a
773 2677 921 2724 simili;
942 2680 1054 2729 quia,
1076 2691 1179 2731 quo-

145 2739 222 2779 ties
240 2739 422 2778 Ecclesia
438 2738 585 2776 similia
603 2738 897 2788 impedimenta
913 2739 963 2778 de
979 2752 1085 2779 novo
1102 2741 1178 2781 im-

145 2802 276 2853 ponit,
297 2811 442 2840 omnes
461 2811 659 2850 personas
679 2800 764 2850 jam
784 2801 1020 2849 existentes,
1041 2806 1083 2842 et
1102 2814 1173 2844 ca-

145 2874 269 2914 paces
308 2862 402 2901 talis
439 2860 724 2911 impedimenti
760 2861 1072 2911 comprehendit
1096 2877 1106 2901 :
1128 2868 1175 2902 ut

143 2923 206 2963 lex
225 2923 395 2963 Concilii
408 2921 634 2961 Tridentini
649 2921 701 2961 de
723 2921 981 2961 inhabilitate
1002 2923 1054 2962 ad
1072 2935 1173 2964 con-

142 2985 387 3025 trahendum
416 2983 687 3032 clandestine,
707 2995 852 3022 omnes
871 2984 1060 3024 homines
1083 2986 1173 3036 jam

143 3046 381 3093 existentes,
403 3048 442 3082 et
459 3048 582 3083 antea
598 3044 758 3084 habiles
775 3045 1103 3095 comprehendit.
1123 3048 1172 3087 Et

142 3107 175 3145 si
205 3107 387 3145 Ecclesia
419 3117 530 3144 nunc
570 3105 743 3145 adderet
773 3107 962 3157 quintum
994 3107 1169 3157 gradum

141 3167 508 3219 consanguinitatis
524 3167 630 3207 inter
643 3168 939 3219 impedimenta
950 3169 1167 3218 irritantia,

141 3241 226 3269 non
249 3229 383 3268 solum
406 3229 568 3268 futuros
601 3229 805 3278 homines,
835 3230 907 3268 sed
938 3230 1060 3269 etiam
1079 3231 1166 3282 jam

142 3291 390 3339 existentes,
421 3290 519 3330 etin
549 3302 598 3330 eo
624 3291 753 3342 gradu
781 3292 1021 3330 constitutos
1048 3291 1168 3330 inha-

140 3351 246 3391 biles
263 3351 455 3391 redderet
466 3362 479 3401 ;
498 3351 601 3400 sicut
617 3352 741 3391 etiam
759 3364 781 3391 e
801 3353 1021 3401 contrario,
1039 3364 1169 3405 quan-

140 3411 194 3452 do
214 3412 421 3453 restrinxit
437 3413 590 3464 gradus
609 3413 832 3461 affinitatis,
849 3414 973 3453 etiam
988 3413 1076 3464 jam
1096 3426 1167 3454 na-

142 3477 220 3523 tos,
242 3478 284 3514 et
308 3475 348 3514 in
376 3475 512 3526 aliquo
533 3475 663 3527 gradu
687 3476 932 3524 existentes,
959 3487 1008 3515 eo
1039 3475 1166 3528 impe-

141 3533 324 3575 dimento
341 3536 543 3576 liberavit.
563 3538 611 3576 Et
629 3549 704 3589 per
722 3537 808 3576 haec
828 3536 1083 3579 satisfactum
1102 3541 1165 3578 est

142 3594 197 3639 ad
211 3596 392 3638 rationes
408 3597 623 3640 dubitandi
637 3598 680 3639 in
695 3599 958 3640 contrarium.

1628 63 1632 68 .
1740 62 1747 70 ,
1834 29 1916 66 :⁶5³
1938 43 1958 64 t·
2008 30 2110 70 ,ζ··-
2145 38 2200 67 ,¹3

1723 75 1754 88 Δ,
1812 68 1822 87 ¹,
1867 87 1872 92 ,
1923 71 1929 84 s
1955 62 1973 78 ²⁸
2034 68 2040 76 ’
2061 80 2081 98 4
2113 79 2138 94 ,us
2163 95 2166 98 ἢ
2209 79 2213 90 .·
2267 75 2281 94 ,·

1842 109 1861 130 ,θ

533 209 609 244 Lm.
634 209 687 243 IV.
710 209 766 246 DE
784 209 906 245 VOTIS
927 210 1179 249 smpucmus
1198 212 1440 281 crastinus
1461 220 1514 256 ET
1534 220 1944 286 murmuris-frc-

1651 319 1814 361 CAPUT
1837 317 1890 362 II„

1254 435 1390 467 ‘UTRUM
1415 434 1520 467 von
1538 436 1733 468 SIMPLICIA
1748 436 1791 467 IN
1812 436 2026 470 sonnium
2049 437 2190 492 EHKSSA
2218 439 2282 473 m·
2331 411 2352 420 .-

1303 498 1455 534 milam·
1471 499 1701 532 PRAEGEDENS
1726 499 2008 531 MATRIMONIUM
2027 500 2179 534 nunu.

1305 576 1346 617 ¹.
1375 576 1586 620 Sententia
1601 576 1859 632 quorumdam
1876 576 2110 627 affirmans.
2126 599 2180 609 —
2196 575 2281 621 Εσ-

1247 650 1340 679 rum
1355 640 1532 690 primum
1552 641 1990 690 fundamentum—De
2010 640 2088 680 hoc
2108 641 2280 682 articulo

1250 701 1353 740 nihil
1389 713 1584 752 expresse
1615 703 1870 743 declaratum
1898 702 2104 742 invenitur
2129 703 2170 742 in
2194 707 2280 744 toto

1250 762 1418 813 speciali
1441 763 1535 814 jure
1556 765 1782 811 Societatis,
1799 776 1936 815 neque
1958 764 1998 803 in
2024 763 2280 805 constitutio-

1250 824 1387 872 nibus,
1410 835 1548 875 neque
1567 825 1609 864 in
1635 826 1758 865 bullis
1776 826 2018 878 Apostolicis
2040 827 2165 877 hujus
2184 826 2280 866 reli-

1248 885 1398 938 gionis,
1423 891 1462 925 ct
1482 886 1575 926 idco
1604 899 1672 927 res
1709 890 1798 928 haec
1817 889 2022 940 aliquibus
2042 888 2168 927 dubia
2189 889 2279 928 visa

1249 950 1322 987 est.
1350 949 1493 998 Neque
1525 948 1747 987 defuerunt
1779 961 1924 1001 graves
1958 951 2170 997 Doctores,
2192 953 2279 990 tam

1249 1010 1434 1061 ejusdem
1455 1011 1685 1059 Societatis,
1707 1022 1833 1062 quam
1857 1013 2030 1059 externi,
2049 1012 2199 1063 quibus
2218 1012 2278 1051 vi-

1248 1083 1341 1112 sum
1379 1072 1501 1112 fucrit
1529 1074 1617 1111 haec
1639 1077 1733 1111 vota
1754 1073 1948 1111 dirimere
1970 1073 2281 1114 matrimonium

1248 1138 1400 1181 ratum,
1428 1145 1477 1175 eo
1511 1134 1599 1185 ipso
1629 1134 1742 1185 qnod
1780 1133 2036 1173 constituunt,
2067 1134 2282 1174 hominem

1246 1207 1344 1236 vere
1361 1196 1599 1248 religiosum
1609 1211 1620 1245 5
1642 1209 1742 1236 nam
1760 1195 1916 1235 habent
1934 1194 2196 1235 traditionem
2210 1194 2280 1235 ad·

1241 1258 1447 1310 junctam,
1471 1271 1546 1310 per
1566 1272 1626 1307 se,
1649 1263 1689 1298 et
1705 1263 1854 1297 natura
1875 1269 1949 1296 sua
1975 1260 2279 1308 repugnantem

1243 1319 1454 1360 traditioni
1481 1332 1571 1371 quae
1602 1321 1646 1358 in
1673 1319 1936 1359 matrimonio
1961 1319 2029 1365 fit;
2051 1330 2148 1358 vere
2168 1318 2278 1360 enim

1243 1391 1295 1421 ac
1309 1381 1472 1433 proprie
1493 1381 1746 1422 constituunt
1765 1381 1974 1420 hominem
1997 1380 2039 1419 in
2055 1384 2162 1421 statu
2183 1392 2277 1431 per-

1246 1442 1449 1491 fectionis,
1471 1456 1556 1482 non
1576 1444 1713 1483 minus
1733 1455 1859 1495 quam
1877 1447 1974 1482 vota
2005 1447 2047 1482 et
2077 1441 2278 1493 prosessio

1246 1503 1353 1547 facta
1372 1509 1413 1544 in
1433 1517 1694 1558 quacumque
1711 1512 1791 1545 alia
1804 1504 2003 1556 religione
2022 1503 2275 1554 approbata3

1246 1578 1345 1619 ergo
1378 1567 1534 1607 habent
1566 1570 1754 1607 eamdem
1777 1567 1860 1606 vim
1892 1573 1944 1605 act
1965 1563 2277 1603 dissolvendum

1245 1629 1555 1668 matrimonium
1568 1635 1718 1677 ratum,
1734 1629 1848 1680 prius
1867 1630 2139 1667 contractum.
2160 1626 2276 1665 Patet

1244 1692 1557 1740 consequentia,
1577 1691 1673 1742 quia
1694 1691 1757 1729 vel
1774 1690 2083 1729 matrimonium
2099 1687 2199 1726 illud
2214 1687 2276 1726 in-

1246 1752 1371 1793 cludit
1383 1753 1659 1792 conditionem
1671 1753 1870 1792 libertatis
1881 1749 2121 1790 transeundi
2132 1749 2184 1788 ad
2195 1753 2274 1789 sta-

1244 1818 1333 1854 tum
1350 1815 1615 1865 perfectionis
1631 1815 1845 1865 religiosae,
1866 1817 1906 1852 et
1926 1813 1983 1851 sic
2001 1812 2070 1850 illa
2096 1810 2274 1850 conditio

1242 1875 1440 1926 impletur
1453 1888 1527 1925 per
1550 1877 1636 1915 haec
1655 1879 1770 1922 vota3
1794 1873 1859 1913 vel
1877 1873 2071 1924 supponit
2090 1872 2273 1910 declara-

1242 1937 1396 1979 tionem
1421 1936 1612 1977 Ecclesiae
1646 1947 1720 1987 per
1747 1933 2025 1982 traditionem,
2043 1933 2110 1972 vel
2136 1934 2272 1984 legem

1240 1999 1517 2039 universalem
1537 1999 1704 2037 dantem
1722 1998 1829 2038 hanc
1846 1997 2083 2036 facultatem
2098 1995 2161 2034 his
2176 2007 2270 2034 con-

1233 2061 1405 2114 jugatis,
1430 2065 1471 2100 et
1492 2061 1548 2100 sic
1568 2061 1692 2099 etiam
1712 2060 1790 2099 sub
1822 2060 1900 2098 hac
1923 2057 2108 2109 generali
2125 2057 2269 2108 regula

1239 2123 1614 2175 comprehendetur
1640 2123 1705 2161 hic
1731 2123 1875 2170 status,
1897 2133 1990 2160 cum
2012 2119 2062 2159 sit
2084 2131 2180 2158 vere
2205 2131 2268 2159 re-

1239 2186 1409 2238 ligiosus
1440 2190 1479 2225 et
1511 2183 1795 2236 perfeetionis,
1818 2187 1859 2223 et
1889 2183 2068 2229 decreta,
2093 2191 2185 2232 quae
2217 2178 2268 2221 de

1237 2242 1317 2287 hoc
1334 2247 1573 2299 loquuntur,
1594 2258 1675 2285 non
1695 2244 1807 2284 aliud
1826 2244 2057 2295 requirunt,
2079 2255 2158 2283 nec
2174 2253 2267 2295 pro·

1235 2310 1447 2360 sessionem
1470 2309 1698 2353 nominant,
1722 2308 1795 2347 sed
1827 2306 2060 2358 ingressum
2096 2305 2265 2357 religio-

1235 2371 1316 2419 uiS,
1339 2375 1384 2410 ut
1400 2373 1512 2421 patet
1533 2382 1623 2421 cap.
1648 2371 1719 2410 Ex
1735 2369 1908 2421 publice,
1929 2380 2019 2422 cap.
2041 2367 2113 2410 Εω
2131 2370 2264 2421 parte,

1235 2434 1275 2481 2,
1290 2431 1342 2472 de
1363 2431 1630 2472 Conversion.
1648 2431 1861 2482 conjugat.

1285 2495 1326 2534 2.
1361 2493 1585 2535 Secundum
1603 2493 1979 2542 fundamentum.-
1996 2485 2263 2542 Confirmatur

1230 2557 1374 2609 primo.
1393 2576 1446 2585 —-
1466 2555 1661 2597 Secundo.
1679 2576 1732 2586 -—
1752 2554 1968 2596 Tertio.—
1989 2556 2179 2596 Secundo
2207 2556 2264 2598 vi·

1232 2619 1354 2659 detur
1372 2618 1517 2658 saltem
1551 2617 1639 2656 haec
1664 2617 1867 2655 sententia
1899 2628 2011 2654 nunc
2029 2618 2259 2668 probanda,

1230 2680 1398 2731 quando
1419 2680 1508 2718 haec
1529 2682 1621 2717 vota
1641 2677 1822 2716 reddunt
1843 2688 2065 2727 personam
2094 2679 2260 2719 inhabi-

1230 2742 1313 2780 lem
1334 2741 1387 2779 ad
1420 2739 1680 2788 subsequens
1708 2737 2018 2777 matrimonium
2041 2751 2090 2779 ex
2109 2742 2258 2782 consti-

1227 2802 1386 2842 tutione
1423 2800 1607 2852 Gregorii
1650 2799 1760 2847 Xlll,
1803 2799 2043 2842 ascendente
2072 2803 2255 2846 Domino.

1229 2862 1328 2903 Nam
1346 2863 1440 2902 hinc
1460 2861 1545 2901 fieri
1565 2860 1742 2908 videtur,
1766 2864 1811 2900 ut
1829 2861 1911 2900 vim
1930 2862 2113 2905 habeant
2133 2867 2257 2908 etiam

1228 2924 1281 2964 ad
1293 2922 1602 2963 dissolvendum
1617 2921 1854 2973 praecedens
1865 2925 2176 2967 matrimonium
2188 2941 2256 2970 ra-

1227 2989 1332 3034 tum,
1354 2989 1442 3024 tum
1470 2984 1567 3035 quia
1597 2996 1680 3023 non
1702 2989 1763 3024 est
1798 2986 1931 3037 major
1951 2987 2054 3026 ratio
2086 2989 2138 3028 de
2170 3001 2255 3030 uno

1225 3058 1350 3098 quam
1378 3047 1429 3085 de
1458 3046 1552 3093 alio,
1572 3057 1666 3085 cum
1693 3046 1780 3085 haec
1817 3047 2052 3087 inhabilitas
2071 3051 2254 3100 requirat

1223 3108 1499 3156 traditionem,
1531 3112 1574 3148 et
1612 3112 1763 3148 statum
1792 3114 2092 3161 repugnantem
2111 3114 2253 3153 matri-

1224 3170 1389 3217 monio;
1419 3174 1507 3209 tum
1531 3169 1652 3209 etiam
1685 3170 1780 3220 quia
1799 3171 1886 3222 jam
1915 3171 1957 3210 in
1976 3172 2047 3212 tali
2066 3178 2160 3214 voto
2181 3187 2228 3215 re
2242 3198 2251 3203 <

1222 3231 1379 3282 peritur
1407 3230 1539 3270 omnis
1568 3231 1806 3270 solemnitas
1836 3244 1927 3283 quae
1955 3236 1998 3272 111
2028 3238 2123 3274 voto
2155 3236 2250 3275 rell-

1222 3292 1356 3343 gionis
1390 3292 1616 3332 desiderari
1636 3297 1786 3343 potest,
1809 3296 1853 3332 ut
1881 3293 2076 3336 dissolvat
2110 3297 2250 3336 matri-

1221 3354 1408 3393 monium
1427 3356 1576 3402 ratum,
1589 3355 1707 3406 juxta
1727 3355 1956 3396 doctrinam
1976 3357 2141 3397 Concilii
2161 3357 2249 3397 Tri-

1221 3413 1395 3465 dentini,
1415 3427 1515 3455 sess.
1543 3417 1608 3463 24,
1633 3429 1722 3456 can.
1746 3418 1786 3466 6,
1821 3422 1862 3458 et
1888 3418 2150 3470 antiquorum
2173 3417 2246 3458 de-

1221 3481 1438 3516 cretorum.
1464 3478 1578 3516 Patet
1600 3479 1865 3532 antecedens,
1882 3478 1978 3530 quia
1997 3479 2041 3519 in
2058 3479 2122 3518 his
2140 3479 2247 3522 votis

1220 3540 1260 3576 et
1290 3542 1354 3578 est
1389 3538 1628 3578 solemnitas
1647 3539 1910 3580 accidentalis
1936 3551 2011 3591 per
2034 3539 2246 3591 publicam

1220 3600 1507 3650 emissionem,
1528 3603 1855 3655 acceptationem
1887 3605 1930 3644 et
1960 3602 2242 3655 traditionem,
2299 3611 2301 3613 ’
