2352 3880
145 255 225 368 ξέεῗ
233 319 287 366 01)
299 319 526 364 humanam
542 316 878 361 commoditatem
892 321 1010 361 illum
1024 324 1177 361 statum

147 386 301 440 eligere
328 383 475 424 solent.
509 379 626 420 Idem
645 380 697 422 de
728 381 941 437 Episcopis
968 386 1010 422 et
1036 380 1176 422 multis

145 445 235 488 aliis
253 444 391 485 dicere
417 453 650 494 possemus,
684 438 801 482 Addo
834 444 959 483 etiam
986 443 1172 491 ulterius,

144 505 395 559 experientia
408 507 553 543 notum
567 515 674 552 esse,
690 502 790 543 iilud
804 504 1100 544 inconveniens
1111 515 1175 542 ra-

142 578 188 610 ro
211 565 414 613 accidere,
435 563 501 604 vel
524 565 700 604 fortasse
722 577 955 616 nunquam,
982 566 1039 605 ita
1059 570 1104 605 ut
1123 564 1175 604 de

142 639 191 668 eo
206 627 304 666 satis
320 629 509 667 constare
526 625 673 677 possit;
689 626 740 665 de
755 626 1017 666 interioribus
1034 629 1175 666 autem

154 687 436 728 utentionibus
456 685 646 727 homines
661 699 747 726 non
762 686 963 738 judicant.
986 688 1036 726 Et
1052 688 1176 726 timor

140 743 211 789 Dei
238 753 375 800 potest
401 748 513 787 hunc
543 746 686 788 fictum
721 749 906 788 animum
939 748 1167 800 impedire,

139 810 252 863 quia,
285 814 332 850 ut
350 808 459 849 infra
492 807 694 859 dicemus,
727 814 770 850 31
797 811 905 850 circa
931 809 1060 850 finem
1079 809 1170 849 libri

135 869 410 924 praecedentis
442 869 681 921 attigimus,
705 871 774 922 qui
804 871 864 910 ita
900 882 944 910 se
977 870 1096 922 gerit,
1130 874 1170 911 et

135 937 236 973 tunc
266 932 446 984 graviter
475 935 641 983 peccat,
676 936 719 971 et
745 935 890 982 postea
917 944 1002 971 non
1032 935 1093 971 est
1125 930 1169 969 in

135 993 389 1034 conscientia
405 997 543 1033 tutus:
564 1005 703 1043 neque
724 993 875 1033 desunt
894 994 1017 1033 etiam
1032 1004 1170 1033 mora-

132 1055 189 1095 lia
207 1054 406 1102 remedia,
428 1053 580 1106 quibus
608 1055 764 1094 malum
791 1054 872 1095 hoc
896 1067 972 1107 per
990 1054 1168 1106 discipli-

131 1128 230 1156 nam
248 1119 291 1156 et
305 1114 606 1157 correctionem
618 1116 855 1168 religiosam
869 1116 998 1167 possit
1016 1127 1169 1167 praeve-

130 1177 226 1218 niri.

183 1241 250 1278 11.
267 1231 336 1278 Ad
355 1234 758 1289 quartum-Aliud
785 1239 988 1288 praeterea
1008 1240 1167 1279 incom-

128 1295 316 1347 modum,
346 1297 459 1350 quod
480 1310 530 1338 ex
549 1302 668 1351 parte
689 1298 900 1350 religionis
920 1311 994 1340 seu
1019 1300 1166 1340 Praela-

127 1365 265 1402 torum
292 1361 382 1413 ejus
399 1361 647 1412 ponebatur,
671 1357 902 1402 humanum
934 1363 1059 1402 etiam
1085 1366 1163 1412 est,

127 1422 225 1475 quia
245 1422 433 1462 homines
458 1422 579 1462 facile
606 1423 832 1462 abutuntur
862 1426 1066 1474 potestate
1097 1435 1165 1462 ao-

125 1487 274 1536 cepta;
296 1483 371 1523 sed
386 1483 592 1534 numquid
612 1484 665 1523 ob
692 1496 785 1523 eam
804 1496 973 1524 causam
994 1497 1078 1524 non
1102 1488 1164 1525 est

124 1543 362 1583 hominibus
388 1545 683 1584 committenda
710 1550 893 1596 potestas
927 1546 981 1586 ad
1015 1559 1162 1598 regen-

123 1604 222 1644 dam
240 1605 542 1656 rempublicam
562 1608 824 1646 necessaria?
851 1608 962 1647 Alias
986 1620 1065 1649 nec
1092 1607 1163 1648 de-

122 1666 280 1706 buisset
300 1667 481 1706 Christus
501 1668 711 1706 Vicarium
728 1669 770 1706 in
784 1669 906 1708 terris
926 1669 1162 1720 relinquere

123 1739 217 1766 cum
239 1732 354 1767 tanta
373 1731 594 1778 potestate.
614 1728 731 1768 Addo
750 1741 848 1768 vero
870 1730 1072 1770 hactenus
1088 1743 1163 1782 per

122 1787 306 1827 divinam
326 1789 501 1839 gratiam
530 1790 610 1828 hoc
630 1791 942 1831 incommodum
961 1804 1046 1831 non
1067 1804 1158 1832 esse

122 1853 325 1896 secutum,
361 1850 508 1889 saltem
526 1851 795 1902 {regulariter,
825 1864 904 1891 nec
922 1852 1097 1891 fortasse
1116 1853 1161 1891 in

122 1909 262 1960 aliquo
280 1921 394 1958 33311,
414 1909 466 1950 de
487 1923 569 1962 quo
591 1916 703 1951 certo
722 1916 912 1952 constare
931 1914 1074 1964 possit,
1097 1913 1160 1952 in-

121 1971 273 2010 iuriam
291 1970 473 2022 aliquam
489 1985 579 2011 esse
596 1973 747 2012 factam
761 1985 855 2013 cum
870 1973 979 2013 malo
1002 1974 1157 2023 animo,

121 2026 187 2072 ‘vel
203 2032 367 2071 sinistra
378 2033 605 2073 intentione
618 2034 799 2085 aliquem
810 2033 937 2074 fuisse
953 2035 989 2086 ej
997 2039 1157 2085 ectum;

121 2092 234 2144 quod
255 2094 290 2132 si
306 2093 480 2134 tortasse
510 2095 734 2145 aliquando
754 2108 803 2134 ex
826 2096 954 2135 nimio
977 2096 1066 2136 zelo
1084 2096 1159 2135 ali-

118 2152 210 2203 quis
238 2165 427 2193 excessus
456 2155 700 2195 commissus
738 2159 813 2199 est,
847 2168 982 2208 neque
1021 2154 1064 2196 id
1101 2160 1163 2196 est

115 2212 369 2263 mirandum,
400 2228 536 2267 neque
566 2220 627 2256 est
658 2230 810 2269 magna
839 2217 1161 2269 reprehensione

115 2275 306 2327 dignum,
328 2289 423 2316 011111
436 2282 548 2317 recta
566 2279 742 2318 intentio
761 2292 846 2318 non
867 2279 984 2327 desit,
1009 2283 1050 2319 et
1067 2292 1161 2331 pro-

115 2337 299 2378 videntia
328 2339 515 2379 humana
541 2353 627 2379 non
658 2342 786 2392 possit
822 2341 1045 2392 aliquando
1074 2354 1161 2381 non

114 2398 217 2448 falli,
241 2400 314 2451 qui
332 2413 449 2441 error
467 2414 562 2441 raro
584 2402 663 2442 erit
683 2402 902 2453 practicus,
924 2402 994 2441 sed
1015 2415 1165 2454 specu-n,

114 2460 265 2501 lativus
274 2465 559 2511 tantum,cum
571 2465 615 2503 in
630 2476 727 2503 casu
746 2464 872 2503 dubio
899 2464 944 2502 in
973 2464 1160 2504 favorem

114 2522 330 2575 religionis
342 2524 629 2565 inclinandum
651 2527 716 2566 sit.
732 2527 783 2565 Et
798 2526 1049 2577 sperandum
1066 2539 1160 2578 pro-

112 2584 219 2625 fecto
239 2590 299 2626 est
317 2586 425 2626 hanc
455 2588 747 2628 rectitudinem
768 2600 932 2640 semper
953 2601 1039 2628 esse
1071 2601 1157 2628 ser-

112 2647 306 2698 vandam,
327 2652 419 2689 tum
445 2650 543 2703 quia
561 2663 646 2690 non
665 2651 746 2690 nisi
764 2663 859 2690 cum
886 2663 1039 2702 magna
1058 2663 1157 2690 con-

113 2709 377 2760 sideratione,
409 2717 450 2752 et
486 2713 715 2751 multorum
754 2713 938 2761 consilio,
971 2713 1048 2751 hoc
1075 2713 1150 2761 fit;

112 2775 204 2812 tum
217 2773 344 2813 etiam
361 2774 460 2825 quia
476 2774 652 2826 ipsemet
684 2775 853 2814 affectus
873 2775 924 2813 ad
943 2774 1156 2825 propriam

111 2832 372 2886 religionem,
388 2839 539 2886 praeter
559 2835 751 2875 affectum
771 2835 982 2875 charitatis
1000 2835 1051 2874 ad
1064 2848 1158 2887 pro·

110 2895 288 2945 ximum,
308 2894 481 2936 inclinat
512 2897 564 2935 ad
596 2897 877 2936 conservanda
906 2896 994 2947 ejus
1022 2907 1155 2935 mem-

110 2955 202 3005 bra,
218 2955 294 2995 nec
310 2956 514 3007 permittit
533 2956 702 3007 aliquod
722 2969 772 2996 ex
790 2956 871 2994 illis
892 2955 1150 3004 abscindere,

110 3018 194 3058 nisi
211 3017 285 3057 ubi
302 3015 355 3057 ad
386 3018 562 3057 salutem
593 3018 721 3057 totius
752 3018 934 3069 corporis
966 3029 1155 3056 necessa-

109 3081 223 3121 rium
242 3083 318 3130 est,
338 3080 443 3120 sicut
472 3080 519 3120 in
548 3080 733 3120 naturali
762 3092 934 3132 corpore
971 3079 1154 3121 accidere

110 3143 315 3184 videmus.
940 3197 943 3198 7

166 3206 231 3247 12.
253 3200 319 3245 Ad
336 3198 690 3259 quintum—Nec
708 3204 887 3256 denique
917 3203 1152 3243 timendum

113 3270 176 3309 est
193 3267 320 3320 (quod
336 3267 485 3307 ultimo
504 3266 594 3306 loco
613 3267 885 3317 inferebatur)
905 3279 957 3306 ne
977 3266 1029 3305 ob
1043 3266 1151 3306 hanc

113 3341 280 3369 causam
305 3328 428 3382 pauci
445 3328 541 3377 sint,
564 3328 637 3379 qui
656 3328 734 3367 hoc
752 3328 989 3367 institutum
1021 3326 1151 3378 profi-

112 3392 194 3431 teri
208 3391 352 3441 velint,
373 3402 422 3432 eo
450 3390 563 3443 quod
593 3403 634 3430 se
654 3391 864 3441 exponant
882 3388 1066 3440 periculo
1084 3388 1153 3429 vel

113 3451 310 3503 infamiae,
330 3446 399 3494 vel
414 3452 685 3505 paupertatis,
708 3452 742 3490 si
769 3454 912 3503 postea
935 3451 1150 3490 dimittan-

113 3518 198 3553 tur.
207 3508 313 3554 Nam
323 3507 527 3567 imprimis
538 3506 737 3554 diuturna
750 3513 875 3552 etiam
898 3513 1151 3563 experientia

115 3575 256 3616 docuit
273 3576 378 3616 nihil
405 3577 484 3617 hoc
506 3575 782 3629 impedivisse,
810 3573 1034 3626 quominus
1063 3574 1152 3614 haec

115 3636 263 3689 religio
282 3637 437 3678 mirum
452 3638 496 3678 in
510 3638 681 3678 modum
691 3641 810 3676 aucta
820 3632 966 3684 fuerit3
991 3639 1031 3675 et
1049 3648 1149 3687 prae-

538 252 627 290 Lm?
639 253 695 290 nt.
720 254 774 290 DE
793 252 1036 290 Anmsstonss
1057 254 1316 289 SCHOLARIUM
1337 256 1392 288 AD
1413 255 1525 290 VOTA
1546 255 1757 294 SlMPLIClA,
1782 255 1872 290 E'rc.

1229 323 1294 360 ter
1327 319 1510 360 divinam
1545 321 1734 372 gratiam,
1771 313 2024 371 praecipuam
2056 320 2262 362 rationem

1229 379 1416 421 existimo
1435 379 1586 430 fuisse,
1609 382 1706 434 (11113
1731 379 1824 433 plus
1853 376 2021 421 attrahit
2047 384 2089 422 et
2118 382 2263 424 invitat

1228 442 1321 482 vitae
1348 443 1598 494 exemplum,
1620 447 1660 484 et
1690 442 1923 495 praesertim
1947 445 2102 483 mutuae
2130 444 2261 484 chari-

1229 503 1323 543 tatis
1342 504 1456 551 uni0,
1478 508 1518 543 et
1542 508 1674 544 totum
1693 504 1895 556 religiosae
1918 505 2012 544 vitae
2031 504 2258 555 specimen,

1230 576 1356 616 quam
1375 569 1528 606 terreat
1554 566 1677 606 timor
1701 566 1930 619 ejectionis.
1958 564 2130 612 Deinde,
2164 565 2263 616 qnia

1230 637 1326 666 cum
1341 627 1626 678 unusquisque
1640 627 1719 668 sibi
1730 625 1979 679 persuadeat
1991 637 2076 666 non
2088 626 2176 666 fore
2190 626 2263 678 eji-

1230 687 1436 736 ciendum,
1458 687 1535 727 nisi
1552 687 1641 740 ipse
1665 701 1740 728 sua
1758 689 1969 729 voluntate
2000 699 2170 728 causam
2191 688 2262 728 de-

1226 748 1345 795 derit,
1368 749 1435 787 vel
1460 748 1599 799 aliquo
1633 750 1758 790 modo
1777 750 1966 801 eJectioni
1987 750 2257 798 consenserit,

1226 810 1332 848 sicut
1344 813 1444 848 tunc
1463 821 1539 860 per
1555 810 1736 850 divinam
1749 810 1923 863 gratiam
1941 810 2177 861 concipiunt
2189 810 2259 850 de-

1226 870 1422 910 siderium
1439 874 1479 909 et
1492 871 1747 922 propositum
1760 868 1922 913 vivendi
1943 876 1982 912 et
1997 870 2201 912 moriendi
2216 871 2259 910 111

1225 932 1442 980 Societate,
1473 932 1739 983 quantumin
1759 945 1803 972 se
1824 937 1911 982 est,
1941 933 1998 973 ita
2028 945 2079 974 ex
2110 933 2259 974 eadem

1225 993 1356 1045 gratia
1376 993 1615 1045 concipiunt
1646 1005 1765 1044 spem
1793 1002 1879 1033 11011
1911 993 2144 1040 deficiendi,
2180 1006 2258 1034 nec

1224 1053 1348 1093 dandi
1380 1066 1549 1094 causam
1570 1055 1783 1106 eJ'ectioni;
1820 1058 1861 1093 et
1893 1053 1949 1093 ita
1978 1066 2063 1093 non
2091 1050 2257 1094 difficile

1224 1116 1436 1166 deponunt
1456 1115 1646 1155 timorem
1661 1116 1731 1167 qui
1751 1127 1821 1155 eos
1840 1115 1893 1155 31)
1913 1116 2103 1166 ingressu
2122 1116 2258 1156 deter-

1222 1180 1326 1223 reat,
1349 1181 1596 1216 conservant
1616 1181 1756 1216 31113111
1775 1188 1870 1216 eum
1892 1177 1962 1227 qui
1988 1177 2080 1216 illos
2099 1177 2141 1216 in
2169 1178 2259 1217 offi-

1222 1237 1285 1276 cio
1308 1237 1530 1285 contineat,
1564 1242 1606 1277 et
1628 1238 1796 1288 vigilare
1819 1238 1963 1286 faciat,
1997 1250 2051 1278 ne
2070 1250 2258 1289 unquam

1218 1299 1357 1338 desint
1377 1299 1519 1350 gratiae
1539 1299 1624 1338 Dei.
1647 1297 1763 1337 Addo
1782 1303 1996 1350 praeterea,
2018 1300 2167 1351 siquid
2183 1312 2257 1351 pe-

1219 1359 1335 1400 riculi
1357 1360 1529 1411 alicuius
1549 1360 1731 1400 infamiae
1754 1360 1818 1399 vel
1837 1361 2075 1411 temporalis
2102 1361 2258 1401 incom-

1219 1420 1330 1459 modi
1347 1420 1440 1460 illos
1454 1421 1648 1469 retardet,
1673 1421 1883 1461 efficacem
1901 1421 1974 1460 Dei
1995 1421 2255 1462 vocationem

1218 1482 1403 1533 praebere
1437 1483 1622 1521 animum
1648 1482 1919 1534 aggrediendi
1951 1483 2051 1522 illud
2086 1489 2255 1535 propter

1219 1545 1491 1585 obtinendum
1501 1546 1656 1585 bonum
1676 1546 1787 1596 quod
1800 1545 1843 1584 in
1856 1546 1927 1584 tali
1941 1546 2141 1598 religione
2162 1558 2254 1587 esse

1213 1603 1414 1657 judicant,
1436 1618 1531 1645 311111
1551 1618 1623 1658 spe
1645 1606 1705 1655 (ut
1725 1606 1821 1656 dixi)
1841 1607 2064 1657 superandi
2082 1608 2163 1647 tale
2180 1620 2254 1659 pe-

1217 1667 1417 1714 ricnlum;
1451 1668 1559 1706 sicut
1588 1667 1700 1706 enim
1728 1668 1846 1706 multi
1869 1667 1922 1706 ob
1951 1669 2025 1707 Dei
2050 1668 2253 1708 honorem

1217 1729 1445 1779 majoribus
1477 1729 1671 1780 periculis
1692 1741 1735 1767 se
1757 1734 1984 1780 exponunt,
2007 1742 2092 1769 non
2116 1731 2252 1771 solum

1214 1789 1413 1837 infamiae,
1437 1791 1510 1828 sed
1525 1790 1651 1828 etiam
1670 1791 1827 1836 mortis,
1850 1791 1908 1829 ita
1921 1791 2091 1830 minime
2107 1793 2252 1832 timen-

1215 1851 1312 1889 dum
1340 1863 1393 1889 ne
1410 1851 1561 1898 desint,
1585 1852 1653 1901 qui
1681 1852 1786 1889 113110
1807 1852 1929 1890 etiam
1951 1853 2060 1890 viam
2081 1854 2250 1904 aggredi

1214 1910 1354 1950 velint.
1375 1910 1506 1959 Certe,
1521 1912 1558 1949 si
1581 1911 1856 1950 consideratio
1872 1912 1940 1950 illa
1960 1913 2105 1952 efficax
2122 1917 2248 1963 esset,

1213 1972 1435 2011 novitiatus
1456 1971 1580 2011 etiam
1601 1973 1898 2024 cujuscumque
1915 1968 2126 2025 religionis
2140 1979 2250 2016 esset

1212 2032 1421 2073 sufficiens
1442 2034 1601 2073 occasio
1635 2034 1869 2073 deterrendi
1888 2035 2078 2075 homines
2109 2037 2162 2076 ab
2185 2038 2248 2076 in-

1213 2106 1381 2145 gressu3
1413 2106 1509 2133 nam
1531 2099 1622 2145 post
1647 2095 1748 2133 illud
1767 2095 2005 2135 inchoatum
2026 2109 2150 2137 nemo
2174 2098 2246 2150 eji-

1212 2155 1331 2203 citur,
1352 2158 1421 2193 aut
1432 2155 1653 2194 retrocedit
1667 2157 1755 2194 sine
1770 2157 1854 2195 ulla
1866 2157 2034 2198 infamia
2047 2163 2119 2199 aut
2129 2164 2244 2208 nota,

1213 2220 1253 2255 et
1268 2216 1439 2267 quilibet
1459 2217 1604 2255 timere
1626 2221 1761 2266 potest
1775 2229 1828 2256 ne
1846 2218 1922 2256 hoc
1940 2219 1998 2257 illi
2018 2221 2240 2272 contingat.

1212 2277 1328 2323 Quod
1348 2283 1446 2317 vero
1464 2277 1517 2316 ad
1537 2281 1824 2328 paupertatem
1857 2279 2017 2327 attinet,
2037 2282 2138 2319 nihil
2157 2281 2244 2323 fere

1211 2343 1273 2378 est
1301 2339 1412 2390 quod
1432 2350 1483 2378 ex
1512 2339 1590 2378 hac
1610 2343 1724 2390 parte
1748 2339 1957 2389 timeatur,
1975 2346 2064 2381 tum
2084 2343 2182 2392 quia
2209 2343 2244 2383 si

1209 2400 1348 2451 aliqua
1366 2399 1686 2440 bona-'Societati
1706 2400 1857 2439 donata
1876 2406 1987 2450 sunt,
2009 2415 2058 2442 33
2074 2405 2243 2454 quidem

1205 2462 1322 2513 juxta
1352 2473 1390 2501 e.
1415 2463 1438 2501 4
1469 2462 1697 2509 Examinis,
1719 2462 1776 2501 lit.
1801 2463 1846 2510 B,
1877 2467 1917 2502 et
1936 2477 1971 2502 3.
1996 2467 2020 2503 3
2049 2466 2240 2506 secundae

1208 2523 1349 2573 partis,
1371 2521 1430 2562 lit.
1460 2523 1506 2571 Β,
1530 2535 1578 2562 33
1607 2524 1768 2574 praxim
1793 2536 1817 2562 a
1841 2526 1866 2563 5
1894 2525 2236 2576 Congregatione,

1208 2584 1373 2623 decreto
1402 2584 1443 2631 8,
1476 2584 1694 2635 Praeposito
1728 2585 1918 2623 Generali
1948 2587 2237 2638 commissam,

1207 2645 1367 2685 restitui
1397 2644 1530 2683 solent
1550 2646 1601 2693 ei,
1623 2646 1694 2694 qui
1722 2646 1906 2695 ejicitur;
1931 2650 2017 2685 tum
2038 2648 2134 2696 quia
2153 2661 2238 2688 non

1207 2707 1287 2746 nisi
1305 2706 1374 2757 qui
1394 2706 1436 2745 in
1463 2706 1677 2744 vocatione
1707 2705 1874 2744 stabiles
1890 2707 2140 2757 judicantur,
2163 2711 2237 2750 bo-

1207 2776 1356 2807 norum
1387 2779 1571 2814 suorum,
1603 2767 1636 2806 si
1664 2778 1745 2818 qua
1774 2767 1943 2816 habent,
1968 2772 2235 2811 renuntiatio-

1204 2841 1302 2869 nem
1320 2829 1455 2869 facere
1469 2829 1782 2880 permittuntur3
1809 2829 1840 2868 si
1860 2842 1955 2869 vero
1973 2832 2090 2872 aliter
2109 2834 2160 2872 de
2175 2835 2236 2874 eis

1202 2891 1446 2941 dispositum
1471 2895 1548 2938 est,
1569 2891 1688 2939 itarut
1704 2893 1939 2941 recuperari
1960 2905 2044 2932 non
2060 2896 2231 2945 possint,

1203 2952 1277 2993 sibi
1297 2953 1483 3003 imputet,
1506 2951 1575 3001 qui
1592 2955 1683 3003 post
1700 2952 1936 3002 hujusmodi
1961 2957 2234 2995 renuntiatio-

1201 3025 1298 3055 nem
1322 3013 1539 3066 indignum
1559 3025 1602 3052 se
1622 3013 1717 3052 fecit
1737 3017 1782 3052 ut
1800 3014 1842 3052 in
1859 3015 2062 3055 Societate
2080 3018 2233 3056 retine-

1199 3080 1335 3122 retur-3
1376 3079 1417 3113 et
1445 3076 1645 3126 praeterea
1682 3075 1772 3125 ipsa
1803 3075 1992 3116 educatio
2023 3077 2066 3116 in
2097 3079 2233 3119 Socie-

1199 3140 1299 3184 tate,
1318 3137 1506 3187 quamvis
1523 3136 1776 3188 temporalis,
1797 3139 1837 3176 et
1856 3138 2015 3178 semina
2033 3140 2229 3181 virtutum

1198 3209 1246 3237 ac
1262 3190 1471 3245 doctrinae,
1488 3209 1581 3249 quae
1598 3198 1641 3236 in
1659 3209 1708 3237 eo
1722 3202 1908 3249 tempore
1924 3202 2153 3252 comparari
2167 3213 2232 3242 so·

1198 3259 1300 3306 lent,
1320 3259 1479 3310 majora
1497 3259 1605 3298 bona
1638 3263 1749 3308 sunt,
1779 3260 2032 3313 majorisque
2053 3262 2231 3304 333111113-

1200 3320 1319 3360 tionis
1335 3332 1461 3373 quam
1480 3321 1724 3377 temporalia
1745 3313 1814 3360 illa
1840 3322 2119 3373 incommoda,
2136 3334 2228 3374 qum

1197 3381 1331 3422 timeri
1349 3394 1470 3433 posse
1490 3382 1697 3423 dicuntur.

1622 3532 1797 3541 ——.-..
