2352 3880
98 331 133 370 '22
151 347 175 375 e
192 331 243 374 sit
259 329 523 388 periculum
506 327 666 375 mortis,
687 330 733 366 ut
745 327 906 366 ratione
923 325 1032 365 illius
1049 323 1118 364 ob-

56 388 190 453 lliget
211 393 397 434 divinum
427 379 682 442 prae'ceptum
717 388 772 428 ad
810 388 1119 427 communican-

53 450 203 504 Eum,
225 458 266 494 et
283 458 382 494 tunc
410 450 618 504 generalis
652 450 796 502 regula
833 454 916 499 est,
955 448 1117 500 quoties

55 527 64 550 2
84 510 325 561 {ommunio
363 519 427 554 est
468 511 732 563 suscipienda
771 510 825 550 ad
862 511 1118 564 implendam

83 571 195 621 inane
221 577 516 629 obligationem
546 573 858 625 provenientem
889 585 939 613 ex
975 572 1118 613 mortis

82 639 299 687 instantia,
321 638 406 677 sive
436 637 522 675 haec
541 638 628 674 tam
656 635 843 685 proxima
874 635 939 682 sit,
966 637 1007 674 et
1031 639 1117 674 tam

83 706 213 748 certa,
230 704 276 739 ut
288 702 459 739 vocetur
469 696 665 736 articulus
683 697 840 743 mortis,
863 697 948 735 sive
967 697 1017 735 sit
1030 707 1117 735 ma-

74 763 149 816 -gis
167 762 323 801 distans
354 764 396 800 et
413 759 555 806 dubia,
576 758 754 809 ideoque
785 759 1013 809 periculum
1045 769 1118 809 ap-

78 824 274 879 pelletur,
296 823 418 862 talem
435 821 770 860 communionem
789 821 865 858 sub
877 821 955 859 hac
973 831 1117 871 excep-

82 884 195 928 tione
213 883 525 934 comprehendi,
546 882 642 933 quia
663 882 704 920 in
726 894 770 920 re
785 881 889 932 ipsa,
914 894 963 921 ac
979 893 1117 920 mora-

81 945 410 997 literloquendo,
425 945 493 983 ille
511 948 573 983 est
587 943 783 982 articulus
794 943 952 991 mortis,
972 943 1117 982 etiam-

81 1007 119 1049 si
138 1007 316 1058 vulgaris
335 1006 483 1045 modus
501 1005 701 1055 loquendi
721 1004 893 1042 fortasse
915 1004 1020 1042 alius
1041 1004 1111 1050 sit;

80 1071 125 1110 et
144 1069 239 1119 quia
262 1067 446 1107 formalis
470 1068 574 1106 ratio
598 1067 720 1116 hujus
749 1065 1001 1115 exceptionis
1031 1077 1115 1104 non

80 1134 145 1171 est
161 1130 446 1181 propinquitas
467 1129 530 1168 vel
551 1127 743 1166 distantia
766 1126 924 1172 mortis,
952 1126 1027 1165 sed
1046 1126 1116 1165 ob-

78 1191 222 1243 ligatio
243 1191 367 1230 divini
382 1191 593 1242 praecepti,
611 1190 729 1239 cujus
746 1188 1007 1226 observantia
1022 1200 1115 1239 per-

79 1252 185 1295 tinet
204 1253 380 1292 maxime
397 1252 451 1290 ad
473 1262 612 1291 curam
632 1254 673 1289 et
694 1249 1013 1288 sollicitudinem
1027 1262 1117 1300 pas-

78 1314 194 1362 toriS,
218 1319 259 1352 et
271 1314 364 1353 ideo
386 1314 443 1352 illi
457 1312 721 1364 peculiariter
741 1316 986 1351 reservatur.
1010 1312 1118 1358 Quo-

79 1375 187 1416 cirea
208 1376 249 1414 in
269 1375 348 1415 illis
368 1376 531 1414 casibus
559 1373 778 1425 propositis
802 1374 1118 1414 concedendum

79 1441 156 1483 est,
179 1437 475 1476 recurrendum
498 1448 588 1475 esse
626 1436 675 1474 ad
714 1437 933 1486 parochos,
965 1440 1005 1474 et
1032 1448 1117 1475 non

79 1510 171 1538 esse
207 1499 542 1538 communionem
565 1499 616 1536 ab
641 1498 729 1536 aliis
758 1498 1006 1536 sumendam
1028 1498 1115 1536 sine

79 1572 221 1600 eorum
242 1560 419 1600 licentia.
454 1561 652 1611 Idemque
685 1572 835 1598 censeo
859 1560 911 1598 de
942 1559 1118 1599 muliere

76 1626 337 1675 praegnante,
353 1627 392 1661 et
404 1623 591 1672 proxima
611 1622 760 1673 partui,
783 1621 817 1659 si
837 1633 981 1660 revera
1000 1621 1119 1661 timet

78 1684 213 1724 simile
240 1684 484 1735 periculum.
519 1686 600 1723 Aut
633 1684 664 1723 si
697 1683 872 1721 fortasse
902 1683 943 1721 in
976 1683 1118 1734 hujus-

78 1745 192 1785 modi
214 1745 376 1784 casibus
398 1746 475 1784 hoc
492 1757 577 1783 non
597 1750 655 1784 est
674 1746 715 1783 in
733 1758 825 1789 usu,
845 1748 885 1783 et
898 1744 984 1783 sine
1007 1757 1118 1784 scru-

77 1807 177 1858 pulo
198 1807 396 1856 accipitur
412 1810 452 1845 et
484 1806 604 1845 datur
623 1806 880 1844 Eucharistia
899 1818 924 1843 a
952 1806 1118 1854 religio-

77 1867 152 1913 sis,
171 1867 265 1906 ideo
278 1872 339 1907 est
358 1867 453 1917 quia
471 1878 554 1905 non
572 1867 831 1906 existimatur
844 1871 1006 1905 tantum
1025 1879 1118 1907 esse

77 1927 265 1982 periculi,
287 1932 333 1966 ut
348 1928 516 1966 inducat
536 1928 849 1976 obligationem,
869 1931 910 1967 et
927 1929 986 1967 ita
1006 1939 1118 1967 com-

77 1990 222 2030 munio
240 1990 373 2042 magis
388 1989 435 2028 fit
453 2002 502 2028 ex
519 1990 743 2028 devotione
758 2001 881 2040 quam
904 2000 955 2028 ex
975 2001 1118 2028 neces-

79 2051 220 2094 sitate,
247 2051 315 2091 vel
346 2054 457 2090 celte
480 2050 591 2090 bona
623 2049 704 2089 fide
734 2050 994 2101 proceditur,
1019 2051 1118 2101 quia

78 2123 164 2154 non
183 2113 385 2164 cogitatur
403 2112 454 2151 de
488 2112 557 2152 tali
580 2112 848 2163 obligatione,
873 2123 1011 2163 neque
1031 2113 1118 2152 haec

81 2175 267 2226 exceptio
290 2174 344 2214 ad
370 2174 461 2212 illos
489 2185 611 2212 casus
637 2174 883 2223 applicatur,
905 2174 1003 2224 quia
1032 2184 1117 2212 non

80 2241 143 2278 est
161 2236 280 2275 facile
313 2235 503 2274 omnibus
538 2235 579 2273 id
612 2235 875 2274 considerare
893 2237 934 2274 et
965 2233 1117 2275 adver-

80 2301 190 2343 tere;
209 2298 274 2337 vel
293 2297 475 2347 denique
504 2295 573 2334 illa
595 2297 706 2335 bona.
734 2295 838 2335 fides
859 2295 1021 2334 fundari
1043 2307 1117 2346 po-

79 2360 205 2401 testin
215 2363 467 2409 praesumpta
478 2359 688 2397 voluntate
710 2358 1003 2410 parochorum,
1024 2356 1116 2407 qui·

79 2419 160 2460 bus
172 2419 306 2470 potius
324 2424 485 2470 gratum
507 2424 569 2458 est
584 2420 662 2458 hoc
680 2419 970 2466 ministerium,
988 2429 1119 2469 quan-

79 2481 135 2522 do
156 2493 300 2520 eorum
320 2484 597 2533 contemptus,
617 2481 683 2519 vel
702 2480 817 2519 aliud
830 2479 1118 2532 praejudicium

80 2555 167 2584 non
186 2542 305 2582 inest.

137 2606 200 2642 15.
229 2602 328 2651 Quae
341 2602 559 2643 necessitas
577 2603 751 2653 sufficiat
768 2606 816 2642 ut
833 2601 876 2642 in
896 2602 1037 2642 mortis
1053 2612 1114 2643 ar-

82 2664 206 2707 ticulo
218 2665 378 2717 possint
395 2663 525 2703 nostri
544 2664 850 2703 Eucharistiam
867 2664 1113 2704 ministrare.

83 2725 334 2764 -Tandem
368 2725 520 2776 inquiri
544 2729 678 2774 potest
705 2725 805 2774 quid
838 2724 1117 2775 significatum

84 2785 137 2827 sit
153 2799 176 2826 a
202 2787 396 2826 Pontifice
416 2799 489 2838 per
509 2786 795 2825 limitationem
817 2787 998 2826 additam
1021 2787 1116 2826 huic

84 2848 330 2899 exceptioni,
354 2848 522 2896 scilicet,
550 2847 629 2888 nisi
648 2851 862 2888 necessitas
881 2853 1053 2899 urqerec.
1068 2849 1117 2888 Et

83 2910 187 2950 ratio
208 2910 322 2948 dubii
343 2914 403 2948 est
421 2910 533 2960 quia,
557 2910 589 2947 si
613 2911 688 2948 hoc
710 2910 962 2960 intelligatur
979 2910 1029 2949 de
1043 2922 1115 2949 ne-

85 2971 274 3011 cessitate
295 2975 492 3018 extrema,
511 2983 593 3009 non
613 2974 700 3009 erat
715 2971 950 3010 necessaria
968 2982 1117 3022 excep-

85 3032 158 3078 tio,
180 3037 222 3071 et
240 3033 294 3072 ita
317 3045 366 3071 ex
388 3033 427 3071 vi
447 3033 553 3071 illius
569 3033 669 3070 nihil
689 3032 925 3070 conceditur
944 3044 1019 3083 per
1038 3034 1115 3073 hoc

84 3093 367 3146 privilegium;
390 3094 423 3133 si
448 3106 543 3133 vero
561 3106 698 3133 sermo
725 3094 776 3132 sit
796 3094 847 3132 de
871 3093 1018 3132 minori
1045 3107 1116 3133 ne-

85 3154 289 3202 cessitate,
305 3159 349 3194 ut
369 3155 627 3206 privilegium
644 3155 800 3205 aliquid
817 3155 1028 3202 concedat,
1042 3155 1117 3194 dif-

86 3213 193 3255 ficile
217 3216 293 3254 erit
305 3217 480 3266 gradum
496 3217 752 3256 necessitatis
763 3216 1029 3268 praescribere
1047 3221 1118 3257 aut

87 3275 318 3327 designare.
334 3279 579 3328 Respondeo
594 3280 789 3326 breviter,
804 3278 1118 3328 intelligendum

87 3335 167 3376 hoc
179 3349 268 3376 esse
283 3338 333 3377 de
347 3340 588 3378 necessitate
600 3340 730 3389 gravi,
749 3340 802 3379 ad
817 3351 943 3390 quam
957 3339 1038 3377 duo
1057 3351 1120 3379 re-

90 3398 319 3451 quiruntur.
339 3399 475 3438 Unum
507 3404 584 3448 est,
606 3405 651 3438 ut
669 3402 879 3451 proximus
897 3401 948 3439 sit
967 3401 1008 3438 in
1030 3411 1121 3450 pro-

87 3452 215 3502 ⁴vbilbili
224 3461 405 3511 periculo
417 3461 580 3508 mortis,
596 3473 733 3511 neque
755 3467 817 3501 est
836 3463 1120 3503 necessarium

45 3529 49 3531 ’
93 3522 143 3559 ut
162 3521 212 3560 sit
231 3523 319 3572 Jam
347 3523 604 3574 desperatus,
630 3523 705 3561 sed
724 3524 873 3562 sufficit
897 3523 1122 3574 probabilis

95 3583 343 3632 conjectura.
374 3585 518 3634 Neque
542 3584 586 3622 in
613 3583 692 3623 hac
711 3588 828 3635 parte
851 3584 930 3624 erit
955 3584 1122 3626 difficile

307 3658 393 3687 xvl.

66 243 69 251 Α
355 200 448 237 m.
470 199 528 236 111.
550 199 649 241 Qum
667 176 840 234 issosstm·
858 198 914 235 AG
931 195 1123 235 umam·
1142 196 1369 234 PRAESTARE
1388 198 1432 235 m
1452 196 1839 236 sumismnlotm.
1859 195 1943 234 E'l'ss

76 310 83 314 ,
179 290 187 307 ι
215 268 502 321 distinguere,
533 265 608 306 sed
637 264 944 317 inspiciendum
972 267 1036 306 est
1064 274 1121 303 an
1167 262 1374 314 judicium
1388 265 1519 314 ferre3
1535 277 1636 304 nam
1653 265 1928 317 sipericulum
1948 279 2036 309 non
2047 267 2212 320 judice·

1671 2 1779 49 «Α...

1654 59 1671 73 .,
1733 64 1740 67 ,

2103 198 2213 242 1009

1171 327 1242 363 tur
1259 325 1371 374 tale,
1407 330 1454 365 ut
1482 326 1661 367 sufficiat
1691 327 1745 366 ad
1767 327 2061 380 obligationem
2081 329 2212 371 divini

1171 386 1384 436 praecepti,
1401 388 1501 425 tunc
1519 387 1681 426 facilius
1702 387 1840 429 licebit
1870 391 2212 433 communionem

1171 445 1273 486 dare
1292 447 1442 486 virtute
1473 447 1598 498 hujus
1629 449 1847 501 privilegii,
1881 453 1979 503 quia
2003 454 2092 505 jam
2123 462 2212 494 non

1172 507 1250 546 erit
1270 507 1508 546 communio
1529 509 1571 546 in
1585 510 1757 548 articulo
1775 513 1934 553 mortis.
1956 515 1996 554 Si
2018 527 2117 555 vero
2137 526 2211 567 pe-

1170 569 1347 608 riculum
1359 569 1571 619 judicetur
1585 570 1793 609 sufficiens
1813 572 1866 611 ad
1883 576 2120 624 praedictam
2140 576 2212 616 ob-

1169 629 1411 682 ligationem
1431 630 1732 678 inducendam,
1755 635 1853 672 tunc
1874 635 1996 675 etiam
2036 638 2212 679 sufficiet

1171 691 1227 731 ad
1254 692 1495 742 praedictam
1515 692 1818 740 limitationem,
1842 702 2046 745 quantum
2068 703 2131 738 est
2160 710 2213 739 ex

1170 753 1251 792 hoc
1269 754 1402 803 capite
1421 754 1681 792 necessitatis
1695 755 1888 804 proximi.
1905 757 2097 798 Secundo
2111 771 2212 800 vero

1170 817 1455 855 necessarium
1493 821 1554 855 est
1583 820 1628 855 ut
1650 817 1858 867 parochus
1892 819 2012 868 absit,
2038 822 2101 860 vel
2126 834 2212 862 non

1170 878 1300 929 possit
1320 882 1391 917 aut
1415 878 1518 917 nolit
1538 879 1840 917 Eucharistiam
1861 880 2066 932 indigenti
2093 883 2209 932 dare,

1169 951 1270 977 nam
1285 943 1383 979 tunc
1396 940 1608 990 proximus
1619 941 1880 980 constituitur
1894 941 1938 981 in
1956 954 2055 982 vera
2071 955 2213 983 neces-

1170 1000 1305 1039 sitate.
1324 1000 1387 1039 Ad
1404 1001 1689 1040 difficultatem
1701 1007 1839 1041 autem
1859 1005 2108 1055 respondeo,
2126 1016 2213 1045 non

1169 1073 1316 1101 omnes
1343 1062 1589 1108 concedere,
1613 1075 1736 1114 posse
1759 1064 2017 1116 religiosum,
2049 1067 2212 1107 secluso

1169 1123 1401 1174 privilegio,
1421 1124 1722 1163 Eucharistiam
1739 1125 1838 1165 dare
1858 1128 1912 1165 ob
1927 1127 2059 1166 solam
2074 1139 2215 1168 neces·

1172 1184 1357 1232 sitatem,
1391 1185 1487 1234 quia
1519 1198 1601 1224 non
1641 1191 1788 1237 putant
1818 1188 1919 1227 illud
1954 1201 2045 1229 esse
2077 1202 2216 1230 sacra·

1171 1250 1358 1284 mentum
1390 1250 1513 1285 tantae
1545 1248 1828 1295 necessitatis;
1857 1254 1896 1289 et
1934 1250 2032 1290 licet
2068 1263 2215 1293 eorum

1174 1308 1381 1346 sententia
1400 1308 1503 1346 falsa
1525 1310 1589 1353 sit,
1609 1313 1652 1346 ut
1669 1311 1807 1349 notavi
1823 1311 1933 1350 dicto
1956 1313 1979 1351 3
1993 1324 2121 1357 tomo,
2135 1313 2215 1352 dis-

1172 1374 1259 1420 put.
1283 1370 1350 1418 82,
1376 1374 1474 1408 sect.
1497 1372 1520 1408 2
1535 1400 1544 1414 ,
1569 1370 1785 1422 viderique
1807 1377 1942 1423 potest
1963 1374 2212 1424 Hemiquez,

1171 1432 1243 1470 lib.
1283 1433 1309 1470 8
1343 1433 1393 1471 de
1432 1433 1661 1471 Eucharist.
1681 1463 1692 1481 ,
1733 1447 1822 1486 cap.
1866 1437 2214 1487 quinquagesimo

1173 1494 1333 1544 quinto,
1357 1494 1377 1545 ξ
1401 1496 1438 1541 1,
1460 1495 1507 1541 Α,
1530 1495 1798 1534 nihilominus
1810 1498 1862 1536 ad
1883 1499 2110 1537 tollendam
2127 1511 2216 1538 om-

1172 1567 1269 1593 nem
1291 1555 1587 1594 dubitationem
1608 1557 1707 1595 utile
1729 1557 1804 1596 fuit
1827 1560 1903 1597 hoc
1927 1560 1971 1597 in
1997 1559 2214 1610 privilegio

1173 1617 1399 1656 declarare.
1426 1619 1519 1656 Haec
1551 1623 1690 1657 autem
1712 1621 1873 1668 omnia,
1898 1633 1990 1672 quae
2018 1622 2214 1671 diximus,

1172 1679 1401 1729 procedunt
1419 1681 1669 1729 generaliter
1688 1681 1739 1720 de
1761 1683 2116 1722 administratione
2139 1685 2216 1722 hu-

1170 1739 1238 1790 ]'us
1257 1742 1503 1779 sacramenti
1526 1742 1633 1780 cirea
1663 1747 1880 1793 externos3
1904 1745 2003 1795 quid
2030 1757 2129 1783 vero
2150 1745 2215 1784 di-

1172 1801 1353 1840 cendum
1375 1802 1426 1840 sit
1446 1802 1497 1840 de
1518 1803 1791 1843 familiaribus
1825 1806 2052 1852 Societatis,
2085 1807 2215 1845 adno-

1171 1862 1351 1901 tabimus
1373 1863 1509 1913 capite
1537 1865 1744 1914 sequenti,
1773 1869 1814 1904 et
1833 1867 1919 1904 haec
1938 1867 1989 1905 de
2010 1870 2215 1918 potestate

1172 1923 1298 1973 hujus
1318 1925 1536 1963 ministerii
1555 1926 1748 1965 Societati
1770 1939 1983 1967 concessa.

1227 1985 1292 2024 16.
1321 1986 1529 2037 Frequens
1556 1999 1653 2027 usus
1680 1989 1779 2027 dicti
1798 1990 2010 2040 privilegii
2042 1991 2211 2041 expedit.

1167 2067 1224 2077 —
1239 2045 1299 2086 Et
1321 2047 1366 2086 de
1387 2049 1498 2096 facco
1520 2049 1658 2087 datur.
1673 2070 1726 2078 —
1743 2050 1856 2088 Circa
1875 2063 1995 2089 usum
2014 2063 2114 2090 vero
2135 2053 2216 2091 hu-

1167 2106 1237 2159 jtis
1257 2108 1491 2158 potestatis,
1515 2109 1566 2147 de
1588 2121 1671 2159 quo
1698 2110 1742 2148 in
1765 2112 1964 2162 principio
1995 2113 2118 2163 hujus
2149 2125 2216 2153 ca-

1171 2169 1266 2221 pitis
1292 2169 1429 2207 dicere
1461 2171 1674 2220 proposui,
1706 2171 1789 2210 duo
1819 2173 1984 2212 tractari
2021 2179 2212 2225 possunt,

1170 2231 1343 2274 scilicet,
1362 2231 1463 2281 quid
1483 2233 1692 2283 expediat,
1716 2239 1757 2273 et
1778 2235 1878 2286 quid
1900 2236 1984 2275 fiat.
2010 2238 2066 2275 De
2087 2236 2214 2288 priori

1171 2298 1288 2345 parte
1311 2294 1439 2333 videri
1476 2300 1652 2345 possunt
1683 2309 1774 2347 quae
1807 2298 1859 2336 de
1888 2298 2094 2349 frequenti
2133 2310 2214 2339 usu

1173 2355 1440 2395 Eucharistiae
1458 2356 1557 2404 dixi,
1573 2358 1615 2395 in
1633 2362 1731 2397 tom.
1752 2360 1790 2406 3,
1812 2360 1931 2398 tertia
1951 2366 2083 2411 parte,
2104 2362 2210 2413 disp.

1171 2418 1240 2465 69,
1261 2422 1361 2457 sect.
1383 2419 1438 2466 ὦς
1461 2431 1558 2457 nam
1580 2431 1630 2457 ex
1652 2420 1841 2460 doctrina
1860 2422 1914 2460 ibi
1932 2423 2028 2462 data
2049 2427 2213 2464 constat

1171 2480 1348 2518 multum
1371 2480 1566 2530 expedire
1586 2481 1809 2520 liberaliter
1828 2484 1887 2522 uti
1908 2484 1984 2522 hac
2014 2485 2211 2526 facultate

1169 2550 1195 2579 a
1219 2541 1482 2579 Pontificibus
1503 2554 1701 2581 concessa
1717 2573 1728 2590 ,
1752 2544 1808 2581 ita
1829 2549 1874 2583 ut
1896 2546 1958 2584 vel
1984 2546 2075 2596 ipsa
2098 2557 2210 2585 com-

1171 2603 1350 2641 moditas
1373 2607 1413 2641 et
1433 2605 1719 2653 opportunitas
1740 2606 1879 2644 invitet
1897 2606 2041 2645 fideles
2063 2609 2211 2647 saltem

1172 2664 1225 2702 ad
1240 2677 1335 2703 eum
1354 2677 1472 2702 usum
1489 2666 1770 2713 Eucharistiae,
1793 2679 1918 2718 quem
1932 2669 2207 2719 Augustinus,

1170 2726 1290 2776 epist.
1315 2728 1405 2773 118,
1426 2730 1466 2764 et
1488 2728 1654 2766 nomine
1676 2729 1766 2779 ejus
1786 2729 1890 2768 liber
1910 2730 1961 2769 de
1986 2731 2210 2770 Ecclesias-

1170 2788 1261 2826 ticis
1288 2788 1567 2838 dogmatibus,
1590 2802 1624 2828 c.
1649 2791 1715 2834 53,
1740 2792 1932 2840 consulit,
1961 2793 2135 2842 scilicet,
2163 2795 2210 2832 ut

1171 2851 1315 2890 saltem
1333 2851 1504 2901 singulis
1526 2852 1856 2893 hebdomadibus
1871 2855 1955 2893 fiat.
1977 2855 2094 2901 Quod
2113 2867 2209 2896 con-

1170 2912 1305 2951 silium
1323 2913 1412 2950 aliis
1429 2913 1550 2951 etiam
1570 2914 1757 2953 Patribus
1778 2921 2106 2955 consentaneum
2129 2921 2204 2965 est,

1170 2978 1217 3013 ιιι
1236 2974 1376 3012 videre
1395 2974 1490 3012 licet
1510 2974 1551 3012 in
1572 2975 1881 3026 Chrysostomo,
1908 2979 2049 3016 homil.
2073 2980 2140 3026 028,
2165 2978 2206 3016 in

1171 3038 1191 3077 1
1216 3036 1269 3075 ad
1305 3037 1394 3075 Cor.
1416 3038 1455 3082 4,
1475 3041 1516 3076 et
1543 3037 1585 3075 in
1608 3040 1632 3077 2
1664 3039 1715 3077 ad
1736 3040 1933 3085 Timoth.;
1958 3042 2203 3086 Bonavent.‚

1170 3102 1271 3137 tom.
1295 3101 1319 3137 2
1340 3098 1552 3149 Opuscul.‚
1581 3099 1632 3139 de
1667 3101 1851 3141 Process.
1881 3103 2017 3153 relig,
2038 3114 2129 3152 cap.
2153 3102 2201 3140 21

1170 3159 1305 3198 ultimi
1326 3172 1560 3210 processus,
1580 3166 1621 3200 et
1635 3162 1739 3211 aliis,
1760 3176 1865 3215 quos
1879 3164 1968 3202 loco
1986 3164 2108 3202 citato
2129 3162 2204 3200 ad-

1172 3220 1283 3260 duxi.
1306 3222 1351 3260 In
1371 3222 1563 3272 praesenti
1583 3235 1679 3262 vero
1700 3224 1806 3262 addo
1828 3228 1991 3263 nostros
2020 3223 2203 3263 sacerdo-

1171 3286 1234 3322 tes
1257 3284 1422 3334 speciali
1455 3284 1602 3333 regula
1633 3287 1685 3324 26
1715 3286 1863 3330 teneri,
1891 3290 1937 3323 ut
1966 3287 2070 3325 sicut
2088 3285 2204 3336 psum

1172 3347 1230 3383 est
1250 3345 1385 3390 fideles
1402 3346 1456 3385 ad
1471 3346 1701 3396 frequenter
1722 3347 2083 3386 communicandum
2114 3344 2204 3382 eor·

1174 3406 1275 3451 tari,
1291 3405 1351 3445 ita
1371 3418 1524 3446 monere
1541 3407 1633 3447 illos
1651 3408 1796 3455 debere,
1818 3419 1865 3446 ne
1890 3408 2066 3447 erebrius
2085 3414 2206 3455 quam

1175 3468 1309 3506 octavo
1337 3479 1484 3519 quoque
1511 3468 1574 3507 die
1598 3470 1894 3514 communicent,
1913 3465 2140 3516 praesertim
2166 3463 2207 3506 εἰ

1173 3527 1358 3580 conjuges
1370 3528 1538 3576 fuerint.
1559 3528 1617 3566 De
1636 3529 1763 3566 altera
1780 3539 1876 3566 vero
1891 3529 2020 3577 parte,
2038 3524 2134 3575 quia
2150 3522 2206 3565 ad

1173 3585 1329 3626 factum
1347 3588 1543 3639 pertinet,
1559 3587 1662 3627 nihil
1679 3599 1758 3628 nos
1778 3587 1914 3627 dicere
1937 3590 2115 3638 oportet,
2130 3583 2205 3630 sed

1934 3653 1990 3694 64·
