2352 3880
415 222 506 256 CAP.
527 221 597 256 vn.
619 221 802 256 REGIMEN
821 219 1052 256 socmrxrls
1069 220 1150 255 PER
1169 218 1298 254 n’sms
1320 217 1513 253 REGULAM
1533 215 1822 256 DENUNTJANDI,
1843 213 1935 250 mc.

120 291 279 333 constat
291 298 343 328 ex
359 287 532 328 materia
548 286 599 327 de
616 287 772 339 legibus
780 296 796 338 3
809 286 877 327 ille
893 289 1028 328 autem
1045 287 1141 326 ordo

123 362 208 394 non
223 352 282 390 est
299 360 350 389 ex
371 352 520 388 natura
535 348 596 389 rei
615 347 880 396 necessarius,
902 346 1015 388 nulla
1032 347 1143 386 enim

121 410 300 455 evidenti
316 410 475 450 ratione
494 408 672 450 naturali
698 408 861 460 probari
881 411 1025 460 potest,
1041 418 1141 460 prae<

119 472 262 515 sertim
281 471 414 522 quoad
435 470 603 510 testium
617 469 910 519 inductionem,
925 481 1015 521 quae
1032 479 1141 509 sum-

119 543 233 575 mam
259 531 383 572 habet
416 531 715 580 difficultatem,
752 534 793 570 et
828 531 898 570 vix
935 533 1064 582 potest
1092 528 1144 569 ad

122 594 286 648 praxim
302 593 457 641 reduci,
476 597 522 632 ut
540 604 591 632 ex
611 604 691 631 usu
719 595 899 642 constat3
922 604 1019 642 ergo
1042 590 1145 631 veri·

123 655 259 697 simile
283 666 363 694 non
388 657 447 693 est
464 653 522 692 ibi
562 664 648 692 esse
686 651 816 691 latum
848 653 1018 704 speciale
1042 663 1145 704 prae·

122 720 287 768 ceptum
301 727 325 754 a
338 714 494 754 Christo
509 713 559 753 de
569 714 802 764 hujusmodi
818 714 972 753 ordine.
989 714 1038 753 Et
1054 724 1145 753 con·

121 775 324 823 firmatur,
353 775 450 827 quia
469 773 616 814 Christi
646 775 809 814 Domini
834 775 960 815 verba
987 775 1146 815 indiffe-

120 837 253 878 tentia
269 839 364 875 sunt
382 835 435 876 ad
456 835 651 887 injuriam
669 836 840 884 illatam,
863 840 949 876 tam
975 837 1143 884 occulte,

121 909 247 951 quam
275 896 460 950 pubiice3
481 909 579 937 nam
606 897 788 936 absolute
808 897 925 945 dixit,
946 898 983 938 si
1013 908 1147 949 pecca·

122 959 227 1000 verit
247 960 291 999 in
323 963 360 1000 te
370 975 385 1005 ,·
404 970 500 1011 ergo
520 958 774 998 indefinitive
798 960 920 998 etiam
939 957 1148 997 constituit

122 1018 241 1059 illum
261 1019 447 1059 ordinem
479 1031 552 1071 pro
583 1031 840 1071 quacumque
868 1019 1033 1070 injuria,
1063 1018 1147 1058 sive

127 1081 300 1128 occulte,
321 1082 405 1121 sive
433 1081 595 1133 publice
612 1080 697 1129 fiat,
719 1092 811 1119 cum
832 1083 970 1118 tamen
993 1083 1149 1119 certum

126 1142 181 1181 sit
198 1154 283 1181 non
311 1154 396 1182 esse
431 1142 704 1182 necessarium
732 1141 978 1192 praemittere
1001 1152 1152 1180 correc-

126 1204 283 1243 tionem
304 1208 513 1252 secretam,
534 1203 606 1242 ubi
625 1206 835 1254 peccatum
855 1206 912 1241 est
927 1202 1148 1253 publicum.

127 1266 176 1306 In
198 1266 349 1317 injuria
371 1270 508 1305 autem
544 1265 709 1317 propria
727 1264 888 1303 videtur
917 1264 959 1303 id
998 1265 1153 1304 utiliter

128 1327 299 1375 consuli,
319 1327 369 1366 ad
389 1326 682 1366 ostendendam
713 1325 841 1364 animi
866 1324 1092 1375 lenitatem,
1113 1329 1153 1365 et

126 1385 454 1428 benevolentiam
470 1400 566 1438 erga
580 1399 674 1426 eum
693 1387 763 1438 qui
782 1387 978 1438 injuriam
997 1388 1151 1435 intulit3

127 1461 213 1489 non
229 1450 339 1489 enim
353 1453 412 1489 est
428 1448 706 1500 corripiendus
716 1452 880 1499 propter
896 1449 1155 1488 commodum

129 1510 400 1563 corripientis,
419 1510 487 1550 sed
505 1514 670 1562 propter
686 1510 837 1561 ipsum,
850 1514 896 1548 ut
912 1510 1156 1561 significavit

129 1571 326 1621 Christus,
342 1573 478 1612 dicens
497 1583 507 1611 ε
526 1572 728 1612 Lucratus
742 1571 821 1611 eris
834 1574 1004 1620 fratrem
1015 1576 1128 1612 tuum
1138 1588 1154 1619 ;

130 1638 172 1674 et
189 1635 374 1685 exposuit
411 1633 676 1685 Augustinus,
703 1644 824 1671 serm.
853 1635 916 1682 16,
942 1633 992 1672 de
1015 1632 1158 1672 Verbis

130 1694 307 1734 Domini.
346 1695 461 1734 Unde
489 1694 599 1733 idem
636 1694 903 1745 Augustinus,
930 1693 1001 1733 lib.
1043 1696 1068 1733 2
1108 1693 1158 1733 de

130 1754 261 1796 Serm.
284 1756 447 1795 Domini
465 1756 509 1794 in
527 1759 680 1802 monte,
703 1767 738 1794 c.
763 1756 837 1795 19:
859 1755 968 1796 Raro
992 1754 1156 1806 (inquit)

130 1821 171 1859 et
203 1818 248 1857 in
278 1829 426 1869 maana
467 1816 693 1859 necessitate
720 1817 1012 1869 objuryationes
1049 1816 1160 1857 adhi-

132 1878 262 1919 bendoe
294 1883 402 1926 sunt,
428 1880 489 1918 ita
514 1883 644 1918 tamen
675 1881 722 1918 ut
752 1878 871 1918 etiam
891 1878 934 1917 in
955 1878 1019 1918 liis
1039 1877 1157 1930 ipsis,

130 1950 210 1981 non
228 1939 354 1986 nobis,
378 1939 447 1980 sed
462 1939 632 1978 Domino
655 1943 701 1979 ut
717 1939 931 1985 serviatur,
951 1938 1157 1978 instemus.

130 1999 184 2040 Et
201 2000 301 2039 dum
317 2000 395 2039 1106
413 1999 460 2038 fit
475 1999 581 2039 inter
602 2002 638 2039 te
664 2002 700 2039 et
722 1999 856 2051 ipsum
871 1998 1011 2047 solum,
1030 1999 1160 2050 aptior

133 2066 194 2103 est
222 2062 367 2102 modus
386 2062 438 2102 ad
472 2061 771 2101 conciliandam
808 2061 1044 2101 amicitiam.
1075 2062 1160 2100 Imo

130 2125 258 2164 etiam
271 2125 305 2163 si
323 2122 499 2176 petenda
516 2123 568 2162 sit
584 2122 816 2171 satisfactio,
838 2122 903 2162 vel
928 2122 1076 2162 solutio
1094 2123 1161 2162 de-

132 2183 211 2225 biti
227 2198 252 2225 a
267 2185 477 2231 creditore,
496 2184 567 2235 qui
581 2183 679 2222 dum
699 2183 811 2223 estin
827 2195 942 2223 mora
961 2183 1162 2234 solvendi,

129 2239 216 2286 'dici
242 2250 373 2298 potest
398 2256 562 2297 peccare
601 2245 646 2284 in
680 2244 946 2292 creditorem,
987 2245 1164 2296 optimus

135 2307 237 2349 ordo
268 2312 341 2356 est,
362 2307 476 2359 prius
506 2306 558 2346 ab
584 2317 632 2346 6ο
650 2306 840 2358 privatim
867 2310 1002 2358 petere
1021 2310 1067 2345 ut
1086 2306 1165 2345 sol-

134 2373 220 2420 vat,
245 2374 286 2409 et
304 2368 465 2417 deinde,
485 2367 519 2407 si
554 2379 716 2407 necesse
749 2367 887 2416 fuerit,
919 2379 1056 2407 coram
1080 2379 1165 2407 uno

135 2432 204 2473 vel
231 2432 358 2472 altero
388 2430 520 2470 amico
557 2429 709 2469 instare
742 2429 851 2481 apud
893 2429 1025 2478 illum,
1055 2430 1166 2482 prius

138 2505 264 2547 quam
280 2493 331 2532 ad
348 2492 570 2545 petendum
592 2502 728 2531 coram
752 2491 888 2542 judice
909 2490 1164 2542 procedatur,

140 2555 327 2608 quamvis
344 2554 410 2593 hic
439 2553 538 2592 ordo
555 2564 640 2592 non
659 2552 710 2591 sit
726 2552 965 2603 simpliciter
984 2563 1168 2592 necessa-

138 2616 239 2665 rius,
262 2620 302 2655 et
331 2616 375 2654 in
393 2619 608 2667 praecepto,
629 2613 793 2666 quando
813 2613 965 2665 alioqui
984 2613 1165 2653 debitum

140 2681 183 2719 et
194 2677 275 2718 tale
294 2681 415 2717 estut
430 2680 526 2715 ante
542 2687 707 2715 omnem
722 2675 963 2728 petitionem
981 2674 1084 2714 solvi
1104 2674 1170 2714 de-

139 2737 247 2788 beat,
267 2742 308 2779 et
329 2738 484 2790 alioqui
502 2737 665 2789 probari
694 2740 827 2788 potest
848 2736 893 2775 in
908 2735 1076 2788 judicio.
1096 2736 1171 2775 Er-

135 2792 211 2854 'go,
231 2800 417 2853 quamvis
436 2799 617 2839 Christus
638 2798 836 2837 Dominus
872 2797 915 2837 in
946 2798 1088 2837 ordine
1119 2797 1172 2837 ad

143 2862 472 2903 emendationem
490 2860 627 2900 fratris
639 2859 758 2899 illum
778 2859 965 2898 ordinem
994 2859 1174 2911 posuerit

143 2922 374 2971 meliorem,
386 2934 470 2961 non
490 2920 675 2972 sequitur
691 2921 809 2960 illum
822 2920 1080 2960 constituisse
1098 2919 1173 2960 suh

140 2978 359 3037 praecepto.
378 2981 494 3022 Unde
515 2982 815 3030 Bonaventura,
835 2982 932 3021 Luc.
955 2983 1021 3031 17,
1042 2982 1085 3020 111
1101 2981 1173 3021 illa

145 3043 297 3085 verba:
321 3043 375 3085 Si
398 3042 621 3095 peccaverit
650 3042 695 3083 in
725 3046 775 3091 te,
800 3046 875 3082 etc.
897 3053 909 3082 ι
930 3042 1014 3084 Hie
1042 3046 1174 3084 autem

147 3106 242 3147 ordo
263 3105 426 3159 (inquit)
441 3104 709 3156 conci-uitatis
725 3106 797 3152 est,
814 3114 893 3143 non
904 3104 1171 3153 necessitatis,

148 3170 187 3209 et
209 3167 382 3207 maxime
419 3165 456 3207 si
478 3165 743 3219 percipiatur,
763 3165 866 3218 quod
883 3165 1094 3218 proximus
1113 3165 1177 3206 in-

151 3228 397 3282 corriqibilis
413 3230 471 3267 est
494 3228 547 3268 ad
562 3227 720 3267 verbum
737 3228 931 3277 fratrum,
951 3229 988 3267 et
1005 3227 1176 3278 corriqi-

152 3287 247 3329 bilis
265 3299 386 3329 manu
404 3287 528 3339 forti;
546 3291 586 3327 et
600 3287 707 3328 hanc
725 3287 969 3328 sententiam
986 3286 1068 3326 late
1083 3299 1177 3328 con-

151 3348 319 3390 firmare
336 3353 506 3388 conatus
523 3353 585 3389 est
619 3350 814 3390 Bernard.
842 3349 892 3388 de
920 3349 1104 3399 Arevalo‚
1132 3351 1177 3390 in

149 3411 317 3465 speciali
334 3422 455 3462 opere
476 3410 527 3451 de
541 3412 789 3452 correctione
804 3411 1000 3451 fraterna.

206 3474 273 3513 10.
297 3472 332 3513 S
336 3474 549 3514 tatuuntur
566 3473 640 3513 duo
654 3476 815 3525 puncta.
829 3495 881 3502 —
898 3471 974 3512 Sed
993 3472 1180 3524 quamvis

155 3531 200 3574 in
215 3532 282 3574 his
300 3533 455 3573 duobus
472 3533 645 3586 punctis,
674 3534 824 3573 scilicet
843 3547 895 3572 an
917 3534 1109 3574 correctio
1129 3534 1181 3574 sit

156 3593 208 3637 de
224 3597 368 3650 quovis
385 3600 563 3652 peccato,
579 3608 663 3637 non
677 3608 774 3637 vero
787 3595 919 3636 solum
940 3595 992 3636 de
1011 3595 1182 3649 injurio-

2104 65 2127 89 ῥ

2118 208 2227 251 1093

1194 297 1239 325 so
1257 284 1509 336 corripienti,
1530 284 1577 324 et
1588 295 1642 323 311
1659 282 1710 322 de
1728 280 1976 322 correctione
1993 277 2086 332 ipsa
2105 279 2224 320 detur

1194 350 1445 398 praeceptum
1461 345 1506 384 in
1525 343 1660 384 verbis
1683 341 1846 391 Christi,
1863 352 2014 392 magna
2036 339 2225 380 videatur

1195 419 1279 447 esse
1323 406 1515 446 dissensio
1563 404 1698 457 quoad
1732 403 2045 456 explicationem
2086 404 2226 442 textus

1196 466 1443 518 Evangelici‚
1459 466 1627 505 fortasse
1646 466 1692 505 in
1708 477 1754 505 re
1769 465 1873 517 ipsa,
1892 467 1933 504 et
1951 462 2060 516 quod
2079 462 2227 503 attinet

1197 529 1251 570 ad
1279 529 1506 568 doctrinam
1533 527 1758 576 moralem,
1788 527 1903 566 nulla
1931 527 2015 566 fere
2042 529 2117 576 est,
2150 536 2227 566 nec

1198 602 1283 631 esse
1305 593 1439 642 potest
1456 601 1466 635 ;
1484 600 1583 627 113111
1606 588 1808 640 imprimis
1830 588 1937 628 circa
1961 587 2072 640 prius
2099 599 2227 638 punc-

1197 655 1302 699 tum,
1333 662 1517 703 suppono
1544 661 1629 688 non
1659 661 1744 689 esse
1773 648 1941 688 dubium
1977 650 2077 701 quin
2108 650 2229 690 detur

1198 712 1384 753 naturale
1422 704 1675 765 praeceptum
1713 711 1972 750 correctionis
2003 710 2194 751 fraternae
2211 739 2227 760 ‚

1198 774 1308 826 quod
1328 786 1470 814 omnes
1487 771 1684 822 Theologi
1702 775 1928 822 agnoscunt
1946 783 2036 811 rum
2055 773 2101 811 D.
2123 773 2230 812 Tho-

1198 846 1282 884 ma,
1302 836 1342 875 2.
1365 837 1405 884 2,
1425 847 1465 887 q.
1489 837 1565 883 333
1586 832 1787 874 Richardo
1801 863 1811 880 ,
1833 831 2047 882 Duraivlo,
2070 837 2110 872 et
2139 834 2230 873 aliis

1199 896 1244 936 in
1278 898 1320 945 4,
1350 896 1442 936 dist.
1465 898 1536 945 193
1569 896 1684 944 Soto,
1706 895 1750 934 in
1775 893 1926 934 Relect.
1956 894 2008 933 de
2039 895 2231 945 Tegendo

1202 962 1370 1006 secreto,
1390 957 1562 998 membr.
1586 959 1627 1007 2,
1644 961 1817 1008 quatuor
1836 955 1978 1008 primis
1997 956 2233 1007 quaestioni-

1202 1018 1299 1069 bus3
1316 1019 1520 1066 Altisiod.,
1537 1018 1610 1058 lib.
1630 1019 1654 1058 3
1671 1018 1847 1066 Summ.,
1864 1021 2024 1057 tractat.
2043 1018 2112 1066 21,
2129 1029 2163 1055 c.
2183 1019 2234 1067 13

1204 1080 1436 1120 Summistae
1470 1092 1634 1130 omnes,
1653 1079 1767 1118 verb.
1792 1078 1990 1120 Correctio
2021 1079 2209 1126 fraterna
2217 1093 2236 1126 ;

1206 1141 1449 1189 Canonistae,
1471 1142 1515 1181 in
1533 1154 1623 1194 cap.
1641 1139 1783 1187 Novit,
1802 1139 1852 1179 de
1870 1140 1892 1178 J
1897 1139 2053 1188 udiciis,
2070 1152 2159 1192 cap.
2183 1138 2238 1181 Si

1204 1204 1439 1256 peccaverit,
1469 1204 1510 1251 2,
1535 1214 1574 1255 q.
1608 1203 1649 1251 1,
1685 1205 1726 1241 et
1756 1200 1930 1240 habetur
1969 1213 2154 1252 expresse
2185 1211 2238 1241 ex

1207 1264 1402 1304 Anacleto
1422 1265 1551 1315 Papa,
1573 1263 1617 1302 in
1635 1275 1671 1302 c.
1692 1262 1792 1303 Tam
1820 1261 2074 1311 Sacerdotes,
2094 1263 2144 1302 25
2161 1291 2170 1308 ,
2193 1273 2234 1314 q.

1210 1327 1249 1374 3,
1268 1325 1339 1364 ubi
1359 1326 1491 1376 glossa
1509 1323 1678 1363 destruit
1697 1327 1869 1371 textum,
1884 1336 1955 1374 per
1973 1323 2113 1362 fideles
2131 1324 2238 1362 Prae-

1208 1386 1311 1426 latos
1333 1385 1652 1437 interpretando.
1676 1384 1788 1423 Facit
1806 1385 1927 1423 etiam
1946 1383 2048 1422 illud
2068 1384 2239 1423 Ambro-

1209 1447 1272 1496 sii,
1292 1447 1360 1486 lib.
1383 1449 1402 1486 1
1423 1447 1473 1486 de
1494 1446 1658 1494 Officiis,
1682 1458 1717 1486 c.
1741 1446 1791 1485 36
1811 1459 1820 1483 :
1847 1445 1922 1493 Qui
1940 1457 2016 1485 non
2036 1445 2190 1497 repellit
2215 1455 2242 1487 a

1210 1507 1315 1548 socio
1347 1507 1559 1558 injuriam,
1594 1507 1631 1546 si
1659 1509 1801 1558 potest,
1837 1509 1919 1545 tam
1953 1509 2011 1547 est
2045 1506 2089 1545 in
2126 1505 2238 1554 citio,

1211 1580 1330 1621 quam
1351 1569 1418 1609 ille
1444 1569 1515 1620 qui
1536 1569 1658 1618 facit,
1682 1579 1769 1618 cap.
1791 1566 1887 1608 Non
1917 1567 2150 1616 inferenda,
2172 1567 2239 1615 33,

1212 1633 1354 1681 quaest.
1377 1631 1415 1669 3.
1436 1630 1536 1668 Item
1560 1627 1663 1667 illud
1698 1628 1933 1678 Augustini,
1958 1632 2118 1667 tractat.
2153 1629 2176 1666 7
2199 1628 2243 1667 in

1212 1691 1361 1730 Joann.
1387 1702 1396 1728 ε
1419 1690 1514 1732 Non
1534 1693 1649 1742 putes
1680 1692 1716 1729 te
1748 1700 1883 1729 amare
1914 1690 2090 1729 vicinum
2116 1692 2242 1737 tuum,

1212 1752 1367 1805 quando
1387 1762 1472 1792 eum
1500 1762 1581 1790 non
1610 1750 1802 1801 corripis;
1819 1762 1897 1790 non
1917 1753 1975 1790 est
2002 1752 2086 1791 ista
2114 1749 2246 1791 ehari-

1214 1818 1294 1861 tas,
1314 1813 1385 1853 sed
1405 1813 1588 1866 Zanquor,
1606 1824 1642 1851 c.
1663 1811 1759 1853 Non
1774 1814 1906 1862 putes,
1927 1813 1995 1860 23,
2019 1824 2059 1862 q.
2082 1813 2120 1850 5.
2146 1812 2246 1850 Item

1214 1874 1318 1914 illud
1339 1873 1545 1924 Gregorii,
1567 1874 1611 1912 in
1630 1885 1665 1913 c.
1700 1874 1739 1919 5,
1760 1872 1800 1910 d.
1822 1873 1873 1912 83
1896 1883 1906 1910 :
1931 1873 2163 1913 Consentire
2190 1872 2247 1912 vi-

1215 1936 1330 1976 detur
1352 1934 1522 1981 erranti,
1555 1934 1625 1985 qui
1655 1934 1709 1974 ad
1737 1934 1949 1973 resecanda
1980 1945 2066 1984 qua>
2098 1933 2250 1987 corrigi

1215 1996 1361 2043 debent,
1381 2007 1459 2035 non
1478 1993 1665 2042 occurrit,
1684 1994 1857 2034 hahetur
1872 1994 1942 2033 lib.
1961 1997 1999 2042 7,
2019 1995 2134 2046 epist.
2153 1997 2245 2034 117.

1215 2056 1293 2097 Ubi
1311 2056 1459 2096 melius
1479 2056 1626 2095 dicitur
1648 2070 1657 2094 ε
1685 2056 1764 2104 Qui
1792 2057 2041 2107 corripienda
2055 2087 2064 2104 ,
2084 2060 2131 2097 ut
2147 2068 2250 2098 rese-

1217 2118 1302 2160 cari
1331 2119 1504 2166 debeant,
1529 2129 1607 2157 non
1627 2117 1812 2158 occurrit.
1831 2118 1880 2155 Et
1899 2118 1941 2155 in
1962 2118 2107 2156 eodem
2127 2118 2249 2168 libro,

1220 2179 1391 2231 epistola
1411 2180 1489 2218 114
1516 2190 1525 2217 z
1546 2178 1714 2219 Faciens
1734 2178 1887 2229 culpam
1908 2179 2163 2229 proculdubio
2184 2179 2251 2220 ka-

1220 2241 1295 2288 bet,
1324 2240 1393 2292 qui
1424 2240 1527 2291 quod
1547 2242 1676 2291 potest
1696 2240 1908 2292 corrigere,
1929 2238 2099 2292 neqliyit
2130 2252 2252 2281 emen-

1220 2301 1314 2342 dare
1323 2319 1337 2348 ;
1372 2300 1444 2340 sed
1476 2301 1733 2352 potissimum
1767 2300 1963 2340 fundatur
1993 2301 2070 2339 hoc
2107 2313 2253 2353 praece·

1221 2366 1338 2415 ptum
1369 2363 1414 2402 in
1441 2363 1599 2402 ratione
1634 2362 1839 2402 charitatis
1875 2366 1914 2402 et
1947 2363 2250 2413 misericordiae,

1221 2436 1312 2476 quae
1342 2424 1495 2476 obligat
1527 2425 1578 2463 ad
1609 2424 1903 2465 sublevandam
1934 2425 2112 2475 proximi
2135 2425 2254 2466 mise-

1220 2487 1347 2536 riam3
1370 2491 1581 2540 peccatum
1606 2491 1745 2527 autem
1770 2491 1829 2527 est
1855 2489 2037 2527 maxima
2067 2489 2252 2540 miseria3

1223 2552 1264 2589 et
1281 2550 1477 2589 correctio
1495 2548 1580 2588 fere
1600 2552 1661 2588 est
1679 2549 1850 2588 unicum
1869 2549 2067 2598 medium,
2086 2562 2166 2602 quo
2185 2562 2254 2602 po·

1224 2613 1303 2650 test
1333 2622 1439 2650 unus
1476 2610 1694 2650 subvenire
1728 2610 1844 2649 alteri
1867 2611 2068 2661 proximo,
2100 2611 2146 2652 in
2180 2610 2255 2650 tali

1224 2671 1389 2711 miseria
1406 2676 1447 2712 et
1467 2671 1705 2712 necessitate
1729 2671 1949 2711 constituto
1959 2687 1971 2720 ;
1994 2684 2090 2723 ergo
2109 2683 2255 2724 quam-

1224 2733 1295 2773 diu
1311 2735 1482 2786 quisque
1502 2734 1715 2774 commode
1733 2738 1877 2785 potest,
1898 2738 1938 2773 et
1958 2734 2062 2773 alius
2080 2735 2254 2787 indiget,

1227 2795 1403 2836 charitas
1422 2809 1473 2837 ex
1491 2809 1534 2836 se
1549 2797 1707 2837 inducit
1725 2796 1849 2836 talem
1868 2795 2174 2849 obligationem.

1282 2860 1346 2899 11.
1371 2858 1569 2900 Traditur
1579 2859 1671 2909 jam
1694 2858 1872 2910 primum
1898 2862 2102 2910 punctum,
2133 2861 2256 2900 mate-

1227 2920 1335 2961 riam
1359 2920 1458 2960 dicti
1470 2920 1657 2972 praecepti
1675 2931 1753 2959 non
1779 2919 1958 2960 limitari
1984 2920 2039 2961 ad
2054 2919 2178 2961 solam
2198 2921 2258 2960 in-

1221 2981 1382 3034 J‘uriam
1402 2980 1784 3032 corripientis—Id
1798 2981 1988 3022 suadetur
2006 2979 2256 3022 auctoritate.

1227 3063 1281 3073 —
1308 3043 1368 3082 Ex
1388 3054 1469 3095 quo
1490 3042 1667 3081 infertur
1689 3046 1935 3095 praeceptum
1953 3042 2030 3082 1106
2049 3053 2132 3081 11011
2149 3040 2260 3079 111111-

1228 3103 1309 3144 tari
1336 3103 1388 3143 ad
1419 3110 1631 3156 peccatum
1658 3103 1904 3155 injuriosum
1935 3102 2186 3154 corripienti,
2215 3103 2263 3141 ut

1230 3166 1355 3206 etiam
1376 3165 1420 3205 in
1441 3169 1617 3205 tractatu
1634 3165 1684 3205 de
1700 3164 1924 3213 Charitate,
1946 3164 1986 3203 d.
2017 3164 2068 3212 8,
2095 3167 2191 3203 sect.
2217 3162 2258 3211 2,

1228 3240 1272 3269 11.
1294 3229 1340 3276 2,
1362 3231 1403 3267 et
1426 3228 1470 3267 in
1499 3231 1657 3268 tractat.
1680 3227 1730 3268 de
1754 3227 1865 3275 Fide,
1884 3226 1988 3277 disp.
2011 3227 2077 3274 20,
2097 3229 2192 3264 sect.
2215 3224 2258 3273 4,

1229 3301 1402 3329 numero
1421 3289 1579 3329 decimo
1597 3293 1758 3341 quarto,
1778 3287 1877 3336 dixi,
1898 3287 1995 3339 quia
2016 3286 2260 3325 fundamen-

1230 3355 1321 3391 tum
1352 3354 1394 3392 et
1421 3351 1525 3391 ratio
1554 3351 1678 3402 hujus
1701 3348 1962 3400 obligationis
1987 3359 2070 3387 non
2098 3345 2263 3398 respicit

1231 3413 1434 3453 rationem
1451 3414 1628 3466 propriae
1646 3411 1822 3462 inJ'uriae,
1840 3411 1910 3451 sed
1928 3409 2107 3449 absolute
2125 3419 2263 3448 neces-

1233 3473 1394 3514 sitatem
1422 3474 1620 3526 proximi,
1642 3476 1682 3512 et
1711 3471 1788 3511 1106
1810 3476 1868 3511 est
1888 3472 2011 3510 etiam
2029 3473 2203 3518 certum,
2223 3471 2266 3510 et

1234 3539 1442 3588 receptum
1460 3535 1512 3575 ab
1537 3532 1726 3574 omnihus
1744 3531 1974 3582 Theologis,
1993 3541 2045 3570 ex
2071 3541 2152 3582 quo
2179 3529 2265 3570 fac-

1235 3600 1327 3637 tum
1348 3601 1410 3638 est
1426 3601 1474 3638 ut
1493 3596 1569 3649 ipsi
1591 3593 1869 3635 intellexerint
1895 3590 2021 3634 verba
2047 3591 2196 3637 Christi
2213 3591 2267 3633 de
