2352 3880
131 267 244 309 unde
262 267 315 308 de
333 266 492 308 Abbate
512 265 684 305 Arsenio
703 265 883 306 refertur
897 265 941 306 in
957 267 1041 306 vita
1058 267 1162 319 ejus,

131 340 224 381 cap.
248 330 289 379 9,
321 327 432 380 apud
465 326 646 375 Surium,
678 330 780 367 tom.
815 328 856 377 4,
887 338 939 369 ex
972 328 1166 369 Simeone

129 389 423 442 Metaphraste,
438 388 661 428 Arcadium
675 389 968 442 imperatorem
985 389 1094 429 dono
1111 388 1166 430 ad

129 464 226 494 eum
245 451 407 490 misisse
431 451 570 490 omnia
587 451 806 504 vectigalia
825 451 1007 503 AEgypti‚
1029 455 1071 491 ut
1090 463 1165 503 per

126 525 225 555 eum
249 512 503 564 pauperibus
525 516 566 553 et
584 513 711 553 sacris
741 513 1003 553 monasteriis
1031 513 1165 552 distri-

125 575 376 623 buerentur,
398 575 534 626 ipsum
553 578 694 614 autem
715 574 982 626 respondisse
1005 587 1014 613 :
1037 575 1164 617 Pecu-

124 636 202 677 nioe
221 636 452 677 distributio
474 647 719 688 nequaquam
739 637 792 678 ad
807 648 867 676 me
884 637 1073 687 pertinet,
1094 637 1164 688 qui

120 696 210 749 jam
235 709 324 738 sum
352 698 495 738 mundo
518 702 728 744 mortuus,·
746 698 897 737 mortui
926 708 1015 738 vero
1047 698 1163 739 mella

121 756 182 799 lest
198 759 315 799 actio.
338 759 388 798 Et
407 770 442 797 c.
465 760 538 805 25,
559 758 737 797 refertur
754 759 990 797 senatorem
1018 770 1161 809 quem-

119 818 219 860 dam
241 819 358 859 illum
385 819 609 858 instituisse
644 818 856 859 haeredem
881 819 1057 869 eopiosae
1077 819 1161 860 hae-

120 880 333 928 reditatis;
369 881 506 933 ipsum
548 883 690 918 autem
725 878 990 931 respondisse
1020 894 1032 920 z
1067 880 1159 934 qu

119 944 239 996 prius
255 946 438 984 mortuus
456 953 544 982 sum
563 953 682 993 quam
699 941 782 990 ille,
797 954 871 983 eur
892 951 984 994 erqo
1002 954 1063 985 me
1080 943 1159 986 lace·

119 1005 248 1046 redem
265 1003 476 1044 instituit?
492 1006 534 1043 et
552 1003 607 1042 ita
626 1002 838 1043 remisisse
858 1015 968 1051 eum,
986 1004 1058 1056 qui
1079 1007 1159 1044 tes-

120 1069 350 1107 tamentum
374 1063 623 1112 adduxerat,
655 1063 756 1103 nihil
788 1064 1012 1116 accipiens.
1033 1065 1158 1107 Acce-

119 1126 199 1177 dit,
222 1127 333 1179 quod
352 1126 567 1177 religiosus
590 1125 634 1164 in
656 1136 706 1165 eo
727 1130 992 1177 comparatur
1020 1138 1155 1175 servo,

120 1190 231 1241 quod
251 1200 334 1227 non
352 1193 415 1227 est
432 1199 562 1238 capax
582 1185 767 1236 dominii,
783 1189 831 1227 ut
849 1199 899 1226 ex
919 1187 1158 1227 Innocentio

120 1255 161 1292 et
198 1249 408 1290 communi
443 1249 650 1289 sententia
686 1249 901 1290 annotavit
933 1248 1156 1298 Navarrus,

116 1311 395 1352 Commentar.
417 1313 456 1359 2,
479 1311 530 1350 de
551 1309 717 1362 Regul„
732 1322 776 1353 n.
798 1313 839 1359 4,
858 1313 900 1350 et
922 1310 1067 1352 consil.
1090 1311 1158 1360 14,

119 1373 171 1415 de
190 1375 307 1415 Statu
327 1372 537 1419 Monaeh.,
559 1383 594 1412 e.
620 1373 661 1413 8.
753 1402 759 1412 .

172 1436 211 1477 8.
239 1435 340 1478 Vera
357 1433 705 1475 mamertia—Hoc
724 1442 823 1472 vero
843 1430 1079 1471 membrum
1096 1432 1159 1471 fa-

118 1495 196 1537 cile
216 1495 455 1546 expeditum
474 1494 564 1545 jam
591 1493 703 1533 enim
735 1492 778 1532 in
808 1496 921 1533 tomo
953 1494 1157 1544 superiori

119 1562 332 1599 ostensum
362 1561 451 1605 est,
472 1555 711 1607 hujttsmodi
732 1555 1047 1606 incapacitatem
1072 1567 1158 1596 non

119 1633 211 1663 esse
246 1620 302 1660 de
338 1619 572 1659 substantia
610 1616 793 1668 religiosi
830 1621 977 1658 status.
1019 1617 1156 1658 Primo

114 1681 301 1736 quidem,
323 1682 421 1732 quia
446 1685 589 1722 votum
616 1680 805 1720 solemne
834 1691 917 1719 non
941 1683 1003 1719 est
1020 1678 1074 1719 de
1094 1691 1157 1720 es-

118 1745 249 1785 sentia
276 1748 406 1784 status
425 1743 607 1795 religiosi
617 1753 630 1792 ;
651 1747 790 1782 votum
813 1745 954 1782 autem
980 1741 1156 1793 simplex

114 1819 201 1846 non
223 1806 342 1846 affert
362 1817 504 1845 secum
522 1803 758 1845 necessario
779 1803 891 1842 illam
909 1801 1155 1854 incapacita-

115 1873 213 1910 tem.
233 1866 438 1914 Secundo,
461 1866 559 1917 quia
576 1870 662 1905 tota
678 1869 903 1917 paupertas
918 1864 1155 1905 necessaria

115 1929 170 1970 ad
195 1928 495 1981 perfectionem
527 1930 590 1967 est
623 1927 665 1965 in
699 1930 902 1977 potestate
933 1927 1153 1967 voluntatis

115 1991 206 2044 ejus
225 2021 235 2040 ,
266 1990 336 2041 qui
367 2001 460 2030 eam
489 1991 778 2041 paupertatem
817 1987 1014 2038 amplecti
1047 1987 1149 2027 vult.

113 2052 304 2094 Reddere
335 2054 477 2091 autem
509 2061 554 2089 se
586 2049 829 2100 incapacem
863 2049 1035 2089 dominii
1066 2060 1152 2088 non

113 2126 281 2165 semper
314 2114 377 2152 est
407 2112 450 2150 in
477 2110 659 2150 hominis
687 2114 891 2162 potestate
928 2114 1152 2162 quantum-

110 2186 292 2227 cumque
311 2173 423 2222 velit,
443 2171 541 2222 quia
559 2171 638 2211 hoc
657 2171 812 2223 pendet
830 2182 881 2211 ex
899 2171 1006 2223 lege,
1024 2175 1070 2211 ut
1086 2184 1152 2211 su—

110 2248 203 2289 pra,
224 2235 374 2276 eodem
406 2238 535 2283 tomo,
567 2234 703 2272 visum
732 2238 818 2281 est;
842 2245 942 2287 ergo
973 2245 1059 2273 non
1089 2237 1151 2274 est

111 2310 188 2351 per
207 2309 251 2337 se
275 2295 510 2335 necessaria
538 2295 608 2334 illa
635 2294 888 2346 incapacitas
920 2294 974 2335 ad
997 2299 1150 2336 statum

111 2359 391 2412 perfectionis.
414 2355 567 2405 Tertio,
596 2360 659 2396 est
688 2357 797 2396 ratio
826 2368 852 2396 a
889 2356 1031 2408 priori,
1052 2359 1149 2409 quia

111 2421 178 2462 illa
207 2421 415 2472 capacitas
434 2419 535 2458 nihil
554 2418 690 2458 obstat
705 2417 970 2470 perfectioni,
993 2418 1026 2458 si
1049 2431 1150 2460 nus-

111 2495 238 2535 quam
268 2482 492 2522 reducatur
510 2480 552 2519 in
581 2484 718 2520 actum
747 2493 843 2520 cum
862 2480 993 2520 libera
1019 2481 1150 2522 facul-

110 2549 209 2594 tate,
231 2548 275 2583 ut
299 2556 322 2582 a
341 2542 501 2582 fortiori
518 2542 677 2594 patebit
696 2554 747 2581 ex
765 2546 918 2594 puncto
941 2544 1145 2594 sequenti.

162 2607 203 2647 9.
228 2605 297 2646 Ad
314 2605 506 2645 rationem
526 2604 737 2643 dubitandi
753 2605 798 2643 in
816 2616 855 2643 n.
877 2605 1042 2645 7.-Ad
1059 2618 1149 2647 eon-

111 2666 379 2717 fi'rmatz'onem
406 2666 451 2706 in
477 2665 604 2706 eodem
629 2675 671 2704 n.
692 2665 732 2703 7.
761 2684 816 2694 -
842 2663 985 2715 Neque
1012 2667 1148 2708 obstat

107 2728 222 2781 quod
235 2727 454 2779 religiosus
474 2725 633 2764 dicatur
649 2712 838 2765 mestuus
852 2725 1031 2774 mund03
1049 2739 1147 2767 nam

109 2789 166 2839 id,
187 2790 220 2828 si
239 2789 462 2839 loquamur
481 2787 633 2837 injure
652 2786 831 2835 interno,
852 2791 898 2825 ut
914 2786 971 2825 ita
992 2787 1141 2838 dicam,

110 2854 151 2892 et
174 2851 217 2889 in
238 2849 384 2889 ordine
406 2848 458 2887 ad
476 2847 790 2898 perfectionem,
809 2847 942 2897 magis
959 2848 1146 2890 consistit

103 2910 148 2951 in
165 2911 333 2959 affeetu,
350 2914 390 2949 et
407 2909 450 2948 iu
469 2908 776 2947 renuntiatione
798 2907 889 2958 ejus
909 2918 1003 2947 cum
1023 2909 1144 2950 effec-

104 2974 165 3022 tu,
183 2971 296 3023 quod
315 2970 597 3021 principaliter
616 2969 662 3008 fit
688 2981 764 3021 per
782 2973 925 3009 votum
946 2969 1144 3010 obedien-

104 3031 188 3082 tiae,
217 3031 561 3071 concurrentibus
595 3029 700 3079 aliis,
730 3042 860 3081 quam
886 3030 930 3070 in
962 3032 1143 3073 carentia

104 3092 326 3141 facultatis,
346 3105 421 3132 seu
439 3090 680 3145 capacitatis
698 3092 845 3144 legalis
864 3092 918 3133 ad
940 3093 1050 3134 bona
1070 3106 1142 3135 ex-

105 3160 239 3205 terna,
263 3155 330 3195 vel
350 3155 453 3195 alios
471 3158 586 3194 aetus
611 3155 778 3203 similes,
804 3156 994 3207 quamvis
1014 3157 1056 3196 in
1076 3169 1143 3197 or-

106 3216 202 3258 dine
231 3217 285 3257 ad
311 3217 447 3256 forum
479 3220 698 3257 externum
721 3215 961 3269 frequenter
979 3218 1142 3258 dicatur

106 3278 326 3331 religiosus
357 3278 530 3318 civiliter
558 3282 773 3327 mortuus,
807 3282 976 3331 propter
1009 3279 1141 3319 dictos

107 3341 279 3382 effectus
304 3339 473 3392 legales.
505 3340 703 3380 Aisenius
731 3344 872 3380 autem
898 3340 943 3379 in
971 3340 1141 3381 historia

105 3403 231 3443 citata
248 3402 295 3442 in
313 3401 440 3454 priori
457 3414 584 3443 sensu
601 3401 763 3443 videtur
779 3403 957 3452 locutus,
974 3403 1073 3454 quia
1089 3414 1139 3444 eo

105 3467 310 3517 tempore,
340 3465 422 3505 hoc
458 3468 522 3506 est
554 3468 654 3506 ante
683 3465 1140 3518 quadringentesimum

107 3524 251 3566 Christi
278 3538 451 3576 annum,
472 3526 647 3568 fortasse
676 3527 864 3567 nondum
891 3531 1010 3568 erant
1028 3528 1141 3568 insti·

106 3588 204 3630 tutae
221 3588 337 3642 leges
354 3589 645 3633 ecclesiasticae
663 3589 773 3633 circa
801 3594 955 3633 statum
977 3590 1139 3645 religio-

487 201 564 235 Lm.
587 199 643 234 lv.
665 200 719 234 DE
739 198 860 234 voris
882 199 1133 236 smpmclnus
1155 200 1398 237 GAs'nTA'rls
1415 201 1470 237 m*
1490 201 1546 235 ΡΑ
1555 199 1787 244 zrssu'ruls.
1807 202 1900 238 mc.

1628 35 1636 45 ἢ
1726 3 1756 29 ψ’
1813 0 2164 47 &wawere-sa·
2216 19 2217 22 =

1881 42 1939 50 -›-.
1978 53 2021 75 ›2⁶-
2045 41 2138 74 δῆν,
2173 54 2189 70 λ’
2222 58 2231 70 ι

1870 79 1890 106 't

1221 277 1380 317 sorum,
1400 267 1468 308 vel
1499 266 1646 307 saltem
1671 265 1716 307 id
1741 266 1858 307 nullo
1886 266 2104 309 sufficienti
2136 266 2254 322 signo

1219 332 1405 378 constat,
1432 332 1480 370 ut
1502 329 1546 368 in
1568 332 1678 368 tomo
1698 327 1902 380 superiori
1926 331 2144 370 tractatum
2175 331 2251 371 est.

1220 389 1338 438 Quod
1366 390 1490 430 etiam
1523 401 1576 430 ex
1607 390 1717 430 facto
1747 389 1838 441 ipso
1866 390 2087 431 conciliare
2109 402 2257 444 possu-
2306 395 2307 398 ’

1218 462 1334 499 mus;
1356 463 1455 490 nam
1474 455 1691 503 acceptare
1710 450 1943 502 vectigalia,
1966 454 2012 491 ut
2029 452 2137 492 inter
2155 464 2255 504 pau·

1217 525 1340 566 peres
1360 518 1402 553 et
1421 514 1674 554 monasteria
1691 513 2051 564 distribuerentur,
2067 525 2151 553 non
2166 517 2256 556 erat
2308 513 2334 574 ᾖ..

1218 579 1334 615 actus
1361 574 1550 625 dominii,
1572 579 1612 615 et
1645 579 2028 628 quantumcumque
2061 578 2172 615 esset
2194 575 2254 614 in·

1216 648 1348 688 capax
1367 636 1490 684 illius,
1517 637 1721 689 potuisset
1739 636 1841 675 illud
1872 649 2025 676 munus
2038 637 2252 688 accipere,

1218 696 1323 738 sicut
1338 709 1450 736 nunc
1463 698 1579 738 multi
1597 697 1778 750 religiosi
1794 697 2005 737 interdum
2023 698 2127 737 illud
2141 710 2254 739 exer-

1217 764 1314 801 cent
1348 761 1491 799 sancte
1515 763 1558 799 et
1584 759 1667 812 pie,
1695 759 1951 812 acceptando
1986 759 2252 812 dispensatio-

1214 832 1313 861 nem
1346 820 1577 859 alienorum
1611 820 1834 860 bonorum.
1874 821 2074 861 Arsenius
2109 825 2251 861 autem

1214 882 1346 922 noluit
1366 880 1468 920 illud
1497 893 1652 921 munus
1681 882 1893 933 accipere,
1920 883 2017 934 quia
2050 894 2135 922 non
2165 885 2256 923 erat

1214 948 1544 985 consentaneum
1581 954 1657 982 suo
1685 943 1823 992 statui,
1846 947 1887 984 et
1923 944 2062 996 quoad
2097 943 2251 992 omnia,

1214 1016 1306 1058 quae
1337 1005 1391 1046 ad
1411 1005 1514 1044 illud
1548 1003 1812 1058 spectabant,
1830 1016 1875 1044 se
1894 1010 2104 1045 mortuum
2132 1017 2254 1059 repu-

1214 1068 1343 1115 tabat,
1371 1067 1438 1108 vel
1459 1067 1586 1107 etiam
1609 1066 1707 1118 quia
1729 1078 1815 1107 non
1837 1070 1925 1107 erat
1943 1068 2007 1106 sui
2020 1067 2151 1119 juris,
2181 1066 2254 1110 sed

1215 1128 1407 1178 alterius;
1441 1129 1499 1169 sie
1520 1128 1630 1168 enim
1660 1127 1761 1168 dixit
1790 1128 1942 1167 mortui
1963 1139 2049 1167 non
2069 1139 2160 1168 esse
2188 1139 2250 1168 ac-

1214 1192 1397 1238 tionem;
1429 1202 1515 1230 non
1544 1189 1920 1241 enimloquebatur
1942 1189 1995 1229 de
2016 1189 2180 1229 actione
2200 1188 2255 1229 ci-

1213 1253 1304 1301 vili,
1332 1264 1424 1304 quae
1444 1252 1499 1292 ibi
1527 1251 1763 1289 necessaria
1787 1263 1873 1288 non
1893 1256 1995 1300 erat,
2019 1251 2094 1291 sed
2115 1251 2184 1291 vel
2203 1249 2255 1290 de

1215 1324 1479 1365 quacumque
1520 1310 1683 1350 actione
1725 1310 1927 1350 exteriore
1973 1311 2142 1351 dissona
2179 1323 2255 1351 suo

1214 1374 1354 1422 statui,
1388 1373 1454 1413 vel
1491 1372 1668 1412 fortasse
1699 1372 1847 1411 melius
1880 1372 1932 1411 de
1962 1374 2140 1422 actione,
2171 1384 2252 1426 qua

1213 1435 1306 1488 quis
1326 1434 1478 1474 dicitur
1505 1446 1552 1474 se
1577 1446 1702 1486 agere
1733 1445 1807 1474 seu
1826 1445 2013 1482 movere,
2031 1435 2129 1486 quia
2155 1435 2231 1475 reli

1213 1496 1356 1551 giosus
1385 1507 1551 1547 semper
1583 1495 1636 1535 ab
1669 1494 1748 1534 alio
1778 1496 1937 1535 moveri
1966 1495 2105 1536 debet.
2136 1496 2251 1536 Idem

1213 1558 1473 1600 manifestius
1491 1557 1612 1597 estin
1635 1557 1715 1596 alio
1732 1555 1945 1609 exemplo,
1962 1561 2050 1597 tum
2070 1557 2168 1608 quia
2187 1568 2239 1598 ve

1211 1620 1381 1662 risimile
1402 1623 1463 1659 est
1483 1622 1720 1659 senatorem
1739 1618 1874 1659 virum
1899 1630 1985 1658 non
2013 1619 2250 1670 ignorasse,

1213 1694 1268 1723 an
1297 1679 1528 1722 monachus
1562 1683 1673 1719 esset
1702 1678 1897 1720 inhabilis
1916 1683 1963 1719 ut
1988 1680 2122 1720 haeres
2141 1679 2238 1719 insti

1209 1748 1413 1792 tueretur,
1435 1747 1475 1782 et
1494 1743 1550 1782 ita
1571 1741 1726 1781 factum
1756 1741 1859 1781 illud
1886 1740 2042 1781 indicat
2072 1752 2122 1781 eo
2149 1746 2236 1783 tem

1209 1817 1310 1860 pore
1323 1806 1393 1858 jus
1413 1803 1514 1844 illud
1531 1803 1719 1843 nondum
1735 1802 1863 1843 fuisse
1881 1802 2130 1842 institutum.
2148 1804 2250 1843 Tum

1211 1868 1334 1911 etiam
1350 1867 1447 1918 quia
1463 1867 1616 1917 potius,
1633 1866 1667 1904 si
1679 1865 1880 1904 Arsenius
1897 1864 2043 1904 fuisset
2058 1865 2250 1917 incapax,

1208 1940 1294 1969 non
1326 1927 1537 1968 debuisset
1567 1924 1789 1978 repudiare
1814 1925 2119 1981 haereditatem,
2152 1925 2251 1978 quia

1207 2001 1293 2030 non
1326 1989 1381 2029 ad
1414 1989 1566 2040 ipsum,
1600 1986 1676 2027 sed
1706 1986 1761 2027 ad
1789 1982 2091 2026 monasterium
2126 1987 2251 2040 perti-

1207 2051 1381 2100 nuisset,
1419 2050 1524 2089 sicut
1559 2061 1671 2089 nune
1711 2048 1985 2100 contingeret,
2015 2047 2135 2098 juxta
2169 2050 2250 2088 Au-

1205 2113 1337 2153 thent.
1359 2109 1557 2165 Inyressi,
1579 2123 1615 2150 e.
1635 2110 1688 2150 de
1706 2111 1967 2150 Sacrosanct.
1990 2109 2164 2157 Eccles.;
2185 2121 2250 2150 er-

1206 2186 1258 2227 go
1278 2174 1347 2213 illo
1366 2173 1476 2212 facto
1495 2172 1628 2225 magis
1650 2172 1883 2211 ostenditur
1910 2170 2104 2211 voluntas
2123 2181 2250 2222 repu-

1205 2235 1348 2277 diandi
1385 2235 1547 2282 omnia,
1579 2234 1646 2274 vel
1679 2233 1733 2274 ad
1770 2245 1981 2274 summum
2023 2232 2243 2284 obligatio,

1205 2309 1330 2350 quam
1350 2295 1619 2348 incapacitas,
1641 2298 1766 2346 atque
1786 2296 1843 2335 ita
1861 2298 2031 2347 propter
2050 2294 2246 2335 affectum

1204 2360 1270 2400 vel
1299 2359 1595 2412 obligationem
1622 2369 1792 2398 vocasse
1822 2369 1868 2398 se
1899 2360 2128 2406 mortuum,
2159 2367 2245 2396 non

1204 2426 1375 2474 propter
1398 2420 1732 2471 incapacitatem.
1766 2419 1832 2460 Sic
1860 2423 1999 2459 autem
2027 2429 2172 2458 omnes
2190 2417 2244 2459 de

1204 2484 1425 2533 Societate,
1455 2483 1579 2522 etiam
1601 2482 1825 2532 scholares,
1853 2492 1951 2521 vere
1979 2480 2133 2521 debent
2151 2491 2244 2520 esse

1203 2546 1361 2586 mundo
1382 2545 1549 2584 mortui.
1567 2544 1687 2586 Unde
1703 2545 1747 2583 in
1766 2543 1979 2591 Examine,
1999 2555 2089 2594 cap.
2109 2543 2147 2587 4.
2162 2541 2240 2595 §L

1202 2608 1256 2651 de
1288 2619 1545 2660 unoquoque
1582 2607 1778 2658 religioso
1813 2603 2030 2646 Societatis
2066 2603 2238 2652 dicitur,

1201 2669 1357 2711 debere
1392 2669 1532 2709 omnia
1561 2667 1814 2718 relinquere,
1847 2668 1892 2704 ut
1920 2664 1991 2714 qui
2015 2663 2171 2704 mundo
2199 2667 2241 2705 et

1201 2731 1368 2783 proprio
1391 2729 1521 2768 amori
1542 2732 1746 2776 mortuus,
1775 2726 1850 2765 soli
1875 2725 2035 2765 Christo
2063 2723 2238 2765 Domino

1198 2796 1340 2830 nostro
1359 2790 1472 2829 vivit.
1494 2790 1542 2827 Et
1562 2788 1605 2827 in
1625 2789 1650 2827 6
1668 2799 1708 2838 p,
1728 2787 1916 2836 Constit.,
1935 2799 1972 2826 c.
1996 2788 2034 2833 1,
2057 2785 2234 2827 dicitur:

1201 2852 1297 2894 Sibi
1318 2852 1483 2904 quisque
1500 2850 1754 2902 persuadeat,
1775 2850 1878 2901 quod
1893 2850 1962 2901 qui
1979 2850 2049 2890 sub
2065 2849 2238 2891 obedien-

1197 2914 1259 2954 tia
1277 2912 1438 2961 vivunt,
1466 2923 1506 2952 ae
1526 2912 1629 2962 ferri
1648 2922 1694 2951 ac
1711 2911 1799 2962 φερέ
1819 2922 1844 2950 a
1865 2911 2004 2951 divina
2027 2910 2237 2962 providen-

1197 2974 1274 3024 tia,
1294 2986 1366 3026 per
1390 2973 1628 3025 Superiores
1641 2984 1733 3014 suos
1755 2972 1882 3013 sinere
1900 2973 2055 3021 debent,
2073 2965 2240 3024 perinde⁴

1197 3046 1244 3078 ac
1261 3036 1300 3076 si
1320 3036 1485 3076 cadaver
1508 3038 1654 3082 essent,
1683 3035 1788 3087 quod
1808 3045 2099 3086 quoquoversus
2114 3034 2235 3082 ferri,

1196 3101 1234 3139 et
1251 3108 1492 3150 quacumque
1514 3098 1669 3136 ratione
1689 3095 1864 3137 tractari
1886 3107 1928 3135 ee
1947 3094 2062 3135 sinit.
2086 3094 2137 3133 Et
2166 3104 2234 3135 ea-

1195 3158 1291 3199 dem
1308 3159 1484 3206 ratione,
1497 3170 1583 3197 non
1600 3157 1734 3196 obstat
1752 3156 1864 3208 quod
1880 3156 2098 3208 religiosus
2112 3166 2232 3197 servo

1196 3224 1485 3273 comparetur,
1524 3224 1612 3260 tum
1631 3218 1728 3271 quia
1758 3219 1827 3259 illa
1859 3219 2114 3270 comparatio
2142 3228 2232 3258 ma·

1195 3283 1304 3323 xime
1338 3283 1384 3323 fit
1415 3282 1576 3322 ratione
1607 3281 1691 3322 voti
1725 3280 1987 3329 obedientiae,
2009 3284 2050 3320 et
2077 3291 2162 3320 non
2184 3278 2230 3320 fit

1194 3348 1365 3397 propter
1392 3343 1703 3384 similitudinem
1725 3343 1912 3395 ejusdem
1942 3341 2127 3390 rationis,
2153 3339 2228 3382 sed

1194 3410 1364 3458 propter
1394 3405 1619 3458 quamdam
1653 3405 1986 3457 proportionem,
2023 3405 2068 3443 ut
2101 3413 2228 3454 supra

1194 3467 1318 3508 citato
1338 3471 1450 3507 tomo
1470 3467 1567 3516 dixi,
1584 3471 1625 3508 et
1643 3466 1737 3507 ideo
1757 3479 1842 3507 non
1861 3467 2022 3518 oportet
2040 3463 2225 3504 similitu-

1193 3528 1334 3571 dinem
1361 3531 1504 3570 tenere
1531 3529 1575 3568 in
1610 3529 1830 3578 omnibus;
1861 3530 1950 3568 tum
1987 3528 2224 3578 propterea,

1193 3590 1292 3644 quia
1311 3603 1456 3634 servus
1486 3590 1612 3636 etiam
1631 3591 1687 3634 de
1715 3590 1884 3634 licentia
1912 3587 2068 3629 domini
2088 3587 2227 3640 potest
2294 3584 2312 3638 “,
