2352 3880
78 297 231 350 ssim·
245 298 300 339 sit
314 300 575 339 necessarius
593 299 646 338 ad
664 299 886 351 perfectam
905 301 1111 352 probatio-

82 366 203 409 nem,
223 360 609 410 etexperimentum
640 372 809 409 eorum,
836 363 987 412 quibus
1018 374 1112 414 pro-

54 439 70 473 ,·
86 420 289 464 fissorum
314 432 481 469 munus,
503 421 620 472 quasi
640 433 691 460 ex
715 421 848 461 officio
877 428 917 462 et
944 423 1111 475 speciali

88 481 350 532 obligatione.
371 482 414 520 in
445 482 647 521 Societate
676 484 1014 523 committendum
1032 487 1109 524 est.

85 541 151 584 Ad
169 542 278 580 hunc
295 542 407 581 enim
430 542 557 581 finem
575 542 788 581 ordinatur
810 544 882 594 <ut
901 557 992 596 cap.
1013 556 1113 597 pree-

84 603 176 647 ced.
197 603 399 654 diximus)
419 607 550 642 totum
569 604 669 642 illud
689 608 852 655 tempus
872 607 914 645 in
939 619 1020 658 quo
1039 606 1112 646 dif-

85 664 213 705 fertur
238 664 466 714 professi03
489 676 588 715 ergo
619 665 741 703 etiam
762 666 827 705 hic
849 669 992 706 tertius
1017 678 1113 719 pro-

85 725 260 767 bationis
278 736 413 764 annus
437 725 492 763 ad
518 725 712 765 eumdem
735 726 859 766 finem
882 729 1110 777 ordinatur,

86 791 128 827 et
154 785 386 836 specialiori
416 786 597 836 quadam
629 787 802 834 ratione,
827 792 915 827 tum
946 793 1113 840 propter

88 846 328 888 nonnullam
347 847 547 897 majorem
564 847 862 896 difficultatem,
883 853 970 888 tum
989 849 1113 888 etiam

86 912 254 961 propter
281 909 482 957 majorem
512 909 670 948 virtutis
704 910 998 957 ostensionem,
1021 921 1114 960 quae

86 969 156 1009 illo
171 977 357 1020 tempore
372 969 643 1018 desideratur,
665 970 891 1021 praesertim
910 971 1114 1010 humilita-

86 1030 139 1071 tis
171 1041 220 1069 ac
249 1030 502 1079 devotionis,
530 1033 580 1073 ut
604 1031 648 1071 in
682 1031 791 1071 dicta
822 1031 1113 1073 constitutione

86 1092 269 1144 Gregorii
287 1093 373 1132 XIII
392 1093 551 1133 dicitur.

135 1155 202 1193 12.
232 1155 299 1194 Ad
325 1155 519 1195 rationem
546 1154 754 1196 dubitandi
775 1156 822 1196 in
840 1165 1000 1198 numero
1022 1157 1114 1211 pri·

85 1225 159 1255 mo.
177 1215 386 1266 —Neque
412 1220 555 1255 contra
585 1216 664 1255 hoc
697 1216 833 1256 obstat
858 1219 962 1258 ratio
994 1219 1114 1259 dubi-

83 1274 197 1316 tandi
217 1277 258 1315 in
280 1277 479 1328 principio
505 1277 652 1328 posita.
679 1277 968 1329 Respondetur
1002 1281 1116 1319 enim.

85 1337 357 1388 approbatum
377 1338 430 1377 ad
448 1350 576 1376 unum
596 1350 764 1387 munus,
784 1351 858 1378 seu
879 1351 968 1379 rem
990 1341 1115 1380 unius

84 1397 253 1446 ordinis,
283 1399 451 1450 probari
483 1400 632 1438 iterum
664 1412 785 1451 posse
813 1401 866 1440 ad
899 1403 1114 1454 negotium

85 1460 149 1499 vel
175 1472 325 1500 munus
353 1461 508 1500 altioris
539 1461 726 1508 ordinis;
749 1462 846 1512 quia
884 1475 968 1502 non
1002 1464 1115 1502 suffi-

85 1521 198 1561 ciunt
217 1521 283 1561 vel
304 1523 570 1573 requiruntur
589 1522 643 1563 ad
670 1524 808 1562 omnia
841 1534 1015 1564 munera
1034 1536 1114 1564 eae-

83 1581 177 1622 dem
197 1583 432 1634 qualitates,
456 1588 502 1623 ut
520 1585 677 1623 notavit
704 1586 1020 1625 panormitanus
1037 1615 1048 1634 ,
1068 1586 1112 1625 in

83 1654 123 1683 c.
139 1644 385 1695 Accepimus,
407 1645 460 1684 de
481 1650 602 1684 aetate
624 1650 664 1685 et
682 1647 905 1696 qualitate,
930 1659 1045 1686 num.
1068 1647 1108 1687 6.

83 1703 278 1750 Quamvis
313 1717 411 1757 ergo
446 1707 639 1755 novitius,
673 1707 773 1747 dum
810 1708 1037 1748 admittitur
1058 1708 1117 1748 ad

84 1766 221 1818 priora
242 1771 352 1815 vota,
373 1768 624 1819 approbetur
651 1769 695 1808 in
727 1770 957 1810 scholarem
972 1800 986 1819 ‚
1018 1782 1113 1821 pro-

82 1826 172 1867 bari
190 1828 341 1867 iterum
363 1832 487 1879 atque
507 1830 657 1870 iterum
676 1835 811 1881 potest
827 1831 870 1869 in
893 1831 1037 1870 ordine
1057 1831 1112 1872 ad

82 1891 233 1928 statum
273 1894 313 1929 et
343 1902 495 1928 munus
520 1891 814 1942 professorum,
848 1893 959 1942 quod
986 1893 1112 1944 longe

83 1949 249 2000 gravius
269 1954 344 1989 est.
367 1951 521 1991 Deinde
542 1952 665 1991 etiam
685 1952 727 1991 in
752 1952 896 1992 ordine
922 1953 975 1992 ad
993 1965 1110 1993 eum-

81 2009 176 2049 dem
198 2011 418 2050 terminum
439 2017 573 2062 potest
592 2014 683 2063 quis
703 2014 850 2052 iterum
882 2014 1108 2053 examinari

82 2074 124 2110 et
146 2071 328 2122 probari,
358 2074 524 2123 quando
551 2075 728 2112 multum
755 2076 951 2126 temporis
981 2076 1108 2115 inter-

81 2132 229 2180 cessim
253 2138 295 2172 et
313 2136 541 2185 praesertim
561 2136 593 2175 si
614 2137 774 2175 occasio
796 2137 934 2187 aliqua
951 2137 1109 2176 notabi-

81 2194 131 2234 lis
149 2196 390 2235 mutationis
410 2210 457 2236 ac
476 2198 756 2237 diminutionis
771 2199 906 2237 timeri
921 2198 1111 2248 probabi-

82 2254 176 2295 liter
202 2258 343 2307 possit,
378 2263 417 2297 et
447 2259 499 2297 de
525 2271 570 2297 re
596 2259 732 2308 agitur
751 2259 791 2296 in
812 2269 893 2308 qua
925 2258 1111 2296 nondum

83 2322 147 2356 est
155 2317 225 2368 jus
239 2319 500 2369 acquisitum,
519 2323 561 2358 ut
578 2320 700 2358 sentit
717 2320 1031 2358 Panormitanus
1045 2332 1110 2358 su-

83 2389 158 2429 pra
189 2390 202 2424 ;
235 2390 327 2429 quae
372 2381 508 2418 omnia
544 2381 585 2418 in
617 2381 806 2431 praesenti
844 2385 1105 2420 concurrunt.

83 2440 202 2487 Nam,
215 2444 488 2492 praeterquam
507 2442 615 2492 quod
634 2455 706 2493 per
722 2443 859 2494 priora
878 2447 970 2481 vota
991 2443 1110 2482 scho-

82 2500 231 2539 larium
264 2514 347 2540 non
380 2503 632 2553 approbatur
657 2504 750 2553 quis
789 2504 1026 2554 simpliciter
1056 2505 1110 2543 ad

82 2563 398 2614 professionem,
417 2568 559 2614 postea
576 2565 790 2604 intercedit
810 2566 983 2603 multum
1004 2569 1109 2604 tem-

83 2624 209 2674 poris,
232 2625 275 2662 in
298 2636 378 2675 quo
399 2629 533 2675 potest
553 2627 686 2664 timeri
705 2626 876 2665 fervoris
910 2631 950 2665 et
984 2626 1107 2665 devo-

86 2685 206 2724 tionis
233 2686 463 2733 diminutio,
486 2691 526 2726 et
557 2687 649 2726 ideo
685 2688 742 2726 sic
778 2692 964 2738 superest
1002 2688 1104 2726 ratio

86 2747 290 2786 sufficiens
318 2748 571 2799 probationis
588 2748 631 2787 in
652 2749 793 2788 ordine
814 2749 867 2788 ad
886 2748 1105 2799 professio-

85 2819 197 2857 nem,
219 2810 373 2849 cumin
394 2810 504 2848 illam
522 2810 588 2848 vel
607 2810 659 2849 ad
678 2810 790 2849 illam
813 2821 1024 2860 nunquam
1054 2810 1106 2848 sit

85 2872 295 2922 proprium
316 2872 383 2922 jus
412 2872 672 2921 acquisitum,
706 2872 784 2911 nisi
819 2872 872 2910 ad
897 2882 1105 2910 summum

88 2933 164 2972 sub
196 2934 266 2974 tali
297 2934 530 2974 conditione
559 2934 605 2973 in
636 2934 999 2974 Constitutionibus
1037 2944 1105 2975 ex-

53 3000 55 3002 ’
86 3004 242 3045 pressa.

141 3059 204 3096 13.
234 3056 300 3098 Ad
311 3057 489 3109 primam
505 3058 692 3110 replicam
723 3058 767 3098 in
792 3057 918 3098 eodem
932 3066 1042 3097 num
1066 3057 1103 3096 1.

88 3138 141 3148 -
154 3118 216 3157 Ad
237 3119 431 3169 ieplicam
450 3124 604 3161 autem
624 3119 765 3171 quod
755 3131 798 3157 1n
815 3123 899 3158 toto
922 3122 1107 3169 tempore

89 3178 318 3217 studiorum
346 3179 392 3218 fit
413 3180 500 3220 haec
527 3181 729 3232 probatio,
748 3178 1021 3229 respondetur
1040 3190 1108 3217 ve-

86 3251 183 3279 rum
217 3239 382 3290 quidem
402 3240 446 3279 id
475 3253 593 3290 esse,
628 3254 712 3280 nou
742 3246 884 3280 tamen
920 3238 1106 3278 sufficere

86 3296 254 3351 'tempus
285 3299 408 3348 illud,
434 3304 522 3340 tum
547 3303 643 3352 quia
669 3302 821 3353 duplex
848 3299 1027 3339 studium
1055 3300 1109 3339 ad

91 3361 389 3414 professionem
409 3361 620 3402 Societatis
637 3362 813 3414 supponi
832 3361 955 3400 debet
965 3390 978 3409 ,
1006 3360 1110 3400 litte-

90 3416 94 3430 '
115 3433 247 3468 arum,
267 3422 433 3467 scilicet,
452 3426 493 3462 et
510 3423 687 3473 spiritus.
710 3425 795 3463 Hoc
812 3425 950 3462 autem
967 3433 1110 3460 secun-

99 3481 192 3522 dum
213 3495 288 3522 nec
314 3487 500 3533 tempore
519 3484 736 3522 novitiatus
754 3485 886 3534 potuit
905 3495 994 3521 esse
1023 3494 1111 3532 per·

90 3541 261 3591 lfectum,
291 3556 368 3582 nec
396 3545 502 3583 inter
536 3544 783 3583 studendum
811 3544 955 3583 litteris
984 3545 1116 3594 potuit.

93 3595 396 3652 lconsummari3
421 3609 462 3644 ct
479 3604 571 3644 ideo
603 3605 883 3646 necessarium
913 3603 991 3642 fuit
1018 3615 1112 3656 pro·

308 3680 395 3723 xjx.

460 235 615 273 Cast-11.
638 237 777 272 n‘rnunt
797 238 904 271 ANTE
929 239 1112 274 rsorsssl
1116 238 1224 273 ONEM
1245 239 1420 273 TERTIUS
1438 238 1727 279 rnonarloms,
1739 236 1830 272 mc.

1371 113 1402 149 0

1163 301 1301 352 prium
1320 301 1547 353 adjungere
1562 305 1743 352 tempus,
1765 299 1809 339 in
1828 308 1910 350 quo
1927 305 2188 337 consumma.-

1162 365 1289 402 retur.
1311 364 1416 402 Tum
1435 362 1559 401 etiam
1590 362 1687 413 quia
1715 362 1936 412 ipsummet
1959 355 2189 398 studiorum

1163 426 1328 474 tempus
1354 422 1420 461 vel
1439 422 1698 461 occasionem
1723 421 1878 471 prae-bet
1907 430 2024 459 novae
2055 417 2188 457 refor-

1163 483 1372 530 mationis,
1397 486 1565 532 propter
1595 481 1903 520 distractionem
1922 484 1964 520 et
1985 478 2201 519 remissio-0

1164 556 1264 584 nem
1298 543 1426 582 animi
1446 543 1552 582 circa
1580 541 1805 593 spiritualia
1825 541 2038 590 exercitia,
2064 547 2191 592 quam

1164 605 1294 643 nimia
1333 603 1562 643 sollicitudo
1599 603 1826 641 litterarum
1866 602 2014 641 afferre
2054 601 2160 641 solet
2175 631 2189 649 ‚

1165 666 1393 716 praesertim
1411 663 1715 714 incipientium;
1732 661 1798 700 vel
1817 663 2076 701 occasionem
2090 673 2194 713 prae-

1165 727 1236 765 bet
1254 738 1369 764 novae
1388 721 1658 776 probationis,
1676 723 1773 773 quia
1802 734 1876 772 per
1895 722 2126 760 discursum
2146 721 2195 760 il-

1165 787 1244 826 lius
1263 788 1459 838 temporis
1488 786 1591 825 solet
1609 786 1741 835 magis
1775 784 2099 834 uniuscujusque
2119 795 2196 822 na-

1165 853 1258 888 tura
1279 854 1318 887 et
1339 849 1557 899 capacitas,
1578 848 1643 887 vel
1662 845 1896 885 inordinata
1923 844 2060 895 aliqua
2079 845 2196 883 incli-

1166 910 1278 947 natio
1296 910 1504 960 cognosci,
1527 920 1653 960 quam
1672 907 1804 958 magis
1822 905 2000 959 probare
2016 904 2083 945 vel
2102 916 2195 944 mo-

1167 972 1305 1012 derari
1320 984 1494 1011 necesse
1512 977 1587 1011 est.

1221 1035 1286 1074 14.
1305 1034 1373 1074 Ad
1390 1034 1599 1074 secundam
1617 1029 2198 1083 replicamibidem.—1’ertius

1166 1106 1296 1136 annus
1311 1096 1359 1146 fit
1385 1099 1430 1135 ut
1459 1095 1599 1145 reliqio
1615 1095 1771 1146 probet,
1791 1106 1870 1134 ‘non
1889 1106 1976 1134 vero
1995 1095 2040 1133 ut
2060 1091 2199 1143 probe-

1167 1160 1250 1198 tur.
1268 1177 1319 1186 -
1335 1156 1398 1196 Ad
1431 1156 1603 1203 alteram
1622 1167 1721 1194 vero
1739 1156 1937 1207 replicam
1953 1185 1964 1203 ,
1992 1164 2083 1205 quae
2105 1163 2200 1208 pos-x

1166 1219 1272 1257 tulat
1292 1230 1373 1269 qua
1391 1229 1442 1257 ex
1471 1222 1586 1269 parte
1607 1216 1679 1256 fiat
1697 1217 1782 1255 haec
1801 1215 2002 1267 probatio,
2025 1216 2201 1270 respon-‚J

1168 1279 1287 1319 detur
1307 1279 1574 1318 concedendo
1603 1290 1651 1317 eo
1673 1282 1875 1328 tempore,
1901 1277 1934 1315 si
1958 1275 2123 1328 proprie
2142 1274 2201 1313 lo-'

1168 1352 1360 1392 quamur,
1379 1340 1545 1391 probari
1566 1339 1806 1390 religiosum
1824 1351 1847 1377 a
1870 1338 2086 1389 religione,
2113 1346 2200 1374 non

1166 1403 1412 1452 religionem
1432 1414 1456 1440 a
1475 1401 1684 1452 religioso,
1706 1404 1751 1439 ut
1780 1400 1884 1438 ratio
1916 1399 1973 1438 ibi
2003 1399 2110 1437 facta
2129 1408 2200 1436 os-

1166 1463 1313 1511 tendit,
1350 1475 1442 1513 quae
1473 1474 1556 1501 non
1579 1462 1712 1500 solum
1745 1461 1796 1500 de
1823 1462 1902 1500 hoc
1932 1461 2052 1500 tertio
2088 1470 2200 1498 anno

1166 1524 1439 1575 probationis,
1474 1524 1547 1562 sed
1575 1524 1697 1562 etiam
1719 1523 1770 1561 de
1789 1527 1873 1561 toto
1907 1527 2093 1572 tempore
2115 1523 2201 1559 stu-

1167 1584 1329 1624 diorum
1348 1597 1494 1624 verum
1517 1585 1654 1623 habet.
1680 1584 1742 1623 Ad
1763 1584 2037 1634 objectionem
2060 1586 2201 1621 autem

1166 1646 1218 1686 de
1239 1646 1516 1698 inaequalitate
1544 1658 1618 1685 seu
1647 1646 1861 1696 injustitia,
1881 1656 2130 1696 responsum
2157 1643 2200 1681 in

1167 1708 1447 1758 superioribus
1467 1710 1542 1754 est,
1565 1708 1668 1745 libro
1688 1708 1823 1754 tertio,
1843 1719 1933 1758 cap.
1958 1706 2156 1750 secundo,
2175 1717 2200 1743 a

1166 1781 1340 1808 numero
1366 1769 1501 1815 tertio,
1530 1768 1602 1806 ubi
1636 1768 1892 1807 ostendimus
1911 1780 1995 1806 non
2016 1779 2107 1806 esse
2136 1767 2201 1804 in-

1160 1830 1322 1880 justum
1351 1833 1621 1878 contractum,
1644 1831 1684 1867 in
1716 1841 1799 1879 quo
1831 1829 2030 1868 scholaris
2053 1839 2200 1879 appro-

1164 1891 1286 1930 batus
1325 1891 1532 1941 obligatur
1567 1890 1769 1936 absolute,
1811 1895 1852 1929 et
1890 1902 1941 1929 ex
1974 1894 2090 1940 parte
2123 1901 2199 1927 sua

1163 1957 1364 2004 perpetuo
1390 1952 1600 1997 Societati‚
1635 1956 1676 1990 et
1698 1951 1881 1990 Societas
1902 1963 1985 1990 non
2007 1951 2061 1990 ita
2082 1962 2124 1990 se
2142 1951 2200 1990 illi

1166 2013 1344 2064 obligat;
1367 2025 1464 2052 nam
1484 2013 1527 2051 in
1544 2013 1620 2051 hoc
1639 2013 1729 2063 ipso
1749 2017 1960 2051 contractu
1977 2013 2200 2051 intrinsece

1163 2074 1399 2121 includitur,
1422 2078 1468 2113 ut
1485 2074 1667 2114 Societas
1685 2075 1809 2124 possit
1828 2075 2004 2125 amplius
2022 2074 2199 2124 probare

1163 2136 1420 2185 religiosum,
1449 2136 1573 2173 etiam
1601 2135 1654 2173 ad
1690 2135 1979 2173 dimittendum
2010 2136 2141 2182 illum,
2164 2135 2203 2180 sil

1167 2196 1244 2234 sibi
1264 2208 1347 2235 non
1363 2196 1619 2244 satisfecerit,
1641 2197 1736 2246 quia
1755 2197 1940 2234 nondum
1960 2197 2076 2235 illum
2103 2197 2200 2235 sim-

1165 2257 1325 2308 pliciter
1350 2262 1388 2296 et
1410 2257 1462 2296 ad
1482 2258 1622 2296 omnia
1643 2258 1907 2308 approbavit;
1931 2262 1971 2296 et
1992 2270 2013 2296 e
2035 2262 2203 2297 contra-²

1163 2319 1226 2358 rio
1244 2319 1298 2357 ibi
1313 2319 1435 2358 etiam
1451 2319 1697 2367 continetur,
1719 2323 1762 2357 ut
1779 2319 1997 2370 religiosus
2011 2320 2095 2369 jam
2111 2332 2197 2359 non

1163 2379 1480 2431 possit2amplius
1492 2381 1732 2431 religionem
1744 2381 1935 2432 probare,
1952 2381 2049 2431 quia
2067 2393 2198 2432 quan-

1164 2442 1217 2480 do
1234 2442 1372 2492 priora
1392 2447 1485 2480 vota
1500 2442 1649 2490 emisit,
1666 2442 1776 2480 illam
1797 2443 2035 2493 simpliciter
2049 2455 2198 2494 appro-

1163 2503 1289 2549 bavit,
1310 2507 1354 2542 αἱ
1373 2505 1500 2543 vitam
1515 2504 1558 2542 in
1578 2515 1620 2542 aa
1638 2506 1822 2555 perpetuo
1842 2505 1994 2555 deyeret
2004 2520 2018 2549 ,·
2040 2508 2080 2543 et
2100 2504 2195 2544 ideo

1163 2564 1377 2609 scholaris,
1396 2564 1467 2613 qui
1487 2565 1563 2602 hac
1583 2569 1721 2603 mente
1740 2565 1780 2602 in
1798 2565 2001 2604 Societate
2022 2565 2193 2612 viveret,

1162 2625 1229 2663 vel
1248 2625 1414 2663 tertium
1434 2636 1591 2663 annum
1610 2625 1866 2675 probationis
1886 2629 2043 2677 ageret,
2068 2630 2113 2664 ut
2131 2637 2195 2665 re-

1161 2685 1358 2737 ligionem
1380 2686 1556 2736 amplius
1577 2686 1847 2736 experiretur,
1868 2689 1922 2732 et,
1937 2687 1971 2725 si
1984 2687 2195 2726 duriorem

1161 2747 1378 2796 inveniret,
1391 2747 1658 2798 relinqueret,
1674 2760 1756 2786 non
1769 2752 1878 2787 esset
1888 2753 1974 2787 tuta
1986 2749 2196 2787 conscien-

1159 2810 1229 2856 tia,
1255 2810 1351 2860 quia
1379 2810 1466 2860 jam
1502 2822 1585 2848 non
1622 2810 1746 2850 habet
1778 2810 1848 2860 jus
1882 2810 2100 2861 probandi,
2121 2810 2195 2850 sed

1161 2871 1455 2921 obligationem
1484 2870 1719 2918 obediendi,
1744 2875 1783 2910 et
1807 2883 1850 2911 se
1868 2871 2131 2923 dlsponendi‚
2151 2875 2196 2910 ut

1158 2936 1360 2983 quantum
1379 2933 1421 2970 in
1440 2933 1528 2983 ipso
1557 2936 1633 2981 est,
1658 2933 1701 2971 in
1722 2933 1924 2973 Societate
1951 2933 2193 2983 retineatur,

1158 2994 1224 3033 vel
1245 2994 1369 3032 etiam
1391 2995 1576 3033 intimius
1593 2994 1845 3035 admittatur.

1213 3057 1279 3095 15.
1301 3055 1367 3096 Ad
1383 3055 1543 3096 tertiam
1562 3056 1752 3106 replicam
1771 3056 1928 3097 ibidem.
1945 3078 1998 3087 —
2010 3057 2193 3107 Denique

1161 3117 1215 3157 ad
1234 3117 1419 3156 ultimam
1447 3118 1569 3157 tacite
1591 3118 1884 3169 respondetur,
1902 3119 1944 3158 in
1965 3119 2073 3158 dicta
2093 3119 2197 3157 Con-

1162 3179 1371 3218 stitutione
1400 3179 1587 3230 Gregorii
1608 3180 1721 3228 XIII,
1742 3180 1842 3218 dum
1863 3180 2011 3219 dicitur
2036 3181 2197 3219 schola-

1159 3252 1242 3287 res,
1264 3240 1390 3279 finitis
1412 3241 1559 3280 studiis
1578 3241 1619 3279 in
1648 3242 1869 3290 Societale,
1891 3255 1975 3281 non
1996 3242 2131 3281 solum
2148 3240 2190 3278 in

1160 3302 1280 3341 tertio
1309 3302 1563 3353 probationis
1594 3314 1726 3350 anno,
1769 3304 1838 3342 sed
1867 3304 1988 3343 etiam
2015 3303 2059 3341 in
2084 3300 2193 3340 verbi

1161 3363 1253 3412 Dei,
1288 3375 1494 3403 sacrarum
1526 3367 1563 3404 et
1594 3364 1921 3404 scholasticarum
1956 3363 2165 3402 lectionum
2178 3387 2191 3406 ‚

1163 3425 1487 3476 Paenicentioeque
1502 3428 1537 3464 et
1551 3424 1826 3464 Eucharistiae
1842 3424 2194 3465 sacramentorum

1163 3485 1400 3526 ministeriis
1422 3485 1616 3526 Societati
1634 3487 1788 3526 tamdiu
1805 3485 2037 3535 probantur,
2058 3493 2195 3533 qnam-

1166 3547 1234 3586 dia
1257 3547 1479 3599 Proeposz'to
1500 3547 1682 3588 G‘encrah'
1715 3546 1879 3583 videtur.
1910 3543 2051 3593 Itaque
2070 3542 2194 3581 linitis

1165 3607 1314 3647 studiis
1334 3619 1418 3646 non
1436 3606 1712 3658 praescribitur
1730 3604 1875 3644 tertius
1895 3614 2030 3642 annus
2047 3602 2194 3656 proba·

1925 3669 1981 3713 ῃ
2045 3663 2059 3675 .
