2352 3880
146 291 298 344 gionis,
319 291 399 331 Sed
428 293 590 336 contra,
600 301 720 336 nam,
735 292 831 330 ento
852 289 934 330 hoc
952 290 1007 330 itu
1028 290 1094 336 sit,
1115 290 1180 337 ni,-

146 352 374 393 hilominus
388 355 564 401 utraque
576 350 741 390 traditio
754 350 1072 391 extra-ordinem
1083 362 1178 401 pro·-

146 413 391 455 missionum
411 411 688 461 constituitur,
706 416 752 451 «et
771 412 849 451 sub
875 423 1028 462 genere
1046 411 1178 450 tradi-

145 474 271 515 tionis
285 473 528 520 collocatur-3
545 485 645 524 ergo
662 473 699 512 si
713 474 895 514 Christus
915 474 1047 512 solum
1065 473 1180 513 dedit

146 538 394 586 potestatem
414 534 468 574 ad
481 535 806 585 dispensandum
826 535 870 572 in
896 533 1178 586 promissioni-

139 596 223 660 ¹bus
243 597 327 636 Deo
341 595 472 643 factm,
494 596 610 635 nulla
626 608 676 635 ex
694 596 774 635 illis
791 595 1080 651 traditionibus
1094 595 1178 634 dis·

140 658 312 711 'pensari
334 662 481 709 potest.
505 657 621 704 Quod
639 659 674 696 si
701 670 783 696 non
811 657 925 696 dedit
943 661 1104 696 tantum
1123 656 1178 696 ad

142 720 472 771 promissionem,
491 720 567 759 sed
587 720 710 758 etiam
726 719 777 757 ad
797 719 978 769 aliquam
996 717 1178 757 traditio-

141 792 256 828 nem,
277 793 358 832 quo
381 781 653 820 fundamento
673 780 754 818 dici
773 783 908 829 potest
927 780 1017 828 jure
1034 778 1174 817 divino

141 841 296 882 factum
329 854 418 881 esse
458 842 596 892 quoad
618 842 693 879 lioc
731 841 1035 879 distinctionem
1066 839 1175 879 inter

141 903 210 943 illa
230 904 312 944 duo
335 914 488 954 genera
509 902 792 945 traditionum.
820 905 892 940 aut
914 901 983 940 uhi
1003 901 1084 940 tale
1104 900 1174 951 jus

143 964 323 1006 divinum
343 963 503 1003 ostendi
528 966 688 1013 potest?
706 975 804 1013 ergo
832 964 865 1001 si
895 975 977 1001 una
1007 962 1173 1002 traditio

141 1026 474 1077 indispensabilis
494 1025 655 1072 dicitur,
679 1027 778 1064 satis
797 1024 999 1075 probabili
1018 1028 1059 1063 et
1075 1035 1173 1063 con-

139 1088 328 1138 sequenti
349 1087 525 1133 ratione,
548 1086 659 1125 idem
688 1085 837 1125 dicitur
873 1086 925 1125 de
947 1086 1090 1125 altera.
1113 1085 1171 1123 Eo

138 1149 203 1191 vel
224 1149 417 1192 maxime,
437 1147 536 1197 quia
553 1147 719 1185 donatio
736 1147 859 1187 alicui
873 1147 981 1187 facta
999 1146 1077 1186 sub
1095 1146 1173 1186 hac

134 1212 299 1250 tantum
326 1208 576 1255 conditione,
590 1214 635 1248 uc
654 1210 768 1249 duret
789 1209 978 1258 quamdiu
995 1209 1081 1258 ipsc
1106 1218 1172 1247 vo-

136 1271 273 1318 luerit,
291 1270 475 1321 profecto
490 1269 588 1309 eatis
602 1269 722 1309 firma
744 1274 806 1308 est
826 1272 867 1308 et
886 1268 1087 1314 absoluta,
1109 1272 1170 1318 ut,

139 1336 271 1372 stante
308 1331 519 1371 voluntate
548 1330 754 1370 retinendi
781 1331 906 1370 talem
942 1342 1047 1377 rem,
1085 1341 1170 1369 non

137 1393 266 1445 possit
289 1392 358 1432 illa
389 1392 541 1443 privari
567 1393 658 1431 sine
678 1392 903 1442 injustitia;
927 1403 1028 1443 ergo
1062 1390 1095 1429 si
1118 1391 1171 1430 ob

135 1454 244 1495 hanc
261 1465 430 1494 causam
458 1453 625 1492 traditio
647 1453 837 1492 absolute
858 1452 967 1492 facta
1002 1452 1044 1491 in
1078 1452 1170 1491 reli·

135 1516 258 1566 gione
280 1515 430 1555 dicitur
452 1515 803 1566 indispensahiliS,
833 1514 981 1554 eadem
1008 1514 1172 1554 ratione

134 1577 298 1616 traditio
317 1577 422 1624 haec,
444 1577 635 1627 quamdiu
653 1576 799 1627 reliqio
820 1576 989 1615 ‘coluerit
1002 1574 1171 1615 retinere

133 1637 380 1689 reliquium,
413 1638 489 1676 erit
518 1637 867 1688 indispensabilis.
893 1637 1009 1682 Quod
1046 1635 1169 1675 eiiam

133 1699 234 1740 illud
253 1699 484 1746 confirmat,
500 1699 614 1748 quod
632 1698 920 1737 conditionalis
933 1698 1064 1748 posita
1076 1708 1171 1735 con-

133 1761 287 1802 ditione
309 1761 456 1801 transit
487 1761 530 1799 in
563 1760 826 1808 absolutum3
850 1770 950 1810 ergo
983 1757 1171 1796 similiter

136 1822 295 1863 traditio
315 1821 534 1862 includens
551 1821 831 1860 conditionem
852 1833 934 1859 non
953 1821 1090 1859 minus
1104 1818 1169 1858 fir-

132 1896 201 1925 ma
217 1889 278 1924 est
307 1887 349 1923 et
376 1882 728 1933 indispensabilis‚
751 1893 877 1932 quam
915 1881 1081 1921 traditio
1097 1880 1169 1919 ab·

133 1946 283 1986 soluta.
298 1945 483 1984 Tandem
505 1945 601 1994 quia
617 1944 720 1982 sicut
736 1955 818 1982 una
839 1943 1016 1988 traditio,
1039 1952 1169 1992 quan-

133 2010 222 2048 tum
240 2006 293 2047 ad
314 2018 578 2046 communem
597 2005 800 2044 rationem
819 2003 1000 2055 religiosi
1022 2006 1167 2050 status,

134 2075 196 2111 est
212 2070 267 2109 de
300 2070 394 2120 jure
428 2068 582 2113 divino,
602 2068 658 2106 ita
690 2071 732 2106 et
761 2067 867 2113 alia;
891 2070 932 2106 et
951 2066 1057 2105 sicut
1084 2075 1169 2104 una

134 2131 271 2184 quoad
291 2130 460 2169 modurn
482 2129 756 2168 determinata
778 2133 840 2167 est
865 2132 906 2166 et
939 2126 1168 2178 approbata

134 2205 210 2246 per
222 2192 462 2235 Ecclesiam,
478 2191 535 2230 ita
557 2195 597 2230 et
614 2190 766 2229 altera:
786 2194 827 2229 et
847 2193 1023 2239 utraque
1045 2189 1171 2227 etiam

136 2254 344 2295 constituit
377 2253 590 2291 hominem
611 2264 709 2290 vere
743 2262 792 2290 ac
814 2251 980 2302 proprie
1008 2250 1172 2301 religio-

135 2327 243 2363 sum,
266 2319 304 2354 et
324 2315 508 2353 dicatum
529 2315 628 2353 Deo.
659 2313 728 2351 Est
750 2325 849 2363 ergo
870 2312 1086 2361 utriusque
1106 2310 1171 2350 vel

135 2376 281 2418 eadem
305 2376 422 2421 ratio,
445 2375 511 2414 vel
531 2374 636 2413 adeo
658 2374 802 2412 similis
823 2385 897 2412 seu
919 2373 1168 2423 propinqua,

135 2441 180 2479 ut
198 2449 294 2477 cum
317 2436 588 2476 fundamento
617 2448 699 2474 non
726 2434 858 2486 possit
882 2433 935 2474 de
957 2446 1042 2473 una
1059 2434 1169 2473 affir-

136 2499 256 2546 mari,
272 2497 383 2548 quod
403 2498 456 2537 de
475 2497 606 2536 altera
623 2501 816 2548 negatur.

189 2562 228 2600 4.
249 2560 380 2600 Dictae
398 2557 653 2599 resolutionis
673 2570 765 2597 vora
781 2555 966 2608 probatio
986 2553 1169 2596 asimili.

140 2641 191 2654 -··
205 2622 310 2663 Item
325 2633 349 2660 a
360 2621 509 2673 priori.
530 2639 585 2649 -·-
599 2619 652 2658 Ut
672 2630 770 2670 ergo
790 2630 885 2658 cum
917 2617 1047 2657 solido
1078 2617 1172 2656 fun·

140 2682 333 2724 dumento
369 2691 605 2721 asseramus
626 2679 699 2729 (ut
725 2691 871 2719 revera
899 2678 1174 2718 asserendum

141 2747 229 2796 est)
248 2745 326 2783 hoc
343 2743 556 2783 vinculum
583 2753 706 2792 posse
727 2752 802 2791 per
821 2740 1172 2791 dispensationem

141 2800 307 2853 auferri,
326 2805 381 2844 ab
400 2805 490 2857 ipsa
522 2802 779 2853 professione
801 2799 977 2840 solemni
1009 2810 1173 2839 sumen-

140 2866 239 2906 dum
269 2871 331 2907 est
358 2867 674 2917 argumentum
704 2875 802 2903 nam
829 2861 1015 2902 Pontifex
1039 2862 1176 2911 potest

141 2928 183 2967 in
201 2928 272 2967 illo
292 2928 549 2979 dispensare,
569 2930 614 2965 ut
628 2928 740 2965 tomo
762 2923 966 2975 superiori
985 2922 1172 2971 ostendi3

143 2999 243 3040 ergo
262 2989 364 3028 etin
383 2990 459 3028 hoc
478 2988 658 3028 vinculo,
674 2988 775 3027 Item
799 2985 1012 3026 fundanda
1032 2988 1096 3024 est
1114 2995 1176 3023 as-

143 3050 267 3090 sertio
292 3051 337 3089 in
363 3050 432 3089 illo
461 3049 681 3101 principio,
703 3048 817 3099 quod
836 3046 1082 3087 universalis
1102 3057 1177 3096 po·

142 3115 270 3152 testas
301 3110 487 3150 Pontifici
510 3111 606 3150 data
642 3110 696 3150 ad
720 3108 980 3154 solvendum,
1002 3118 1088 3147 non
1114 3117 1178 3147 so-

146 3173 232 3213 lnm
250 3172 421 3212 includit
442 3175 690 3222 potestatem
708 3169 976 3221 dispensandi
1014 3167 1057 3207 in
1087 3179 1180 3218 pro-

146 3234 412 3276 missionibus
437 3234 520 3273 Deo
541 3233 676 3280 factis,
699 3233 773 3272 sed
792 3232 918 3271 etiam
937 3230 979 3271 in
998 3229 1181 3269 traditio-

149 3296 286 3343 nibus,
302 3307 384 3335 seu
404 3294 447 3333 in
468 3295 657 3345 personis
678 3295 763 3333 Deo
783 3292 958 3338 traditis,
981 3302 1031 3331 eo
1054 3288 1179 3329 modo

152 3368 235 3410 quo
258 3356 306 3397 in
330 3355 500 3396 homine
526 3355 663 3394 locum
693 3355 765 3395 Dei
787 3357 976 3398 tenente,
998 3351 1064 3391 vel
1089 3349 1182 3390 reli-

153 3420 291 3472 gione,
309 3417 554 3471 potestfieri
580 3416 760 3456 traditi0.
784 3414 903 3461 Quod
927 3413 1051 3453 etiam
1071 3411 1182 3463 priu-

152 3481 304 3532 cipium
321 3479 423 3521 satis
437 3489 488 3518 oo
504 3478 598 3519 loco
616 3482 831 3518 ostensum
847 3479 932 3522 est;
948 3485 1027 3514 nec
1046 3473 1184 3521 video,

155 3552 208 3582 ex
225 3553 308 3593 quo
332 3541 416 3580 alio
431 3539 637 3592 principio
666 3538 799 3589 magis
824 3535 991 3588 proprio
1021 3538 1063 3576 ct
1094 3544 1187 3587 spe·-

149 3603 266 3651 -eiali,
283 3602 363 3644 hoc
378 3601 549 3656 probari
567 3601 723 3654 possit,
740 3599 776 3640 si
792 3610 889 3639 cum
913 3595 1186 3638 fundamento

538 224 618 260 un.
639 223 774 258 111.OE
793 222 1040 259 nummus
1054 222 1319 259 QLARIUM
1339 224 1394 259 AB
1414 224 1527 260 *von
1546 222 1763 266 summum,
1778 218 1875 260 Em

2240 245 2262 267 ο
2282 226 2308 268 ⁸!

1231 289 1488 340 loquendum
1503 292 1573 329 sit.
1605 289 1702 335 Quae
1732 287 1873 328 omnia
1886 287 2193 339 manzanum,
2214 284 2294 331 άβ
2327 287 2340 318 “2

1230 349 1507 402 intelligatur,
1538 349 1681 400 quoad
1712 350 1962 401 potestatem
1995 349 2266 401 dispensandi
2334 367 2339 390 2

1229 413 1425 452 eamdem
1442 413 1612 452 omnino
1626 423 1718 451 esse
1734 411 1939 450 rationem
1953 410 2010 451 de
2026 412 2107 452 hoc
2118 412 2265 454 vinen-
2332 410 2352 445 Δί

1231 474 1288 524 ἰο,
1309 478 1351 514 et
1370 474 1422 512 de
1441 485 1702 525 quacumque
1718 472 1976 524 professione
1995 473 2206 524 religiosa.
2268 507 2270 510 .

1283 535 1324 574 5.
1356 534 1541 575 Primum
1567 535 1842 580 corollarium,
1863 534 2020 575 nullum
2040 534 2265 581 Proelatun

1228 599 1378 648 proeter
1397 595 1554 647 Papam
1586 597 1815 647 dispensare
1845 595 1892 636 iu
1921 595 2044 636 dictis
2074 595 2192 638 votis.
2209 615 2265 627 --
2332 598 2352 638 ἓ

1233 656 1461 698 Secundum
1481 657 1755 704 corollarium,
1785 668 1906 709 neque
1933 657 2066 708 ipsum
2091 654 2265 699 Genera·
2323 694 2332 703 .

1229 717 1307 758 lem
1325 718 1409 757 uisi
1427 718 1481 758 ad
1495 719 1780 758 transeundum
1797 719 1849 758 ad
1866 717 1991 758 aliam
2009 717 2260 767 religionem·

1229 799 1282 809 -
1298 779 1478 820 Tertium
1509 779 1788 826 corollarium,
1808 780 1888 820 imo
1912 782 1950 819 et
1975 778 2106 829 ipsam
2132 779 2260 830 Papoe

1229 839 1556 892 dispensationem
1587 840 1812 892 ¹‹Jraviorem
1846 850 2008 880 causam
2034 839 2258 891 postulare,

1228 911 1345 951 quam
1360 912 1435 951 pro
1462 900 1636 952 simplici
1654 900 1858 941 castitatis
1877 905 1961 941 voto
1981 900 2026 941 iu
2044 900 2185 940 seculo.
2206 918 2262 932 --

1227 962 1370 1001 Minus
1399 965 1528 1002 tamen
1562 973 1724 1013 ,qi-avem
1749 973 1868 1013 quam
1897 973 1973 1013 pro
1995 961 2260 1011 dispensando

1227 1022 1269 1061 iu
1292 1024 1539 1073 professione
1558 1022 1739 1061 solemni.
1763 1042 1815 1051 -—
1833 1022 1892 1060 Ex
1911 1033 1993 1072 quo
2024 1022 2155 1060 infero
2178 1021 2263 1072 pri-

1226 1094 1294 1121 mo
1313 1084 1514 1122 rationem
1537 1096 1559 1122 a
1578 1083 1718 1134 priori,
1740 1095 1812 1122 cur
1829 1082 2066 1133 Episcopus,
2085 1083 2151 1122 vel
2171 1082 2263 1133 qui-

1227 1156 1405 1196 cumque
1427 1145 1623 1183 Praelatus
1642 1143 1812 1183 inferior
1829 1142 2038 1189 Pontifico,
2057 1153 2143 1181 non
2164 1153 2262 1194 pos-

1227 1205 1340 1245 sitin
1365 1206 1442 1245 hoc
1463 1205 1625 1244 viuculo
1646 1205 1904 1256 dispensare.
1937 1205 2022 1243 Hoc
2047 1203 2160 1242 enim
2192 1214 2262 1242 ve·

1226 1279 1319 1306 rum
1339 1271 1416 1315 est,
1441 1279 1523 1305 nou
1544 1266 1679 1306 solum
1700 1267 1797 1316 quia
1817 1265 1988 1305 includit
2006 1268 2101 1304 vota
2119 1275 2260 1304 reser-

1227 1333 1320 1367 vata
1343 1327 1542 1366 castitatis
1576 1331 1617 1366 et
1644 1326 1876 1378 religionis,
1900 1325 1975 1365 sed
1998 1323 2160 1366 etiamsi
2189 1324 2260 1364 illa

1225 1400 1300 1441 per
1326 1400 1370 1428 se
1401 1388 1505 1427 alias
1524 1392 1733 1427 reservata
1764 1399 1850 1426 non
1883 1391 2036 1434 essent,
2071 1386 2168 1437 quia
2197 1385 2261 1424 in-

1226 1449 1352 1490 cludit
1376 1461 1517 1489 veram
1537 1449 1800 1489 traditionem
1820 1448 2074 1500 religiosam,
2101 1447 2144 1486 in
2175 1457 2260 1498 qua

1225 1511 1364 1552 nullus
1380 1511 1485 1550 alius
1506 1513 1655 1562 praeter
1670 1508 1909 1550 Pontificem
1929 1509 2170 1560 dispensare
2187 1519 2260 1559 po—

1224 1576 1317 1614 test.
1355 1572 1489 1612 Infero
1525 1571 1721 1619 secundo,
1751 1570 1878 1609 etiam
1907 1570 2159 1611 Societatem
2192 1568 2260 1609 vel

1226 1635 1418 1674 Praelatos
1447 1636 1540 1684 ejus
1568 1645 1652 1671 non
1684 1642 1806 1682 posse
1839 1632 1917 1670 hoc
1951 1631 2162 1670 vinculum
2184 1641 2262 1670 au·

1225 1697 1332 1734 ferre
1352 1707 1427 1745 per
1446 1694 1615 1732 modum
1635 1691 1969 1743 dispensationis,
1987 1692 2081 1730 licet
2101 1692 2263 1742 possint

1225 1770 1299 1808 per
1321 1757 1428 1795 viam
1451 1755 1714 1802 irritationis3
1740 1766 1839 1793 nam
1869 1754 1933 1792 hae
1961 1752 2054 1792 duae
2078 1757 2262 1803 potesta·

1226 1823 1303 1865 tes,
1328 1823 1374 1856 ut
1395 1830 1508 1856 num.
1530 1818 1556 1856 2
1571 1817 1670 1863 dixi,
1693 1828 1776 1854 non
1796 1819 2108 1862 convertuntur,
2130 1819 2170 1854 et
2190 1826 2262 1866 po-

1225 1883 1353 1918 testas
1379 1877 1645 1928 dispensandi
1678 1876 1849 1916 deberet
1878 1876 2133 1915 extrinsecus
2163 1888 2262 1916 con·

1225 1940 1341 1986 ccdi;
1362 1939 1505 1978 nullibi
1525 1943 1663 1978 autem
1691 1949 1888 1977 concessa
1908 1937 2058 1988 legitur
2080 1936 2166 1976 haec
2187 1948 2261 1988 po-

1226 2005 1353 2040 testas
1371 2000 1578 2047 societati,
1607 1999 1703 2050 quia
1724 2010 1801 2037 nec
1820 2010 1896 2049 per
1921 1998 2147 2036 clausulam
2170 2009 2262 2049 spe-

1223 2062 1386 2110 cialem,
1411 2062 1523 2101 nulla
1547 2062 1661 2102 enim
1683 2059 1774 2099 talis
1802 2060 1843 2098 in
1875 2059 2000 2098 bullis
2037 2058 2261 2101 pontificiis

1221 2123 1459 2164 invenitur:
1485 2134 1562 2162 nec
1581 2134 1655 2174 per
1676 2120 1934 2172 generalem,
1965 2132 2058 2171 quae
2088 2120 2262 2160 Praelato

1226 2185 1439 2236 religionis
1462 2185 1597 2230 datur,
1623 2188 1667 2222 ut
1689 2183 1817 2234 possit
1843 2181 1887 2221 in
1914 2182 2019 2223 votis
2046 2181 2261 2232 religioso-

1226 2258 1319 2286 rum
1340 2246 1605 2297 dispcusare3
1631 2244 1728 2294 quia
1764 2245 1852 2283 haec
1881 2255 2098 2294 nunquam
2119 2248 2262 2284 exten·

1227 2308 1337 2348 ditur
1354 2308 1410 2347 ad
1441 2306 1766 2358 dispensandum
1789 2305 1829 2346 'm
1848 2304 1940 2356 ipso
1962 2307 2070 2343 statu
2094 2304 2262 2355 religio·

1227 2380 1294 2419 so3
1322 2382 1416 2409 nam
1444 2367 1584 2419 potius
1617 2367 1710 2407 ideo
1737 2366 1859 2406 datur
1890 2364 1945 2405 ad
1977 2370 2127 2405 caetera
2148 2368 2258 2412 vota,

1227 2432 1324 2483 quia
1342 2430 1590 2481 supponitur
1606 2428 1806 2479 subJectio
1826 2439 1899 2478 per
1917 2423 2159 2477 religiosum
2181 2427 2262 2467 sta·

1226 2498 1328 2533 tum.
1352 2492 1469 2532 Unde
1504 2502 1581 2530 nec
1608 2489 1661 2529 ad
1699 2487 1999 2528 transeundum
2019 2487 2073 2526 ad
2090 2486 2262 2538 religio-

1227 2566 1325 2603 nem
1347 2553 1545 2591 laxiorem
1570 2554 1742 2602 possunt
1759 2549 1918 2589 Praelati
1938 2548 2149 2599 religionis
2164 2548 2262 2599 jure

1228 2613 1436 2655 ordinario
1453 2613 1719 2665 dispensare;
1741 2609 1932 2650 Generali
1964 2614 2105 2647 autem
2123 2607 2262 2650 Socie-

1226 2674 1323 2716 tatis
1350 2672 1549 2726 peculiari
1581 2672 1741 2712 indulto
1761 2670 1984 2720 Gregorius
2013 2669 2115 2713 xm,
2148 2680 2259 2709 anno

1229 2737 1347 2783 1582,
1370 2736 1410 2774 in
1437 2734 1550 2774 bulla
1575 2745 1665 2786 quae
1696 2731 1852 2781 incipit,
1876 2730 1975 2771 Cum
2003 2730 2109 2770 alias
2123 2730 2261 2779 felicis

1228 2796 1516 2840 recordatiouis
1533 2822 1546 2842 ,
1576 2793 1733 2842 absque
1763 2792 1846 2830 ulla
1881 2790 2140 2831 restrictione
2162 2803 2262 2832 con-

1229 2857 1365 2905 cessit,
1385 2860 1430 2896 ut
1457 2855 1702 2904 cuicumque
1722 2852 1886 2897 subdito
1908 2864 1981 2891 suo
2008 2852 2132 2892 etiam
2165 2864 2264 2903 pro-

1229 2919 1339 2960 fesso
1372 2916 1501 2968 possit
1538 2913 1747 2955 licentiam
1787 2914 1886 2953 dare
1925 2913 2166 2953 transeundi
2205 2913 2268 2956 ad.
2286 2959 2289 2961 ‚
2335 2931 2352 2958 ς

1231 2989 1535 3032 quamcumque
1558 2976 1684 3016 aliam
1705 2975 1962 3027 religionem,
1985 2975 2108 3014 etiam
2128 2974 2264 3016 laxio-
2315 2991 2318 2999 ¹

1230 3054 1342 3088 rem,
1360 3039 1412 3080 de
1433 3051 1514 3092 quo
1536 3039 1684 3078 iterum
1704 3035 1774 3077 lib.
1796 3039 1862 3085 11,
1883 3047 1920 3076 c.
1947 3036 1991 3084 2,
2009 3036 2122 3087 quod
2141 3035 2259 3077 intel-

1231 3102 1447 3155 ligendum
1467 3104 1530 3141 est
1547 3110 1595 3141 ex
1614 3098 1795 3155 leyz‘cima
1815 3107 1935 3139 causa
1952 3098 2004 3137 ad
2021 3098 2163 3138 bouum
2183 3096 2264 3139 So-

1232 3165 1406 3212 cietatis,
1440 3162 1499 3205 vel
1531 3159 1661 3215 ipsius
1690 3160 1843 3201 subditi
1876 3159 2120 3211 pertinente,
2150 3161 2198 3198 uz
2218 3157 2269 3199 in·

1234 3224 1382 3268 eadem
1401 3222 1513 3265 bulla
1529 3221 1799 3274 significatur,
1820 3224 1862 3260 et
1879 3219 2053 3260 materia
2072 3219 2162 3271 ipsa
2179 3217 2266 3270 exif-

1233 3287 1307 3339 git.
1327 3287 1445 3334 Nam,
1467 3296 1562 3326 cum
1580 3285 1667 3324 haec
1686 3282 1852 3323 licentia
1881 3282 2089 3321 contineat
2119 3289 2268 3333 quain-

1233 3348 1332 3388 dam
1351 3344 1700 3398 dispensationem
1721 3345 1762 3383 in
1779 3343 1952 3384 materia
1972 3341 2072 3392 voti,
2085 3341 2266 3389 rationa—
2320 3339 2324 3342 ’

1235 3408 1362 3451 bilem
1383 3418 1552 3449 causam
1571 3404 1757 3458 requiiit,
1780 3406 1882 3445 alias
1901 3403 2036 3444 valida
2060 3412 2148 3450 non
2169 3399 2293 3450 erit,
2283 3439 2328 3470 Q

1237 3469 1428 3522 quamvis
1450 3469 1587 3508 minor
1609 3479 1733 3506 causa
1755 3465 1944 3514 sufficiat,
1965 3472 2094 3517 quam
2107 3459 2162 3501 ad
2186 3460 2314 3543 ffls‘:
2311 3503 2317 3507 ι

1236 3529 1526 3584 pausationem
1541 3528 1797 3581 simpliciter.
1811 3524 1949 3568 Tertio
1967 3522 2100 3564 infero
2121 3533 2172 3562 ex
2186 3520 2310 3574 dic·

1235 3593 1308 3644 tis,
1327 3591 1451 3634 etiam
1469 3594 1663 3644 respectu
1679 3587 1838 3632 Summi
1862 3582 2089 3638 ronfificis,
2100 3582 2275 3638 grauiq-
2300 3581 2303 3586 ’

1994 218 2125 249 '0⁶
