2352 3880
179 311 269 350 tum
281 307 418 347 fratris
431 302 608 343 Praelato
625 299 821 341 revelare.
831 299 943 340 Dices
959 310 970 338 τ
985 300 1057 352 901
1074 299 1119 341 iu
1133 299 1208 342 tali

176 367 361 423 periculo
390 377 432 405 se
462 363 673 403 constituit
689 393 700 411 ,
733 374 781 402 eo
808 363 896 414 ipso
925 365 1087 414 peccat;
1108 373 1205 415 ergo

175 430 263 483 53111
292 428 427 478 lapsus
449 430 523 474 est,
539 437 616 465 nec
635 425 770 464 differt
794 423 862 463 1110
880 427 993 462 actus
1007 435 1032 463 a
1050 433 1204 476 praece-

176 488 305 529 denti.
336 487 615 539 Respondetur
652 485 784 538 primo
799 515 814 535 ,
847 483 1047 538 quidquid
1071 484 1123 525 sit
1153 483 1204 524 de

177 549 452 598 antecedenti,
476 547 672 598 distingui
704 545 1024 586 consideratione
1055 545 1129 596 (ut
1149 544 1206 585 510

176 610 334 661 dicam)
355 609 577 662 praecisiva,
603 609 697 660 quia
715 620 787 660 per
820 619 860 646 50
880 608 1012 659 primo
1030 605 1206 646 intendi-

175 674 246 712 tur
261 683 315 711 110
343 675 551 723 peccatum
575 670 759 709 futurum
780 671 1100 716 consummetur,
1121 667 1205 707 sive

175 732 406 787 periculum
436 733 487 771 sit
515 743 608 772 cum
637 734 822 783 peccato,
857 730 941 769 sive
971 741 1067 768 non.
1090 727 1205 767 Unde

176 794 355 836 secundo
374 793 522 833 dicitur
541 804 645 843 saepe
664 803 776 843 posse
800 802 886 829 esse
917 789 1003 828 sine
1024 792 1204 841 peccato,

176 859 226 898 ut
246 868 340 896 cum
354 856 445 907 quis
467 855 584 906 gravi
598 854 824 892 tentatione
840 855 1025 902 urgetur,
1044 850 1108 890 vel
1126 849 1207 890 alia

175 917 302 959 simili
318 918 490 957 ratione.
515 914 706 963 Quamvis
723 925 820 963 ergo
839 916 939 951 tunc
958 923 1040 951 non
1057 911 1205 951 habeat

175 978 312 1020 locum
330 979 493 1030 propria
512 975 708 1015 correctio
722 975 919 1022 fraterna,
936 973 1204 1013 nihilominus

175 1039 313 1081 locum
334 1039 456 1077 habet
473 1036 622 1075 delatio
639 1035 690 1074 ad
720 1036 979 1088 Superiorem
1007 1047 1057 1075 ex
1074 1034 1205 1074 chari-

175 1104 259 1140 tate
286 1099 487 1145 fraterna;
512 1100 552 1137 et
572 1097 623 1136 ad
644 1096 751 1136 hanc
772 1097 842 1148 (ut
866 1097 1001 1136 statim
1029 1108 1072 1136 n.
1097 1097 1123 1135 8
1143 1094 1205 1135 di-

175 1161 286 1209 cam)
307 1171 376 1210 per
402 1171 443 1198 se
462 1170 545 1197 non
563 1161 624 1196 est
643 1158 869 1197 necessaria
890 1161 1042 1196 secreta
1073 1156 1206 1196 moni-

173 1221 260 1271 ti03
283 1224 323 1260 et
342 1220 434 1260 ideo
460 1221 504 1259 in
527 1220 741 1267 Societate,
758 1231 842 1270 reg.
863 1220 931 1267 ΞΟ,
952 1231 1003 1259 ex
1026 1229 1206 1258 commu·

173 1282 311 1331 nibus,
330 1282 387 1321 ita
406 1285 604 1320 statutum
623 1285 682 1320 est
701 1293 711 1320 :
736 1281 813 1329 Qui
841 1292 1001 1332 qravem
1020 1280 1205 1320 tentatio·

173 1355 261 1387 nem
275 1344 451 1395 alicujus
466 1343 634 1391 noverit,
649 1343 906 1394 Superiorem
923 1342 1145 1389 admoneat,
1161 1345 1207 1383 nt

173 1407 212 1449 ei
227 1408 310 1457 ipse
323 1417 396 1457 pro
410 1408 584 1457 paterna
597 1405 641 1443 in
656 1416 749 1444 snos
766 1415 865 1444 cura
881 1414 926 1444 ac
938 1402 1203 1454 providentia,

174 1467 416 1510 convenienti
429 1465 594 1506 remedio
609 1466 737 1517 possit
755 1476 970 1505 occurrere.
984 1463 1093 1502 Talis
1109 1475 1205 1514 ergo

173 1527 432 1568 denuntiatio
464 1527 522 1579 (si
549 1528 607 1566 ita
627 1524 882 1578 appelletur)
904 1529 944 1565 ct
967 1525 1147 1565 fraterna
1166 1528 1205 1564 et

172 1587 420 1639 Evangelica
435 1588 515 1627 dici
531 1592 681 1640 potest;
697 1599 770 1627 nec
789 1587 907 1626 video
926 1599 997 1626 cur
1013 1586 1207 1625 canonica

173 1649 416 1702 appellanda
437 1650 504 1698 sit,
534 1661 627 1689 cum
654 1661 738 1689 non
769 1648 821 1688 sit
854 1660 926 1700 per
953 1659 1129 1687 canones
1146 1648 1208 1687 in-

167 1712 361 1761 troducta
378 1711 509 1762 magis
525 1722 650 1762 quam
666 1710 924 1752 denuntiatio
944 1709 1080 1750 delicti
1098 1720 1207 1749 com-

172 1774 300 1817 missi.

226 1836 266 1875 4.
285 1834 454 1877 Notatio
473 1838 620 1887 quarta
636 1832 809 1886 duplicis
823 1831 922 1882 finis
939 1832 1208 1874 denunciatio-

172 1898 254 1944 nis,
282 1898 383 1936 ande
396 1897 556 1948 quidam
573 1895 678 1946 falso
701 1894 985 1935 discriminant
1011 1894 1117 1935 inter
1145 1894 1208 1935 de-

173 1957 466 1998 nuntiationem
495 1957 726 1996 canonicam
764 1960 799 1995 et
830 1955 1133 2006 Evanqelicam.
1155 1976 1207 1983 ——

173 2018 244 2059 Est
259 2022 398 2057 autem
419 2017 591 2056 ulterius
619 2015 918 2055 advertendum
934 2015 1206 2054 denuntiatio-

172 2091 269 2120 nem
286 2078 575 2129 Evangelicam
596 2089 666 2116 seu
686 2077 909 2116 fraternam
924 2088 996 2128 per
1016 2088 1057 2116 se
1073 2077 1206 2128 primo

174 2145 216 2180 et
231 2140 481 2179 sufficienter
499 2138 682 2177 ordinari
700 2138 753 2177 ad
771 2138 926 2177 bonum
945 2137 1098 2186 fratris,
1121 2138 1205 2177 sive

173 2206 218 2242 ut
237 2204 438 2252 resurgat,
456 2200 540 2239 sive
567 2203 615 2238 ut
638 2199 928 2252 praeveniatur,
956 2210 1009 2237 ne
1031 2198 1205 2249 amplius

176 2262 305 2312 cadat,
336 2263 402 2303 vel
435 2262 559 2302 etiam
590 2273 643 2302 ne
670 2260 909 2312 simpliciter
937 2259 1077 2309 cadat;
1099 2260 1206 2299 ultra

171 2324 283 2367 hunc
294 2336 390 2364 vero
408 2323 535 2363 finem
552 2326 697 2375 potest,
719 2327 759 2362 et
777 2321 986 2361 interdum
1006 2321 1127 2361 debet
1144 2322 1204 2360 in-

172 2386 285 2427 tendi
304 2398 377 2439 per
394 2385 501 2425 hanc
520 2384 879 2425 denuntiationem
897 2382 1054 2422 bonum
1074 2382 1201 2432 tertii,

172 2453 212 2489 et
230 2449 360 2489 multo
380 2447 513 2498 magis
530 2446 688 2486 bonum
712 2456 945 2493 commune,
975 2451 1022 2483 ut
1050 2445 1084 2483 si
1113 2456 1205 2496 pec-

172 2514 311 2550 catum
332 2509 473 2549 fratris
491 2512 635 2559 vergat
650 2507 695 2547 in
715 2509 1011 2546 nocumentum
1033 2506 1205 2556 injurio-

170 2582 262 2611 sum
282 2570 472 2620 proximi,
499 2574 539 2609 et
566 2568 697 2608 multo
716 2568 847 2619 magis
875 2567 910 2607 si
930 2568 975 2607 in
1005 2566 1205 2607 damnum

171 2632 490 2672 communitatis.
513 2631 639 2671 Juxta
667 2630 741 2669 hos
760 2641 859 2680 ergo
882 2629 983 2668 duos
1002 2628 1104 2669 fines
1126 2629 1206 2668 dis-

170 2694 370 2744 tinguunt
389 2693 518 2745 aliqui
545 2692 902 2732 denuntiationem
917 2690 1205 2742 Evangelicam

172 2767 196 2795 a
211 2757 421 2795 canonica.
432 2757 536 2795 Nam
548 2756 659 2807 prior
669 2753 914 2804 Evangelica
929 2753 1076 2792 dicitur
1086 2754 1206 2804 juxta

171 2815 274 2857 illud
294 2828 305 2856 z
327 2817 528 2858 Lucratns
561 2816 640 2857 eris
657 2819 826 2866 fratrem
851 2818 984 2858 tunm,-
1006 2814 1204 2866 posterior

172 2877 384 2926 canonica,
407 2878 578 2918 fortasse
609 2877 720 2929 quia,
750 2880 915 2928 propter
945 2874 1062 2914 illum
1075 2875 1203 2914 finem

170 2936 271 2978 110111
292 2939 421 2977 tertiae
436 2950 619 2990 personae
639 2938 704 2977 vel
721 2935 1041 2983 communitatis,
1058 2947 1141 2974 non
1157 2934 1204 2974 fit

172 2998 223 3039 de
238 2998 310 3037 illa
328 3000 481 3038 mentio
500 3001 544 3038 in
557 2998 796 3049 Evangelio,
811 2997 882 3036 sed
899 2997 1030 3046 magis
1048 2997 1092 3035 in
1110 2997 1203 3047 jure

173 3060 384 3101 canonico.
394 3060 687 3099 Verumtamen
694 3071 778 3098 non
785 3058 959 3097 multum
967 3057 1206 3098 haerendum

172 3126 232 3163 est
250 3122 293 3161 in
312 3120 549 3161 nominibus
563 3151 575 3168 ,
608 3119 830 3159 dummodo
861 3119 907 3159 in
929 3131 974 3159 re
992 3120 1081 3171 ipsa
1104 3118 1206 3158 falsa

171 3182 312 3235 aliqua
342 3181 573 3221 differentia
605 3192 689 3219 non
723 3181 1006 3228 constituatur,
1041 3179 1204 3230 qualem

171 3255 257 3284 esse
281 3242 394 3282 illam
415 3253 557 3282 censeo
576 3253 701 3294 quam
719 3241 848 3293 aliqui
871 3241 1095 3291 assignant,
1122 3241 1201 3280 nisi

172 3316 272 3345 53110
298 3304 418 3344 modo
438 3303 662 3356 explicetur
675 3332 690 3352 ,
710 3305 757 3341 ut
782 3302 827 3341 in
845 3314 888 3341 n.
914 3303 938 3341 7
963 3305 1005 3341 et
1019 3302 1060 3350 8,
1078 3302 1200 3341 attin-

169 3377 294 3419 gam3
310 3365 478 3414 scilicet,
499 3365 550 3405 ad
565 3364 672 3404 hanc
686 3363 964 3417 posteriorem,
982 3362 1024 3401 id
1043 3367 1116 3414 est,
1135 3375 1197 3403 ca-

172 3427 365 3470 nonicam
384 3427 752 3476 denuntiationem,
767 3436 851 3464 non
869 3428 1052 3476 oportere
1069 3436 1195 3465 secre-

172 3492 259 3529 tam
281 3489 551 3529 monitionem
582 3487 824 3540 praecedere,
851 3486 955 3526 sicut
983 3486 1026 3524 in
1048 3486 1195 3538 prima,

165 3550 271 3607 91113
287 3550 332 3590 111
351 3550 423 3590 1113
448 3562 533 3590 11011
556 3549 681 3590 habet
699 3548 836 3590 locum
854 3547 926 3587 illa
945 3548 1140 3597 conditio,
1159 3549 1198 3589 si

173 3613 391 3666 peccaverit
419 3611 463 3654 in
482 3615 548 3661 τω
568 3611 666 3665 quia
683 3615 780 3652 tunc
797 3621 882 3651 non
917 3613 1055 3662 peccat
1072 3608 1198 3649 frater

462 239 538 273 ΗΒ.
561 237 601 271 X.
626 236 679 271 DE
699 233 895 270 nmmum:
916 234 1164 277 socissTA'rls,
1186 235 1241 271 ET
1262 234 1578 277 CONSEQUENTE'R
1598 235 1652 270 DE
1672 236 1883 275 ramus
1901 240 2005 276 EIUS

1260 301 1306 343 in
1322 305 1380 351 te,
1394 300 1494 341 sed
1481 313 1526 341 m
1543 299 1656 350 31105,
1675 301 1823 353 9011105
1841 311 2128 349 nocumentum
2145 295 2352 368 113111ῑί
2312 294 2314 297 ⁸
2340 304 2352 341 ³-

1261 368 1302 405 et
1318 362 1472 402 bonum
1492 363 1734 412 innocentis,
1761 367 1802 404 et
1818 369 2036 416 praesertim
2055 368 2280 414 communi·
2340 406 2345 409 .

1259 424 1367 473 tatiS‚
1385 424 1683 476 praeferendum
1702 428 1762 466 est
1782 425 1891 466 bono
1919 427 2084 479 privatae
2100 444 2293 486 personoe
2339 416 2352 452 Ῑ

1259 485 1477 539 peccantis.

1313 547 1352 586 5.
1374 546 1582 599 Arguitur
1598 556 1670 600 per
1684 545 1870 589 dilemma
1885 551 2023 589 contra
2038 550 2184 594 dictam
2201 555 2281 598 dis-

1261 609 1423 650 crimen.
1448 629 1500 640 -—
1518 609 1612 649 Haec
1631 610 1742 650 enim
1778 610 2007 652 differentia
2038 613 2170 664 primo
2196 628 2282 659 non
2339 654 2346 658 ,

1260 674 1369 711 recte
1398 670 1594 710 fundatur
1619 671 1664 711 in
1683 671 1929 724 Evangelio,
1965 677 2012 713 ut
2042 676 2282 724 praecedenti
2340 706 2352 711 1

1261 732 1407 783 capite,
1426 744 1451 772 3
1468 744 1512 773 11.
1533 734 1600 781 11,
1618 736 1837 774 tractatum
1856 738 1930 783 est,
1946 735 2043 786 quia
2062 735 2163 775 illud
2179 749 2284 796 prae·
2342 758 2347 795 j

1261 797 1423 845 ceptum
1437 806 1521 834 non
1532 793 1732 834 limitatur
1750 795 1801 834 ad
1819 799 2031 848 peccatum
2048 796 2157 847 quod
2173 796 2285 840 laedit
2339 826 2347 830 x

1261 855 1571 907 corripientem;
1589 855 1735 895 deinde
1754 868 1831 896 nec
1849 857 1945 896 satis
1964 857 2120 897 ratione
2142 857 2285 900 funda·
2338 882 2347 887 ·

1261 920 1340 965 tur,
1369 917 1481 968 quia,
1498 915 1593 955 licet
1611 916 1767 956 bonum
1785 917 2011 957 innocentis
2027 917 2091 957 vel
2109 930 2286 960 commu·
2338 968 2342 969 ⁷

1259 989 1311 1018 ne
1342 977 1639 1029 praeferendum
1667 978 1732 1027 sit,
1762 981 1901 1018 tamen
1930 978 1964 1017 si
2001 983 2132 1030 potest
2165 980 2286 1022 simul

1259 1039 1412 1079 servari
1429 1039 1584 1078 bonum
1602 1042 1642 1078 et
1660 1038 1771 1078 fama
1788 1040 1990 1091 peccantis
2005 1069 2015 1087 ‚
2037 1041 2285 1092 prodigenda

1259 1112 1343 1140 non
1362 1105 1434 1139 est.
1455 1100 1571 1140 Unde
1601 1105 1864 1151 argumentor
1882 1101 1924 1140 in
1950 1100 2059 1140 hunc
2087 1103 2283 1144 modum:

1260 1162 1421 1214 quando
1450 1165 1663 1214 peccatum
1683 1162 1860 1213 proximi
1879 1163 2012 1214 vergit
2029 1163 2074 1202 in
2090 1163 2286 1204 damnum
2348 1204 2352 1205 ⁷

1259 1224 1370 1263 tertii
1389 1222 1454 1263 vel
1473 1223 1802 1272 communitatis,
1832 1227 1904 1263 aut
1931 1236 2006 1275 ego
2026 1236 2185 1275 possum
2216 1236 2287 1277 per
2336 1260 2339 1261 γ

1260 1285 1461 1336 meipsum
1479 1284 1759 1324 admonitione
1780 1289 1933 1325 secreta
1952 1285 2051 1325 illud
2071 1286 2286 1337 impedire,

1260 1349 1301 1385 et
1328 1346 1378 1385 de
1411 1345 1488 1385 hoc
1516 1345 1647 1385 habeo
1668 1357 1780 1396 spem
1801 1346 2010 1386 moraliter
2040 1352 2212 1394 certam3
2247 1349 2288 1387 et

1260 1410 1358 1446 tunc
1376 1419 1460 1447 non
1487 1411 1546 1447 est
1574 1419 1646 1446 cur
1663 1406 1782 1446 illum
1798 1407 2038 1448 denuntiem
2056 1407 2196 1456 alteri,
2215 1419 2287 1448 ne·
2350 1405 2352 1430 l

1261 1480 1340 1520 que
1369 1469 1428 1508 ibi
1461 1469 1682 1508 intervenit
1699 1468 1853 1507 bonum
1874 1476 2106 1518 commune,
2128 1469 2193 1509 vel
2220 1469 2288 1509 in-

1261 1530 1461 1578 nocentis,
1483 1529 1591 1581 quod
1612 1529 1908 1581 praeferendum
1934 1531 1986 1569 sit
2009 1531 2128 1570 famae
2149 1542 2290 1582 pecca-

1262 1591 1374 1639 toris,
1407 1590 1503 1642 quia
1530 1602 1614 1630 non
1639 1595 1825 1642 pugnant
1855 1591 1963 1631 inter
1982 1604 2022 1631 se
2039 1622 2049 1638 ‚
2077 1592 2145 1632 sed
2166 1590 2289 1632 simul
2336 1615 2341 1618 -

1262 1664 1425 1704 possum
1445 1652 1584 1691 omnia
1602 1653 1730 1702 tueri;
1753 1664 1849 1704 ergo
1878 1655 1976 1692 tunc
2002 1664 2116 1704 aeque
2148 1656 2288 1692 teneor

1262 1726 1334 1767 per
1347 1717 1539 1754 secretam
1554 1714 1821 1754 monitionem
1837 1714 2063 1754 remedium
2079 1713 2288 1763 adhibere,

1262 1787 1309 1816 ac
1334 1775 1367 1815 si
1397 1775 1529 1815 solum
1547 1775 1806 1815 intenderem
1830 1775 1968 1816 fratris
1985 1775 2213 1815 emendam.
2241 1776 2291 1816 Et

1263 1835 1542 1886 confirmatur,
1561 1849 1657 1876 nam
1677 1838 1711 1876 si
1729 1841 1939 1889 peccatum
1956 1837 2130 1889 proximi
2149 1840 2291 1888 vergat

1262 1898 1308 1938 in
1326 1910 1463 1938 meum
1483 1903 1801 1946 nocumentum,
1824 1903 1864 1937 et
1889 1910 1965 1948 ego
1982 1898 2103 1936 simul
2124 1910 2214 1937 cum
2244 1897 2291 1938 il-

1262 1958 1342 1998 lius
1355 1958 1640 1998 emendatione
1653 1957 1866 1997 intendam
1881 1970 1946 1998 1110
1962 1958 2199 1998 indemnem
2211 1971 2292 1998 ser-

1261 2031 1372 2067 vare,
1406 2023 1453 2058 ut
1485 2019 1594 2059 licite
1627 2031 1790 2070 possum
1823 2022 1865 2059 et
1900 2019 2108 2058 interdum
2137 2019 2287 2070 debeo,

1260 2080 1463 2133 praecipue
1485 2081 1518 2119 si
1536 2083 1828 2120 nocumentum
1843 2110 1856 2129 ,
1883 2080 1991 2131 quod
2011 2080 2149 2127 timeo,
2172 2080 2292 2132 spiri-

1260 2141 1372 2182 tuale
1399 2143 1464 2190 sit,
1495 2141 1763 2181 nihilominus
1779 2146 1922 2181 teneor
1946 2146 2139 2181 secretam
2160 2142 2292 2181 moni-

1258 2203 1413 2242 tionem
1430 2202 1694 2253 praemittere,
1713 2202 1833 2254 siper
1850 2201 1965 2241 illam
1989 2213 2105 2254 spero
2130 2207 2288 2242 utrum-

1260 2276 1339 2315 que
1362 2263 1540 2303 fructum
1552 2293 1565 2312 ‚
1586 2267 1633 2302 ut
1663 2267 1819 2302 constat
1837 2274 1889 2302 ex
1906 2262 2041 2302 verbis
2062 2262 2235 2312 Christi,
2254 2262 2296 2316 si,

1255 2326 1478 2377 peccaverit
1495 2325 1605 2374 inte,
1621 2324 1746 2365 etiam
1759 2325 1804 2364 in
1822 2324 1937 2364 omni
1953 2324 2088 2376 rigore
2109 2321 2298 2364 intellec->

1260 2386 1326 2436 tis,
1359 2385 1401 2425 id
1435 2390 1509 2436 est,
1544 2390 1687 2426 contra
1714 2389 1755 2426 te
1786 2389 1949 2426 tantum
1960 2396 1974 2436 3
2005 2397 2102 2437 ergo
2128 2385 2292 2436 quando

1259 2450 1470 2499 peccatum
1500 2447 1633 2498 vergit
1668 2447 1712 2487 in
1732 2447 2023 2486 detrimentum
2044 2446 2223 2495 alterius,
2257 2445 2293 2487 si

1259 2511 1431 2560 uterque
1449 2507 1604 2547 fructus
1616 2520 1689 2560 per
1702 2513 1897 2548 secretam
1912 2508 2180 2548 monitionem
2200 2519 2290 2559 spe-

1259 2573 1388 2617 ratur,
1406 2581 1456 2608 ex
1470 2569 1612 2609 eadem
1627 2569 1875 2621 obligatione
1893 2568 2179 2622 praemittenda
2191 2568 2269 2608 erit
2274 2576 2290 2619 3

1259 2630 1360 2683 quid
1392 2631 1503 2670 enim
1529 2630 1653 2671 refert
1671 2631 1780 2683 quod
1812 2631 1864 2671 sit
1896 2630 2077 2671 defensio
2109 2641 2200 2669 mea
2224 2628 2293 2670 vel

1260 2692 1429 2732 alterius
1451 2693 1709 2732 innocentis?
1736 2703 1833 2734 nam
1853 2692 1978 2732 etiam
1997 2702 2074 2742 ego
2103 2690 2148 2730 in
2169 2701 2218 2731 ea
2243 2701 2291 2733 re
2331 2690 2334 2691 ⁷

1260 2765 1352 2793 sum
1370 2754 1579 2802 innocens,
1609 2757 1651 2793 et
1674 2753 1733 2792 ita
1753 2764 1804 2792 ex
1822 2752 2017 2791 charitate
2035 2749 2195 2803 obligor
2219 2760 2292 2793 seu

1257 2814 1430 2854 inducor
1465 2814 1518 2853 ad
1554 2825 1620 2853 me
1653 2813 1972 2862 defendendum,
2010 2812 2114 2852 sicut
2143 2808 2294 2855 alium.

1256 2875 1372 2915 Unde
1394 2874 1519 2914 etiam
1537 2873 1583 2914 fit
1601 2878 1648 2913 ut
1662 2874 1918 2914 denuntiatio
1932 2873 2027 2923 illa,
2050 2873 2215 2926 quando
2238 2870 2291 2914 ad

1257 2947 1346 2975 eam
1363 2935 1616 2986 pervenitur,
1630 2935 1952 2976 substantialiter
1967 2935 2020 2975 sit
2028 2934 2288 2986 Evangelica,

1260 2996 1303 3036 id
1324 3000 1397 3044 est,
1419 2996 1600 3048 ejusdem
1634 2997 1817 3046 rationis,
1839 2995 2000 3036 virtutis
2031 3000 2072 3038 et
2104 2995 2258 3036 ordinis
2270 3001 2288 3047 3

1260 3068 1357 3096 nam
1376 3057 1487 3109 quod
1507 3057 1653 3109 aliquis
1686 3069 1759 3110 per
1789 3058 2082 3097 correctionem
2100 3055 2310 3097 intendat.

1260 3118 1538 3159 defensionem
1555 3119 1778 3172 propriam,
1796 3120 1828 3159 si
1847 3131 1931 3159 non
1949 3118 2136 3159 excludat
2151 3127 2288 3158 0111011-

1260 3180 1465 3220 dationem
1481 3180 1631 3229 fratris,
1652 3193 1736 3220 non
1755 3179 1886 3220 obstat
1904 3180 2122 3232 quominus
2145 3178 2217 3219 illa
2233 3176 2289 3219 sit

1256 3243 1450 3282 correctio
1482 3242 1663 3282 fraterna
1692 3245 1734 3282 et
1762 3242 2005 3294 Evangelica
2018 3252 2032 3292 3
2061 3252 2159 3293 ergo
2177 3235 2293 3293 quod

1254 3303 1441 3344 intendat
1470 3303 1748 3343 defensionem
1778 3301 1947 3343 alterius
1974 3301 2201 3343 innocentis
2229 3298 2286 3340 si-

1252 3366 1341 3407 mul
1352 3379 1447 3406 cum
1456 3365 1741 3406 emendatione
1751 3366 1902 3415 fratris,
1918 3379 2002 3406 non
2020 3370 2079 3406 est
2096 3367 2286 3405 extran-

1250 3428 1405 3467 tionem
1430 3427 1687 3468 correctionis
1710 3426 1900 3468 fraternae
1912 3442 1924 3478 ;
1945 3438 2042 3479 ergo
2069 3421 2282 3466 denuntia-

1250 3489 1309 3528 tio
1328 3489 1453 3529 etiam
1469 3487 1718 3542 subsequens
1734 3492 1867 3542 potest
1891 3487 1972 3530 dici
1993 3487 2188 3533 fraterna,
2207 3491 2283 3525 500

1250 3549 1509 3602 Evangelica.

1304 3613 1343 3652 6.
1372 3612 1456 3653 Aut
1472 3615 1584 3655 certe
1606 3611 1689 3653 tale
1706 3615 1766 3654 est
1781 3611 2071 3652 nocumentum
2091 3606 2310 3664 alterius„

2244 3806 2317 3880 aii
