2352 3880
68 32 146 61 ᾖ,,..ῑ
214 46 217 51 .

40 86 41 94 ,

3 253 11 260 .

120 269 201 312 τίη·
213 270 299 313 sint
308 270 404 312 vitae
415 265 614 319 probitate
631 263 668 302 et
681 261 914 301 litterarum
928 252 1149 296 eruditione

116 332 171 375 ad
181 333 227 372 id
243 332 425 382 officium
438 324 581 368 idonei.
597 319 752 362 Deinde
767 329 867 358 vero
884 316 1036 369 optime
1052 314 1150 354 sub-

111 392 302 445 jungitur
321 405 332 433 :
353 393 415 433 Et
432 387 528 442 quia
544 385 635 426 boui
662 380 784 424 simul
802 382 839 420 et
857 378 1004 419 eruditi
1024 376 1148 430 pauci

114 455 393 500 inveniantur,
418 450 458 492 ei
490 457 579 488 oum
604 442 701 487 aliis
728 442 1020 492 comparentur,
1043 441 1081 479 et
1099 447 1147 478 eto

109 515 253 566 paucis
267 514 399 565 major
412 520 514 562 pars
520 507 613 558 jam
626 516 652 546 a
664 501 860 554 susceptis
874 498 1074 541 laboribus
1082 509 1146 538 ve-

114 575 165 615 lit
181 574 467 626 conquiescere,
486 564 727 621 perdifficile
748 565 835 614 sore
854 559 1146 613 comprehendi-

113 647 217 683 mus,
239 632 467 684 hujusmodi
497 626 735 673 homiuibus,
756 624 824 676 qui
843 623 932 663 bom·
958 620 1081 663 simul
1098 631 1145 660 ac

111 695 287 735 litterati
306 696 449 740 essent,
468 692 570 732 lianc
592 686 837 729 Societatem
860 683 999 737 auyeri
1012 693 1143 734 posse,

113 758 197 796 um
213 758 378 808 propter
399 763 563 806 maqnos
583 749 734 789 labores
751 758 847 798 quos
869 746 956 797 eJ'us
979 743 1147 784 institu-

111 820 197 857 tum
217 816 373 867 αἱρέῃ
391 817 476 856 tum
492 814 655 864 propter
673 819 861 860 inaquam
881 806 946 846 sui
964 805 1144 857 ipsorum

111 876 431 928 abueqacionew
452 876 537 915 ideo
554 871 662 912 uobis
682 870 875 916 omuibus,
896 867 967 923 qui
992 877 1144 907 conser-

109 937 303 978 vationem
323 941 359 978 et
375 937 656 978 incrementum
670 933 771 983 ejus,
788 931 842 970 ad
858 929 1046 981 maiorem
1061 927 1146 968 lau-

110 998 194 1039 dem
208 1002 245 1040 et
261 998 487 1051 obsequium
505 996 594 1042 Dei,
613 1006 661 1035 ac
677 991 843 1032 Domini
861 989 1006 1030 Nostri
1019 988 1145 1041 cupie-

110 1059 264 1107 bamus,
292 1060 374 1100 alia
393 1059 461 1099 oia
482 1057 646 1098 tenenda
665 1064 746 1092 esse
769 1052 860 1091 visa
884 1052 946 1090 est
958 1065 975 1095 ,·
1001 1049 1146 1090 admit-

109 1120 217 1161 tendi
235 1120 424 1159 nimirum
430 1118 612 1167 juvenes,
631 1113 702 1166 qui
725 1113 911 1152 bonorum
931 1121 1084 1150 morum
1107 1114 1147 1151 et

109 1181 362 1232 moeniorum
378 1177 506 1218 indole
531 1187 640 1228 spem
656 1176 847 1226 facerent,
873 1173 978 1224 quod
994 1172 1038 1211 iu
1049 1184 1147 1223 pro-

110 1243 176 1282 bos
197 1240 319 1281 simul
336 1251 384 1280 ao
400 1239 532 1279 doctos
548 1238 672 1284 ciros,
694 1236 749 1276 ad
766 1234 966 1275 colendam
986 1233 1146 1275 Christi

110 1301 274 1343 Domini
290 1300 440 1341 Nostri
458 1300 613 1339 vineam
639 1300 769 1338 esseut
798 1294 975 1342 evasuri,
998 1295 1145 1336 adiicit-

110 1361 215 1402 tendi
240 1362 361 1402 etiam
378 1361 423 1400 iu
440 1358 622 1411 colleqia,
656 1369 744 1398 cum
762 1357 818 1397 iis
837 1356 1142 1406 conditionibus,

107 1433 194 1474 quoe
218 1422 261 1461 in
287 1421 438 1462 litteris
456 1419 699 1472 Apostolicis
719 1418 984 1466 continentur,
1001 1418 1084 1459 sive
1101 1418 1146 1458 iri

102 1483 453 1530 universitatibus,
473 1483 554 1522 siz-e
572 1485 686 1521 extra
697 1479 792 1519 illas
805 1479 964 1528 fuerint
974 1495 990 1525 ,·
1006 1482 1044 1519 et
1054 1479 1145 1531 qui-

107 1545 190 1583 dem
219 1545 258 1584 si
282 1544 326 1583 ia
346 1542 688 1589 universitatibus,
711 1542 796 1581 siz-e
822 1540 903 1579 illoe
929 1538 1145 1584 Societatis

102 1617 218 1654 ;curoe
238 1605 454 1646 commissoe
475 1604 576 1652 siut,
606 1603 687 1644 sive
711 1613 803 1643 uon.
835 1603 922 1646 Hae
947 1603 1052 1643 euim
1075 1615 1148 1644 ra·-

102 1658 214 1718 {tione
232 1667 341 1706 uobis
359 1670 404 1706 iu
430 1667 598 1705 Domino
614 1665 914 1717 persuademus,
935 1662 991 1703 ad
1012 1664 1146 1714 majus

103 1726 268 1784 ''Dioiiioe
280 1727 515 1777 Alajistatis
529 1726 752 1778 obsequium
763 1727 866 1773 fore,
883 1724 921 1763 si
933 1727 971 1765 et
984 1733 1145 1763 numero

104 1787 349 1839 lamisonem,
368 1792 406 1829 et
422 1789 465 1828 iu
484 1789 636 1828 litteris
656 1797 704 1828 ac
721 1786 942 1828 virtutibus
954 1796 1148 1839 procres-

107 1860 195 1888 sum
211 1848 365 1899 faciant
389 1849 437 1893 ii,
459 1849 528 1899 qui
545 1846 667 1888 eidem
685 1846 863 1898 obsequio
881 1858 924 1887 se
951 1849 1053 1888 totos
1069 1845 1146 1885 im-

103 1908 293 1960 pendunt.

159 1970 199 2008 3.
221 1970 344 2009 Hauc
360 1968 852 2019 cousuetudinemJui-eues
867 1964 1060 2007 educandi
1076 1975 1146 2008 an—

101 2028 374 2086 tiquissimam
390 2041 471 2069 esse
491 2031 754 2070 monstratur.
765 2049 821 2058 —-
833 2028 917 2067 Nec
932 2027 1065 2066 solum
1077 2038 1145 2067 ra-

101 2089 163 2142 ·3tio
184 2097 225 2130 et
253 2090 422 2129 evidens
452 2090 693 2137 necessitas,
731 2089 805 2129 sed
827 2089 952 2128 etiam
975 2089 1145 2140 antiqua

101 2149 298 2190 'Ecclesiae
321 2151 576 2191 consuetudo
601 2152 807 2203 Ignatium
835 2153 877 2191 et
899 2151 1145 2191 Societatem

102 2202 247 2253 'docuit
264 2213 342 2251 hoc
361 2213 486 2251 modo
508 2213 684 2251 educare
706 2217 745 2252 et
765 2212 979 2252 instituere
997 2212 1144 2263 juven-

103 2275 263 2326 tutem,
285 2285 375 2323 quae
405 2273 459 2312 ad
485 2273 714 2323 spiritualia
730 2273 975 2320 ministeria,
1007 2273 1144 2325 proxi-

108 2345 272 2372 morum
295 2334 677 2381 salutinecessaria,
702 2334 852 2373 idonea
872 2338 1017 2385 postea
1037 2333 1144 2373 exis-

104 2389 228 2433 2teret.
252 2394 432 2431 Diximus
454 2395 563 2434 enim
582 2407 693 2446 saepe
710 2395 958 2435 Societatem
972 2406 1063 2435 esse
1081 2408 1144 2435 re-

108 2453 307 2504 ligionem
328 2453 570 2492 clericorum
590 2461 661 2493 aut
680 2457 1043 2508 presbyterorum3
1067 2455 1142 2496 fuit

108 2519 249 2554 autem
277 2515 375 2554 olim
401 2516 518 2566 juxta
545 2515 794 2566 primitivam
823 2517 1050 2556 Ecclesiam
1069 2519 1143 2557 ob-

107 2578 332 2622 servatum,
353 2580 398 2614 ut
417 2576 460 2613 in
482 2576 744 2623 dioecesibus,
768 2589 840 2615 seu
863 2577 964 2615 locis
980 2578 1145 2629 Episco-

105 2646 270 2687 porum,
290 2635 437 2674 domus
453 2636 601 2686 aliquae
620 2641 757 2676 essent
769 2637 1002 2688 specialiter
1017 2639 1147 2690 depu-

105 2699 201 2736 tatae
232 2696 287 2735 ad
303 2697 479 2748 juvenes
499 2698 541 2735 in
566 2697 715 2736 virtute
739 2701 779 2736 et
797 2698 942 2737 litteris
969 2699 1145 2739 educan-

107 2757 198 2807 dos,
217 2769 268 2797 ex
288 2758 438 2808 quibus
460 2758 604 2810 postea
623 2763 793 2810 possent
815 2759 912 2798 boni
940 2760 1075 2799 clerici
1105 2765 1145 2802 et

106 2818 299 2858 Ecclesiae
322 2820 442 2858 utiles
462 2820 659 2867 ordinari,
682 2824 726 2860 ut
746 2820 916 2872 intelligi
938 2826 1074 2873 potest
1094 2834 1145 2863 ex

107 2880 287 2920 Concilio
305 2881 502 2920 Toletano
516 2881 566 2930 II,
589 2893 626 2920 e.
644 2883 682 2929 1,
705 2885 745 2920 et
764 2881 943 2921 habetur
962 2883 1001 2922 d.
1019 2884 1085 2931 28,
1104 2895 1141 2924 c.

108 2942 148 2989 5,
167 2942 237 2981 ubi
258 2943 316 2981 sic
333 2943 502 2982 dicitur:
520 2944 580 2983 De
597 2944 676 2990 liis,
696 2955 790 2995 quos
806 2945 991 2985 voluutas
1000 2958 1144 2998 pareu-

108 3006 194 3043 tum
209 3015 234 3043 a
253 3004 405 3056 primis
430 3005 622 3053 irisautioe
649 3005 767 3045 aunis
784 3005 994 3046 clericatus
1014 3007 1142 3056 officio

108 3065 379 3115 mancipavit,
414 3065 632 3106 statuimus
661 3066 967 3114 observandum,
988 3071 1035 3108 ut
1052 3078 1148 3108 mom

111 3124 276 3170 detonsi,
294 3126 353 3165 vel
371 3125 597 3166 ministerio
611 3127 812 3167 doctorum
833 3128 993 3177 traditi,
1015 3128 1060 3167 iu
1077 3129 1146 3169 do-

114 3191 196 3222 oom
215 3185 389 3226 Eclesioe
404 3187 479 3227 sub
496 3188 740 3239 Epioosapil
756 3189 990 3240 praeseutia,
1014 3200 1040 3229 a
1054 3201 1142 3241 prce

114 3243 242 3293 posito
269 3244 342 3285 sibi
374 3247 531 3290 debeant
560 3249 729 3290 erudiri.
757 3249 871 3289 Idem
893 3250 1070 3290 habetur
1092 3263 1143 3291 ex

115 3301 292 3341 Concilio
323 3305 518 3348 Toletano
545 3310 612 3359 IV,
644 3321 735 3362 cap.
765 3310 965 3362 vigesimo
1000 3312 1141 3361 tertio,

115 3363 227 3412 quod
244 3366 308 3404 est
324 3365 437 3415 apud
450 3367 702 3419 Gratianum,
725 3383 815 3423 cap.
836 3373 874 3421 1,
903 3372 969 3420 12,
981 3376 1139 3424 =quaest.

115 3424 156 3461 1.
175 3421 315 3464 Omnis
334 3426 493 3478 (inquit)
521 3433 619 3472 oetas
640 3433 688 3472 ab
709 3433 973 3473 adolescentia
993 3434 1046 3474 ad
1060 3446 1143 3476 ma-

114 3482 344 3537 MP‘OM
361 3490 434 3536 ⁶⁸5,
457 3487 562 3530 nibil
589 3492 693 3532 euim
705 3494 897 3536 incertius
916 3506 1036 3548 quam
1056 3496 1143 3536 vita

114 3544 421 3590 munuum
428 3565 449 3597 ,·
472 3550 516 3591 ob
533 3550 604 3593 boc
633 3554 867 3599 conticuere
885 3559 1076 3611 oportuit,
1096 3559 1144 3599 ut

386 201 479 237 cAP.
502 199 528 232 1.
549 193 848 232 Pnorouuu‘rmt
867 184 1135 228 ARGUMENTA,
1155 187 1306 234 numus
1323 185 1644 244 mnsomss‘ra'mu
1663 184 1865 224 wlassin,
1890 184 1981 220 mc.
2026 203 2031 209 ·

1200 251 1240 293 si
1256 251 1328 304 qui
1343 248 1391 290 ia
1407 252 1510 291 clero
1526 250 1746 302 impuberes
1765 251 1836 293 aut
1851 248 2113 299 adolescentes
2130 236 2237 290 cuisss

1201 314 1308 360 tunt,
1327 320 1460 353 omues
1478 310 1524 349 iu
1543 322 1622 351 uuo
1646 308 1824 354 conclavi
1841 308 1943 352 atrii
1967 313 2171 358 maneant,
2190 310 2249 352 ut‘

1201 371 1362 414 lubriooe
1374 370 1509 413 oetatis
1518 381 1644 411 anuos
1659 383 1741 413 nou
1755 372 1800 412 ia
1814 370 1996 419 lutearia,
2008 370 2079 412 sed
2095 370 2140 410 iu
2153 369 2239 411 clis-

1200 433 1364 486 cipliuis
1380 429 1662 474 ecclesiasticis
1678 435 1821 482 aqaut,
1831 432 2010 486 deputati
2027 427 2241 474 devotissi·³‚

1199 505 1262 535 mo
1277 493 1442 542 seniori,
1465 495 1542 532 etc.
1560 491 1676 531 Idem
1692 491 1781 531 fere
1794 492 1972 532 habetur
1991 493 2034 533 in
2054 490 2242 535 Concilio?

1198 555 1466 607 Aquisgran.,
1488 564 1524 592 c.
1545 553 1637 592 135.
1662 551 1793 599 Quem
1811 565 1970 593 morem
1985 554 2131 606 juvare
2151 543 2245 594 stu-²

1198 615 1288 656 duit
1301 615 1528 656 Concilium
1537 613 1816 654 Lateranense
1831 614 1908 652 sub
1922 615 2155 655 Alexandro
2166 614 2238 664 111,

1198 689 1242 730 p.
1273 679 1313 726 1,
1345 689 1383 717 c.
1413 678 1465 716 18
1472 686 1487 727 3
1509 680 1552 716 et
1571 675 1686 715 aliud
1701 674 1998 722 Lateranense,
2018 677 2096 716 sub
2115 677 2238 717 Inno-

1200 737 1334 780 centio
1353 739 1422 787 111,
1443 749 1478 777 c.
1502 738 1548 777 11
1564 752 1576 787 3
1599 740 1640 776 et
1666 735 1779 775 aliud
1807 735 1885 775 sub
1903 735 2043 775 Leone
2062 737 2112 784 X,
2135 750 2172 777 c.
2193 738 2244 788 9„

1199 799 1252 840 de
1271 798 1567 839 reformatione
1585 798 1737 845 Curiae3
1762 801 1802 837 et
1816 796 1987 837 tandem
2010 796 2238 838 Concilium

1198 862 1500 911 Tridentinum,
1530 873 1630 901 sess.
1659 860 1860 912 vigesima
1884 859 2021 907 tertia,
2048 872 2138 911 cap.
2165 861 2237 901 de-

1201 923 1307 963 cimo
1327 928 1486 964 octavo.
1508 923 1571 962 Ad
1585 921 1708 974 hujus
1725 933 1822 974 ergo
1842 925 1994 960 sanctae
2017 925 2238 961 consuetu-

1198 984 1308 1023 dinis
1338 984 1612 1023 imitationem
1645 983 1830 1023 Societas
1859 981 2110 1022 scholarium
2147 994 2239 1034 gra-

1199 1047 1301 1086 dum
1325 1046 1564 1094 introduxit,
1585 1050 1786 1096 tanquam
1806 1044 2090 1084 necessarium
2118 1041 2246 1083 semi-²

1199 1108 1363 1146 narium
1377 1107 1430 1147 ad
1447 1120 1518 1146 eos
1533 1107 1633 1145 mini.
1650 1111 1669 1144 23
1681 1120 1744 1145 ro?-
1767 1105 2058 1153 instituendos,
2077 1104 2147 1155 qui
2162 1116 2238 1156 pro

1199 1168 1398 1220 dignitate
1428 1168 1623 1209 Societati
1642 1169 1696 1208 ad
1730 1168 1855 1206 finem
1881 1179 2002 1206 suum
2037 1164 2240 1205 inservire

1198 1231 1373 1284 possint.
1397 1232 1485 1278 Quo
1502 1230 1615 1271 enim
1634 1229 1866 1283 presbyteri
1883 1228 2111 1273 Societatis,
2135 1239 2185 1267 ex
2198 1227 2239 1268 vi

1201 1293 1263 1332 sui
1281 1293 1453 1332 instituti
1472 1296 1514 1333 et
1527 1293 1564 1332 vi
1576 1291 1860 1344 professionis,
1875 1291 1928 1329 ad
1941 1289 2239 1341 perfectionem

1199 1354 1499 1396 sacerdotalem
1517 1355 1576 1403 (ut
1593 1354 1650 1392 sic
1670 1353 1820 1402 dicam)
1833 1352 1967 1403 magis
1986 1351 2236 1402 obligantur,

1198 1426 1251 1457 eo
1276 1415 1513 1467 perfectiori
1549 1414 1672 1454 etiam
1701 1414 1889 1465 indigent
1924 1411 2171 1452 educatione
2198 1414 2239 1450 et

1199 1476 1454 1519 institutione
1471 1489 1495 1516 a
1506 1476 1727 1528 juventute
1747 1487 1836 1514 sua.

1202 1573 1443 1615 Conveniens
1473 1585 1522 1613 ac
1555 1573 1818 1613 necessarium
1849 1571 1976 1620 fuisse
2011 1570 2240 1622 hujusmodi

1254 1635 1455 1675 scholares
1480 1632 1678 1676 Societati
1704 1645 1777 1685 per
1802 1631 1887 1674 tria
1915 1635 2008 1673 vota
2035 1642 2119 1673 esse
2149 1632 2239 1673 sub-

1253 1696 1504 1736 stantialiter
1526 1695 1772 1745 conjunctos.

1253 1783 1293 1822 4.
1326 1781 1512 1824 Secunda
1532 1779 1768 1833 suppositio.
1783 1776 2020 1820 -Ratioue
2041 1779 2238 1831 probatur

1201 1843 1444 1889 conveniens,
1467 1845 1552 1882 tum
1573 1853 1621 1881 eoe
1634 1845 1756 1893 parte
1774 1841 1952 1891 ipsorum
1975 1840 2236 1882 scholarium.

1200 1905 1367 1946 -Z'um
1385 1913 1434 1944 em
1461 1906 1578 1955 parte
1606 1900 1838 1943 Societatis.
1854 1900 2110 1940 -Secundo
2144 1912 2239 1956 sup-

1199 1965 1441 2019 ponendum
1462 1968 1537 2011 est,
1570 1962 2007 2002 convenientissimum
2025 1974 2072 2002 ac
2101 1975 2240 2002 mora-

1197 2028 1294 2069 liter
1321 2025 1604 2067 necessarium
1620 2024 1764 2072 fuisse,
1786 2028 1832 2063 ut
1851 2024 1894 2063 hi
1913 2024 2124 2063 scholares
2142 2024 2239 2066 sub-

1199 2089 1443 2130 stantialiter
1468 2090 1608 2126 essent
1627 2085 1821 2125 Societati
1843 2086 2052 2137 conjuncti
2069 2098 2145 2138 per
2165 2097 2239 2127 ve·
2298 2137 2313 2145 ⁸

1198 2164 1289 2191 ram
1311 2149 1508 2189 unionem
1527 2148 1730 2186 moralem
1761 2159 1858 2186 cum
1882 2147 1973 2193 illa;
2001 2152 2041 2185 et
2062 2159 2136 2199 per
2159 2148 2238 2187 tria

1200 2209 1485 2253 substantialia
1511 2213 1607 2248 vota
1636 2209 1861 2260 religionis,
1889 2212 1936 2247 ut
1967 2220 2062 2247 cum
2082 2209 2238 2260 pollici—

1197 2274 1354 2313 tatione
1382 2283 1476 2313 sese
1502 2270 1684 2322 amplius
1710 2270 1992 2321 conjungendi
2025 2282 2119 2309 eum
2151 2271 2235 2318 illa,

1198 2335 1264 2375 vel
1284 2346 1379 2375 cam
1398 2332 1636 2386 profitendi,
1665 2332 1831 2384 quando
1856 2336 1897 2370 et
1930 2332 2138 2382 quomodo
2167 2332 2236 2384 ju-

1197 2397 1410 2437 berentur.
1438 2396 1525 2434 Hoc
1544 2399 1705 2434 constat
1739 2406 1791 2434 ex
1808 2394 2176 2434 Constitutionibus
2198 2398 2239 2434 et

1197 2457 1319 2498 bullis
1344 2455 1580 2503 Pontificiis,
1603 2456 1713 2494 hunc
1746 2455 1920 2506 gradum
1939 2458 2141 2506 tanquam
2167 2456 2240 2496 So-

1201 2518 1336 2559 cietati
1366 2517 1653 2563 intrinsecum,
1688 2516 1810 2567 eique
1833 2517 2012 2555 maxime
2046 2529 2243 2562 necessa-=

1201 2579 1308 2618 rium
1327 2578 1667 2629 approbantibus,
1683 2581 1728 2615 ut
1743 2589 1778 2615 c.
1802 2578 1826 2615 3
1846 2577 2101 2625 videbimus;
2126 2570 2245 2637 quod}

1203 2639 1326 2678 etiam
1362 2638 1522 2677 ratione
1544 2642 1582 2676 et
1608 2638 1798 2688 exemplo
1828 2638 1947 2677 facile
1984 2639 2146 2678 ostendi
2166 2651 2239 2691 po-

1200 2702 1293 2740 test.
1315 2700 1432 2738 Ratio
1463 2697 1646 2749 quidem,
1670 2699 1765 2749 quia
1787 2703 1825 2738 et
1843 2699 1896 2738 ad
1922 2700 2134 2751 spirituale
2163 2694 2244 2740 bo-'

1198 2773 1301 2800 num
1325 2759 1513 2811 ipsorum
1546 2759 1850 2811 religiosorum,
1889 2764 1929 2799 et
1951 2759 2004 2799 ad
2039 2761 2163 2800 tinem
2197 2765 2238 2803 et

1200 2821 1557 2861 conservationem
1585 2821 1816 2869 Societatis,
1837 2821 1917 2860 hoc
1943 2824 2032 2861 erat
2051 2834 2237 2862 necessa·

1198 2883 1319 2922 rium.
1342 2883 1525 2921 Primum
1545 2886 1672 2934 patet,
1687 2883 1784 2934 quia
1801 2882 1853 2921 ad
1866 2883 2163 2934 perfectionem
2177 2888 2237 2923 ta-

1198 2945 1299 2983 lium
1309 2956 1598 2996 personarum,
1617 2944 1901 2983 necessarium
1919 2949 2006 2983 erat
2026 2949 2071 2983 ut
2087 2957 2111 2983 a
2126 2945 2236 2997 prin-

1198 3005 1307 3057 cipio
1324 3007 1410 3044 Deo
1432 3005 1685 3053 dicarentur,
1706 3010 1746 3045 et
1775 3006 1828 3044 ad
1855 3006 2152 3057 perfectionem
2175 3019 2237 3047 se-

1197 3066 1410 3118 quendam
1430 3066 1739 3118 obligarentur;
1765 3066 1934 3118 alioqui,
1962 3068 1996 3105 si
2022 3079 2154 3117 usque
2183 3067 2236 3107 ad

1197 3120 1325 3167 finem
1346 3127 1577 3166 studiorum
1597 3128 1676 3167 hoc
1701 3128 1950 3176 differretur,
1982 3132 2022 3167 et
2043 3129 2121 3180 ipsi
2151 3141 2235 3168 ma-

1199 3190 1290 3241 gnis
1310 3190 1538 3229 commodis
1571 3190 1851 3241 spiritualibus
1874 3194 1915 3229 et
1944 3190 2084 3242 gratiis
2103 3192 2234 3242 priva-

1196 3254 1355 3300 rentur,
1383 3255 1424 3290 et
1439 3251 1622 3303 periculo
1642 3252 1846 3291 facillimae
1864 3251 2148 3290 mutabilitatis
2165 3262 2231 3288 ex-

1196 3316 1465 3364 ponerentur.
1488 3313 1547 3351 Ex
1561 3317 1678 3365 parte
1698 3314 1798 3353 item
1820 3313 2034 3353 Societalis
2050 3315 2136 3351 erat
2150 3309 2233 3348 evi-

1198 3374 1302 3413 dens
1334 3374 1575 3422 necessitas,
1601 3375 1713 3425 quia,
1748 3375 1826 3414 nisi
1848 3387 1898 3414 ex
1923 3377 2038 3426 parte
2067 3369 2232 3410 studen-

1197 3435 1298 3474 tium
1321 3439 1430 3475 esset
1455 3435 1648 3486 obligatio
1667 3437 1863 3476 manendi
1881 3436 1922 3474 in
1948 3435 2029 3480 illa,
2052 3443 2127 3471 suo
2146 3431 2231 3471 fine

1198 3500 1241 3536 et
1262 3496 1473 3536 laboribus
1492 3497 1579 3536 fere
1611 3497 1898 3543 frustraretur3
1919 3505 2016 3532 nam
2045 3493 2231 3544 complu·
2288 3542 2292 3548 ι

1197 3569 1264 3597 res
1283 3560 1379 3610 post
1396 3557 1531 3598 studia
1551 3557 1824 3605 discederent,
1842 3555 1878 3594 si
1896 3555 1976 3595 hoc
1995 3556 2104 3596 esset
2122 3555 2236 3608 possi-¹
