2352 3880
0 0 35 23 ⁷7¹⁷
50 0 180 54 :7:*13'5--21'
259 0 293 54 'Li
315 0 413 48 Ϊι-’Ὶιχ
566 0 572 12 ¹
593 0 638 30 ἶθῑ
667 11 670 18 ’
722 34 726 37 ⁷
789 15 798 19 “
818 3 823 5 >
854 7 859 10 .
880 16 885 18 “
1480 20 1508 54 ᾗ,
1522 14 1609 58 {fras-³¹-
1900 54 1902 58 Ι
1973 50 1979 51 e
2002 47 2003 50 ,

1644 123 1664 132 “’
1704 126 1705 130 ’
1732 121 1882 185 ἑτέ(
1930 131 1942 148 ·’
1966 147 1971 156 ·
1992 120 2025 152 ’·’
2058 122 2188 171 ‘¹³⁴5-

147 233 255 281 luo
430 239 510 274 ua.
530 239 574 274 x.
596 238 652 272 nn
668 237 866 272 aramme
886 236 1135 279 soem-Aris,
1157 238 1213 274 m·
1231 237 1549 279 comsaoumma
1571 239 1625 273 ne
1643 219 1981 282 ramma-*Qus
2115 262 2118 266 ·
2179 220 2249 281 {JV}

146 309 302 361 gulam,
320 309 361 347 et
380 305 498 356 quasi
513 316 702 344 normam
723 303 801 343 sibi
821 304 1028 354 propriam
1052 308 1095 343 et
1109 316 1174 344 ac·

145 368 450 410 commodatam
471 365 659 416 requirit,
699 365 793 404 ideo
819 364 861 404 in
883 364 967 404 fine
983 365 1175 416 hujusli—

143 430 206 473 bri
226 442 358 482 pauca
372 429 423 468 de
444 428 658 468 Societatis
694 427 838 479 regula
865 427 1054 474 addenda
1076 440 1174 468 cen-

141 491 204 532 sui
225 503 235 538 3
261 503 371 537 nam,
395 490 491 529 licet
509 489 550 528 in
572 489 853 540 superioribus
871 488 959 528 fere
976 493 1103 528 totam
1117 489 1173 529 vi-

143 553 263 593 vendi
296 553 499 592 rationem
536 546 766 600 Societatis,
799 555 841 591 et
868 557 1174 603 cousequenter

141 613 458 653 Constitutiones
475 613 565 664 ejus
583 613 918 664 explicuerimus,
949 613 1015 652 hic
1031 618 1170 652 tamen

141 678 303 727 oportet
318 675 555 715 summatim
576 675 789 714 universas
811 675 1026 715 Societatis
1050 687 1171 725 regu-

140 736 217 784 laS,
239 749 466 787 earumque
479 736 721 775 methodum
739 749 787 774 ac
804 736 1007 774 rationem
1021 747 1171 786 propo-

139 811 253 847 nere,
279 804 320 839 et
338 811 482 839 omnes
500 798 692 849 vulgares
714 797 968 846 objectiones
990 808 1171 835 comme-

136 870 317 909 morare,
337 866 381 900 ut
401 861 434 900 si
452 861 540 912 jam
560 860 638 897 illis
658 858 910 897 satisfactum
927 857 1062 903 fuerit,
1082 858 1171 896 loca

136 933 220 974 prae
241 923 432 962 manibus
444 921 690 967 habeantur,
704 919 770 958 vel
788 919 821 958 si
838 919 938 972 quid
954 919 1168 958 residuum

134 983 273 1030 fuerit,
303 984 498 1022 addatur.

189 1048 229 1085 2.
261 1044 433 1094 Requla,
456 1047 492 1083 et
505 1045 701 1083 statutum
725 1043 910 1095 quomodo
929 1043 973 1083 in
993 1043 1090 1083 aliis
1107 1055 1168 1083 re-

136 1104 352 1156 liqionibus
375 1109 635 1157 usurpentur.
654 1125 707 1134 —
729 1104 924 1151 Quomodo
956 1105 998 1144 in
1033 1104 1169 1146 Socie—

137 1169 230 1206 tate.
245 1186 296 1194 —
320 1164 503 1204 Diximus
524 1169 662 1204 autem
681 1166 721 1204 in
740 1165 1035 1216 superioribus,
1051 1169 1167 1204 tract.

136 1227 175 1275 8,
190 1239 224 1265 c.
241 1228 278 1274 1,
293 1227 424 1266 solere
440 1227 481 1264 in
497 1227 636 1266 multis
653 1226 922 1277 religionibus
935 1227 1172 1277 frequenter

135 1286 333 1339 distingui
355 1287 539 1339 regulam
565 1300 588 1327 a
610 1288 976 1327 Constitutionibus
1006 1288 1070 1326 vel
1093 1292 1170 1327 sta-

133 1349 252 1396 tutis;
279 1361 375 1388 nam
393 1350 581 1400 regulam
598 1354 763 1396 vocant,
777 1361 866 1400 quae
886 1362 909 1387 a
925 1349 1056 1400 primo
1075 1349 1168 1388 fun-

133 1411 278 1450 datore
296 1415 383 1450 orta
406 1418 482 1460 est,
505 1417 551 1451 ut
569 1412 713 1463 regula
741 1412 973 1462 Augustini,
997 1412 1168 1451 Benedi-

134 1473 202 1521 cti,
231 1473 453 1521 Francisci,
476 1473 539 1512 vel
559 1485 651 1523 quae
684 1486 708 1512 a
742 1473 962 1511 fundatore
998 1474 1167 1524 alicujus

133 1534 349 1584 religionis
370 1538 534 1585 sumpta
559 1539 621 1572 est
648 1533 701 1572 ab
721 1534 802 1572 alio
835 1534 1085 1584 antiquiore,
1122 1538 1167 1573 ut

132 1593 450 1634 fundamentum
488 1595 700 1646 religionis
735 1607 836 1641 suae,
875 1595 980 1633 sicut
1019 1598 1083 1634 est
1106 1607 1167 1634 re-

133 1657 230 1709 gula
266 1656 486 1708 Augustini
506 1657 546 1695 in
584 1657 785 1708 religione
823 1657 1138 1695 Praedicatorum
1154 1687 1163 1705 ,

132 1719 198 1758 vel
209 1719 338 1758 sancti
355 1718 563 1758 Benedicti
578 1719 620 1756 in
635 1718 833 1769 religione
852 1719 980 1757 sancti
995 1719 1167 1757 Bernar-

132 1778 175 1821 di
194 1810 204 1828 ‚
245 1785 285 1821 et
328 1781 446 1820 multi
481 1784 627 1831 putant
661 1782 716 1819 ita
763 1793 806 1819 se
848 1781 1000 1819 habere
1046 1792 1165 1830 regu-

132 1840 217 1880 lam
243 1842 372 1881 sancti
390 1842 531 1881 Basilii
557 1842 610 1880 ad
630 1842 816 1880 ordinem
839 1842 1164 1880 Carmelitarum.

132 1903 452 1943 constitutiones
469 1907 609 1942 autem
630 1903 836 1951 dicuntur,
859 1915 951 1954 quae
972 1916 996 1942 a
1034 1908 1168 1954 poste-

131 1964 309 2003 rioribus
331 1965 526 2015 Capitulis
559 1969 630 2003 aut
652 1965 830 2003 Proelatis
862 1965 1013 2004 additae
1055 1968 1162 2005 sunt.

133 2025 317 2066 Societas
334 2038 432 2065 vero
462 2025 618 2064 nullam
653 2027 867 2076 antiquam
898 2027 1086 2077 regulam
1103 2037 1166 2065 as-

132 2088 321 2137 sumpsit,
353 2098 479 2137 quam
514 2086 792 2138 profiteretur,
833 2087 907 2126 sed
933 2099 957 2126 a
980 2100 1055 2126 suo
1074 2086 1167 2125 fun-

132 2147 275 2188 datore
294 2147 438 2187 habuit
462 2147 781 2187 Constitutiones
798 2159 823 2186 a
858 2147 965 2187 Sede
996 2149 1165 2198 Aposto-

130 2208 209 2248 lica
228 2209 477 2260 approbatas
496 2220 571 2260 per
601 2209 772 2247 modum
810 2209 987 2260 propriae
1014 2209 1167 2260 regulae

132 2271 388 2323 (quanquam
413 2270 502 2311 fere
526 2271 663 2310 omnia
682 2271 727 2308 in
749 2270 808 2309 eis
836 2270 1097 2310 inveniantur
1117 2282 1167 2309 ex

131 2344 211 2373 usu
235 2334 500 2384 antiquorum
523 2332 706 2379 Patrum,
740 2336 780 2370 et
801 2331 974 2370 aliarum
1000 2332 1167 2383 religio-

131 2393 260 2447 num),
281 2394 393 2433 unde
412 2394 548 2446 potius
568 2393 705 2432 dicere
726 2405 948 2444 possumus
967 2394 1166 2432 Constitu-

130 2456 266 2495 tiones
287 2456 503 2495 Societatis
525 2466 615 2494 esse
654 2455 841 2504 regulam
872 2454 975 2504 ejus
999 2465 1095 2492 nam
1116 2453 1164 2492 il-

130 2516 193 2555 las
210 2517 355 2556 babuit
375 2528 399 2556 a
423 2527 499 2556 suo
509 2515 727 2555 fundatore
743 2519 940 2566 tanquam
954 2515 1163 2565 propriam

131 2577 295 2617 vivendi
312 2589 518 2626 normam,
549 2577 615 2617 cui
636 2576 884 2615 conformari
904 2576 1056 2615 debent
1076 2587 1163 2615 om-

131 2639 200 2678 nia
218 2640 299 2679 alia
318 2643 488 2689 statuta,
509 2638 573 2679 vel
590 2639 885 2684 ordinationes,
906 2638 940 2677 si
966 2650 1058 2689 quae
1076 2638 1168 2677 fue-

131 2701 229 2750 rint3
250 2701 333 2740 imo
355 2701 398 2741 in
417 2701 500 2740 illis
525 2701 674 2741 virtute
712 2701 987 2740 continentur.
1015 2701 1166 2739 Praeter

133 2761 451 2803 constitutiones
469 2774 583 2811 vero,
615 2766 710 2801 sunt
727 2763 867 2802 multae
885 2763 976 2801 aliae
1000 2762 1166 2801 ordina-

133 2823 323 2863 tionesin
348 2825 566 2873 Societate,
589 2835 682 2874 quae
705 2825 886 2876 generali
910 2824 1078 2862 nomine
1099 2835 1166 2863 re-

135 2885 326 2936 gularum
347 2886 769 2937 comprehenduntur.
793 2884 910 2931 Quod
941 2886 973 2923 si
991 2885 1166 2924 velimus

135 2955 230 2986 cum
250 2947 516 2997 proportione
533 2947 740 2998 applicare
778 2945 1085 2985 distinctionem
1119 2945 1165 2984 il-

134 3005 218 3047 lam
238 3005 289 3046 de
317 3007 456 3060 regula
475 3012 516 3047 et
546 3007 915 3056 constitutionibus,
944 3018 1164 3058 possumus

134 3066 179 3108 in
201 3067 393 3119 praesenti
413 3067 565 3116 dicere,
605 3068 793 3120 regulam
823 3069 1040 3107 Societatis
1072 3079 1163 3107 esse

137 3127 488 3180 compendiariam
515 3129 626 3168 illam
658 3129 862 3169 rationem
898 3133 938 3168 et
958 3141 1163 3168 summam

135 3191 260 3232 totius
295 3190 482 3238 instituti,
521 3201 613 3242 quae
646 3190 689 3228 in
725 3191 851 3230 Bullis
891 3191 1111 3230 Pontificiis
1140 3192 1160 3230 1

136 3250 253 3294 Pauli
270 3253 323 3292 111
342 3256 382 3292 et
412 3254 428 3292 1
451 3250 546 3292 Julii
565 3252 631 3296 ΙΙΙ,
653 3252 902 3300 continetur,
923 3264 1019 3290 nam
1038 3252 1164 3291 finem

137 3317 179 3356 et
190 3313 474 3353 substantialia
492 3313 631 3352 media
656 3313 868 3353 Societatis
886 3313 1165 3364 complectun-

135 3378 258 3426 tur,e
291 3386 348 3414 ia
367 3375 457 3426 ipsa
487 3374 604 3414 Bulla
626 3373 858 3426 appellatur
877 3374 955 3414 ibi:
986 3375 1082 3422 Quoe
1113 3375 1166 3416 ad

136 3448 187 3486 ro,
206 3437 286 3478 ulie
302 3436 424 3488 hujus
457 3440 604 3478 nostra-
639 3437 940 3477 observacionem
970 3437 1130 3486 faciunt
1147 3450 1166 3482 ,-

135 3498 318 3550 reliquas
330 3510 428 3538 vero
442 3497 556 3549 leges
570 3509 715 3537 omnes
724 3497 893 3536 nomine
917 3501 1165 3538 statutorum

138 3564 210 3600 aut
223 3559 567 3601 constitutionum
578 3557 888 3612 comprehendi.

1254 328 1315 369 De
1327 327 1498 379 propria
1512 327 1654 380 rapula
1670 331 1708 369 ot
1727 318 2078 381 Constituifflffius
2093 307 2289 389 Socii-ip,

1686 391 1802 432 tatis.
1974 390 1979 394 '
2003 403 2006 406 ⁴
2100 399 2101 403 ’
2212 401 2220 408 ·
2243 398 2263 410 ’
2280 394 2287 434 ἶ

1280 485 1318 525 3.
1336 483 1480 536 Capita
1497 486 1716 538 quindecim
1725 486 1891 540 reyuloe,
1908 499 1976 528 sou
1985 487 2160 532 institisti
2177 489 2254 534 So-
2287 524 2289 526 -

1227 547 1633 599 aientia—Regula
1667 561 1765 600 ergo
1798 549 1878 588 hoc
1909 549 2033 589 modo
2064 558 2254 604 accepta,

1227 613 1426 659 quantum
1446 621 1495 648 ex
1510 610 1641 649 citatis
1659 610 1832 649 Induitis
1848 611 2067 662 colligitur,
2090 612 2258 654 hoecca-

1225 670 1310 721 pita
1335 671 1530 711 continet.
1557 672 1752 718 Primum,
1782 672 1910 711 finem
1931 673 2144 713 Societatis
2165 685 2257 716 esse

1225 731 1400 782 propriae
1422 733 1678 782 perfectioni,
1703 738 1743 773 et
1758 734 2039 785 proximorum
2056 735 2176 774 saluti
2195 738 2267 778 inan·
2290 756 2298 789 ;

1226 793 1436 833 cumbere.
1468 795 1718 839 Secundum,
1743 796 1784 834 in
1810 796 2011 836 Societate
2039 797 2174 836 varios
2195 801 2290 838 es-t:

1226 865 1268 892 se
1290 853 1443 894 debere
1471 868 1742 906 personarum
1764 857 1930 906 gradus,
1966 861 2011 896 ut
2039 858 2267 909 unusquis·-

1226 927 1307 966 que
1327 917 1455 966 possit
1473 918 1592 968 juxta
1606 918 1779 969 gratiam
1801 931 1824 957 a
1847 918 1999 969 Spiritu
2018 920 2167 958 Sancto
2181 919 2286 960 siht·
2336 967 2341 974 Ἴ

1224 976 1575 1018 subminlstratam
1603 980 1656 1018 ad
1683 980 1926 1031 praedietum
1957 981 2083 1020 finem
2113 993 2268 1032 coope·.
2288 978 2295 1029 ’Ἴ

1222 1039 1318 1076 rari.
1338 1040 1536 1088 Tertium,
1557 1053 1686 1079 unum
1710 1053 1800 1081 esse
1821 1042 1972 1081 debere
1993 1042 2035 1081 in
2057 1043 2258 1083 Societate
2286 1062 2288 1067 ·

1225 1099 1491 1151 Praepositum
1514 1102 1770 1153 generalem,
1807 1103 1860 1142 ad
1895 1115 2018 1153 quem
2053 1104 2259 1155 pertineat

1227 1161 1302 1200 hos
1323 1163 1476 1213 gradus
1489 1168 1528 1202 et
1547 1164 1695 1209 officia,
1710 1177 1758 1203 ac
1777 1165 2004 1204 ministeria
2025 1166 2163 1204 omnia
2180 1164 2259 1204 dis-
2288 1176 2289 1179 ’

1225 1223 1427 1273 tribuere,
1466 1230 1506 1264 et
1526 1227 1777 1278 'universam
1814 1227 2060 1265 Societatem
2092 1237 2254 1278 regere.

1226 1285 1438 1333 Quartum,
1465 1287 1571 1325 hanc
1599 1288 1844 1338 religionem
1867 1292 1993 1326 totam
2017 1288 2183 1338 speciali
2209 1297 2259 1328 ac
2331 1327 2333 1330 Α

1223 1347 1389 1397 proprio
1411 1348 1533 1386 modo
1556 1348 1633 1386 sub
1653 1349 1888 1387 obedientia
1914 1349 2122 1388 Pontiticis
2151 1348 2259 1388 mili-
2299 1367 2302 1372 ·

1223 1411 1326 1456 tare,
1350 1413 1389 1447 et
1410 1408 1502 1447 ideo
1524 1409 1691 1459 speciali
1710 1415 1803 1448 voto
1825 1410 2068 1449 obedientiae
2090 1410 2143 1448 illi
2163 1421 2258 1449 con·
2298 1411 2299 1414 ’

1223 1469 1376 1507 secrari
1407 1477 1446 1508 et
1473 1471 1657 1521 astringi.
1685 1470 1896 1518 Quintum,
1926 1476 1968 1510 ut
1994 1471 2164 1522 professi
2186 1471 2259 1511 So-

1223 1530 1380 1568 cietatis
1400 1531 1585 1570 solemne
1604 1536 1744 1570 votum
1766 1537 2035 1583 paupertatis,
2060 1533 2258 1572 castitatis
2324 1543 2326 1546 ’

1223 1596 1262 1631 et
1283 1592 1525 1631 obedientiae
1547 1592 1750 1631 emittant.
1778 1594 1962 1641 Sextum,
1996 1598 2040 1633 ut
2069 1595 2257 1633 nomina·
2318 1643 2320 1647 ,

1221 1652 1294 1692 tim
1313 1654 1645 1692 commendatam
1667 1654 1848 1693 habeant
1869 1667 2092 1705 puerorum
2113 1667 2161 1693 ac
2191 1667 2258 1694 ru·
2318 1661 2326 1709 ζ·

1223 1714 1334 1753 dium
1367 1716 1406 1754 in
1444 1716 1672 1754 Christiana
1708 1717 1894 1755 doctrina
1927 1716 2254 1756 instructionem.
2299 1714 2327 1754 ’,ἶ

1225 1777 1468 1826 Septimum,
1494 1782 1538 1816 ut
1569 1778 1752 1817 Societas
1773 1778 1959 1828 professa
1980 1790 2063 1816 non
2096 1782 2258 1818 tantum
2307 1779 2323 1820 ζ’

1223 1837 1264 1876 in
1279 1838 1531 1888 particulari,
1556 1839 1629 1877 sed
1650 1844 1774 1878 etiam
1793 1839 1833 1877 in
1852 1840 2061 1878 communi
2080 1851 2259 1890 pauper·

1223 1903 1347 1938 tatem
1381 1900 1621 1951 profiteatur
1649 1906 1688 1939 et
1723 1901 1927 1940 observet.
1966 1903 2178 1946 Octavum,
2211 1903 2260 1941 ut
2293 1891 2320 1946 'l

1223 1961 1403 1999 Societas
1422 1962 1574 2000 habere
1595 1963 1723 2011 possit
1750 1962 1922 2012 collegia
1945 1974 2035 2012 quae
2069 1962 2259 2013 proprios
2310 1954 2318 1998 ·{

1223 2023 1403 2062 habeant
1422 2023 1577 2062 reditus
1594 2024 1646 2061 ad
1670 2024 1878 2062 scholares
1899 2024 2114 2062 Societatis
2143 2025 2258 2063 alen-

1221 2085 1324 2132 dos;
1351 2097 1527 2135 quorum
1545 2085 1814 2135 collegiorum
1838 2089 1877 2123 et
1904 2085 2156 2123 studentium
2181 2095 2258 2137 gu·
2282 2087 2284 2090 ’
2310 2099 2311 2102 ’

1220 2146 1424 2193 bei-natio,
1447 2151 1487 2185 et
1519 2146 1724 2184 bonorum
1756 2146 2025 2195 collegiorum
2059 2146 2258 2186 adminis-
2307 2178 2310 2183 .

1222 2208 1343 2246 tratio
1364 2207 1417 2246 ad
1444 2208 1690 2246 Societatem
1714 2207 1941 2258 professam
1978 2208 2170 2258 pertinet,
2200 2208 2257 2247 ita

1222 2273 1361 2308 tamen
1378 2269 1483 2308 utin
1504 2281 1626 2307 suum
1645 2269 1971 2307 emolumentum
2001 2269 2110 2307 bona
2129 2269 2275 2315 dicto-‚
2303 2288 2307 2310 ;

1221 2343 1313 2369 rum
1333 2330 1601 2381 collegiorum
1631 2332 1870 2369 convertere
1900 2341 1984 2369 non
2005 2330 2144 2379 possit.
2175 2331 2258 2370 No-

1220 2405 1336 2438 num,
1356 2397 1400 2431 ut
1419 2393 1628 2432 scholares
1640 2393 1853 2431 Societatis
1873 2396 1965 2443 post
1982 2393 2256 2432 sufficientem

1218 2454 1503 2507 probationem
1532 2455 1573 2492 in
1608 2454 1855 2494 Societatem
1891 2453 2159 2492 admittantur
2181 2464 2256 2504 per

1217 2521 1312 2555 vota
1331 2515 1614 2555 substantialia
1628 2515 1854 2566 religionis,
1866 2515 1985 2566 Juxta
1997 2514 2264 2554 Constitutim

1221 2590 1296 2617 nes
1318 2578 1535 2617 Societatis
1556 2577 1720 2626 emissa,
1747 2576 1789 2616 id
1819 2580 1896 2624 est,
1919 2588 2002 2615 non
2035 2575 2252 2624 solemnia,

1222 2639 1296 2678 sed
1325 2640 1544 2690 simplicia,
1573 2640 1628 2677 ita
1664 2643 1709 2677 ut
1733 2638 1775 2676 in
1810 2641 2015 2689 potestate
2041 2635 2258 2676 Societatis-

1221 2705 1388 2740 maneat
1409 2702 1465 2740 sic
1490 2700 1690 2739 admissos
1706 2699 1858 2738 liberos
1876 2699 2096 2746 dimittere,
2127 2697 2163 2736 si
2183 2693 2263 2737 exi

1220 2762 1391 2813 podiens
1409 2762 1545 2801 fuerit.
1568 2761 1797 2808 Decimum,
1819 2763 1863 2798 ut
1882 2759 2063 2798 Societas
2085 2759 2231 2811 coadju
2256 2781 2258 2786 ·

1220 2827 1330 2862 tores
1351 2823 1582 2874 spirituales
1597 2826 1638 2860 et
1653 2820 2140 2871 temporalesadmittere
2159 2831 2250 2875 pos

1219 2885 1270 2924 sit
1290 2896 1364 2935 per
1398 2888 1489 2922 vota
1520 2883 1644 2921 etiam
1666 2881 1880 2932 simplicia,
1902 2882 2018 2931 juxta
2050 2881 2235 2922 Constitu

1218 2946 1351 2984 tiones
1385 2944 1596 2983 Societatis
1625 2943 1862 2983 emittenda.
1885 2943 2172 2992 Undecimum,
2219 2959 2224 2977 ·

1218 3006 1260 3046 in
1275 3007 1477 3046 Societate
1496 3006 1575 3045 sint
1589 3005 1936 3057 Congregationes
1951 3005 2183 3056 generales,
2198 3014 2239 3045 a

1219 3080 1323 3120 quas
1346 3072 1569 3119 perpetuas
1601 3066 1920 3106 Constitutiones
1955 3065 2148 3111 condere,
2180 3063 2246 3116 (1-1

1218 3130 1373 3169 clarare
1396 3134 1436 3168 et
1456 3133 1632 3176 mutare,
1655 3132 1696 3167 et
1709 3139 1778 3167 res
1798 3126 2007 3178 graviores
2023 3126 2196 3177 transig

1218 3191 1439 3243 pertineat.
1459 3189 1774 3237 Duodecimum,
1798 3192 1843 3227 ut
1859 3187 2102 3238 Praepositus
2123 3195 2231 3238 gen'

1218 3252 1314 3291 ralis
1334 3265 1408 3304 per
1427 3251 1670 3291 electionem
1689 3249 1896 3301 generalis
1916 3241 2232 3300 Congregatio

1219 3318 1402 3363 creetur3
1423 3313 1561 3365 quoad
1576 3312 1735 3362 reliqua
1753 3323 1852 3351 vero
1875 3311 2029 3357 omnia,
2059 3313 2099 3350 et
2118 3321 2146 3361 p
2192 3316 2193 3319 ’
2212 3337 2217 3345 .

1219 3374 1379 3414 sionem
1399 3374 1584 3414 omnium
1606 3373 1847 3412 inferiorum
1880 3371 2220 3421 Praelatorurnqv,'

1220 3441 1346 3477 testas
1367 3437 1417 3476 sit
1436 3448 1566 3488 penes
1591 3435 1726 3487 ipsum
1750 3433 2010 3474 Generalem.
2036 3429 2195 3483 Deoim
2217 3449 2220 3455 ,

1219 3499 1401 3545 tertium,
1421 3502 1467 3538 ut
1486 3497 1586 3538 socii
1602 3497 1725 3537 etiam
1740 3494 1915 3548 professi
1933 3505 2020 3534 non
2030 3495 2181 3532 tonean
2198 3508 2213 3528 ,τ

1220 3560 1494 3601 communiter
1509 3559 1576 3599 vel
1593 3558 1636 3598 iu
1655 3558 1782 3598 choro
1807 3557 1987 3599 officium
1999 3551 2151 3592 canoni
2188 3557 2214 3583 τ’

1222 3633 1370 3663 canere
1389 3625 1461 3663 aut
1480 3620 1673 3670 recitare,
1693 3617 1771 3661 sed
1794 3612 2088 3667 tantum-'priva
2109 3613 2187 3662 '⁴³21
