2352 3880
167 321 220 352 ex
239 311 278 351 vi
296 324 381 351 suae
404 307 559 358 regulae
589 305 672 347 tale
691 308 834 346 votum
864 305 1058 357 postulat.
1085 306 1134 346 Et
1152 305 1196 346 in

167 371 245 412 hoc
269 385 395 412 sensu
428 367 588 409 admitti
621 368 745 408 etiam
769 371 920 420 potest,
953 368 1065 420 quod
1094 368 1197 409 dixit

166 434 373 480 Richard.‚
387 432 429 472 in
443 433 485 480 4,
507 430 600 470 dist.
624 429 688 478 38,
712 431 884 470 articulo
906 442 1032 478 nono,
1049 434 1193 482 quaest.

165 496 312 547 prima,
334 494 388 533 ad
408 495 449 543 4,
485 496 526 532 et
560 504 612 532 ex
639 492 708 532 illo
739 493 916 544 Angles‚
940 493 983 531 in
1012 493 1196 533 secunda

164 559 279 607 parte
317 555 599 602 Quaestionum
629 553 682 594 de
702 553 902 602 dominio,
924 554 1095 593 articulo
1113 555 1198 606 pri·

163 617 457 666 mosdifficult.
477 617 612 665 tertia,
642 616 675 655 si
699 616 810 667 Papa
842 617 963 655 alicui
990 616 1197 656 monacho

163 680 376 729 concedat,
391 684 437 719 ut
449 679 602 719 habeat
617 677 863 725 dominium,
879 677 995 715 illum
1007 678 1096 729 jam
1110 689 1196 717 non

162 741 344 782 futurum
369 741 651 792 monachum,
675 741 771 793 quia
803 740 899 779 licet
920 739 1030 791 Papa
1062 740 1192 791 possit

159 802 296 844 facere
317 805 368 844 de
397 805 602 844 monacho
623 816 707 842 non
729 802 995 851 monachum,
1018 814 1104 840 non
1130 806 1191 842 ta-

158 876 256 906 men
276 868 412 918 potest
429 866 565 905 facere
586 868 631 903 ut
658 863 810 902 habeat
831 864 1062 915 proprium,
1092 863 1191 916 quia

157 928 418 980 proprietatis
439 926 643 965 abdicatio
672 929 733 964 est
760 924 811 964 de
844 925 1024 964 essentia
1046 937 1190 965 mona-

156 989 236 1029 chi.
272 988 388 1035 Quod
417 988 549 1039 magis
577 986 804 1026 declaravit
829 987 1051 1036 Navarrus,
1074 987 1191 1027 Com-

155 1053 284 1090 ment.
311 1052 349 1097 2,
373 1049 424 1088 de
450 1048 613 1100 fleg-ul„
635 1059 809 1086 numero
842 1047 1001 1088 decimo
1029 1049 1187 1100 quinto,

155 1112 210 1152 ad
229 1114 266 1162 3,
299 1123 382 1150 non
403 1122 524 1162 posse
547 1112 699 1161 Papam
735 1110 873 1149 facere
910 1114 952 1150 ut
986 1111 1188 1162 regularis

154 1173 225 1213 fiat
250 1185 372 1212 verus
400 1172 593 1212 dominus
624 1172 799 1222 alicujus
829 1171 891 1210 rei
923 1173 1184 1223 pecuniariae,

154 1238 288 1274 stante
311 1237 403 1273 voto
436 1235 692 1285 paupertatis
713 1234 902 1273 solemni.
924 1233 1000 1274 Ubi
1035 1246 1188 1286 expen-

153 1295 289 1335 denda
311 1300 372 1335 est
390 1295 458 1334 illa
476 1296 654 1347 adjectio
677 1295 820 1335 ultima
841 1294 1067 1347 (solemni),
1090 1296 1187 1346 quia

152 1359 204 1398 de
222 1359 383 1397 ratione
403 1358 493 1397 talis
508 1359 593 1397 voti
614 1362 689 1406 est,
711 1358 824 1409 quod
839 1358 1008 1397 omnino
1032 1358 1187 1406 obliget

151 1420 205 1459 ad
223 1432 307 1459 non
328 1420 565 1460 habendum
588 1420 822 1468 proprium,
858 1420 941 1455 imo
967 1419 1012 1455 ut
1039 1416 1186 1456 reddat

151 1481 389 1532 incapacem
417 1480 471 1519 ad
503 1479 620 1526 illud,
655 1479 832 1529 ideoque
862 1479 1184 1530 repugnantiam

150 1543 331 1590 involvit,
352 1546 398 1580 ut
411 1542 585 1581 durante
602 1542 681 1581 hoc
697 1545 791 1580 voto
810 1541 931 1580 liceat
946 1552 1070 1591 agere
1088 1552 1183 1580 con-

151 1608 212 1644 tra
232 1604 358 1651 illud3
383 1607 422 1643 et
436 1605 530 1644 ideo
552 1604 726 1643 fortasse
746 1615 846 1642 usus
861 1607 922 1642 est
940 1603 1125 1642 Pontifex
1140 1604 1183 1643 in

150 1666 218 1705 illo
232 1670 345 1706 textu
364 1666 444 1704 illis
462 1665 599 1705 verbis
616 1676 625 1704 :
647 1666 699 1706 Ut
718 1667 855 1706 contra
871 1676 955 1704 eam
972 1676 1040 1705 nee
1057 1665 1178 1707 Sum-

149 1740 236 1770 mus
255 1729 450 1775 Pontifex
467 1728 596 1781 possit
615 1727 820 1768 licenciam
842 1727 1059 1779 indulyere.

202 1792 266 1830 16.
301 1790 484 1831 Secunda
515 1790 730 1840 responsio.
750 1789 1035 1837 —Secundo‚
1073 1787 1179 1829 addo

149 1851 390 1891 Pontificem
411 1851 638 1889 formaliter
656 1851 792 1901 potius
818 1863 941 1901 quam
962 1851 1181 1890 materiali-

148 1915 211 1951 ter
231 1912 300 1964 (ut
327 1912 385 1950 sic
419 1912 580 1962 dicam)
614 1912 728 1962 loqui
749 1912 803 1950 ibi
824 1912 874 1951 de
910 1912 1177 1963 proprietate,

148 1985 241 2026 quae
263 1976 414 2025 praeter
436 1973 667 2012 dominium
700 1972 871 2012 includit
906 1974 1030 2013 etiam
1057 1985 1179 2012 usum

147 2036 208 2076 rei
240 2039 283 2074 ut
303 2036 492 2085 propriae,
507 2036 590 2073 imo
611 2047 756 2073 revera
774 2037 906 2086 magis
926 2036 1110 2086 loquitur
1130 2036 1181 2076 de

147 2097 227 2136 hoc
245 2109 334 2143 usu,
359 2107 484 2146 quam
505 2095 557 2134 de
578 2095 748 2134 radicali
770 2096 977 2146 dominio,
999 2098 1182 2150 loquitur

148 2158 259 2199 enim
291 2161 434 2196 contra
464 2157 698 2206 Praelatum,
721 2158 792 2208 qui
827 2163 944 2209 putat
977 2172 1023 2199 se
1056 2172 1179 2211 posse

148 2218 376 2260 concedere
395 2219 558 2259 subdito
583 2219 789 2259 bonorum
808 2221 1121 2271 proprietatem,
1141 2225 1182 2262 et

147 2281 322 2321 fortasse
354 2281 469 2319 illam
498 2280 779 2330 concedebat;
805 2282 961 2322 clarum
981 2288 1042 2324 est
1069 2285 1181 2324 enim

147 2355 233 2384 non
265 2344 449 2395 potuisse
484 2355 629 2382 verum
666 2344 896 2383 dominium
931 2347 1176 2396 concedere,

148 2406 267 2457 cujus
286 2405 515 2444 monachus
533 2417 617 2444 non
641 2410 702 2445 est
721 2417 864 2458 capax.
884 2408 1027 2459 Neque
1048 2409 1101 2448 ad
1117 2422 1178 2449 re-

146 2467 317 2519 ligiosos
336 2467 563 2517 quidquam
588 2467 757 2507 interest
776 2469 853 2508 hoc
874 2470 1029 2510 habere
1050 2471 1178 2511 domi-

146 2529 275 2577 nium,
297 2528 522 2567 dummodo
539 2541 582 2567 re
595 2532 764 2580 possent
784 2531 840 2570 uti
857 2536 901 2571 ut
918 2534 1099 2584 propria.
1117 2535 1176 2573 De

146 2589 227 2629 hoc
246 2601 344 2640 ergo
364 2594 489 2639 negat
511 2591 695 2630 Pontifex
711 2604 833 2641 posse
853 2606 877 2632 a
893 2595 1065 2635 Praelato
1080 2608 1178 2635 con-

147 2650 253 2700 cedi,
275 2651 340 2689 vel
359 2651 482 2689 etiam
501 2662 524 2690 a
552 2651 703 2702 seipso,
724 2652 836 2704 quod
854 2654 974 2693 facile
991 2658 1178 2698 admitte-

148 2724 192 2753 re
222 2723 459 2763 possumus,
481 2723 565 2750 non
597 2712 731 2751 solum
752 2719 946 2765 respectu
966 2719 1176 2768 monachi,

148 2773 223 2813 sed
242 2773 365 2812 etiam
382 2778 576 2823 respectu
593 2774 892 2826 cujuscumque
910 2778 997 2815 veri
1014 2778 1179 2828 religio-

148 2835 198 2884 si,
218 2834 416 2886 quamdiu
436 2834 479 2872 in
499 2845 547 2874 eo
575 2838 684 2874 statu
703 2836 844 2884 durat,
866 2837 964 2888 quia
994 2849 1079 2876 non
1109 2851 1181 2889 po-

147 2900 228 2936 test
245 2909 338 2935 cum
358 2908 406 2935 eo
424 2895 671 2946 dispensari,
691 2901 735 2936 ut
750 2898 901 2938 habeat
916 2911 1039 2938 usum
1056 2900 1179 2939 alicu-

147 2957 215 3009 jus
232 2957 296 2996 rei
327 2958 495 2996 omnino
517 2958 867 3010 independentem
897 2972 921 2999 a
947 2961 1179 3012 Superioris

150 3018 384 3067 voluntate,
422 3019 568 3058 saltem
600 3020 732 3071 ipsius
759 3021 918 3062 Summi
953 3023 1176 3074 Pontificis‚

149 3081 206 3121 ita
229 3084 275 3120 ut
305 3081 434 3132 possit
458 3081 570 3119 illam
598 3081 798 3134 alienare,
827 3097 1088 3135 consumere,
1109 3100 1180 3127 ex-

147 3133 346 3196 pendere,
370 3146 465 3192 etc.,
491 3144 660 3184 omnino
686 3145 835 3195 libere,
858 3160 937 3188 nec
965 3150 1093 3200 possit
1113 3162 1181 3191 ar-

146 3204 300 3245 bitratu
317 3204 549 3256 Superioris
568 3206 636 3245 tali
658 3220 750 3256 usu,
774 3210 839 3248 vel
860 3210 1180 3252 administratio-

147 3277 202 3307 ne
218 3267 615 3319 privariQuomodo
634 3269 734 3310 dixit
747 3272 869 3311 Divus
883 3273 1063 3313 Thomas
1079 3275 1118 3315 2.
1136 3276 1180 3325 2,

147 3329 374 3381 quaestione
401 3330 624 3370 centesima
645 3334 898 3384 octogesima
925 3336 1084 3387 quinta,
1115 3348 1180 3377 ar-

147 3390 272 3431 ticulo
292 3395 453 3442 octavo,
471 3392 715 3445 religiosum
745 3395 900 3436 factum
927 3399 1180 3452 Episcopum

147 3453 280 3492 teneri
316 3457 411 3494 voto
447 3455 716 3507 paupertatis.
746 3458 796 3498 Et
832 3458 887 3499 ad
921 3461 945 3500 3
985 3461 1056 3510 ait,
1093 3472 1178 3500 non

147 3525 269 3565 posse
295 3515 449 3556 habere
476 3518 716 3570 proprium,
736 3531 816 3560 nec
847 3521 1026 3562 condere
1054 3526 1179 3563 testa-

146 3579 354 3624 mentum3
388 3578 502 3629 quod
532 3580 567 3620 si
592 3591 643 3620 ex
677 3582 944 3623 concessione
979 3584 1100 3636 Papae
1134 3584 1179 3624 id

146 3635 269 3679 faciat
287 3638 484 3692 (inquit),
504 3654 590 3684 non
609 3654 661 3685 ex
686 3645 852 3699 proprio
881 3645 1178 3699 intelligendus

519 242 595 276 Lm.
619 222 680 275 IV'.v
694 210 752 274 ‘DE
773 236 893 274 VOTIS
913 238 1164 274 smpmcnms
1186 239 1424 276 cAS'rrrA‘rls
1446 239 1499 275 ET
1519 239 1813 282 murmuri&
1837 218 1926 277 Ere.

1250 311 1314 348 est
1347 307 1500 355 facere,
1536 306 1612 347 sed
1642 307 1885 348 auctoritate
1920 308 2057 361 Papae,
2088 308 2277 353 adminis

1250 368 1397 409 trando
1418 369 1542 417 bona,
1565 369 1691 410 etiam
1712 369 1849 420 quoad
1868 369 2220 429 dispensationem
2234 372 2279 415 il-

1250 431 1385 473 lorum
1405 437 1499 484 post
1517 437 1694 472 mortem
1712 444 1843 472 suam.
1866 433 1914 472 Et
1933 434 2161 484 quaestione
2184 446 2276 476 cen-

1250 496 1399 535 tesima
1421 496 1673 548 octogesima
1700 495 1829 545 sexta,
1851 496 2022 536 articulo
2047 499 2207 546 octavo,
2225 495 2280 540 ad
2339 505 2352 557 s

1251 558 1291 605 3,
1327 556 1445 596 simili
1481 558 1748 610 proportione
1770 558 1826 597 ait
1854 569 1938 597 non
1971 570 2095 610 posse
2125 559 2279 610 Papam

1249 619 1490 671 dispensare
1509 633 1603 660 cum
1626 621 1819 673 religioso
1839 620 1881 659 in
1899 624 1992 660 voto
2014 620 2277 670 obedientiae,

1250 681 1347 732 quia
1367 693 1450 720 non
1470 686 1605 733 potest
1629 683 1745 721 illum
1773 694 1798 721 a
1833 694 1908 721 sua
1929 682 2163 722 obedientia
2195 682 2278 722 cxi·
2339 733 2341 738 .

1245 755 1375 784 mere.
1419 743 1536 782 Ratio
1580 747 1720 783 autem
1765 755 1816 784 ex
1850 743 1969 784 dictis
2018 748 2078 784 est
2112 743 2276 794 facilis,

1244 806 1342 855 quia
1374 816 1457 843 non
1492 805 1625 844 solum
1649 810 1790 845 votum
1813 806 2014 856 solemne,
2044 806 2118 845 sed
2151 806 2276 846 etiam

1243 870 1386 905 votum
1407 866 1580 917 simplex
1601 868 1871 919 paupertatis,
1884 868 1918 907 si
1938 868 1990 907 sit
2009 867 2218 918 integrum
2236 871 2278 907 et

1245 927 1487 979 perfectum,
1509 941 1559 968 ex
1586 933 1703 980 parte
1732 930 1916 969 materiae
1936 931 2070 982 privat
2098 941 2179 969 usu
2197 929 2272 978 rei,

1245 994 1290 1029 ut
1316 990 1505 1041 propriae.
1527 990 1615 1029 Hoc
1637 994 1775 1030 autem
1802 995 1945 1031 votum
1965 996 2027 1031 est
2052 992 2103 1031 de
2130 1002 2275 1032 neces·

1245 1052 1365 1091 sitate
1395 1056 1526 1091 status
1544 1052 1743 1103 religiosi,
1763 1056 1807 1092 ut
1825 1053 2002 1104 probant
2018 1054 2275 1105 objectiones

1244 1115 1358 1166 prius
1377 1113 1512 1162 factae,
1538 1118 1579 1153 et
1600 1127 1624 1153 a
1641 1115 1846 1154 contrario
1867 1127 1992 1154 sensu
2008 1119 2122 1166 patet
2149 1116 2275 1155 etiam

1244 1187 1294 1215 ex
1314 1176 1392 1223 his,
1420 1176 1570 1227 quibus
1596 1177 1851 1216 ostendimus
1872 1176 2004 1216 solum
2025 1178 2167 1215 votum
2187 1187 2274 1216 non

1242 1237 1385 1277 utendi
1423 1238 1563 1289 aliqua
1604 1251 1650 1278 re
1692 1241 1738 1278 ut
1778 1239 1944 1291 propria
1988 1239 2178 1278 sufficere
2221 1237 2274 1278 ad

1241 1310 1386 1338 verum
1404 1303 1556 1339 statum
1575 1298 1835 1348 religiosum;
1864 1309 1963 1335 nam
1988 1299 2057 1336 illa
2077 1299 2271 1349 probant,

1241 1360 1385 1395 saltem
1415 1356 1494 1396 hoc
1523 1369 1614 1396 esse
1641 1358 1938 1406 necessarium,
1971 1362 2011 1398 et
2031 1359 2273 1400 Pontificem

1239 1430 1323 1457 non
1339 1430 1460 1470 posse
1481 1420 1587 1458 hanc
1607 1419 1903 1472 obligationem
1921 1433 2114 1472 separare
2135 1435 2159 1461 a
2179 1433 2272 1473 per-

1238 1479 1344 1520 fecto
1379 1485 1488 1520 statu
1512 1481 1735 1533 religioso3
1770 1483 1882 1534 quod
1911 1483 1944 1522 si
1977 1483 2272 1534 obligationem

1237 1555 1323 1583 non
1354 1548 1540 1595 separat,
1568 1545 1752 1596 profecto
1785 1558 1863 1586 nec
1894 1545 2103 1586 licentiam
2135 1549 2272 1596 potest

1238 1604 1336 1645 dare
1368 1605 1519 1656 agendi
1548 1611 1690 1645 contra
1719 1607 1848 1658 illam,
1881 1619 1977 1646 cum
2003 1608 2055 1647 sit
2074 1607 2271 1659 obligatio

1237 1667 1437 1706 naturalis
1455 1696 1465 1715 ,
1495 1671 1535 1706 et
1557 1667 1683 1707 divini
1708 1668 1829 1720 juris.
1859 1670 2138 1721 Praeterquam
2161 1669 2271 1721 quod

1237 1729 1351 1768 nulla
1374 1741 1498 1768 causa
1517 1729 1772 1770 rationabilis
1801 1743 1891 1772 esse
1911 1736 2046 1784 potest
2071 1732 2125 1772 ad
2144 1733 2270 1772 talem

1238 1792 1589 1842 dispensationem
1606 1793 1930 1844 concedendam,
1951 1795 2047 1846 quia
2061 1806 2270 1847 quaecum-

1237 1864 1318 1904 que
1336 1854 1517 1906 fingatur
1535 1883 1545 1902 ‚
1582 1854 1639 1892 illi
1658 1855 1847 1894 satisfieri
1872 1857 2023 1906 poterit
2051 1870 2126 1908 per
2145 1868 2269 1896 usum

1235 1916 1301 1955 vel
1329 1915 1728 1955 administrationem
1756 1917 2061 1967 dependentem
2081 1931 2106 1958 a
2122 1918 2269 1958 volun-

1237 1979 1320 2017 tate
1339 1978 1585 2029 Superioris,
1609 1978 1755 2017 saltem
1776 1978 2006 2026 Pontificis;
2041 1992 2138 2031 ergo
2167 1992 2268 2020 usus

1235 2040 1311 2088 rei,
1348 2044 1393 2079 ut
1422 2040 1614 2091 propriae,
1643 2051 1857 2090 nunquam
1891 2043 2028 2092 potest
2057 2041 2269 2083 honestari

1234 2105 1427 2153 respectu
1463 2102 1647 2153 religiosi
1683 2101 1874 2141 habentis
1908 2102 2162 2141 contrarium
2197 2115 2269 2143 vo-

1235 2167 1335 2205 tum.
1372 2163 1491 2211 Quod
1520 2163 1554 2201 si
1579 2163 1670 2202 talis
1699 2163 1951 2215 dispensatio
1981 2163 2155 2204 honesta
2176 2176 2268 2206 esse

1235 2239 1319 2266 non
1339 2229 1496 2277 potest,
1525 2237 1661 2277 neque
1683 2226 1806 2265 etiam
1823 2225 1958 2265 valida
1979 2237 2070 2266 esse
2089 2226 2264 2277 poterit3

1235 2287 1332 2339 quia
1359 2286 1431 2325 illa
1450 2290 1510 2326 est
1537 2286 1789 2338 dispensatio
1812 2287 1857 2326 in
1877 2291 1988 2336 voto,
2025 2299 2132 2340 quae,
2164 2288 2197 2327 si
2217 2288 2268 2328 sit

1232 2349 1399 2400 injusta,
1432 2352 1494 2388 est
1513 2349 1637 2388 etiam
1656 2349 1851 2395 invalida,
1884 2353 1929 2389 ut
1953 2362 2078 2401 supra
2104 2349 2156 2389 de
2171 2353 2266 2390 voto

1232 2411 1275 2451 in
1302 2422 1454 2463 genere
1478 2410 1631 2450 dictum
1652 2415 1726 2451 est.
1761 2412 1811 2451 Et
1837 2411 1893 2451 ita
1914 2411 2037 2451 etiam
2056 2411 2266 2452 intellexe-

1231 2477 1329 2512 runt
1361 2476 1519 2513 textum
1548 2473 1665 2513 illum
1693 2473 1921 2514 Innocentii
1950 2472 2266 2514 panormitanus

1232 2538 1274 2575 et
1304 2534 1373 2573 alii
1401 2535 1646 2584 Canonistae‚
1681 2538 1727 2574 ut
1754 2540 1867 2575 tomo
1899 2535 2103 2586 superiori
2130 2535 2266 2574 visum

1231 2599 1295 2636 est
1313 2626 1323 2644 ,
1356 2598 1570 2637 tractando
1598 2597 1652 2641 de
1683 2596 1992 2650 dispensatione
2015 2597 2060 2636 in
2087 2600 2182 2639 voto
2202 2608 2267 2636 so-

1230 2658 1357 2698 lemni
1379 2658 1588 2697 castitatis.

1284 2722 1351 2759 17.
1384 2719 1522 2760 Tertia
1538 2719 1753 2768 responsio.
1769 2737 1823 2750 ——-
1836 2715 2070 2770 Expeditae·
2085 2717 2265 2770 primum

1230 2779 1445 2820 membrum
1471 2780 1517 2819 de
1549 2778 1790 2820 abdicatione
1815 2780 1937 2821 etiam
1969 2781 2262 2832 proprietatis,

1233 2842 1317 2880 tum
1345 2841 1390 2879 in
1414 2841 1548 2892 primo
1578 2839 1776 2891 ingressu.
1806 2862 1860 2870 -—
1895 2841 2106 2884 [nstantia
2129 2848 2265 2886 contra

1230 2900 1409 2953 proxime
1432 2901 1538 2942 dicta
1561 2902 1776 2951 refellitur.
1805 2926 1857 2932 —-
1886 2904 2038 2944 Ultimo
2064 2916 2114 2944 ex
2133 2905 2264 2946 abun-

1234 2962 1348 3002 danti
1366 2963 1549 3002 concedo
1568 2976 1653 3003 non
1674 2977 1795 3017 posse
1816 2977 1906 3006 esse
1927 2970 2079 3006 statum
2098 2967 2265 3019 religio-

1230 3035 1327 3065 -sum
1346 3024 1445 3066 satis
1463 3025 1693 3076 perfectum
1713 3027 1801 3067 sine
1820 3031 1916 3068 voto
1937 3028 2158 3070 abdicandi
2176 3041 2264 3070 om-

1232 3087 1314 3136 nia,
1351 3087 1474 3127 etiam
1505 3088 1593 3128 sine
1621 3090 1875 3141 proprietate
1903 3094 1943 3131 et
1963 3091 2161 3141 dominio,
2184 3103 2264 3132 neo

1232 3160 1356 3201 posse
1389 3149 1618 3201 dispensari
1650 3163 1743 3191 cum
1776 3152 1986 3204 religioso,
2022 3151 2135 3205 quod
2168 3156 2263 3205 agat

1233 3217 1379 3252 contra
1413 3212 1491 3252 hoc
1525 3217 1694 3263 votum;
1725 3225 1816 3266 quae
1847 3215 1931 3254 duo
1965 3215 2020 3255 ad
2054 3225 2262 3254 summum

1234 3274 1368 3326 colligi
1390 3280 1562 3326 possunt
1591 3288 1639 3317 ex
1667 3277 1775 3318 dicto
1795 3282 1940 3326 textu3
1976 3282 2170 3317 neutrum
2189 3287 2260 3315 au-

1232 3341 1318 3379 tem
1347 3350 1492 3378 eorum
1522 3343 1728 3392 repugnat
1753 3341 1850 3381 huic
1870 3341 1993 3382 statui
2013 3339 2258 3394 scholarium

1231 3401 1460 3442 Societatis.
1502 3402 1682 3442 Primum
1721 3404 1870 3444 horum
1901 3406 2090 3451 constat,
2127 3400 2256 3452 quia,

1229 3463 1359 3503 etiam
1370 3463 1428 3504 sic
1442 3463 1653 3505 scholares
1663 3471 1814 3508 vovent
1830 3478 1996 3507 omnem
2011 3473 2152 3506 rerum
2164 3475 2258 3516 pro-

1231 3525 1448 3576 prietatem
1480 3538 1527 3566 ac
1563 3527 1794 3568 dominium
1825 3539 1853 3570 a
1891 3538 1937 3568 se
1971 3526 2178 3567 abdicare.
2213 3525 2258 3565 In

1230 3598 1312 3637 quo
1343 3591 1405 3627 est
1435 3575 1861 3640 animadvertendum,
1896 3601 1983 3640 eos,
2010 3589 2083 3641 qui
2113 3590 2158 3630 in
2185 3585 2258 3627 So-

1230 3648 1379 3692 cietate
1399 3650 1658 3700 recipiuntur
1681 3653 1807 3698 etiam
1824 3651 1880 3696 ad
1906 3651 2152 3696 novitiatum
2169 3651 2261 3694 ‘ne-j
