2352 3880
50 349 78 367 θ.

33 368 190 441 ,ᾖαοιᾰ
205 379 440 424 Provincias
458 380 663 433 pnecipue
685 382 729 420 et
753 379 901 422 domos
918 377 1079 432 profes-

40 451 131 494 2⁸⁸3
149 443 195 485 in
215 443 276 484 eis
299 443 397 483 solis
415 442 622 483 ordinarie
636 452 731 490 esse
748 445 898 494 potest,
916 445 962 483 ut
978 452 1078 483 con-

48 508 131 554 nat
146 516 197 549 ex
209 505 590 554 constitutionibus,
608 507 754 544 octava
772 507 906 556 parte,
922 515 1012 558 cap.
1033 503 1073 553 3,

48 579 142 614 cnm
156 567 450 616 declaratione,
469 566 528 608 lit.
560 568 616 617 A,
636 569 679 608 et
696 578 787 620 cap.
811 568 851 616 6,
874 568 901 621 ᾗ
914 570 956 618 4,
979 577 1075 608 cum

47 630 341 678 declaratione,
362 632 473 671 etex
491 627 584 668 aliis
601 629 757 681 regulis
776 629 1004 672 Societatis.

97 692 137 735 ὁ.
156 691 276 734 Alter
292 690 784 734 modica-Nihilominus
798 697 950 743 praeter
964 692 1075 733 hunc

44 751 216 798 modum
235 757 298 794 est
315 752 420 794 alius
440 753 682 795 solemniter
699 753 935 806 profitendi,
956 754 1074 795 emit-

15 843 18 846 ·
43 813 168 859 tendo
182 815 343 856 tantum
358 814 438 855 tria
452 818 549 855 vota
562 815 847 856 substantialia
862 816 1073 869 religionis

44 877 266 927 solemnia,
291 877 444 919 omisso
470 880 564 919 voto
595 879 841 919 obedientiae
870 879 924 920 ad
955 880 1074 920 Sum-

43 949 157 983 mum
174 939 429 988 Pontificem,
447 943 495 981 ut
518 945 680 982 constat
700 953 751 981 ex
767 940 1074 982 Constitutioni-

42 1001 134 1052 hus,
164 1002 309 1055 quinta
337 1006 482 1054 parte,
507 1015 599 1056 cap.
635 1003 835 1052 secundo,
857 1004 881 1056 ξ
902 1004 942 1052 3,
963 1007 1074 1044 etex

42 1064 166 1108 Bullis
185 1063 434 1115 Pontificiis‚
458 1066 688 1118 praesertim
708 1077 760 1107 ex
778 1065 1076 1106 Constitutione

41 1126 281 1172 decendente
316 1127 501 1169 Domino.
534 1128 595 1168 De
626 1128 705 1168 hoc
729 1139 830 1179 ergo
859 1126 1075 1179 posteriori

41 1189 164 1234 modo
183 1190 468 1243 professionis,
499 1190 567 1232 vel
599 1190 652 1231 de
684 1190 748 1230 his
779 1191 976 1230 oneribus
1005 1193 1076 1229 aut

41 1253 282 1295 muneribus
304 1263 398 1305 quae
420 1253 472 1293 ad
493 1252 733 1304 hujusmodi
753 1254 965 1305 professos
982 1264 1076 1304 per-

40 1315 196 1366 tinent,
216 1314 320 1355 nihil
340 1315 520 1368 speciale
543 1316 610 1355 hic
636 1315 859 1355 dicendum
881 1315 1070 1355 occurrit.

40 1374 142 1426 Quia
170 1378 214 1418 in
236 1378 362 1419 modo
392 1378 569 1419 vovendi
602 1378 881 1419 obedientiam
899 1409 911 1427 ,
936 1377 1075 1430 quoad

40 1439 362 1484 declarationem
394 1441 581 1481 muneris
601 1440 780 1482 docendi
800 1441 1074 1480 Christianam

40 1501 287 1553 doctrinam,
299 1503 552 1543 conveniunt
572 1515 667 1543 cum
683 1503 880 1555 professis
895 1507 1077 1555 quatuor

39 1570 242 1615 votorum,
277 1569 319 1605 et
344 1565 400 1606 ita
422 1565 474 1605 de
505 1566 690 1617 utrisque
711 1565 833 1604 simul
852 1564 1075 1616 explicabi-

37 1631 127 1676 tur;
150 1626 291 1680 quoad
310 1627 536 1668 carentiam
556 1640 654 1667 vero
682 1627 818 1679 quarti
838 1627 936 1676 voti,
956 1631 998 1666 et
1013 1637 1076 1665 re-

37 1701 131 1732 rum
161 1690 346 1730 omnium
367 1700 461 1742 quae
491 1688 588 1729 inde
611 1692 925 1740 consequuntur
940 1718 951 1737 ,
979 1699 1077 1727 con-

36 1753 208 1793 veniunt
235 1763 331 1792 cum
359 1750 668 1803 coadjutoribus
697 1750 977 1802 spiritualibus
995 1749 1076 1788 for-

37 1814 181 1862 matis;
216 1814 320 1854 sicut
353 1813 477 1853 etiam
501 1825 595 1853 cum
615 1812 695 1851 illis
716 1811 802 1852 fere
824 1810 1077 1851 conveniunt

37 1875 82 1916 in
98 1875 337 1915 ministeriis
356 1874 409 1914 ad
428 1887 521 1926 quae
541 1878 825 1921 assumuntur,
844 1877 884 1912 et
900 1873 942 1910 in
957 1872 1077 1912 donis

38 1948 112 1978 seu
136 1935 404 1989 qualitatihus
435 1947 529 1987 quae
559 1936 599 1974 in
636 1936 696 1975 eis
725 1934 1014 1984 requiruntur;
1035 1936 1078 1973 et

37 1997 132 2040 ideo
149 1997 202 2038 de
224 1998 408 2048 utrisque
429 1997 552 2036 simul
579 1996 687 2036 infra
706 1996 778 2036 lib.
805 1995 996 2046 sequenti
1016 1994 1076 2034 di-

38 2064 166 2102 cetur.
188 2059 289 2100 Nam
314 2059 358 2098 hi
378 2058 551 2110 professi
573 2059 696 2097 trium
716 2061 905 2097 votorum
927 2057 970 2096 in
998 2056 1074 2096 So-

39 2122 202 2172 cietate‚
220 2122 484 2173 coadjutores
502 2125 596 2160 sunt
619 2120 868 2172 spirituales,
889 2130 993 2170 quos
1013 2122 1074 2158 ta·

38 2196 135 2226 men
159 2185 328 2236 speciali
349 2183 528 2236 quadam
549 2183 819 2235 praerogativa
839 2181 989 2233 dignos
1004 2180 1075 2231 ju·-

39 2245 148 2289 dicat
165 2247 361 2294 Societas,
393 2250 439 2284 ut
465 2245 521 2284 ibi
548 2256 828 2296 exponemus;
863 2241 1075 2293 loquimur

38 2312 177 2350 autem
189 2308 240 2348 de
258 2307 336 2347 hac
347 2307 605 2358 professione
622 2306 747 2345 trium
761 2309 967 2353 votorum,
980 2314 1072 2355 quae

38 2370 279 2412 conceditur
296 2377 495 2421 tanquam
509 2368 678 2408 ultimus
698 2367 915 2416 terminus,
935 2370 975 2406 et
992 2370 1073 2406 sta·

37 2436 106 2475 tus
125 2433 360 2484 aliquarum
388 2442 672 2483 personarum.
698 2428 931 2481 Aliquando
959 2428 1071 2469 enim

39 2493 85 2537 fit
103 2506 178 2548 per
195 2495 469 2535 extrinsecam
494 2493 768 2540 occasionem,
790 2503 882 2543 quae
900 2490 1073 2542 requirit

39 2561 86 2600 ut
104 2567 282 2609 persona
310 2556 362 2595 sit
387 2556 512 2607 ligata
540 2555 644 2595 votis
665 2554 935 2602 solemnibus,
963 2555 1008 2592 ut
1026 2553 1071 2592 in

40 2630 138 2662 casu
158 2617 506 2672 primogeniturae,
528 2617 580 2656 de
603 2629 685 2667 quo
705 2617 749 2656 in
775 2628 866 2668 cap.
894 2618 932 2663 1,
951 2626 1067 2656 num.

41 2682 79 2733 ⁴,
100 2682 386 2729 meminimus,
421 2683 463 2720 et
491 2679 588 2719 olim
608 2684 794 2731 tempore
824 2678 885 2718 Pii
904 2678 954 2727 V,
976 2688 1070 2718 cum

42 2743 244 2797 quispiam
274 2747 383 2783 esset
402 2741 456 2782 ad
480 2754 619 2781 sacros
638 2741 806 2781 ordines
825 2751 1070 2792 promoven-

14 2823 18 2843 ·
41 2804 140 2855 dus;
161 2810 202 2846 et
231 2805 284 2846 de
302 2805 377 2845 tali
396 2804 653 2857 professione
671 2803 785 2843 nulla
813 2802 860 2842 fit
880 2802 1069 2842 conside-

15 2900 17 2906 .
42 2868 158 2918 ratio,
186 2868 284 2920 quia
304 2871 366 2908 est
383 2867 511 2908 veluti
530 2878 606 2918 per
621 2865 827 2915 accidens,
843 2869 884 2906 et
904 2877 988 2904 non
1011 2864 1069 2904 af-

13 2933 20 2966 l
41 2928 119 2972 fert
133 2933 332 2981 majorem
352 2929 647 2982 obligationem
663 2940 789 2980 quam
809 2928 861 2968 sit
876 2928 919 2968 in
936 2927 1068 2979 gradu

13 3002 20 3031 ι
44 2991 303 3041 scholarium,
321 2996 491 3044 excepta
501 2991 774 3031 solemnitate.
786 2989 929 3042 Neque
943 2990 1068 3030 etiam

13 3056 21 3094 l
42 3051 148 3095 litut
163 3054 207 3094 in
227 3066 276 3094 ea
292 3054 458 3094 sistatur
468 3064 482 3104 3
497 3066 607 3102 nam,
626 3057 864 3105 comparata
882 3052 1068 3093 doctrina

12 3128 22 3152 ι
45 3117 86 3156 et
97 3115 245 3168 majori
262 3115 515 3167 perfectione
527 3115 702 3162 virtutis,
719 3119 856 3168 potest
871 3115 1068 3155 transitus

12 3175 22 3221 i
45 3173 132 3218 fieri
161 3177 216 3217 ad
241 3177 541 3229 professionem
563 3181 741 3230 quatuor
772 3181 977 3217 votorum.
1009 3178 1070 3218 De

14 3231 23 3284 l
45 3234 122 3293 linc
139 3249 239 3290 ergo
257 3242 420 3279 tantum
436 3239 660 3280 videndum
676 3243 753 3289 est,
765 3251 821 3280 an
834 3251 980 3280 revera
998 3239 1071 3280 ad-

0 3300 1 3304 ’
131 3300 288 3351 aliquid
312 3300 445 3340 tribus
473 3301 812 3344 substantialibus
837 3302 943 3344 votis
975 3302 1072 3344 reli-

99 3362 198 3414 ‚ni5,
215 3365 257 3402 et
274 3373 400 3414 quam
414 3362 682 3406 immutabilis
699 3363 767 3409 sit.

17 3499 23 3501 .
60 3455 203 3506 mrum
237 3462 468 3504 conveniens
496 3463 622 3514 facerit
655 3462 852 3507 Societati
881 3463 1075 3516 professe

87 3523 337 3577 ‘peculiarem
355 3533 493 3566 euram
510 3527 548 3566 et
565 3524 840 3579 obliyationem
868 3535 1012 3576 pueros
1029 3523 1076 3565 in

34 3583 38 3586 ⁴
106 3581 284 3627 mana
303 3584 544 3630 Christiana
566 3585 771 3630 erudiendi
787 3586 1000 3640 suscipere.

91 3653 148 3711 ’8.-
175 3666 366 3712 Emditio
387 3679 604 3724 puerorum
632 3670 790 3724 dupleoe.
805 3691 860 3702 -
874 3668 1079 3722 Imprimis

20 3722 29 3769 Ι
58 3720 185 3781 fifflm·
201 3728 310 3773 eirea
327 3741 556 3786 puerorum
574 3731 864 3784 eruditionem,
881 3731 937 3774 ad
953 3742 1080 3785 quam

335 313 428 348 cAP.
449 312 506 348 m.
527 311 626 354 Quin
646 309 711 348 sn
731 309 774 346 m
794 308 1066 346 enormium
1087 310 1326 348 sommum
1346 312 1514 349 vovum}
1532 311 1761 354 REGUNDUH,
1784 311 1883 348 mc.

2085 310 2164 350 851

1131 380 1276 419 votum
1308 377 1555 420 obedientiae
1584 380 1820 432 specialiter
1835 379 1882 422 in
1905 375 2167 432 professione

1130 439 1446 491 determinatur,
1466 443 1698 482 notandum
1717 446 1779 483 est
1798 443 1902 484 duas
1922 454 2014 484 esse
2031 441 2167 484 erudi-

1128 503 1264 544 tiones
1285 515 1511 556 puerorum
1532 501 1637 556 (suh
1661 505 1812 556 quibus
1845 516 2011 558 semper
2041 517 2165 559 quas-

1128 575 1307 617 cumque
1334 566 1460 606 rudes
1492 567 1534 606 et
1562 566 1802 617 ignorantes
1834 579 2032 618 personas
2055 580 2164 610 com·

1127 627 1469 679 prehendimus).
1487 628 1623 668 Unam
1645 627 1690 666 in
1718 628 1876 675 litteris,
1910 630 2086 671 alteram
2120 631 2159 673 iit

1124 688 1225 739 fide,
1245 702 1318 730 seu
1339 690 1526 730 doctrina
1543 689 1794 740 Christiana3
1816 694 2037 742 utramque
2063 701 2163 735 vere

1128 753 1390 805 amplectitur
1406 753 1553 806 religio
1572 753 1808 800 Societatis3
1830 751 1904 792 sed
1921 754 2050 805 prior,
2066 755 2164 807 quia

1127 826 1213 855 non
1233 820 1294 855 est
1319 819 1401 856 tam
1423 816 1591 869 propria
1610 815 1905 867 professorum,
1929 819 1970 855 et
1989 815 2085 866 qnia
2111 817 2166 858 ad

1127 878 1302 931 collegia
1322 879 1537 920 Societatis
1554 879 1748 931 pertinet,
1765 878 1955 931 superius
1971 877 2014 918 in
2032 877 2103 918 lib.
2124 880 2164 930 5,

1128 950 1219 990 cap.
1250 940 1395 991 quinto
1429 945 1471 981 et
1498 946 1630 990 sexto,
1654 952 1678 980 a
1696 940 1819 980 nobis
1849 940 2058 980 declarata
2087 945 2163 982 est.

1131 1000 1206 1041 Hic
1223 1001 1354 1042 altera
1369 1006 1432 1042 est
1447 1002 1718 1055 explicanda3
1740 1015 1838 1042 nam
1855 1002 1907 1042 de
1922 1003 1990 1043 illa
2010 1003 2053 1042 in
2069 1015 2164 1056 par-

1130 1063 1289 1104 ticulari
1323 1077 1459 1104 sermo
1483 1069 1546 1105 est
1576 1066 1620 1105 in
1650 1065 1848 1117 praedicta
1880 1064 2014 1105 forma
2044 1064 2165 1117 profi-

1130 1127 1256 1176 tendi,
1283 1128 1395 1168 unde
1415 1128 1511 1168 licet
1531 1129 1610 1168 hoc
1632 1128 1907 1168 ministerium
1947 1139 2166 1167 commune

1131 1189 1183 1229 sit
1208 1191 1402 1230 omnibus
1437 1191 1637 1230 membris
1657 1191 1887 1238 Societatis,
1911 1191 2008 1243 quia
2027 1194 2167 1230 tamen

1129 1253 1327 1303 peculiari
1351 1253 1475 1292 modo
1507 1253 1669 1294 videtur
1689 1265 1900 1292 annexum
1929 1257 1970 1292 et
2004 1264 2168 1305 expres-

1130 1326 1223 1353 sum
1258 1316 1299 1354 in
1337 1316 1427 1367 ipsa
1458 1316 1591 1355 forma
1628 1316 1901 1369 professionis
1938 1315 2166 1366 Societatis,

1129 1375 1223 1416 ideo
1247 1377 1314 1417 hic
1333 1377 1516 1418 breviter
1534 1377 1829 1430 explicandum
1851 1381 1927 1417 est.

1183 1439 1222 1478 6.
1256 1440 1447 1481 Rationes
1482 1441 1706 1481 dubitandi.
1744 1461 1795 1470 -—
1832 1439 1951 1486 Quod
1987 1452 2085 1492 ergo
2118 1438 2173 1481 ad

1128 1502 1267 1558 ipsum
1296 1502 1571 1541 ministerium
1595 1507 1769 1554 spectat,
1793 1507 1955 1542 constat
1983 1515 2071 1542 esse
2098 1503 2173 1542 Ec-

1130 1563 1263 1604 clesiae
1283 1564 1403 1603 valde
1423 1565 1724 1612 necessarium,
1742 1565 1839 1616 quia
1858 1570 1918 1605 est
1937 1565 2062 1604 veluti
2078 1566 2174 1604 fun-

1132 1626 1377 1665 damentum
1407 1627 1533 1666 totius
1566 1627 1874 1674 christianismi,
1898 1631 1942 1666 ut
1963 1628 2111 1667 dicitur
2130 1628 2174 1667 in

1133 1688 1388 1727 Catechismo
1411 1689 1470 1727 Pii
1490 1690 1538 1727 V.
1559 1690 1662 1737 Quia
1676 1703 1775 1729 vero
1793 1690 1874 1728 tale
1896 1690 2174 1729 ministerium

1131 1749 1254 1789 facile
1288 1750 1468 1798 videtur,
1492 1755 1533 1789 et
1559 1751 1696 1789 minus
1729 1764 1879 1803 grave,
1906 1752 1999 1790 ideo
2035 1753 2173 1791 minus

1132 1813 1416 1852 necessarium
1437 1812 1566 1851 videri
1588 1816 1740 1863 potest,
1765 1818 1808 1853 ut
1830 1813 1939 1851 inter
1963 1813 2174 1864 praecipua

1133 1875 1268 1914 officia
1289 1875 1414 1925 hujus
1443 1875 1671 1924 religionis,
1696 1887 1785 1926 quae
1806 1875 1895 1913 aliis
1920 1874 2174 1926 gravissimis

1131 1936 1257 1976 rebus
1278 1939 1480 1986 occupata
1506 1940 1584 1982 est,
1605 1941 1850 1987 poneretur,
1873 1940 1913 1975 et
1945 1948 2040 1975 cum
2058 1940 2174 1976 tanta

1131 1998 1470 2050 exaggeratione,
1493 2001 1538 2036 ut
1560 1997 1693 2036 solum
1723 1998 1823 2036 illud
1854 1998 1894 2036 in
1928 1997 2173 2039 obedientia}

1130 2063 1225 2099 voto
1248 2059 1563 2111 exprimeretur.
1584 2059 1746 2098 Etenim
1782 2058 1992 2099 christiani
2026 2073 2174 2111 paren-

1127 2124 1190 2161 tes
1209 2119 1317 2159 filios
1350 2133 1448 2159 suos
1474 2120 1741 2159 christianam
1772 2121 2002 2159 doctrinam
2022 2122 2172 2163 docere

1128 2185 1304 2233 possunt
1337 2185 1377 2220 et
1412 2181 1580 2227 debent,
1606 2181 1702 2232 quia
1723 2194 1855 2220 uuum
1881 2194 1930 2221 ex
1952 2184 2172 2234 praecipuis

1129 2243 1374 2284 muneribus
1400 2247 1619 2295 parentum
1651 2247 1712 2282 est
1735 2243 1866 2282 filium
1899 2245 1941 2283 in
1968 2245 2170 2296 religione

1128 2306 1347 2346 instruere.
1371 2305 1488 2344 Unde
1507 2305 1694 2356 Ignatius
1717 2305 1897 2357 Martyr,
1928 2307 2045 2358 epist.
2067 2309 2092 2347 9
2113 2308 2168 2348 ad

1129 2367 1514 2420 Philadelphienses
1531 2379 1540 2406 :
1569 2368 1715 2408 Patres
1732 2369 1743 2418 (
1760 2368 1932 2419 inquit),
1949 2370 2104 2410 educate
2118 2372 2171 2422 fi·-

1126 2429 1203 2471 lios
1221 2434 1371 2471 vestros
1385 2431 1430 2470 in
1448 2429 1675 2480 disciplina,
1694 2433 1731 2470 et
1749 2429 2012 2472 admonitione
2028 2432 2169 2474 Domi-

1126 2492 1185 2539 ni,
1207 2496 1245 2533 et
1266 2493 1392 2533 docete
1413 2502 1474 2531 eos
1494 2503 1636 2533 sacras
1656 2492 1814 2532 litteras
1834 2496 1870 2533 et
1889 2497 2011 2541 artes,
2030 2496 2169 2536 utnon

1127 2552 1274 2594 dedant
1289 2565 1330 2594 se
1345 2554 1423 2593 otio
1440 2556 1478 2594 et
1496 2554 1667 2594 inertiae.
1681 2553 1857 2594 Honeste
1879 2555 2061 2606 (inquit)
2076 2557 2167 2598 edw-

1126 2626 1220 2654 cans
1232 2615 1372 2666 justus
1388 2618 1503 2666 pater
1522 2614 1682 2663 liberos,
1698 2616 1743 2654 in
1761 2615 1847 2663 filio
1864 2618 2040 2668 sapiente
2055 2618 2162 2659 laeta-

1123 2677 1234 2718 bitur
1249 2689 1314 2718 cor
1327 2677 1414 2728 ejzcs
1425 2693 1440 2723 ‚·
1456 2676 1644 2716 alludens
1665 2677 1718 2716 ad
1732 2677 1832 2716 illud
1850 2678 2162 2719 Proverbiorum

1126 2740 1178 2778 10
1204 2739 1378 2780 :Filius
1407 2737 1566 2790 sapiens
1597 2738 1772 2790 laetificat
1789 2743 1958 2790 patrem.
1997 2741 2159 2782 Deinde

1122 2801 1203 2842 hoc
1223 2802 1346 2841 etiam
1371 2805 1530 2853 spectat
1550 2800 1603 2840 ad
1628 2801 1826 2853 patrinos,
1848 2803 1917 2853 qui
1939 2815 2010 2843 eos
2029 2804 2080 2843 de
2100 2816 2160 2845 sa-

1123 2874 1193 2904 cro
1210 2863 1322 2903 fonte
1338 2864 1544 2912 levarunt,
1561 2867 1607 2902 ut
1627 2863 1670 2903 in
1692 2865 1716 2903 3
1735 2868 1849 2904 tomo
1866 2866 1995 2905 tertiae
2013 2868 2157 2917 partis,

1123 2930 1268 2977 quaest.
1289 2927 1355 2976 67,
1379 2930 1455 2966 art.
1481 2930 1643 2975 octavo,
1659 2938 1755 2965 cum
1775 2928 1823 2966 D.
1846 2928 2005 2968 Thoma
2022 2929 2158 2970 decla-

1122 2988 1224 3028 ravi.
1240 2988 1357 3029 Unde
1374 2988 1418 3028 in
1435 2988 1614 3027 Concilio
1630 2988 1861 3029 Arelatensi
1878 2990 1945 3038 111,
1965 2990 2043 3030 sub
2058 2991 2158 3034 Leo-

1122 3062 1192 3100 ne,
1211 3054 1399 3102 tempore
1419 3050 1553 3090 Caroli
1571 3050 1725 3101 Magni,
1751 3062 1844 3090 can.
1865 3053 1931 3100 19,
1950 3053 2161 3102 statuitur,

1122 3116 1169 3154 ut
1193 3116 1380 3165 parentes
1399 3112 1512 3162 filios
1529 3123 1639 3161 snos,
1657 3116 1694 3154 et
1714 3113 1875 3165 patrini
1894 3126 1973 3161 eos,
1991 3126 2088 3167 qnos
2113 3115 2159 3157 de

1123 3177 1232 3225 fonte
1242 3175 1395 3216 lavacri
1405 3173 1645 3226 suscipiant,
1655 3175 1814 3215 erudire
1824 3187 2067 3229 summopere
2074 3180 2158 3218 sta-

1124 3237 1239 3279 deant
1244 3253 1262 3285 ;
1277 3237 1357 3286 illi,
1373 3237 1469 3289 qaia
1486 3247 1549 3280 eos
1567 3240 1802 3288 vanuerunt,
1816 3241 1855 3278 et
1873 3238 1931 3279 eis
1945 3249 1972 3279 a
1987 3238 2172 3279 Domine

1121 3302 1221 3341 sunt
1233 3316 1250 3347 ;
1267 3298 1352 3347 isti,
1377 3299 1475 3351 qaia
1486 3309 1563 3351 pro
1582 3299 1641 3339 eie
1669 3299 1923 3351 fidejussores
1950 3300 2155 3345 existunt,-

1126 3360 1224 3401 etin
1236 3360 1416 3402 Concilio
1432 3359 1712 3413 Moguntieco,
1732 3360 1811 3401 suh
1831 3360 1980 3401 eodem
1995 3359 2159 3409 Carolo,

1120 3432 1165 3463 c.
1187 3423 1255 3472 47,
1281 3422 1520 3474 praecipitur
1533 3450 1544 3470 ‚
1565 3425 1611 3463 ut
1636 3422 1908 3475 unusquisque
1940 3422 2153 3470 compater,

1125 3484 1186 3528 vel
1201 3484 1392 3537 proximi,
1409 3483 1643 3536 spirituales
1669 3483 1816 3534 filiolos
1846 3493 1939 3523 moe
1971 3479 2157 3524 catholieo

1124 3547 1337 3587 instruant.
1357 3543 1513 3585 Deinde
1532 3545 1688 3595 spectat
1705 3540 1831 3580 etiam
1848 3538 1936 3576 haec
1953 3548 2052 3576 cura
2077 3547 2156 3588 per

1123 3619 1170 3650 se
1185 3612 1230 3650 et
1256 3619 1308 3648 ex
1337 3605 1471 3646 officio
1499 3603 1553 3644 ad
1581 3601 1795 3654 parochOS,
1823 3601 1871 3638 ut
1898 3597 2074 3638 sumitur
2103 3610 2157 3640 ex

1125 3669 1306 3716 Concilio
1324 3666 1580 3713 Tridentino,
1602 3675 1699 3703 sess.
1722 3663 1759 3710 1,
1782 3673 1816 3700 c.
1837 3662 1877 3708 2,
1899 3663 1941 3699 et
1961 3671 2059 3701 sess.
2081 3662 2150 3710 24,

1125 3744 1164 3774 c.
1190 3733 1232 3777 4,
1252 3729 1326 3771 ubi
1343 3727 1528 3781 praecipit
1544 3722 1746 3777 parochie,
1778 3724 1826 3761 ut
1860 3721 2033 3772 singulis
2064 3721 2153 3763 die-
