2352 3880
1001 123 1030 146 ,J

127 273 129 275 '
278 275 396 314 ntem
414 284 511 314 cum
533 273 784 314 documento
797 273 1007 323 Ger-sonis,
1029 272 1100 324 qui

3 377 8 384 ,
98 333 143 390 ἷξε,
170 335 209 388 Jjj
234 333 239 341 ’
261 331 311 376 tir
335 335 388 376 de
411 335 582 386 homine
609 334 879 385 scrupuloso,
911 339 952 374 et
969 333 1023 373 ad
1041 332 1099 371 ni·

2 388 7 395 ”
57 401 134 453 ᾗῇ.
148 408 190 447 m
205 397 491 440 austeritatem
507 401 548 438 et
563 397 854 436 abstinentiam
872 407 1094 449 propenso;

48 462 102 512 ’μ
123 455 205 512 (juo
223 471 370 499 verum
399 461 462 500 est
486 459 624 497 minus
645 469 734 497 esse
755 458 949 509 periculi,
972 457 1006 496 si
1025 456 1096 495 ali-

13 522 26 566 ³.
44 526 87 558 η’
102 520 161 561 id
184 522 290 560 ultra
309 520 600 560 necessitatem
617 518 822 571 addatur,
843 531 970 572 quam
985 518 1020 558 si
1034 517 1096 558 ni-

15 574 24 624 ’ζ
59 571 69 617 ,⁸
74 583 191 623 ium
219 582 499 622 subtrahatur.

48 694 53 700 .
112 645 155 685 3.
185 643 480 695 Scrupulorum
510 651 654 694 ⁴conara
683 642 772 683 duo,
801 645 856 673 ·‘-
884 645 946 686 De
969 648 1095 697 poste-

22 747 25 749 *
55 704 166 746 riori
181 710 318 755 ,qenere
338 703 498 743 curavit
526 703 718 755 Iynatz'us
741 704 786 744 iu
811 705 900 746 suis
926 706 1091 758 requiis.

52 757 223 820 J--Quid
239 765 284 804 de
293 763 708 815 priori.—Secundo‚
732 763 841 804 circa
858 778 909 806 ea
930 778 1022 816 quas
1042 766 1095 806 de

41 822 263 876 ”scrupulis
279 829 489 871 notantur,
508 825 718 864 observari
736 831 871 877 potest
885 829 1096 867 conscien-

50 882 156 947 {fiam
174 886 396 937 aliquando
413 886 510 937 angi
531 887 734 938 scrupulis
752 887 858 927 circa
874 890 1093 940 praeterita,

58 958 114 989 an
132 948 207 987 rite
227 948 308 986 sint
324 947 530 996 confessa,
554 960 632 987 nec
648 961 702 988 ne
718 959 731 999 3
754 949 979 1000 aliquando
996 962 1097 989 vero

56 1002 162 1059 circa
184 1010 420 1061 praesentia,
438 1009 504 1048 vel
521 1009 673 1057 futura,
694 1022 769 1049 seu
786 1011 894 1049 circa
912 1010 1097 1050 actiones

58 1080 152 1124 quae
170 1071 355 1122 quotidie
375 1076 610 1112 occurrunt.
635 1073 679 1111 B.
703 1083 801 1123 ergo
827 1072 1012 1122 Ignatius
1029 1083 1096 1111 so-

46 1131 144 1178 ‘lum
176 1133 227 1172 de
255 1133 335 1171 hoc
360 1133 579 1184 posteriori
615 1144 768 1184 genere
803 1133 1095 1184 scrupulorum

54 1194 220 1235 ‘videtur
239 1195 442 1233 rationem
462 1193 658 1232 habuisse
675 1223 685 1240 ‚
717 1194 860 1245 eisque
880 1195 1095 1246 aptissima

55 1255 241 1302 remedia
262 1255 513 1301 adhibuisse,
535 1255 704 1302 docem,
726 1255 876 1305 quibus
896 1257 1099 1306 prodesse

53 1308 280 1366 'aliquando
301 1315 433 1367 possit
451 1316 689 1367 hujusmodi
711 1317 1002 1369 scrupulorum
1021 1331 1097 1357 an-

54 1378 201 1425 xietas,
224 1378 288 1417 vel
304 1377 549 1425 sollicitudo,
573 1381 612 1418 et
630 1383 835 1428 quantum
857 1379 981 1417 etiam
1001 1391 1099 1429 pos·

58 1440 110 1480 sit
132 1451 298 1487 nocere,
327 1439 361 1478 si
381 1439 508 1477 nimia
532 1439 597 1484 sit,
621 1443 660 1478 et
681 1440 890 1491 quomodo
918 1444 1017 1479 tunc
1044 1442 1097 1482 sit

58 1501 257 1547 cavenda,
277 1501 318 1539 in
338 1500 587 1541 contrariam
606 1506 769 1551 partem
789 1502 1097 1554 aliquantulum

57 1562 312 1608 inclinando,
345 1562 411 1601 vel
444 1566 685 1602 constanter
715 1563 1025 1614 perseverando
1053 1564 1097 1602 in

58 1624 217 1664 actione
238 1623 445 1670 inchoata,
464 1624 707 1674 scrupulosa
729 1625 979 1675 cogitatione
998 1637 1097 1664 con·

55 1689 227 1736 tempta,
256 1685 423 1736 quando
453 1686 519 1726 vel
551 1698 602 1725 ex
631 1686 752 1725 certis
781 1687 1007 1738 principiis,
1029 1687 1098 1727 vel

58 1757 110 1786 ex
133 1746 291 1798 judicio
321 1747 411 1797 ejus
432 1747 497 1786 cui
527 1759 672 1787 secure
696 1752 832 1798 potest
851 1747 956 1788 fides
977 1745 1099 1787 adhi-

57 1808 147 1847 beri
165 1838 178 1856 ,
211 1807 313 1846 nihil
341 1807 442 1847 mali
467 1808 510 1847 in
538 1809 608 1847 tali
638 1810 800 1848 actIOne
826 1810 940 1860 juste
962 1809 1099 1850 timeri

57 1871 208 1923 potest.
227 1870 286 1908 De
303 1869 385 1910 alio
402 1882 499 1910 vero
517 1881 672 1922 genere
688 1872 979 1923 scrupulorum
997 1871 1099 1913 nihil

59 1931 190 1982 attigit
211 1944 221 1969 ε
240 1932 323 1981 vel,
358 1931 394 1972 si
413 1937 633 1972 serventur
651 1945 700 1972 ea
721 1945 812 1983 quae
831 1933 884 1973 de
904 1934 1098 1974 examine

57 2053 128 2094 illa
155 2066 258 2106 opus
284 2055 361 2104 est)
388 2055 465 2093 rite
487 2055 679 2094 facienda
708 2055 900 2105 superius
920 2055 1096 2102 dixerat,

58 2115 178 2156 facile
198 2116 443 2155 existimavit
461 2127 583 2167 posse
610 2116 718 2154 hanc
736 2117 1009 2156 tentationem
1029 2130 1100 2156 su-

59 2178 220 2230 perari;
252 2177 319 2216 vel
339 2180 450 2216 certe
479 2177 580 2229 quia
609 2176 795 2215 remedia
820 2177 873 2217 de
889 2178 1101 2229 prioribus

45 2238 264 2289 :scrupulis
295 2238 392 2278 data
409 2248 506 2277 cum
534 2238 803 2290 proportione
830 2243 1007 2290 possunt
1027 2251 1100 2292 ap·

47 2299 218 2353 plicari.
242 2299 398 2340 Gerson
417 2311 516 2338 vero
530 2299 573 2338 in
591 2300 682 2338 loco
700 2300 888 2351 proxime
906 2299 1030 2341 citato
1047 2301 1101 2342 de

45 2360 139 2403 tinis
160 2362 362 2412 scrupulis
391 2360 583 2401 distincte
604 2365 766 2409 tractat,
790 2366 830 2401 et
854 2361 938 2401 duo
961 2362 1100 2402 obser-

61 2423 196 2466 vanda
218 2423 339 2462 dicit:
360 2434 492 2462 unum
511 2427 574 2463 est
593 2423 789 2462 oblivioni
807 2423 994 2462 dandum
1009 2436 1104 2464 esse

47 2488 226 2537 vtempus
240 2484 511 2536 praeteritum,
533 2484 611 2523 nisi
627 2485 670 2523 iu
689 2485 874 2535 generali
892 2484 945 2523 ad
960 2490 1103 2536 peten-

45 2543 160 2586 ‹dam
180 2558 205 2584 a
224 2546 309 2584 Deo
337 2546 504 2586 veniam
531 2557 607 2597 per
633 2546 874 2597 generalem
894 2546 1103 2586 contritio-

42 2618 187 2654 mem;
218 2607 396 2646 alterum
426 2610 504 2654 est,
538 2607 706 2658 quando
734 2612 901 2658 tempus
923 2607 1104 2658 praeteri-

49 2670 152 2719 ttum
184 2668 388 2715 sollicitat,
416 2667 619 2717 timendo,
648 2667 762 2719 quod
787 2680 872 2707 non
897 2668 974 2707 fuit
994 2668 1104 2708 facta

49 2729 274 2770 isnfficiens
293 2728 513 2776 confessio,
532 2729 814 2769 occurendum
836 2742 927 2769 esse
941 2727 1015 2777 illi,
1036 2741 1104 2769 re-

48 2791 270 2831 ccurrendo
290 2789 343 2829 ad
369 2791 499 2829 Deum
526 2802 623 2830 cum
653 2802 752 2830 vera
777 2791 915 2831 cordis
932 2790 1104 2830 humili-

48 2851 149 2891 ttate
173 2855 214 2890 et
233 2845 491 2900 contritione,
521 2855 562 2892 et
580 2852 621 2890 in
641 2852 886 2892 memoriam
905 2864 1103 2892 revocan-

47 2909 164 2955 idam
185 2924 275 2951 esse
294 2912 547 2952 voluntatem
566 2925 691 2964 quam
711 2914 856 2954 habuit
875 2914 1036 2966 integre
1054 2925 1105 2956 ac

47 2973 248 3030 wer-fecte
264 2974 500 3023 confitendi,
521 2978 563 3014 et
576 2976 688 3025 quod
702 2979 802 3015 tunc
817 2976 959 3015 fecerit
975 2987 1103 3027 quan-

49 3034 158 3082 lium
175 3035 218 3074 in
238 3035 329 3087 ipso
350 3038 453 3082 erat,
474 3047 633 3086 suoque
651 3037 878 3076 confessori
898 3037 1105 3077 satisfece-

42 3093 150 3145 uit,
185 3098 304 3148 cujus
331 3097 502 3137 consilio
535 3098 674 3138 statuit
700 3099 998 3149 praeteritorum
1019 3111 1105 3139 non

50 3156 248 3209 implius
267 3158 492 3207 recordari,
509 3163 555 3198 ut
567 3160 653 3198 Deo
673 3159 823 3198 melius
837 3159 964 3210 possit
977 3160 1104 3201 inser-

50 3215 172 3269 §fil-e,
195 3223 318 3269 atque
336 3220 392 3258 ita
411 3220 454 3258 in
474 3232 524 3260 eo
542 3223 751 3272 proposito
771 3225 1023 3273 perseveret,
1043 3223 1104 3263 ni-

48 3277 286 3330 lfflumque
307 3280 497 3320 timorem
516 3286 766 3323 contemnat.

57 3362 61 3366 -
85 3340 166 3398 μ.
197 3341 252 3380 Β.
273 3342 432 3393 Iquatii
453 3343 722 3385 documentum
745 3357 821 3397 pro
847 3346 1101 3387 instructore.

50 3411 65 3441 ς
77 3401 277 3453 sag-Tertio
297 3403 338 3441 in
355 3403 533 3454 quadam
547 3407 758 3446 notatione
786 3409 832 3447 15
853 3419 997 3447 earum
1013 3419 1105 3458 quae

50 3450 346 3516 iiffprincipio
365 3465 650 3505 exercitiorum
678 3468 914 3515 traduntur,
937 3472 977 3508 et
999 3479 1106 3520 saepe

51 3515 194 3584 ἰὼ,
214 3527 442 3577 praesertim
461 3539 558 3567 cum
579 3528 632 3568 de
654 3528 924 3569 electionibus
954 3530 1105 3582 agitur,

50 3586 295 3647 “manlium
313 3589 437 3630 datur
452 3590 696 3641 confessori,
709 3591 776 3632 vel
794 3591 997 3646 spirituali
1019 3603 1106 3634 ma·

114 3663 115 3666 Ἰ
289 3665 373 3700 m·

840 0 855 9 -,
878 0 1026 42 .,;·ὲ,ι-ἓὶῗῧ.4
1052 0 1115 12 >⁷315

485 206 579 243 CAP.
600 206 673 243 vn.
693 206 751 242 DE
767 205 1003 245 Pnunnn'm
1020 162 1066 242 lii
1085 205 1168 243 HOC
1187 207 1495 245 nxssncmomm
1514 209 1660 252 OPEBE,
1679 205 1784 247 ET&

58 1987 337 2042 conscientiae,
363 1997 405 2033 et
423 1993 686 2034 confessione
705 1995 890 2046 generali
913 1995 1109 2051 (quando.

1323 7 1327 14 s
1365 0 1369 1 ⁷
1424 0 1427 2 ⁷
1510 0 1526 12 ἰ
1573 0 1581 6 “
1596 0 1665 23 ;-·-’·
1691 7 1698 16 s
1775 0 1778 4 ·
1799 0 1825 19 ..4-

1430 12 1445 32 5
1468 28 1472 40 ,Ι
1512 19 1571 46 *νυι
1605 25 1621 33 0
1676 37 1678 39 .
1723 18 1733 23 ”
1797 19 1799 22 “
1834 29 1837 36 ⁴
1863 23 1866 34 v

1544 46 1547 55 ε

1716 72 1732 93 ,
1752 76 1753 80 ,

1155 273 1299 325 gistro‚
1321 276 1391 326 qui
1411 276 1539 327 alium
1558 277 1602 316 in
1619 277 1685 316 his
1705 275 1907 327 exercitiis
1922 276 2101 329 instruit,
2127 293 2182 322 ne

1153 346 1266 384 eum,
1289 337 1357 387 qui
1389 340 1621 388 exercetur,
1642 338 1696 377 ad
1714 351 1841 378 unam
1862 342 2024 390 partem
2049 341 2184 394 magis

1153 406 1278 446 quam
1298 397 1349 436 ad
1372 397 1494 436 aliam
1517 403 1692 447 moveat,
1714 399 1910 439 nimirum
1937 401 1991 440 ad
2021 402 2183 455 religio-

1150 469 1248 496 nem
1275 458 1413 508 potius
1441 470 1565 507 quam
1587 460 1641 499 ad
1660 466 1813 499 statum
1836 461 2066 502 secularem
2081 493 2092 512 ‚
2116 464 2184 504 vel

1149 517 1204 556 ad
1218 517 1324 555 banc
1338 517 1583 567 religionem
1599 521 1735 571 potius
1749 533 1874 571 quam
1891 522 1944 561 ad
1962 523 2088 571 illam,
2110 523 2184 565 sed

1148 577 1471 628 relinquendum
1493 591 1582 619 esse
1604 581 1674 630 qui
1694 581 1925 632 instruitur,
1947 588 1991 623 ut
2015 585 2089 624 Dei
2113 597 2183 625 vo-

1149 638 1351 678 luntatem
1379 644 1548 690 quaerat,
1567 652 1643 691 per
1667 643 1851 692 seipsum
1883 633 2188 697 ratiocinando,¹

1150 704 1191 740 et
1219 701 1361 740 lumen
1382 701 1578 752 petendo,
1598 699 1646 740 iit
1671 702 1724 741 ab
1744 703 1835 754 ipso
1856 704 2093 747 immediate
2112 696 2188 748 vo-¹

1150 766 1267 802 cetur
1285 766 1326 803 et
1345 763 1583 814 inspiretur.
1603 763 1719 803 Circa
1735 764 1849 814 quod
1864 767 2081 807 consilium
2110 769 2185 808 du-

1149 822 1282 862 bitare
1313 824 1464 876 aliquis
1501 828 1668 879 potest,
1700 825 1800 876 quia
1839 826 2045 867 ordinarie
2081 829 2185 869 solet

1150 884 1263 925 Deus
1298 886 1490 926 homines
1514 898 1590 937 per
1615 886 1810 927 homines
1835 887 1986 927 docere
2003 919 2013 936 ‚
2036 889 2185 930 illumi-

1150 959 1252 988 nare
1268 952 1312 988 et
1326 960 1501 999 vocare3
1520 961 1624 1000 ergo
1649 961 1735 988 non
1753 953 1817 989 est
1833 951 2092 1000 expectanda
2110 951 2185 991 im-

1150 1008 1332 1049 mediata
1359 1009 1521 1051 vocatio
1554 1010 1609 1049 ab
1639 1010 1731 1061 ipso
1754 1009 1873 1058 Deo;
1909 1011 1984 1050 sed
2003 1013 2186 1062 quoties-

1149 1082 1331 1122 cumque
1355 1076 1470 1112 certa
1497 1072 1602 1112 ratio
1631 1071 1758 1111 dictat
1778 1072 1928 1111 melius
1961 1085 2053 1113 esse
2089 1074 2187 1115 huic

1149 1133 1338 1184 proximo
1358 1162 1368 1181 ‚
1400 1145 1477 1172 seu
1509 1132 1713 1184 spirituali
1741 1132 1944 1185 discipulo
1973 1134 2083 1174 hunc
2108 1140 2187 1176 sta-

1148 1194 1239 1233 tum
1259 1194 1430 1245 eligere,
1452 1195 1655 1246 optimum
1674 1194 1753 1234 erit
1770 1194 1887 1233 illum
1918 1196 2112 1244 suadere,
2145 1200 2188 1237 et

1150 1255 1205 1295 ad
1231 1255 1349 1295 illam
1378 1260 1543 1307 partem
1565 1255 1781 1294 inclinare.
1811 1255 1972 1295 Etenim
1995 1257 2028 1296 si
2058 1248 2195 1297 altera

1149 1327 1248 1368 pars
1289 1320 1398 1356 esset
1431 1328 1582 1368 prava,
1618 1316 1708 1356 sine
1736 1315 1864 1356 dubio
1888 1318 2004 1357 omni
2037 1322 2190 1357 conatu

1150 1378 1402 1417 avertendus
1439 1383 1548 1419 esset
1579 1378 1635 1419 ab
1661 1378 1729 1417 illa
1747 1410 1757 1426 ,
1786 1382 1827 1418 et
1856 1379 1909 1419 ad
1939 1381 2190 1421 contrariam

1149 1439 1442 1486 inclinandus;
1468 1452 1569 1491 ergo
1603 1440 1637 1478 si
1666 1440 1797 1479 altera
1825 1440 1950 1480 etiam
1973 1453 2072 1492 pars
2104 1442 2191 1482 evi-

1152 1501 1299 1540 denter
1318 1506 1381 1541 est
1400 1502 1539 1540 minus
1555 1502 1682 1551 bona,
1705 1502 1783 1541 erit
1801 1502 1948 1541 saltem
1966 1504 2130 1551 melius,
2150 1508 2191 1545 et

1150 1563 1311 1603 consilii
1332 1565 1713 1614 opus,contraria1n
1734 1564 1968 1604 consulere.
1982 1565 2191 1605 Nihilomi-

1150 1637 1231 1664 nus
1251 1625 1471 1664 consilium
1494 1626 1638 1677 ignatii
1659 1625 2031 1676 prudentissimum
2054 1629 2131 1674 est,
2151 1629 2193 1665 et

1151 1686 1438 1738 experimento
1484 1687 1800 1738 comprobatum
1818 1717 1831 1737 ‚
1871 1699 1959 1726 esse
1998 1698 2191 1726 necessa·

1151 1747 1275 1795 rium,
1296 1748 1393 1798 quia
1411 1748 1659 1798 regulariter
1677 1749 1770 1800 plus
1789 1753 1940 1788 noceat
1956 1760 2080 1799 quam
2098 1760 2192 1798 pro-

1150 1808 1276 1848 ficiat.
1298 1810 1415 1850 Ratio
1436 1810 1547 1847 enim
1567 1809 1674 1848 facta
1691 1811 1841 1860 probat
1865 1810 2021 1860 optime
2052 1814 2192 1848 actum

1152 1869 1399 1909 consulendi
1420 1882 1484 1918 ea,
1502 1883 1593 1921 quae
1612 1874 1710 1909 sunt
1726 1870 1896 1921 majoris
1911 1870 2192 1921 perfectionis,

1152 1944 1229 1985 per
1246 1943 1290 1971 se
1313 1933 1517 1981 optimum
1541 1943 1650 1976 esse,
1669 1934 1710 1969 et
1735 1944 1842 1981 opus
1871 1932 2109 1977 charitatis;
2133 1935 2195 1970 ta-

1153 2003 1252 2030 men
1266 1990 1366 2042 quia
1381 1991 1477 2029 finis
1492 1991 1584 2041 ejus
1601 1993 1664 2029 est
1679 1991 1834 2030 utilitas
1850 1993 2029 2042 proximi
2042 1992 2085 2030 in
2102 2004 2196 2043 par-

1151 2052 1334 2100 ticulari,
1354 2065 1439 2091 non
1461 2052 1539 2091 erit
1568 2052 1742 2097 melius,
1769 2053 1851 2091 nisi
1881 2054 1934 2092 sit
1963 2054 2088 2092 etiam
2120 2054 2197 2093 uti-

1151 2114 1262 2162 lius;
1286 2114 1391 2154 sicut
1409 2114 1613 2154 correctio
1637 2114 1820 2157 fraterna
1852 2112 1965 2152 bona
1999 2126 2084 2155 non
2116 2118 2192 2164 est,

1151 2175 1235 2215 nisi
1255 2180 1448 2228 speretur
1475 2175 1647 2215 utilitas.

1206 2238 1247 2278 5,
1278 2237 1544 2289 Distinguere
1567 2241 1710 2276 autem
1734 2237 1897 2288 oportet
1923 2237 2032 2276 inter
2061 2238 2194 2277 consi-

1153 2296 1259 2338 lium
1282 2303 1429 2350 sponte
1450 2298 1654 2346 oblatum,
1672 2294 1739 2337 vel
1757 2298 1812 2336 ab
1836 2298 1917 2337 alio
1947 2299 2123 2350 petitum
2155 2303 2196 2339 et

1154 2361 1444 2412 efflagitatum,
1462 2371 1560 2400 nam
1580 2361 1649 2398 hic
1667 2358 1831 2411 agimus
1850 2360 1902 2399 de
1921 2361 2047 2410 priori
2069 2361 2194 2400 modo

1155 2422 1284 2462 dandi
1302 2422 1540 2469 consilium,
1569 2425 1612 2461 et
1630 2420 1683 2462 de
1703 2420 1785 2459 hoc
1804 2420 1980 2460 dicimus
2011 2434 2096 2460 non
2127 2434 2196 2461 ex-

1154 2483 1304 2537 pedire
1332 2513 1346 2533 ‚
1375 2481 1608 2534 praesertim
1640 2486 1830 2535 tempore
1870 2482 2159 2521 exercitiorum
2181 2476 2198 2531 ‚'

1158 2545 1326 2597 quando
1352 2544 1502 2595 aliquis
1529 2555 1607 2595 per
1626 2543 1814 2594 seipsum
1839 2553 1936 2581 cum
1955 2544 2038 2582 Deo
2060 2547 2102 2583 et
2132 2554 2196 2582 se-

1159 2619 1254 2646 cum
1267 2610 1416 2645 tractat
1437 2605 1490 2645 de
1510 2603 1703 2655 eligendo
1720 2607 1830 2643 statu
1850 2602 1941 2643 vitae
1961 2615 2062 2652 suae,
2079 2607 2196 2643 ante-

1156 2671 1336 2716 vertere,
1355 2670 1396 2706 et
1415 2665 1535 2718 quasi
1554 2664 1777 2705 obtrudere
1790 2663 1827 2704 ei
1845 2663 2086 2710 consilium;
2104 2669 2194 2703 tum

1158 2729 1255 2780 quia
1280 2728 1418 2768 statim
1446 2727 1659 2767 suboritur
1681 2725 1803 2766 alteri
1834 2726 2014 2777 suspicio
2031 2756 2044 2774 ,
2083 2726 2194 2777 quod

1157 2802 1208 2830 ea
1237 2802 1307 2829 res
1339 2789 1524 2830 humana
1554 2789 1622 2838 sit,
1642 2788 1712 2828 vel
1745 2799 1797 2828 ex
1829 2788 2013 2828 humano
2043 2788 2195 2827 affectu

1157 2850 1370 2905 procedat,
1406 2855 1447 2892 et
1480 2852 1538 2892 ita
1571 2850 1798 2902 impeditur
1828 2850 1962 2890 divina
2003 2850 2192 2899 vocati03

1156 2916 1246 2954 tum
1270 2914 1396 2953 etiam
1426 2911 1526 2965 quia
1559 2912 1655 2952 licet
1690 2912 1903 2963 contingat
1933 2911 2193 2963 persuaderi,

1156 2975 1295 3016 minus
1315 2975 1435 3014 firma
1454 2974 1502 3016 fit
1528 2974 1704 3025 electio;
1727 2985 1826 3012 nam
1851 2973 2028 3012 subortis
2051 2977 2194 3024 postea

1159 3037 1456 3078 tentationibus
1475 3066 1485 3088 ‚
1521 3036 1659 3075 statim
1696 3035 1877 3075 occurrit
1914 3034 2027 3072 illam
2069 3033 2193 3071 fuisse

1159 3099 1384 3151 quamdam
1398 3099 1624 3138 humanam
1643 3097 1973 3148 persuasionem,
1994 3093 2106 3133 unde
2126 3105 2194 3144 pe·

1157 3161 1335 3202 riculum
1354 3161 1558 3208 imminet,
1577 3172 1632 3199 ne
1651 3159 1758 3198 facta
1778 3157 1923 3199 electio
1944 3156 2090 3195 leviter
2105 3166 2194 3193 mu-

1158 3227 1291 3273 tetur3
1314 3222 1481 3275 quando
1501 3234 1599 3262 vero
1624 3220 1775 3272 aliquis
1797 3219 1864 3259 vel
1884 3230 1908 3257 a
1927 3218 2014 3256 Deo
2036 3215 2194 3267 specia-

1158 3285 1253 3325 liter
1281 3289 1474 3325 movetur
1505 3288 1545 3324 et
1577 3283 1815 3328 inclinatur,
1836 3279 1902 3319 vel
1935 3279 2027 3330 ejus
2063 3276 2193 3328 gratia

1158 3347 1342 3398 adjutus,
1365 3345 1531 3399 proprio
1552 3345 1738 3384 discursu
1759 3346 1799 3382 et
1831 3341 1992 3379 ratione
2026 3336 2193 3377 convin-
2228 3366 2231 3373 .

1157 3409 1278 3455 citur,
1298 3407 1457 3447 firmius
1473 3407 1662 3448 adhaeret
1688 3403 1881 3444 electioni
1902 3401 2035 3446 factae,
2052 3399 2093 3436 et
2106 3407 2195 3435 ma-

1155 3470 1236 3523 j0ri
1253 3469 1407 3509 fiducia
1428 3482 1452 3510 a
1467 3472 1554 3510 Deo
1581 3470 1721 3520 sperat
1742 3464 1941 3504 auxilium
1973 3458 2028 3500 ad
2055 3469 2196 3509 perse-

1158 3530 1390 3572 verandum
1419 3532 1463 3572 in
1493 3532 1577 3571 illa.
1607 3526 1781 3577 Quando
1809 3526 1948 3564 autem
1976 3520 2192 3559 consilium

1158 3594 1346 3647 postulat
1359 3594 1466 3647 ipse,
1486 3591 1559 3647 qui
1578 3590 1787 3632 electurus
1806 3588 1884 3634 est,
1904 3581 2105 3635 quoniam
2122 3592 2178 3622 an
