<?xml version="1.0" encoding="UTF-8"?>
<!DOCTYPE html PUBLIC "-//W3C//DTD XHTML 1.0 Transitional//EN"
    "http://www.w3.org/TR/xhtml1/DTD/xhtml1-transitional.dtd">
<html xmlns="http://www.w3.org/1999/xhtml" xml:lang="en" lang="en">
 <head>
  <title>
</title>
<meta http-equiv="Content-Type" content="text/html;charset=utf-8" />
  <meta name='ocr-system' content='tesseract 3.04.00' />
  <meta name='ocr-capabilities' content='ocr_page ocr_carea ocr_par ocr_line ocrx_word'/>
</head>
<body>
  <div class='ocr_page' id='page_1' title='image "./operaomnia16suaauoft_0012.png"; bbox 0 0 2352 3880; ppageno 0'>
   <div class='ocr_carea' id='block_1_1' title="bbox 110 195 190 234">
    <p class='ocr_par' dir='ltr' id='par_1_1' title="bbox 110 195 190 234">
     <span class='ocr_line' id='line_1_1' title="bbox 110 195 190 234; baseline 0 0"><span class='ocrx_word' id='word_1_1' title='bbox 110 195 190 234; x_wconf 73' lang='lat'>652</span> 
     </span>
    </p>
   </div>
   <div class='ocr_carea' id='block_1_2' title="bbox 72 259 1151 576">
    <p class='ocr_par' dir='ltr' id='par_1_2' title="bbox 72 259 1151 576">
     <span class='ocr_line' id='line_1_2' title="bbox 111 259 1151 314; baseline 0.002 -14"><span class='ocrx_word' id='word_1_2' title='bbox 111 266 201 301; x_wconf 86' lang='lat' dir='ltr'>tum</span> <span class='ocrx_word' id='word_1_3' title='bbox 228 260 272 300; x_wconf 93' lang='lat' dir='ltr'>in</span> <span class='ocrx_word' id='word_1_4' title='bbox 291 260 420 300; x_wconf 87' lang='lat' dir='ltr'>libera</span> <span class='ocrx_word' id='word_1_5' title='bbox 438 271 584 300; x_wconf 89' lang='lat' dir='ltr'>eorum</span> <span class='ocrx_word' id='word_1_6' title='bbox 599 259 836 300; x_wconf 84' lang='lat' dir='ltr'>voluntate:</span> <span class='ocrx_word' id='word_1_7' title='bbox 853 261 999 314; x_wconf 81' lang='lat' dir='ltr'>Inique</span> <span class='ocrx_word' id='word_1_8' title='bbox 1017 265 1151 302; x_wconf 78' lang='lat' dir='ltr'>autem</span> 
     </span>
     <span class='ocr_line' id='line_1_3' title="bbox 112 320 1151 374; baseline -0.001 -12"><span class='ocrx_word' id='word_1_9' title='bbox 112 322 187 374; x_wconf 86' lang='lat' dir='ltr'>(ait</span> <span class='ocrx_word' id='word_1_10' title='bbox 208 322 432 374; x_wconf 79' lang='lat' dir='ltr'>Gregorius</span> <span class='ocrx_word' id='word_1_11' title='bbox 462 321 564 368; x_wconf 89' lang='lat' dir='ltr'>XIII,</span> <span class='ocrx_word' id='word_1_12' title='bbox 594 321 636 359; x_wconf 92' lang='lat' dir='ltr'>in</span> <span class='ocrx_word' id='word_1_13' title='bbox 669 320 964 361; x_wconf 81' lang='lat' dir='ltr'><strong>Constitutione</strong></span> <span class='ocrx_word' id='word_1_14' title='bbox 997 322 1151 363; x_wconf 80' lang='lat' dir='ltr'>Ascen-</span> 
     </span>
     <span class='ocr_line' id='line_1_4' title="bbox 111 379 1150 434; baseline -0.002 -10"><span class='ocrx_word' id='word_1_15' title='bbox 111 383 222 424; x_wconf 80' lang='lat' dir='ltr'>dente</span> <span class='ocrx_word' id='word_1_16' title='bbox 241 380 423 434; x_wconf 73' lang='lat' dir='ltr'>Domino)</span> <span class='ocrx_word' id='word_1_17' title='bbox 444 393 531 422; x_wconf 81' lang='lat' dir='ltr'>cum</span> <span class='ocrx_word' id='word_1_18' title='bbox 550 379 748 423; x_wconf 81' lang='lat' dir='ltr'>Societate</span> <span class='ocrx_word' id='word_1_19' title='bbox 763 387 965 433; x_wconf 62' lang='lat' dir='ltr'>afferetur,</span> <span class='ocrx_word' id='word_1_20' title='bbox 990 382 1030 422; x_wconf 83' lang='lat' dir='ltr'>si</span> <span class='ocrx_word' id='word_1_21' title='bbox 1047 381 1150 422; x_wconf 84' lang='lat' dir='ltr'>viris</span> 
     </span>
     <span class='ocr_line' id='line_1_5' title="bbox 111 442 1149 490; baseline -0.002 -6"><span class='ocrx_word' id='word_1_22' title='bbox 111 444 235 484; x_wconf 79' lang='lat' dir='ltr'>multo</span> <span class='ocrx_word' id='word_1_23' title='bbox 251 444 382 483; x_wconf 84' lang='lat' dir='ltr'>labore</span> <span class='ocrx_word' id='word_1_24' title='bbox 402 443 456 481; x_wconf 86' lang='lat' dir='ltr'>ad</span> <span class='ocrx_word' id='word_1_25' title='bbox 471 442 600 482; x_wconf 77' lang='lat' dir='ltr'>ardua</span> <span class='ocrx_word' id='word_1_26' title='bbox 609 443 838 483; x_wconf 85' lang='lat' dir='ltr'>ministeria</span> <span class='ocrx_word' id='word_1_27' title='bbox 858 443 1044 490; x_wconf 80' lang='lat' dir='ltr'>eruditis,</span> <span class='ocrx_word' id='word_1_28' title='bbox 1061 452 1149 482; x_wconf 85' lang='lat' dir='ltr'>cum</span> 
     </span>
     <span class='ocr_line' id='line_1_6' title="bbox 72 493 1148 576; baseline -0.004 -30"><span class='ocrx_word' id='word_1_29' title='bbox 72 498 73 501; x_wconf 30' lang='lat'>¹</span> <span class='ocrx_word' id='word_1_30' title='bbox 90 493 319 576; x_wconf 47' lang='lat' dir='ltr'>Deliqionis</span> <span class='ocrx_word' id='word_1_31' title='bbox 342 503 554 544; x_wconf 68' lang='lat' dir='ltr'>Catholicae</span> <span class='ocrx_word' id='word_1_32' title='bbox 575 507 614 545; x_wconf 80' lang='lat' dir='ltr'>et</span> <span class='ocrx_word' id='word_1_33' title='bbox 631 505 753 556; x_wconf 73' lang='lat' dir='ltr'>hujus</span> <span class='ocrx_word' id='word_1_34' title='bbox 777 504 899 545; x_wconf 83' lang='lat' dir='ltr'>Sedis</span> <span class='ocrx_word' id='word_1_35' title='bbox 919 504 1148 544; x_wconf 80' lang='lat' dir='ltr'>detrimento</span> 
     </span>
    </p>
   </div>
   <div class='ocr_carea' id='block_1_3' title="bbox 39 567 1148 627">
    <p class='ocr_par' dir='ltr' id='par_1_3' title="bbox 39 567 1148 627">
     <span class='ocr_line' id='line_1_7' title="bbox 39 567 1148 627; baseline 0.002 -24"><span class='ocrx_word' id='word_1_36' title='bbox 39 583 83 627; x_wconf 55' lang='lat' dir='ltr'>ss</span> <span class='ocrx_word' id='word_1_37' title='bbox 108 568 355 620; x_wconf 76' lang='lat' dir='ltr'>privaretur.</span> <span class='ocrx_word' id='word_1_38' title='bbox 379 567 428 605; x_wconf 91' lang='lat' dir='ltr'>Et</span> <span class='ocrx_word' id='word_1_39' title='bbox 447 577 469 604; x_wconf 92' lang='lat' dir='ltr'>e</span> <span class='ocrx_word' id='word_1_40' title='bbox 488 578 687 605; x_wconf 88' lang='lat' dir='ltr'>converso</span> <span class='ocrx_word' id='word_1_41' title='bbox 707 567 828 617; x_wconf 88' lang='lat' dir='ltr'>pauci</span> <span class='ocrx_word' id='word_1_42' title='bbox 844 570 982 605; x_wconf 85' lang='lat' dir='ltr'><strong>essent</strong></span> <span class='ocrx_word' id='word_1_43' title='bbox 1002 576 1148 605; x_wconf 86' lang='lat' dir='ltr'>verum</span> 
     </span>
    </p>
   </div>
   <div class='ocr_carea' id='block_1_4' title="bbox 109 626 1150 3614">
    <p class='ocr_par' dir='ltr' id='par_1_4' title="bbox 109 626 1150 3307">
     <span class='ocr_line' id='line_1_8' title="bbox 111 626 1146 679; baseline -0.003 -11"><span class='ocrx_word' id='word_1_44' title='bbox 111 627 363 668; x_wconf 88' lang='lat' dir='ltr'>desiderium</span> <span class='ocrx_word' id='word_1_45' title='bbox 385 627 567 679; x_wconf 87' lang='lat' dir='ltr'>religiosi</span> <span class='ocrx_word' id='word_1_46' title='bbox 578 631 712 667; x_wconf 54' lang='lat' dir='ltr'>&gt;status</span> <span class='ocrx_word' id='word_1_47' title='bbox 732 627 946 675; x_wconf 49' lang='lat' dir='ltr'>habentes</span> <span class='ocrx_word' id='word_1_48' title='bbox 970 626 1041 678; x_wconf 91' lang='lat' dir='ltr'>qui</span> <span class='ocrx_word' id='word_1_49' title='bbox 1058 631 1146 666; x_wconf 91' lang='lat' dir='ltr'>tan-</span> 
     </span>
     <span class='ocr_line' id='line_1_9' title="bbox 110 688 1146 739; baseline 0 -12"><span class='ocrx_word' id='word_1_50' title='bbox 110 690 153 728; x_wconf 88' lang='lat' dir='ltr'>to</span> <span class='ocrx_word' id='word_1_51' title='bbox 174 692 358 739; x_wconf 89' lang='lat' dir='ltr'>tempore</span> <span class='ocrx_word' id='word_1_52' title='bbox 379 689 467 727; x_wconf 80' lang='lat' dir='ltr'>sine</span> <span class='ocrx_word' id='word_1_53' title='bbox 487 689 557 727; x_wconf 94' lang='lat' dir='ltr'>illo</span> <span class='ocrx_word' id='word_1_54' title='bbox 579 692 688 727; x_wconf 88' lang='lat' dir='ltr'>statu</span> <span class='ocrx_word' id='word_1_55' title='bbox 709 700 954 739; x_wconf 88' lang='lat' dir='ltr'>permanere</span> <span class='ocrx_word' id='word_1_56' title='bbox 973 688 1146 727; x_wconf 86' lang='lat' dir='ltr'>vellent.</span> 
     </span>
     <span class='ocr_line' id='line_1_10' title="bbox 110 747 1146 801; baseline -0.001 -12"><span class='ocrx_word' id='word_1_57' title='bbox 110 747 270 789; x_wconf 86' lang='lat' dir='ltr'>Deinde</span> <span class='ocrx_word' id='word_1_58' title='bbox 301 750 368 789; x_wconf 89' lang='lat' dir='ltr'>vix</span> <span class='ocrx_word' id='word_1_59' title='bbox 387 754 555 801; x_wconf 81' lang='lat' dir='ltr'>possent</span> <span class='ocrx_word' id='word_1_60' title='bbox 588 750 881 788; x_wconf 86' lang='lat' dir='ltr'>convenienter</span> <span class='ocrx_word' id='word_1_61' title='bbox 906 749 1146 800; x_wconf 82' lang='lat' dir='ltr'>gubernari,</span> 
     </span>
     <span class='ocr_line' id='line_1_11' title="bbox 113 810 1150 862; baseline 0.002 -14"><span class='ocrx_word' id='word_1_62' title='bbox 113 810 193 849; x_wconf 88' lang='lat' dir='ltr'>nisi</span> <span class='ocrx_word' id='word_1_63' title='bbox 227 815 369 850; x_wconf 87' lang='lat' dir='ltr'>votum</span> <span class='ocrx_word' id='word_1_64' title='bbox 399 811 642 850; x_wconf 80' lang='lat' dir='ltr'>obedientiae</span> <span class='ocrx_word' id='word_1_65' title='bbox 668 814 709 850; x_wconf 90' lang='lat' dir='ltr'>et</span> <span class='ocrx_word' id='word_1_66' title='bbox 734 812 988 862; x_wconf 74' lang='lat' dir='ltr'>paupertatis</span> <span class='ocrx_word' id='word_1_67' title='bbox 1021 810 1150 850; x_wconf 90' lang='lat' dir='ltr'>habe-</span> 
     </span>
     <span class='ocr_line' id='line_1_12' title="bbox 112 872 1148 924; baseline -0.001 -13"><span class='ocrx_word' id='word_1_68' title='bbox 112 875 221 920; x_wconf 84' lang='lat' dir='ltr'>rent,</span> <span class='ocrx_word' id='word_1_69' title='bbox 243 877 284 911; x_wconf 91' lang='lat' dir='ltr'>et</span> <span class='ocrx_word' id='word_1_70' title='bbox 299 873 518 911; x_wconf 89' lang='lat' dir='ltr'>innumera</span> <span class='ocrx_word' id='word_1_71' title='bbox 535 872 813 921; x_wconf 86' lang='lat' dir='ltr'>incommoda,</span> <span class='ocrx_word' id='word_1_72' title='bbox 830 878 870 912; x_wconf 89' lang='lat' dir='ltr'>et</span> <span class='ocrx_word' id='word_1_73' title='bbox 884 884 1035 924; x_wconf 86' lang='lat' dir='ltr'>magna</span> <span class='ocrx_word' id='word_1_74' title='bbox 1052 884 1148 911; x_wconf 93' lang='lat' dir='ltr'>con-</span> 
     </span>
     <span class='ocr_line' id='line_1_13' title="bbox 112 932 1148 986; baseline -0.003 -11"><span class='ocrx_word' id='word_1_75' title='bbox 112 932 220 975; x_wconf 77' lang='lat' dir='ltr'>fusio</span> <span class='ocrx_word' id='word_1_76' title='bbox 255 935 371 986; x_wconf 88' lang='lat' dir='ltr'>sequi</span> <span class='ocrx_word' id='word_1_77' title='bbox 403 939 566 985; x_wconf 81' lang='lat' dir='ltr'>posset3</span> <span class='ocrx_word' id='word_1_78' title='bbox 601 938 803 985; x_wconf 87' lang='lat' dir='ltr'>quantum</span> <span class='ocrx_word' id='word_1_79' title='bbox 840 939 979 974; x_wconf 90' lang='lat' dir='ltr'>autem</span> <span class='ocrx_word' id='word_1_80' title='bbox 1007 938 1148 973; x_wconf 90' lang='lat' dir='ltr'>votum</span> 
     </span>
     <span class='ocr_line' id='line_1_14' title="bbox 111 995 1148 1048; baseline -0.004 -10"><span class='ocrx_word' id='word_1_81' title='bbox 111 997 311 1039; x_wconf 80' lang='lat' dir='ltr'>castitatis</span> <span class='ocrx_word' id='word_1_82' title='bbox 333 997 538 1047; x_wconf 79' lang='lat' dir='ltr'>expediat,</span> <span class='ocrx_word' id='word_1_83' title='bbox 570 1009 644 1048; x_wconf 88' lang='lat' dir='ltr'>per</span> <span class='ocrx_word' id='word_1_84' title='bbox 670 1009 714 1036; x_wconf 88' lang='lat' dir='ltr'>se</span> <span class='ocrx_word' id='word_1_85' title='bbox 747 1000 890 1036; x_wconf 90' lang='lat' dir='ltr'>notum</span> <span class='ocrx_word' id='word_1_86' title='bbox 917 1001 991 1037; x_wconf 89' lang='lat' dir='ltr'>est.</span> <span class='ocrx_word' id='word_1_87' title='bbox 1026 995 1148 1035; x_wconf 92' lang='lat' dir='ltr'>Deni-</span> 
     </span>
     <span class='ocr_line' id='line_1_15' title="bbox 112 1058 1148 1109; baseline 0 -13"><span class='ocrx_word' id='word_1_88' title='bbox 112 1069 211 1109; x_wconf 82' lang='lat' dir='ltr'>que,</span> <span class='ocrx_word' id='word_1_89' title='bbox 241 1071 333 1097; x_wconf 89' lang='lat' dir='ltr'>cum</span> <span class='ocrx_word' id='word_1_90' title='bbox 362 1058 599 1109; x_wconf 89' lang='lat' dir='ltr'>hujusmodi</span> <span class='ocrx_word' id='word_1_91' title='bbox 626 1058 834 1097; x_wconf 84' lang='lat' dir='ltr'>scholares</span> <span class='ocrx_word' id='word_1_92' title='bbox 853 1058 1069 1109; x_wconf 87' lang='lat' dir='ltr'>approbati</span> <span class='ocrx_word' id='word_1_93' title='bbox 1089 1058 1148 1096; x_wconf 91' lang='lat' dir='ltr'>in-</span> 
     </span>
     <span class='ocr_line' id='line_1_16' title="bbox 111 1119 1148 1159; baseline 0 -1"><span class='ocrx_word' id='word_1_94' title='bbox 111 1119 256 1159; x_wconf 90' lang='lat' dir='ltr'>timam</span> <span class='ocrx_word' id='word_1_95' title='bbox 268 1120 448 1158; x_wconf 86' lang='lat' dir='ltr'>debeant</span> <span class='ocrx_word' id='word_1_96' title='bbox 459 1120 611 1158; x_wconf 89' lang='lat' dir='ltr'>habere</span> <span class='ocrx_word' id='word_1_97' title='bbox 624 1120 1039 1159; x_wconf 76' lang='lat' dir='ltr'>communicationem</span> <span class='ocrx_word' id='word_1_98' title='bbox 1053 1131 1148 1158; x_wconf 90' lang='lat' dir='ltr'>cum</span> 
     </span>
     <span class='ocr_line' id='line_1_17' title="bbox 110 1180 1149 1230; baseline -0.002 -10"><span class='ocrx_word' id='word_1_99' title='bbox 110 1180 281 1230; x_wconf 87' lang='lat' dir='ltr'>reliquis</span> <span class='ocrx_word' id='word_1_100' title='bbox 302 1181 499 1219; x_wconf 87' lang='lat' dir='ltr'>membris</span> <span class='ocrx_word' id='word_1_101' title='bbox 519 1181 731 1220; x_wconf 90' lang='lat' dir='ltr'>Societatis</span> <span class='ocrx_word' id='word_1_102' title='bbox 758 1182 801 1219; x_wconf 92' lang='lat' dir='ltr'>in</span> <span class='ocrx_word' id='word_1_103' title='bbox 822 1182 947 1229; x_wconf 90' lang='lat' dir='ltr'>victu,</span> <span class='ocrx_word' id='word_1_104' title='bbox 975 1180 1149 1219; x_wconf 88' lang='lat' dir='ltr'>familia-</span> 
     </span>
     <span class='ocr_line' id='line_1_18' title="bbox 110 1241 1147 1292; baseline 0.001 -13"><span class='ocrx_word' id='word_1_105' title='bbox 110 1241 247 1289; x_wconf 85' lang='lat' dir='ltr'>ritate,</span> <span class='ocrx_word' id='word_1_106' title='bbox 269 1242 475 1292; x_wconf 88' lang='lat' dir='ltr'>totiusque</span> <span class='ocrx_word' id='word_1_107' title='bbox 491 1242 584 1281; x_wconf 80' lang='lat' dir='ltr'>vitae</span> <span class='ocrx_word' id='word_1_108' title='bbox 604 1243 914 1288; x_wconf 78' lang='lat' dir='ltr'>communitate,</span> <span class='ocrx_word' id='word_1_109' title='bbox 945 1246 1147 1280; x_wconf 88' lang='lat' dir='ltr'>monstro-</span> 
     </span>
     <span class='ocr_line' id='line_1_19' title="bbox 112 1303 1149 1351; baseline -0.001 -9"><span class='ocrx_word' id='word_1_110' title='bbox 112 1314 205 1342; x_wconf 88' lang='lat' dir='ltr'>sum</span> <span class='ocrx_word' id='word_1_111' title='bbox 226 1307 333 1341; x_wconf 89' lang='lat' dir='ltr'>esset</span> <span class='ocrx_word' id='word_1_112' title='bbox 352 1307 391 1342; x_wconf 90' lang='lat' dir='ltr'>et</span> <span class='ocrx_word' id='word_1_113' title='bbox 409 1303 619 1351; x_wconf 81' lang='lat' dir='ltr'>indecens,</span> <span class='ocrx_word' id='word_1_114' title='bbox 643 1306 676 1342; x_wconf 88' lang='lat' dir='ltr'>si</span> <span class='ocrx_word' id='word_1_115' title='bbox 695 1304 832 1341; x_wconf 83' lang='lat' dir='ltr'>omnia</span> <span class='ocrx_word' id='word_1_116' title='bbox 855 1304 940 1341; x_wconf 85' lang='lat' dir='ltr'>haec</span> <span class='ocrx_word' id='word_1_117' title='bbox 961 1303 1149 1342; x_wconf 89' lang='lat' dir='ltr'>membra</span> 
     </span>
     <span class='ocr_line' id='line_1_20' title="bbox 111 1365 1147 1404; baseline 0 -2"><span class='ocrx_word' id='word_1_118' title='bbox 111 1375 196 1402; x_wconf 87' lang='lat' dir='ltr'>non</span> <span class='ocrx_word' id='word_1_119' title='bbox 219 1365 419 1403; x_wconf 87' lang='lat' dir='ltr'>haberent</span> <span class='ocrx_word' id='word_1_120' title='bbox 433 1366 539 1403; x_wconf 89' lang='lat' dir='ltr'>inter</span> <span class='ocrx_word' id='word_1_121' title='bbox 555 1378 598 1404; x_wconf 91' lang='lat' dir='ltr'>se</span> <span class='ocrx_word' id='word_1_122' title='bbox 620 1365 931 1403; x_wconf 82' lang='lat' dir='ltr'>substantialem</span> <span class='ocrx_word' id='word_1_123' title='bbox 950 1365 1147 1402; x_wconf 90' lang='lat' dir='ltr'>unionem</span> 
     </span>
     <span class='ocr_line' id='line_1_21' title="bbox 110 1425 1147 1478; baseline 0 -14"><span class='ocrx_word' id='word_1_124' title='bbox 110 1425 294 1476; x_wconf 79' lang='lat' dir='ltr'>religiosi</span> <span class='ocrx_word' id='word_1_125' title='bbox 315 1430 456 1465; x_wconf 90' lang='lat' dir='ltr'>status.</span> <span class='ocrx_word' id='word_1_126' title='bbox 478 1427 750 1478; x_wconf 87' lang='lat' dir='ltr'>Quapropter,</span> <span class='ocrx_word' id='word_1_127' title='bbox 771 1438 864 1465; x_wconf 91' lang='lat' dir='ltr'>cum</span> <span class='ocrx_word' id='word_1_128' title='bbox 883 1427 925 1464; x_wconf 90' lang='lat' dir='ltr'>in</span> <span class='ocrx_word' id='word_1_129' title='bbox 946 1426 1147 1465; x_wconf 88' lang='lat' dir='ltr'>Constitu-</span> 
     </span>
     <span class='ocr_line' id='line_1_22' title="bbox 111 1487 1148 1539; baseline 0.001 -14"><span class='ocrx_word' id='word_1_130' title='bbox 111 1487 293 1526; x_wconf 88' lang='lat' dir='ltr'>tionibus</span> <span class='ocrx_word' id='word_1_131' title='bbox 310 1489 537 1537; x_wconf 85' lang='lat' dir='ltr'>Societatis,</span> <span class='ocrx_word' id='word_1_132' title='bbox 561 1502 600 1539; x_wconf 90' lang='lat' dir='ltr'>p.</span> <span class='ocrx_word' id='word_1_133' title='bbox 624 1490 663 1535; x_wconf 91' lang='lat'>3,</span> <span class='ocrx_word' id='word_1_134' title='bbox 694 1501 727 1529; x_wconf 89' lang='lat' dir='ltr'>c.</span> <span class='ocrx_word' id='word_1_135' title='bbox 751 1490 790 1536; x_wconf 90' lang='lat'>3,</span> <span class='ocrx_word' id='word_1_136' title='bbox 813 1489 873 1527; x_wconf 88' lang='lat' dir='ltr'>lit.</span> <span class='ocrx_word' id='word_1_137' title='bbox 897 1490 942 1535; x_wconf 90' lang='lat' dir='ltr'>B,</span> <span class='ocrx_word' id='word_1_138' title='bbox 966 1488 1148 1527; x_wconf 89' lang='lat' dir='ltr'>declara-</span> 
     </span>
     <span class='ocr_line' id='line_1_23' title="bbox 112 1549 1147 1601; baseline 0.002 -15"><span class='ocrx_word' id='word_1_139' title='bbox 112 1551 202 1587; x_wconf 86' lang='lat' dir='ltr'>tum</span> <span class='ocrx_word' id='word_1_140' title='bbox 224 1549 288 1597; x_wconf 89' lang='lat' dir='ltr'>sit,</span> <span class='ocrx_word' id='word_1_141' title='bbox 315 1562 396 1587; x_wconf 91' lang='lat' dir='ltr'>non</span> <span class='ocrx_word' id='word_1_142' title='bbox 430 1562 666 1601; x_wconf 89' lang='lat' dir='ltr'>repugnare</span> <span class='ocrx_word' id='word_1_143' title='bbox 689 1551 872 1590; x_wconf 87' lang='lat' dir='ltr'>instituto</span> <span class='ocrx_word' id='word_1_144' title='bbox 907 1554 1063 1597; x_wconf 87' lang='lat' dir='ltr'>nostro,</span> <span class='ocrx_word' id='word_1_145' title='bbox 1097 1561 1147 1588; x_wconf 85' lang='lat' dir='ltr'>ex</span> 
     </span>
     <span class='ocr_line' id='line_1_24' title="bbox 110 1608 1144 1661; baseline 0.001 -14"><span class='ocrx_word' id='word_1_146' title='bbox 110 1608 276 1648; x_wconf 91' lang='lat' dir='ltr'>licentia</span> <span class='ocrx_word' id='word_1_147' title='bbox 298 1611 509 1661; x_wconf 82' lang='lat' dir='ltr'>Praepositi</span> <span class='ocrx_word' id='word_1_148' title='bbox 541 1611 768 1659; x_wconf 83' lang='lat' dir='ltr'>Generalis,</span> <span class='ocrx_word' id='word_1_149' title='bbox 809 1616 849 1651; x_wconf 86' lang='lat' dir='ltr'>ct</span> <span class='ocrx_word' id='word_1_150' title='bbox 880 1611 933 1649; x_wconf 87' lang='lat' dir='ltr'>ad</span> <span class='ocrx_word' id='word_1_151' title='bbox 967 1616 1144 1661; x_wconf 86' lang='lat' dir='ltr'>tempus,</span> 
     </span>
     <span class='ocr_line' id='line_1_25' title="bbox 112 1669 1148 1721; baseline 0 -13"><span class='ocrx_word' id='word_1_152' title='bbox 112 1669 270 1720; x_wconf 70' lang='lat' dir='ltr'>aliquos</span> <span class='ocrx_word' id='word_1_153' title='bbox 292 1683 499 1721; x_wconf 85' lang='lat' dir='ltr'>pauperes</span> <span class='ocrx_word' id='word_1_154' title='bbox 521 1672 786 1710; x_wconf 90' lang='lat' dir='ltr'>scholasticos</span> <span class='ocrx_word' id='word_1_155' title='bbox 803 1672 845 1710; x_wconf 93' lang='lat' dir='ltr'>in</span> <span class='ocrx_word' id='word_1_156' title='bbox 867 1671 1049 1721; x_wconf 85' lang='lat' dir='ltr'>collegiis</span> <span class='ocrx_word' id='word_1_157' title='bbox 1077 1671 1148 1709; x_wconf 87' lang='lat' dir='ltr'>So-</span> 
     </span>
     <span class='ocr_line' id='line_1_26' title="bbox 111 1731 1146 1783; baseline -0.002 -13"><span class='ocrx_word' id='word_1_158' title='bbox 111 1732 270 1771; x_wconf 89' lang='lat' dir='ltr'>cietatis</span> <span class='ocrx_word' id='word_1_159' title='bbox 291 1733 522 1781; x_wconf 82' lang='lat' dir='ltr'>admittere,</span> <span class='ocrx_word' id='word_1_160' title='bbox 548 1733 735 1783; x_wconf 89' lang='lat' dir='ltr'>quamvis</span> <span class='ocrx_word' id='word_1_161' title='bbox 767 1732 876 1771; x_wconf 86' lang='lat' dir='ltr'>intra</span> <span class='ocrx_word' id='word_1_162' title='bbox 901 1731 1146 1770; x_wconf 86' lang='lat' dir='ltr'>Societatem</span> 
     </span>
     <span class='ocr_line' id='line_1_27' title="bbox 110 1794 1147 1844; baseline -0.001 -12"><span class='ocrx_word' id='word_1_163' title='bbox 110 1805 207 1832; x_wconf 87' lang='lat' dir='ltr'>vere</span> <span class='ocrx_word' id='word_1_164' title='bbox 228 1805 310 1831; x_wconf 91' lang='lat' dir='ltr'>non</span> <span class='ocrx_word' id='word_1_165' title='bbox 339 1794 604 1844; x_wconf 88' lang='lat' dir='ltr'>recipiantur,</span> <span class='ocrx_word' id='word_1_166' title='bbox 640 1806 778 1844; x_wconf 87' lang='lat' dir='ltr'>neque</span> <span class='ocrx_word' id='word_1_167' title='bbox 806 1794 885 1844; x_wconf 87' lang='lat' dir='ltr'>ipsi</span> <span class='ocrx_word' id='word_1_168' title='bbox 908 1794 1147 1843; x_wconf 85' lang='lat' dir='ltr'>promittant</span> 
     </span>
     <span class='ocr_line' id='line_1_28' title="bbox 110 1850 1147 1905; baseline -0.001 -13"><span class='ocrx_word' id='word_1_169' title='bbox 110 1854 243 1905; x_wconf 87' lang='lat' dir='ltr'>ipsam</span> <span class='ocrx_word' id='word_1_170' title='bbox 268 1850 446 1904; x_wconf 83' lang='lat' dir='ltr'>ingredi,</span> <span class='ocrx_word' id='word_1_171' title='bbox 470 1854 603 1893; x_wconf 86' lang='lat' dir='ltr'>statim</span> <span class='ocrx_word' id='word_1_172' title='bbox 626 1854 879 1905; x_wconf 88' lang='lat' dir='ltr'>adjungitur,</span> <span class='ocrx_word' id='word_1_173' title='bbox 911 1855 950 1891; x_wconf 89' lang='lat' dir='ltr'>et</span> <span class='ocrx_word' id='word_1_174' title='bbox 977 1854 1147 1891; x_wconf 82' lang='lat' dir='ltr'>vestitus</span> 
     </span>
     <span class='ocr_line' id='line_1_29' title="bbox 110 1915 1147 1960; baseline -0.003 -6"><span class='ocrx_word' id='word_1_175' title='bbox 110 1915 314 1954; x_wconf 86' lang='lat' dir='ltr'>rationem</span> <span class='ocrx_word' id='word_1_176' title='bbox 334 1916 457 1960; x_wconf 83' lang='lat' dir='ltr'>ineis</span> <span class='ocrx_word' id='word_1_177' title='bbox 476 1916 657 1955; x_wconf 86' lang='lat' dir='ltr'>futuram</span> <span class='ocrx_word' id='word_1_178' title='bbox 676 1927 766 1954; x_wconf 88' lang='lat' dir='ltr'>esse</span> <span class='ocrx_word' id='word_1_179' title='bbox 783 1915 1003 1960; x_wconf 87' lang='lat' dir='ltr'>diversam,</span> <span class='ocrx_word' id='word_1_180' title='bbox 1022 1918 1062 1952; x_wconf 89' lang='lat' dir='ltr'>et</span> <span class='ocrx_word' id='word_1_181' title='bbox 1077 1915 1147 1951; x_wconf 88' lang='lat' dir='ltr'>ha-</span> 
     </span>
     <span class='ocr_line' id='line_1_30' title="bbox 109 1976 1148 2028; baseline -0.001 -13"><span class='ocrx_word' id='word_1_182' title='bbox 109 1976 354 2015; x_wconf 83' lang='lat' dir='ltr'>bitationem</span> <span class='ocrx_word' id='word_1_183' title='bbox 386 1981 635 2028; x_wconf 85' lang='lat' dir='ltr'>separatam,</span> <span class='ocrx_word' id='word_1_184' title='bbox 658 1977 713 2015; x_wconf 89' lang='lat' dir='ltr'>ita</span> <span class='ocrx_word' id='word_1_185' title='bbox 736 1980 781 2015; x_wconf 92' lang='lat' dir='ltr'>ut</span> <span class='ocrx_word' id='word_1_186' title='bbox 817 1976 886 2027; x_wconf 88' lang='lat' dir='ltr'>qui</span> <span class='ocrx_word' id='word_1_187' title='bbox 917 1976 1148 2015; x_wconf 88' lang='lat' dir='ltr'>institutum</span> 
     </span>
     <span class='ocr_line' id='line_1_31' title="bbox 112 2038 1149 2089; baseline -0.001 -12"><span class='ocrx_word' id='word_1_188' title='bbox 112 2038 328 2077; x_wconf 88' lang='lat' dir='ltr'>Societatis</span> <span class='ocrx_word' id='word_1_189' title='bbox 349 2043 592 2089; x_wconf 89' lang='lat' dir='ltr'>sequuntur,</span> <span class='ocrx_word' id='word_1_190' title='bbox 627 2038 815 2087; x_wconf 82' lang='lat' dir='ltr'>seorsim,</span> <span class='ocrx_word' id='word_1_191' title='bbox 844 2041 884 2076; x_wconf 86' lang='lat' dir='ltr'>ct</span> <span class='ocrx_word' id='word_1_192' title='bbox 921 2050 1003 2076; x_wconf 91' lang='lat' dir='ltr'>non</span> <span class='ocrx_word' id='word_1_193' title='bbox 1039 2049 1149 2076; x_wconf 89' lang='lat' dir='ltr'>com-</span> 
     </span>
     <span class='ocr_line' id='line_1_32' title="bbox 110 2099 1146 2139; baseline 0 -3"><span class='ocrx_word' id='word_1_194' title='bbox 110 2099 220 2137; x_wconf 87' lang='lat' dir='ltr'>misti</span> <span class='ocrx_word' id='word_1_195' title='bbox 241 2101 330 2138; x_wconf 90' lang='lat' dir='ltr'>aliis</span> <span class='ocrx_word' id='word_1_196' title='bbox 361 2100 538 2139; x_wconf 87' lang='lat' dir='ltr'>externis</span> <span class='ocrx_word' id='word_1_197' title='bbox 565 2103 774 2138; x_wconf 91' lang='lat' dir='ltr'>maneant.</span> <span class='ocrx_word' id='word_1_198' title='bbox 805 2099 945 2137; x_wconf 84' lang='lat' dir='ltr'>Dices:</span> <span class='ocrx_word' id='word_1_199' title='bbox 970 2110 1043 2137; x_wconf 91' lang='lat' dir='ltr'>cur</span> <span class='ocrx_word' id='word_1_200' title='bbox 1062 2110 1146 2136; x_wconf 91' lang='lat' dir='ltr'>non</span> 
     </span>
     <span class='ocr_line' id='line_1_33' title="bbox 109 2159 1148 2210; baseline -0.002 -11"><span class='ocrx_word' id='word_1_201' title='bbox 109 2165 301 2210; x_wconf 88' lang='lat' dir='ltr'>poterant</span> <span class='ocrx_word' id='word_1_202' title='bbox 326 2162 404 2199; x_wconf 87' lang='lat' dir='ltr'>hoc</span> <span class='ocrx_word' id='word_1_203' title='bbox 430 2161 553 2199; x_wconf 91' lang='lat' dir='ltr'>modo</span> <span class='ocrx_word' id='word_1_204' title='bbox 576 2161 744 2199; x_wconf 89' lang='lat' dir='ltr'>educari</span> <span class='ocrx_word' id='word_1_205' title='bbox 766 2172 910 2198; x_wconf 90' lang='lat' dir='ltr'>omnes</span> <span class='ocrx_word' id='word_1_206' title='bbox 938 2159 1148 2198; x_wconf 88' lang='lat' dir='ltr'>scholares</span> 
     </span>
     <span class='ocr_line' id='line_1_34' title="bbox 111 2220 1147 2273; baseline -0.003 -12"><span class='ocrx_word' id='word_1_207' title='bbox 111 2223 355 2262; x_wconf 77' lang='lat' dir='ltr'>Societatis?</span> <span class='ocrx_word' id='word_1_208' title='bbox 383 2222 643 2273; x_wconf 82' lang='lat' dir='ltr'>Respondeo,</span> <span class='ocrx_word' id='word_1_209' title='bbox 667 2226 835 2272; x_wconf 87' lang='lat' dir='ltr'>propter</span> <span class='ocrx_word' id='word_1_210' title='bbox 863 2220 1044 2259; x_wconf 89' lang='lat' dir='ltr'>rationes</span> <span class='ocrx_word' id='word_1_211' title='bbox 1063 2220 1147 2259; x_wconf 86' lang='lat' dir='ltr'>fac-</span> 
     </span>
     <span class='ocr_line' id='line_1_35' title="bbox 110 2281 1146 2334; baseline -0.003 -12"><span class='ocrx_word' id='word_1_212' title='bbox 110 2287 190 2331; x_wconf 81' lang='lat' dir='ltr'>tas,</span> <span class='ocrx_word' id='word_1_213' title='bbox 211 2296 295 2322; x_wconf 89' lang='lat' dir='ltr'>non</span> <span class='ocrx_word' id='word_1_214' title='bbox 314 2284 444 2334; x_wconf 88' lang='lat' dir='ltr'>potuit</span> <span class='ocrx_word' id='word_1_215' title='bbox 464 2284 552 2321; x_wconf 85' lang='lat' dir='ltr'>haeo</span> <span class='ocrx_word' id='word_1_216' title='bbox 567 2295 655 2322; x_wconf 90' lang='lat' dir='ltr'>esse</span> <span class='ocrx_word' id='word_1_217' title='bbox 671 2282 875 2333; x_wconf 86' lang='lat' dir='ltr'>generalis</span> <span class='ocrx_word' id='word_1_218' title='bbox 895 2281 1055 2332; x_wconf 88' lang='lat' dir='ltr'>regula,</span> <span class='ocrx_word' id='word_1_219' title='bbox 1070 2293 1146 2320; x_wconf 90' lang='lat' dir='ltr'>ne-</span> 
     </span>
     <span class='ocr_line' id='line_1_36' title="bbox 111 2343 1146 2396; baseline -0.001 -14"><span class='ocrx_word' id='word_1_220' title='bbox 111 2356 191 2396; x_wconf 86' lang='lat' dir='ltr'>que</span> <span class='ocrx_word' id='word_1_221' title='bbox 214 2345 402 2384; x_wconf 86' lang='lat' dir='ltr'>educatio</span> <span class='ocrx_word' id='word_1_222' title='bbox 435 2345 501 2382; x_wconf 93' lang='lat' dir='ltr'>illa</span> <span class='ocrx_word' id='word_1_223' title='bbox 530 2349 637 2383; x_wconf 90' lang='lat' dir='ltr'>esset</span> <span class='ocrx_word' id='word_1_224' title='bbox 659 2356 752 2382; x_wconf 92' lang='lat' dir='ltr'>cum</span> <span class='ocrx_word' id='word_1_225' title='bbox 786 2347 899 2382; x_wconf 89' lang='lat' dir='ltr'>tanto</span> <span class='ocrx_word' id='word_1_226' title='bbox 928 2343 1077 2381; x_wconf 83' lang='lat' dir='ltr'>affectu</span> <span class='ocrx_word' id='word_1_227' title='bbox 1105 2345 1146 2381; x_wconf 87' lang='lat' dir='ltr'>et</span> 
     </span>
     <span class='ocr_line' id='line_1_37' title="bbox 110 2404 1142 2456; baseline -0.004 -11"><span class='ocrx_word' id='word_1_228' title='bbox 110 2406 264 2445; x_wconf 89' lang='lat' dir='ltr'>unione</span> <span class='ocrx_word' id='word_1_229' title='bbox 286 2406 509 2453; x_wconf 88' lang='lat' dir='ltr'>charitatis,</span> <span class='ocrx_word' id='word_1_230' title='bbox 522 2408 606 2444; x_wconf 87' lang='lat' dir='ltr'>tam</span> <span class='ocrx_word' id='word_1_231' title='bbox 620 2407 802 2456; x_wconf 90' lang='lat' dir='ltr'>ipsorum</span> <span class='ocrx_word' id='word_1_232' title='bbox 817 2404 868 2442; x_wconf 88' lang='lat' dir='ltr'>ad</span> <span class='ocrx_word' id='word_1_233' title='bbox 883 2404 1142 2454; x_wconf 85' lang='lat' dir='ltr'>religionem,</span> 
     </span>
     <span class='ocr_line' id='line_1_38' title="bbox 111 2466 1146 2519; baseline -0.003 -13"><span class='ocrx_word' id='word_1_234' title='bbox 111 2479 237 2519; x_wconf 85' lang='lat' dir='ltr'>quam</span> <span class='ocrx_word' id='word_1_235' title='bbox 257 2468 467 2519; x_wconf 85' lang='lat' dir='ltr'>religionis</span> <span class='ocrx_word' id='word_1_236' title='bbox 488 2467 540 2505; x_wconf 92' lang='lat' dir='ltr'>ad</span> <span class='ocrx_word' id='word_1_237' title='bbox 555 2467 686 2518; x_wconf 88' lang='lat' dir='ltr'>ipsos;</span> <span class='ocrx_word' id='word_1_238' title='bbox 706 2479 755 2505; x_wconf 84' lang='lat' dir='ltr'>ex</span> <span class='ocrx_word' id='word_1_239' title='bbox 767 2466 947 2515; x_wconf 78' lang='lat' dir='ltr'>quadam</span> <span class='ocrx_word' id='word_1_240' title='bbox 965 2477 1061 2504; x_wconf 89' lang='lat' dir='ltr'>vero</span> <span class='ocrx_word' id='word_1_241' title='bbox 1079 2477 1146 2504; x_wconf 91' lang='lat' dir='ltr'>ve-</span> 
     </span>
     <span class='ocr_line' id='line_1_39' title="bbox 109 2526 1145 2579; baseline -0.003 -12"><span class='ocrx_word' id='word_1_242' title='bbox 109 2529 186 2567; x_wconf 86' lang='lat' dir='ltr'>luti</span> <span class='ocrx_word' id='word_1_243' title='bbox 206 2529 528 2579; x_wconf 86' lang='lat' dir='ltr'>dispensatione,</span> <span class='ocrx_word' id='word_1_244' title='bbox 548 2528 590 2566; x_wconf 89' lang='lat' dir='ltr'>id</span> <span class='ocrx_word' id='word_1_245' title='bbox 608 2529 650 2566; x_wconf 84' lang='lat' dir='ltr'>in</span> <span class='ocrx_word' id='word_1_246' title='bbox 671 2540 769 2566; x_wconf 91' lang='lat' dir='ltr'>casu</span> <span class='ocrx_word' id='word_1_247' title='bbox 790 2527 927 2577; x_wconf 84' lang='lat' dir='ltr'>aliquo</span> <span class='ocrx_word' id='word_1_248' title='bbox 949 2526 1145 2577; x_wconf 88' lang='lat' dir='ltr'>permitti-</span> 
     </span>
     <span class='ocr_line' id='line_1_40' title="bbox 110 2589 1146 2640; baseline -0.003 -12"><span class='ocrx_word' id='word_1_249' title='bbox 110 2592 191 2636; x_wconf 87' lang='lat' dir='ltr'>tur,</span> <span class='ocrx_word' id='word_1_250' title='bbox 216 2589 382 2639; x_wconf 86' lang='lat' dir='ltr'>quando</span> <span class='ocrx_word' id='word_1_251' title='bbox 410 2601 459 2627; x_wconf 88' lang='lat' dir='ltr'>ex</span> <span class='ocrx_word' id='word_1_252' title='bbox 482 2594 598 2640; x_wconf 89' lang='lat' dir='ltr'>parte</span> <span class='ocrx_word' id='word_1_253' title='bbox 619 2589 802 2639; x_wconf 87' lang='lat' dir='ltr'>ipsorum</span> <span class='ocrx_word' id='word_1_254' title='bbox 832 2599 915 2625; x_wconf 91' lang='lat' dir='ltr'>non</span> <span class='ocrx_word' id='word_1_255' title='bbox 941 2590 1050 2626; x_wconf 90' lang='lat' dir='ltr'>esset</span> <span class='ocrx_word' id='word_1_256' title='bbox 1075 2598 1146 2626; x_wconf 89' lang='lat' dir='ltr'>vo-</span> 
     </span>
     <span class='ocr_line' id='line_1_41' title="bbox 110 2646 1145 2701; baseline -0.005 -12"><span class='ocrx_word' id='word_1_257' title='bbox 110 2650 249 2689; x_wconf 88' lang='lat' dir='ltr'>luntas</span> <span class='ocrx_word' id='word_1_258' title='bbox 277 2650 539 2701; x_wconf 89' lang='lat' dir='ltr'>ingrediendi</span> <span class='ocrx_word' id='word_1_259' title='bbox 575 2650 844 2695; x_wconf 87' lang='lat' dir='ltr'>Societatem,</span> <span class='ocrx_word' id='word_1_260' title='bbox 884 2652 924 2686; x_wconf 91' lang='lat' dir='ltr'>et</span> <span class='ocrx_word' id='word_1_261' title='bbox 959 2646 1012 2685; x_wconf 90' lang='lat' dir='ltr'>ob</span> <span class='ocrx_word' id='word_1_262' title='bbox 1042 2646 1145 2685; x_wconf 89' lang='lat' dir='ltr'>alias</span> 
     </span>
     <span class='ocr_line' id='line_1_42' title="bbox 112 2708 1144 2762; baseline -0.005 -12"><span class='ocrx_word' id='word_1_263' title='bbox 112 2724 258 2751; x_wconf 87' lang='lat' dir='ltr'>causas</span> <span class='ocrx_word' id='word_1_264' title='bbox 282 2712 538 2762; x_wconf 85' lang='lat' dir='ltr'>judicaretur</span> <span class='ocrx_word' id='word_1_265' title='bbox 556 2711 610 2749; x_wconf 91' lang='lat' dir='ltr'>ad</span> <span class='ocrx_word' id='word_1_266' title='bbox 635 2711 770 2760; x_wconf 85' lang='lat' dir='ltr'>majus</span> <span class='ocrx_word' id='word_1_267' title='bbox 802 2708 874 2747; x_wconf 88' lang='lat' dir='ltr'>Dei</span> <span class='ocrx_word' id='word_1_268' title='bbox 899 2708 1144 2758; x_wconf 90' lang='lat' dir='ltr'>obsequium</span> 
     </span>
     <span class='ocr_line' id='line_1_43' title="bbox 113 2768 1143 2823; baseline -0.006 -12"><span class='ocrx_word' id='word_1_269' title='bbox 113 2773 307 2823; x_wconf 84' lang='lat' dir='ltr'>expedire</span> <span class='ocrx_word' id='word_1_270' title='bbox 337 2773 496 2823; x_wconf 90' lang='lat' dir='ltr'>aliquos</span> <span class='ocrx_word' id='word_1_271' title='bbox 531 2772 736 2822; x_wconf 90' lang='lat' dir='ltr'>ingenuos</span> <span class='ocrx_word' id='word_1_272' title='bbox 773 2769 1056 2807; x_wconf 84' lang='lat' dir='ltr'>adolescentes</span> <span class='ocrx_word' id='word_1_273' title='bbox 1087 2768 1143 2806; x_wconf 86' lang='lat' dir='ltr'>ita</span> 
     </span>
     <span class='ocr_line' id='line_1_44' title="bbox 112 2829 1143 2882; baseline -0.007 -9"><span class='ocrx_word' id='word_1_274' title='bbox 112 2834 305 2873; x_wconf 86' lang='lat' dir='ltr'>educare.</span> <span class='ocrx_word' id='word_1_275' title='bbox 329 2834 440 2873; x_wconf 88' lang='lat' dir='ltr'>Sicut</span> <span class='ocrx_word' id='word_1_276' title='bbox 460 2837 598 2872; x_wconf 89' lang='lat' dir='ltr'>autem</span> <span class='ocrx_word' id='word_1_277' title='bbox 619 2833 688 2870; x_wconf 89' lang='lat' dir='ltr'>illa</span> <span class='ocrx_word' id='word_1_278' title='bbox 715 2830 929 2882; x_wconf 88' lang='lat' dir='ltr'>permissio</span> <span class='ocrx_word' id='word_1_279' title='bbox 955 2829 1143 2880; x_wconf 88' lang='lat' dir='ltr'>specialis</span> 
     </span>
     <span class='ocr_line' id='line_1_45' title="bbox 114 2891 1143 2944; baseline -0.006 -11"><span class='ocrx_word' id='word_1_280' title='bbox 114 2898 189 2941; x_wconf 89' lang='lat' dir='ltr'>est,</span> <span class='ocrx_word' id='word_1_281' title='bbox 210 2899 248 2932; x_wconf 84' lang='lat' dir='ltr'>et</span> <span class='ocrx_word' id='word_1_282' title='bbox 266 2906 339 2944; x_wconf 86' lang='lat' dir='ltr'>per</span> <span class='ocrx_word' id='word_1_283' title='bbox 356 2907 398 2933; x_wconf 91' lang='lat' dir='ltr'>se</span> <span class='ocrx_word' id='word_1_284' title='bbox 418 2907 501 2932; x_wconf 90' lang='lat' dir='ltr'>non</span> <span class='ocrx_word' id='word_1_285' title='bbox 521 2894 760 2944; x_wconf 86' lang='lat' dir='ltr'>expediens,</span> <span class='ocrx_word' id='word_1_286' title='bbox 782 2892 838 2930; x_wconf 90' lang='lat' dir='ltr'>ita</span> <span class='ocrx_word' id='word_1_287' title='bbox 859 2891 947 2941; x_wconf 85' lang='lat' dir='ltr'>ejus</span> <span class='ocrx_word' id='word_1_288' title='bbox 968 2901 1067 2928; x_wconf 91' lang='lat' dir='ltr'>usus</span> <span class='ocrx_word' id='word_1_289' title='bbox 1078 2901 1143 2927; x_wconf 85' lang='lat' dir='ltr'>ra-</span> 
     </span>
     <span class='ocr_line' id='line_1_46' title="bbox 111 2950 1142 3002; baseline -0.006 -8"><span class='ocrx_word' id='word_1_290' title='bbox 111 2955 299 2995; x_wconf 86' lang='lat' dir='ltr'>rissimus</span> <span class='ocrx_word' id='word_1_291' title='bbox 323 2958 398 3002; x_wconf 90' lang='lat' dir='ltr'>est,</span> <span class='ocrx_word' id='word_1_292' title='bbox 420 2959 491 2993; x_wconf 92' lang='lat' dir='ltr'>aut</span> <span class='ocrx_word' id='word_1_293' title='bbox 512 2959 620 2993; x_wconf 90' lang='lat' dir='ltr'>certe</span> <span class='ocrx_word' id='word_1_294' title='bbox 641 2954 805 2999; x_wconf 85' lang='lat' dir='ltr'>nullus;</span> <span class='ocrx_word' id='word_1_295' title='bbox 829 2957 868 2991; x_wconf 91' lang='lat' dir='ltr'>et</span> <span class='ocrx_word' id='word_1_296' title='bbox 889 2950 1142 3002; x_wconf 81' lang='lat' dir='ltr'>experientia</span> 
     </span>
     <span class='ocr_line' id='line_1_47' title="bbox 111 3014 1143 3068; baseline -0.007 -12"><span class='ocrx_word' id='word_1_297' title='bbox 111 3018 203 3068; x_wconf 84' lang='lat' dir='ltr'>ipsa</span> <span class='ocrx_word' id='word_1_298' title='bbox 224 3016 376 3065; x_wconf 91' lang='lat' dir='ltr'>docuit,</span> <span class='ocrx_word' id='word_1_299' title='bbox 405 3016 571 3067; x_wconf 88' lang='lat' dir='ltr'>quando</span> <span class='ocrx_word' id='word_1_300' title='bbox 593 3015 735 3054; x_wconf 88' lang='lat' dir='ltr'>similis</span> <span class='ocrx_word' id='word_1_301' title='bbox 756 3014 981 3053; x_wconf 82' lang='lat' dir='ltr'>necessitas</span> <span class='ocrx_word' id='word_1_302' title='bbox 1001 3023 1143 3050; x_wconf 90' lang='lat' dir='ltr'>occur·</span> 
     </span>
     <span class='ocr_line' id='line_1_48' title="bbox 111 3072 1143 3128; baseline -0.007 -10"><span class='ocrx_word' id='word_1_303' title='bbox 111 3079 179 3123; x_wconf 87' lang='lat' dir='ltr'>rit,</span> <span class='ocrx_word' id='word_1_304' title='bbox 201 3078 348 3116; x_wconf 89' lang='lat' dir='ltr'>melius</span> <span class='ocrx_word' id='word_1_305' title='bbox 367 3079 409 3116; x_wconf 92' lang='lat' dir='ltr'>in</span> <span class='ocrx_word' id='word_1_306' title='bbox 431 3082 621 3128; x_wconf 88' lang='lat' dir='ltr'>separata</span> <span class='ocrx_word' id='word_1_307' title='bbox 639 3077 761 3115; x_wconf 88' lang='lat' dir='ltr'>domo</span> <span class='ocrx_word' id='word_1_308' title='bbox 784 3079 824 3114; x_wconf 88' lang='lat' dir='ltr'>et</span> <span class='ocrx_word' id='word_1_309' title='bbox 847 3073 1042 3126; x_wconf 88' lang='lat' dir='ltr'>peculiari</span> <span class='ocrx_word' id='word_1_310' title='bbox 1062 3072 1143 3112; x_wconf 91' lang='lat' dir='ltr'>col-</span> 
     </span>
     <span class='ocr_line' id='line_1_49' title="bbox 109 3133 1143 3191; baseline -0.007 -11"><span class='ocrx_word' id='word_1_311' title='bbox 109 3139 223 3191; x_wconf 87' lang='lat' dir='ltr'>legio</span> <span class='ocrx_word' id='word_1_312' title='bbox 252 3139 295 3178; x_wconf 92' lang='lat' dir='ltr'>id</span> <span class='ocrx_word' id='word_1_313' title='bbox 327 3139 439 3187; x_wconf 89' lang='lat' dir='ltr'>fieri,</span> <span class='ocrx_word' id='word_1_314' title='bbox 473 3139 660 3189; x_wconf 83' lang='lat' dir='ltr'>quamvis</span> <span class='ocrx_word' id='word_1_315' title='bbox 693 3137 769 3176; x_wconf 91' lang='lat' dir='ltr'>sub</span> <span class='ocrx_word' id='word_1_316' title='bbox 801 3149 899 3175; x_wconf 88' lang='lat' dir='ltr'>cura</span> <span class='ocrx_word' id='word_1_317' title='bbox 931 3133 1143 3175; x_wconf 85' lang='lat' dir='ltr'>Societatis</span> 
     </span>
     <span class='ocr_line' id='line_1_50' title="bbox 115 3197 1145 3247; baseline -0.007 -6"><span class='ocrx_word' id='word_1_318' title='bbox 115 3201 274 3247; x_wconf 84' lang='lat' dir='ltr'>existat,</span> <span class='ocrx_word' id='word_1_319' title='bbox 289 3203 333 3239; x_wconf 88' lang='lat' dir='ltr'>ut</span> <span class='ocrx_word' id='word_1_320' title='bbox 343 3199 530 3238; x_wconf 90' lang='lat' dir='ltr'>videmus</span> <span class='ocrx_word' id='word_1_321' title='bbox 543 3201 682 3238; x_wconf 83' lang='lat' dir='ltr'>Romae</span> <span class='ocrx_word' id='word_1_322' title='bbox 701 3199 944 3237; x_wconf 85' lang='lat' dir='ltr'>auctoritate</span> <span class='ocrx_word' id='word_1_323' title='bbox 954 3197 1145 3236; x_wconf 87' lang='lat' dir='ltr'>Summo-</span> 
     </span>
     <span class='ocr_line' id='line_1_51' title="bbox 115 3258 902 3307; baseline -0.009 -4"><span class='ocrx_word' id='word_1_324' title='bbox 115 3274 208 3303; x_wconf 87' lang='lat' dir='ltr'>rum</span> <span class='ocrx_word' id='word_1_325' title='bbox 228 3261 486 3307; x_wconf 88' lang='lat' dir='ltr'>Pontificum,</span> <span class='ocrx_word' id='word_1_326' title='bbox 510 3265 550 3299; x_wconf 89' lang='lat' dir='ltr'>et</span> <span class='ocrx_word' id='word_1_327' title='bbox 569 3260 659 3298; x_wconf 90' lang='lat' dir='ltr'>aliis</span> <span class='ocrx_word' id='word_1_328' title='bbox 679 3260 779 3298; x_wconf 91' lang='lat' dir='ltr'>locis</span> <span class='ocrx_word' id='word_1_329' title='bbox 798 3258 902 3297; x_wconf 87' lang='lat' dir='ltr'>fieri.</span> 
     </span>
    </p>

    <p class='ocr_par' dir='ltr' id='par_1_5' title="bbox 118 3318 1148 3614">
     <span class='ocr_line' id='line_1_52' title="bbox 170 3318 1147 3375; baseline -0.008 -12"><span class='ocrx_word' id='word_1_330' title='bbox 170 3324 210 3363; x_wconf 82' lang='lat'>5.</span> <span class='ocrx_word' id='word_1_331' title='bbox 239 3322 434 3375; x_wconf 65' lang='lat' dir='ltr'>Exemplo</span> <span class='ocrx_word' id='word_1_332' title='bbox 454 3322 556 3361; x_wconf 85' lang='lat' dir='ltr'>idem</span> <span class='ocrx_word' id='word_1_333' title='bbox 584 3318 995 3360; x_wconf 55' lang='lat' dir='ltr'>suadetur—Aliud</span> <span class='ocrx_word' id='word_1_334' title='bbox 1021 3328 1147 3357; x_wconf 73' lang='lat' dir='ltr'>exem-</span> 
     </span>
     <span class='ocr_line' id='line_1_53' title="bbox 118 3377 1148 3436; baseline -0.009 -13"><span class='ocrx_word' id='word_1_335' title='bbox 118 3383 501 3436; x_wconf 53' lang='lat' dir='ltr'>plunm—Tandem</span> <span class='ocrx_word' id='word_1_336' title='bbox 520 3393 604 3420; x_wconf 91' lang='lat' dir='ltr'>non</span> <span class='ocrx_word' id='word_1_337' title='bbox 633 3381 750 3420; x_wconf 88' lang='lat' dir='ltr'>deest</span> <span class='ocrx_word' id='word_1_338' title='bbox 780 3379 903 3430; x_wconf 87' lang='lat' dir='ltr'>hujus</span> <span class='ocrx_word' id='word_1_339' title='bbox 929 3377 1148 3416; x_wconf 90' lang='lat' dir='ltr'>institutio-</span> 
     </span>
     <span class='ocr_line' id='line_1_54' title="bbox 120 3437 1147 3495; baseline -0.007 -13"><span class='ocrx_word' id='word_1_340' title='bbox 120 3444 184 3482; x_wconf 87' lang='lat' dir='ltr'>nis</span> <span class='ocrx_word' id='word_1_341' title='bbox 217 3444 522 3495; x_wconf 88' lang='lat' dir='ltr'>proportionale</span> <span class='ocrx_word' id='word_1_342' title='bbox 553 3441 791 3492; x_wconf 86' lang='lat' dir='ltr'>exemplum</span> <span class='ocrx_word' id='word_1_343' title='bbox 822 3451 873 3479; x_wconf 85' lang='lat' dir='ltr'>ex</span> <span class='ocrx_word' id='word_1_344' title='bbox 905 3437 1147 3487; x_wconf 84' lang='lat' dir='ltr'>antiquitate</span> 
     </span>
     <span class='ocr_line' id='line_1_55' title="bbox 121 3496 1145 3555; baseline -0.005 -12"><span class='ocrx_word' id='word_1_345' title='bbox 121 3505 398 3555; x_wconf 81' lang='lat' dir='ltr'>desumptum.</span> <span class='ocrx_word' id='word_1_346' title='bbox 409 3504 511 3543; x_wconf 87' lang='lat' dir='ltr'>Nam</span> <span class='ocrx_word' id='word_1_347' title='bbox 524 3503 566 3542; x_wconf 93' lang='lat' dir='ltr'>in</span> <span class='ocrx_word' id='word_1_348' title='bbox 579 3503 687 3541; x_wconf 91' lang='lat' dir='ltr'>dicto</span> <span class='ocrx_word' id='word_1_349' title='bbox 698 3500 876 3540; x_wconf 86' lang='lat' dir='ltr'>Concilio</span> <span class='ocrx_word' id='word_1_350' title='bbox 886 3499 1083 3539; x_wconf 86' lang='lat' dir='ltr'>Toletano</span> <span class='ocrx_word' id='word_1_351' title='bbox 1093 3496 1145 3546; x_wconf 87' lang='lat'>11,</span> 
     </span>
     <span class='ocr_line' id='line_1_56' title="bbox 122 3558 1145 3614; baseline -0.01 -8"><span class='ocrx_word' id='word_1_352' title='bbox 122 3568 165 3606; x_wconf 78' lang='lat' dir='ltr'>et</span> <span class='ocrx_word' id='word_1_353' title='bbox 181 3576 218 3604; x_wconf 87' lang='lat' dir='ltr'>c.</span> <span class='ocrx_word' id='word_1_354' title='bbox 240 3565 298 3605; x_wconf 82' lang='lat' dir='ltr'>De</span> <span class='ocrx_word' id='word_1_355' title='bbox 316 3565 395 3614; x_wconf 73' lang='lat' dir='ltr'>Itis,</span> <span class='ocrx_word' id='word_1_356' title='bbox 423 3565 476 3605; x_wconf 76' lang='lat'>28</span> <span class='ocrx_word' id='word_1_357' title='bbox 492 3563 554 3613; x_wconf 82' lang='lat' dir='ltr'>d.‚</span> <span class='ocrx_word' id='word_1_358' title='bbox 573 3563 627 3603; x_wconf 87' lang='lat' dir='ltr'>de</span> <span class='ocrx_word' id='word_1_359' title='bbox 655 3562 706 3602; x_wconf 87' lang='lat' dir='ltr'>iis</span> <span class='ocrx_word' id='word_1_360' title='bbox 724 3559 952 3600; x_wconf 85' lang='lat' dir='ltr'>minorihus</span> <span class='ocrx_word' id='word_1_361' title='bbox 972 3558 1145 3607; x_wconf 86' lang='lat' dir='ltr'>clericis,</span> 
     </span>
    </p>
   </div>
   <div class='ocr_carea' id='block_1_5' title="bbox 506 197 1841 242">
    <p class='ocr_par' dir='ltr' id='par_1_6' title="bbox 506 197 1841 242">
     <span class='ocr_line' id='line_1_57' title="bbox 506 197 1841 242; baseline 0.006 -10"><span class='ocrx_word' id='word_1_362' title='bbox 506 199 582 232; x_wconf 87' lang='lat' dir='ltr'>LIB.</span> <span class='ocrx_word' id='word_1_363' title='bbox 606 198 662 231; x_wconf 86' lang='lat'><em>111.</em></span> <span class='ocrx_word' id='word_1_364' title='bbox 686 198 739 231; x_wconf 85' lang='lat' dir='ltr'>DE</span> <span class='ocrx_word' id='word_1_365' title='bbox 760 197 1005 233; x_wconf 68' lang='lat' dir='ltr'>AnmtssioNE</span> <span class='ocrx_word' id='word_1_366' title='bbox 1025 197 1285 235; x_wconf 75' lang='lat' dir='ltr'>scnoLAmUM</span> <span class='ocrx_word' id='word_1_367' title='bbox 1303 200 1360 234; x_wconf 75' lang='lat' dir='ltr'>An</span> <span class='ocrx_word' id='word_1_368' title='bbox 1380 201 1492 236; x_wconf 76' lang='lat' dir='ltr'>vorA</span> <span class='ocrx_word' id='word_1_369' title='bbox 1512 201 1727 242; x_wconf 62' lang='lat' dir='ltr'>suentem.</span> <span class='ocrx_word' id='word_1_370' title='bbox 1748 202 1841 240; x_wconf 69' lang='lat' dir='ltr'>mc,</span> 
     </span>
    </p>
   </div>
   <div class='ocr_carea' id='block_1_6' title="bbox 1197 262 2235 2939">
    <p class='ocr_par' dir='ltr' id='par_1_7' title="bbox 1201 262 2234 505">
     <span class='ocr_line' id='line_1_58' title="bbox 1201 262 2234 322; baseline 0.015 -22"><span class='ocrx_word' id='word_1_371' title='bbox 1201 262 1275 313; x_wconf 87' lang='lat' dir='ltr'>qui</span> <span class='ocrx_word' id='word_1_372' title='bbox 1293 262 1337 301; x_wconf 92' lang='lat' dir='ltr'>in</span> <span class='ocrx_word' id='word_1_373' title='bbox 1356 263 1576 303; x_wconf 89' lang='lat' dir='ltr'>seminario</span> <span class='ocrx_word' id='word_1_374' title='bbox 1600 265 1827 318; x_wconf 84' lang='lat' dir='ltr'>Episcopali</span> <span class='ocrx_word' id='word_1_375' title='bbox 1846 267 2144 322; x_wconf 83' lang='lat' dir='ltr'>educabantur,</span> <span class='ocrx_word' id='word_1_376' title='bbox 2164 272 2234 315; x_wconf 79' lang='lat' dir='ltr'>di-</span> 
     </span>
     <span class='ocr_line' id='line_1_59' title="bbox 1203 323 2232 376; baseline 0.014 -14"><span class='ocrx_word' id='word_1_377' title='bbox 1203 323 1323 370; x_wconf 87' lang='lat' dir='ltr'>citur,</span> <span class='ocrx_word' id='word_1_378' title='bbox 1359 336 1454 363; x_wconf 90' lang='lat' dir='ltr'>cum</span> <span class='ocrx_word' id='word_1_379' title='bbox 1482 325 1535 364; x_wconf 87' lang='lat' dir='ltr'>ad</span> <span class='ocrx_word' id='word_1_380' title='bbox 1553 325 1761 366; x_wconf 87' lang='lat' dir='ltr'>decimum</span> <span class='ocrx_word' id='word_1_381' title='bbox 1790 330 1982 370; x_wconf 81' lang='lat' dir='ltr'>octavum</span> <span class='ocrx_word' id='word_1_382' title='bbox 2010 335 2141 374; x_wconf 69' lang='lat' dir='ltr'>vetatis</span> <span class='ocrx_word' id='word_1_383' title='bbox 2159 347 2232 376; x_wconf 86' lang='lat' dir='ltr'>an·</span> 
     </span>
     <span class='ocr_line' id='line_1_60' title="bbox 1203 386 2232 441; baseline 0.014 -19"><span class='ocrx_word' id='word_1_384' title='bbox 1203 394 1305 423; x_wconf 90' lang='lat' dir='ltr'>num</span> <span class='ocrx_word' id='word_1_385' title='bbox 1334 386 1646 437; x_wconf 86' lang='lat' dir='ltr'>perveniebant,</span> <span class='ocrx_word' id='word_1_386' title='bbox 1670 388 1985 441; x_wconf 88' lang='lat' dir='ltr'>interrogandos</span> <span class='ocrx_word' id='word_1_387' title='bbox 2021 394 2148 434; x_wconf 86' lang='lat' dir='ltr'>fuisse</span> <span class='ocrx_word' id='word_1_388' title='bbox 2178 407 2232 436; x_wconf 84' lang='lat' dir='ltr'>an</span> 
     </span>
     <span class='ocr_line' id='line_1_61' title="bbox 1203 445 2208 505; baseline 0.013 -22"><span class='ocrx_word' id='word_1_389' title='bbox 1203 445 1356 485; x_wconf 84' lang='lat' dir='ltr'>vellent</span> <span class='ocrx_word' id='word_1_390' title='bbox 1390 446 1627 487; x_wconf 84' lang='lat' dir='ltr'>coelibatum</span> <span class='ocrx_word' id='word_1_391' title='bbox 1653 461 1842 498; x_wconf 87' lang='lat' dir='ltr'>servare;</span> <span class='ocrx_word' id='word_1_392' title='bbox 1865 452 1978 502; x_wconf 88' lang='lat' dir='ltr'>quod</span> <span class='ocrx_word' id='word_1_393' title='bbox 2013 453 2044 492; x_wconf 88' lang='lat' dir='ltr'>si</span> <span class='ocrx_word' id='word_1_394' title='bbox 2064 467 2208 505; x_wconf 84' lang='lat' dir='ltr'>perma</span> 
     </span>
    </p>

    <p class='ocr_par' dir='ltr' id='par_1_8' title="bbox 1197 508 2235 2939">
     <span class='ocr_line' id='line_1_62' title="bbox 1204 508 2232 563; baseline 0.012 -19"><span class='ocrx_word' id='word_1_395' title='bbox 1204 518 1304 546; x_wconf 88' lang='lat' dir='ltr'>nere</span> <span class='ocrx_word' id='word_1_396' title='bbox 1331 508 1545 555; x_wconf 87' lang='lat' dir='ltr'>volebant,</span> <span class='ocrx_word' id='word_1_397' title='bbox 1570 511 1865 560; x_wconf 87' lang='lat' dir='ltr'>promittebant</span> <span class='ocrx_word' id='word_1_398' title='bbox 1893 514 2125 553; x_wconf 84' lang='lat' dir='ltr'>castitatem</span> <span class='ocrx_word' id='word_1_399' title='bbox 2141 544 2151 563; x_wconf 91' lang='lat'>,</span> <span class='ocrx_word' id='word_1_400' title='bbox 2186 519 2232 558; x_wconf 85' lang='lat' dir='ltr'>ut</span> 
     </span>
     <span class='ocr_line' id='line_1_63' title="bbox 1203 567 2232 623; baseline 0.01 -18"><span class='ocrx_word' id='word_1_401' title='bbox 1203 567 1272 607; x_wconf 92' lang='lat' dir='ltr'>illo</span> <span class='ocrx_word' id='word_1_402' title='bbox 1300 568 1461 607; x_wconf 85' lang='lat' dir='ltr'>vinculo</span> <span class='ocrx_word' id='word_1_403' title='bbox 1485 571 1603 621; x_wconf 84' lang='lat' dir='ltr'>quasi</span> <span class='ocrx_word' id='word_1_404' title='bbox 1624 572 1792 623; x_wconf 84' lang='lat' dir='ltr'>obligati</span> <span class='ocrx_word' id='word_1_405' title='bbox 1814 572 1867 612; x_wconf 89' lang='lat' dir='ltr'>ad</span> <span class='ocrx_word' id='word_1_406' title='bbox 1887 574 2122 614; x_wconf 88' lang='lat' dir='ltr'>clericatum</span> <span class='ocrx_word' id='word_1_407' title='bbox 2143 587 2232 616; x_wconf 84' lang='lat' dir='ltr'>ma-</span> 
     </span>
     <span class='ocr_line' id='line_1_64' title="bbox 1201 629 2230 687; baseline 0.009 -19"><span class='ocrx_word' id='word_1_408' title='bbox 1201 634 1358 669; x_wconf 89' lang='lat' dir='ltr'>nerent.</span> <span class='ocrx_word' id='word_1_409' title='bbox 1375 629 1438 669; x_wconf 90' lang='lat' dir='ltr'>Sic</span> <span class='ocrx_word' id='word_1_410' title='bbox 1455 631 1577 670; x_wconf 91' lang='lat' dir='ltr'>etiam</span> <span class='ocrx_word' id='word_1_411' title='bbox 1592 632 1633 670; x_wconf 92' lang='lat' dir='ltr'>in</span> <span class='ocrx_word' id='word_1_412' title='bbox 1647 634 1826 673; x_wconf 63' lang='lat' dir='ltr'>Concilio</span> <span class='ocrx_word' id='word_1_413' title='bbox 1841 635 2149 687; x_wconf 88' lang='lat' dir='ltr'>Carthaginensi</span> <span class='ocrx_word' id='word_1_414' title='bbox 2163 637 2230 685; x_wconf 90' lang='lat' dir='ltr'>III,</span> 
     </span>
     <span class='ocr_line' id='line_1_65' title="bbox 1202 691 2231 750; baseline 0.009 -21"><span class='ocrx_word' id='word_1_415' title='bbox 1202 702 1238 729; x_wconf 89' lang='lat' dir='ltr'>c.</span> <span class='ocrx_word' id='word_1_416' title='bbox 1263 691 1327 739; x_wconf 86' lang='lat'>19,</span> <span class='ocrx_word' id='word_1_417' title='bbox 1349 691 1523 731; x_wconf 89' lang='lat' dir='ltr'>dicitur:</span> <span class='ocrx_word' id='word_1_418' title='bbox 1544 693 1738 742; x_wconf 74' lang='lat' dir='ltr'>Lectores,</span> <span class='ocrx_word' id='word_1_419' title='bbox 1761 706 1849 737; x_wconf 80' lang='lat' dir='ltr'>cum</span> <span class='ocrx_word' id='word_1_420' title='bbox 1866 698 1920 737; x_wconf 84' lang='lat' dir='ltr'>ad</span> <span class='ocrx_word' id='word_1_421' title='bbox 1942 709 2065 738; x_wconf 86' lang='lat' dir='ltr'>annos</span> <span class='ocrx_word' id='word_1_422' title='bbox 2089 699 2231 750; x_wconf 84' lang='lat' dir='ltr'>puber-</span> 
     </span>
     <span class='ocr_line' id='line_1_66' title="bbox 1203 751 2228 807; baseline 0.007 -15"><span class='ocrx_word' id='word_1_423' title='bbox 1203 752 1304 792; x_wconf 86' lang='lat' dir='ltr'>tatis</span> <span class='ocrx_word' id='word_1_424' title='bbox 1319 751 1582 803; x_wconf 76' lang='lat' dir='ltr'>pervenerint,</span> <span class='ocrx_word' id='word_1_425' title='bbox 1604 760 1796 807; x_wconf 72' lang='lat' dir='ltr'>coyantur</span> <span class='ocrx_word' id='word_1_426' title='bbox 1814 761 1885 797; x_wconf 78' lang='lat' dir='ltr'>aut</span> <span class='ocrx_word' id='word_1_427' title='bbox 1908 769 2051 798; x_wconf 73' lang='lat' dir='ltr'>uxores</span> <span class='ocrx_word' id='word_1_428' title='bbox 2077 760 2228 807; x_wconf 76' lang='lat' dir='ltr'>ducere,</span> 
     </span>
     <span class='ocr_line' id='line_1_67' title="bbox 1202 813 2227 868; baseline 0.006 -15"><span class='ocrx_word' id='word_1_429' title='bbox 1202 817 1274 854; x_wconf 78' lang='lat' dir='ltr'>aut</span> <span class='ocrx_word' id='word_1_430' title='bbox 1290 813 1566 854; x_wconf 79' lang='lat' dir='ltr'>continentiam</span> <span class='ocrx_word' id='word_1_431' title='bbox 1581 817 1781 867; x_wconf 81' lang='lat' dir='ltr'>profiteri.</span> <span class='ocrx_word' id='word_1_432' title='bbox 1805 818 1890 857; x_wconf 88' lang='lat' dir='ltr'>Hac</span> <span class='ocrx_word' id='word_1_433' title='bbox 1910 818 2033 858; x_wconf 87' lang='lat' dir='ltr'>etiam</span> <span class='ocrx_word' id='word_1_434' title='bbox 2052 820 2227 868; x_wconf 89' lang='lat' dir='ltr'>ratione,</span> 
     </span>
     <span class='ocr_line' id='line_1_68' title="bbox 1204 873 2231 927; baseline 0.008 -16"><span class='ocrx_word' id='word_1_435' title='bbox 1204 873 1245 911; x_wconf 93' lang='lat' dir='ltr'>in</span> <span class='ocrx_word' id='word_1_436' title='bbox 1265 874 1443 913; x_wconf 88' lang='lat' dir='ltr'>Concilio</span> <span class='ocrx_word' id='word_1_437' title='bbox 1463 875 1532 913; x_wconf 92' lang='lat' dir='ltr'>illo</span> <span class='ocrx_word' id='word_1_438' title='bbox 1548 876 1744 916; x_wconf 88' lang='lat' dir='ltr'>Toletano</span> <span class='ocrx_word' id='word_1_439' title='bbox 1758 879 1807 926; x_wconf 91' lang='lat' dir='ltr'>II,</span> <span class='ocrx_word' id='word_1_440' title='bbox 1828 891 1864 918; x_wconf 91' lang='lat' dir='ltr'>c.</span> <span class='ocrx_word' id='word_1_441' title='bbox 1889 880 1929 927; x_wconf 74' lang='lat'>2,</span> <span class='ocrx_word' id='word_1_442' title='bbox 1953 884 2147 918; x_wconf 88' lang='lat' dir='ltr'>statutum</span> <span class='ocrx_word' id='word_1_443' title='bbox 2169 883 2231 919; x_wconf 87' lang='lat' dir='ltr'>est</span> 
     </span>
     <span class='ocr_line' id='line_1_69' title="bbox 1203 934 2231 991; baseline 0.009 -20"><span class='ocrx_word' id='word_1_444' title='bbox 1203 945 1255 972; x_wconf 91' lang='lat' dir='ltr'>ne</span> <span class='ocrx_word' id='word_1_445' title='bbox 1273 934 1423 982; x_wconf 91' lang='lat' dir='ltr'>clerici,</span> <span class='ocrx_word' id='word_1_446' title='bbox 1437 935 1490 974; x_wconf 91' lang='lat' dir='ltr'>ab</span> <span class='ocrx_word' id='word_1_447' title='bbox 1508 947 1589 973; x_wconf 91' lang='lat' dir='ltr'>uno</span> <span class='ocrx_word' id='word_1_448' title='bbox 1602 937 1799 988; x_wconf 87' lang='lat' dir='ltr'>Episcopo</span> <span class='ocrx_word' id='word_1_449' title='bbox 1818 939 1859 977; x_wconf 91' lang='lat' dir='ltr'>in</span> <span class='ocrx_word' id='word_1_450' title='bbox 1877 952 1950 978; x_wconf 91' lang='lat' dir='ltr'>suo</span> <span class='ocrx_word' id='word_1_451' title='bbox 1966 941 2137 991; x_wconf 90' lang='lat' dir='ltr'>collegio</span> <span class='ocrx_word' id='word_1_452' title='bbox 2155 953 2231 980; x_wconf 86' lang='lat' dir='ltr'>seu</span> 
     </span>
     <span class='ocr_line' id='line_1_70' title="bbox 1203 995 2230 1051; baseline 0.008 -19"><span class='ocrx_word' id='word_1_453' title='bbox 1203 995 1425 1034; x_wconf 89' lang='lat' dir='ltr'>seminario</span> <span class='ocrx_word' id='word_1_454' title='bbox 1456 996 1638 1044; x_wconf 89' lang='lat' dir='ltr'>enutriti,</span> <span class='ocrx_word' id='word_1_455' title='bbox 1668 997 1719 1035; x_wconf 92' lang='lat' dir='ltr'>ab</span> <span class='ocrx_word' id='word_1_456' title='bbox 1744 997 1822 1036; x_wconf 92' lang='lat' dir='ltr'>alio</span> <span class='ocrx_word' id='word_1_457' title='bbox 1853 1001 2052 1051; x_wconf 89' lang='lat' dir='ltr'>Episcopo</span> <span class='ocrx_word' id='word_1_458' title='bbox 2081 1002 2122 1040; x_wconf 88' lang='lat' dir='ltr'>in</span> <span class='ocrx_word' id='word_1_459' title='bbox 2155 1012 2230 1040; x_wconf 88' lang='lat' dir='ltr'>sua</span> 
     </span>
     <span class='ocr_line' id='line_1_71' title="bbox 1202 1055 2232 1111; baseline 0.007 -18"><span class='ocrx_word' id='word_1_460' title='bbox 1202 1055 1378 1094; x_wconf 89' lang='lat' dir='ltr'>Ecclesia</span> <span class='ocrx_word' id='word_1_461' title='bbox 1411 1057 1688 1109; x_wconf 88' lang='lat' dir='ltr'>recipiantur:</span> <span class='ocrx_word' id='word_1_462' title='bbox 1722 1057 1824 1105; x_wconf 79' lang='lat' dir='ltr'>Quia</span> <span class='ocrx_word' id='word_1_463' title='bbox 1844 1060 1987 1098; x_wconf 83' lang='lat' dir='ltr'>durum</span> <span class='ocrx_word' id='word_1_464' title='bbox 2005 1065 2061 1100; x_wconf 86' lang='lat' dir='ltr'>est</span> <span class='ocrx_word' id='word_1_465' title='bbox 2082 1061 2232 1111; x_wconf 88' lang='lat' dir='ltr'>(inquit</span> 
     </span>
     <span class='ocr_line' id='line_1_72' title="bbox 1202 1117 2233 1172; baseline 0.008 -17"><span class='ocrx_word' id='word_1_466' title='bbox 1202 1117 1443 1168; x_wconf 87' lang='lat' dir='ltr'>Concilium)</span> <span class='ocrx_word' id='word_1_467' title='bbox 1464 1122 1509 1159; x_wconf 81' lang='lat' dir='ltr'>ut</span> <span class='ocrx_word' id='word_1_468' title='bbox 1528 1131 1627 1165; x_wconf 81' lang='lat' dir='ltr'>eum,</span> <span class='ocrx_word' id='word_1_469' title='bbox 1657 1130 1767 1170; x_wconf 80' lang='lat' dir='ltr'>quem</span> <span class='ocrx_word' id='word_1_470' title='bbox 1788 1119 1894 1159; x_wconf 81' lang='lat' dir='ltr'>alius</span> <span class='ocrx_word' id='word_1_471' title='bbox 1914 1132 2032 1160; x_wconf 80' lang='lat' dir='ltr'>sensu</span> <span class='ocrx_word' id='word_1_472' title='bbox 2051 1125 2087 1160; x_wconf 86' lang='lat' dir='ltr'>et</span> <span class='ocrx_word' id='word_1_473' title='bbox 2111 1133 2233 1172; x_wconf 81' lang='lat' dir='ltr'>squa-</span> 
     </span>
     <span class='ocr_line' id='line_1_73' title="bbox 1199 1178 2234 1232; baseline 0.003 -14"><span class='ocrx_word' id='word_1_474' title='bbox 1199 1178 1283 1218; x_wconf 79' lang='lat' dir='ltr'>lore</span> <span class='ocrx_word' id='word_1_475' title='bbox 1313 1180 1500 1229; x_wconf 81' lang='lat' dir='ltr'>infantioe</span> <span class='ocrx_word' id='word_1_476' title='bbox 1519 1179 1642 1226; x_wconf 75' lang='lat' dir='ltr'>exuit,</span> <span class='ocrx_word' id='word_1_477' title='bbox 1669 1180 1778 1219; x_wconf 78' lang='lat' dir='ltr'>alius</span> <span class='ocrx_word' id='word_1_478' title='bbox 1800 1181 1999 1232; x_wconf 79' lang='lat' dir='ltr'>suscipere</span> <span class='ocrx_word' id='word_1_479' title='bbox 2024 1192 2071 1221; x_wconf 85' lang='lat' dir='ltr'>ac</span> <span class='ocrx_word' id='word_1_480' title='bbox 2097 1182 2234 1221; x_wconf 84' lang='lat' dir='ltr'>vendi—</span> 
     </span>
     <span class='ocr_line' id='line_1_74' title="bbox 1201 1241 2233 1293; baseline 0.002 -15"><span class='ocrx_word' id='word_1_481' title='bbox 1201 1251 1291 1279; x_wconf 82' lang='lat' dir='ltr'>care</span> <span class='ocrx_word' id='word_1_482' title='bbox 1318 1245 1556 1293; x_wconf 76' lang='lat' dir='ltr'>proesumat.</span> <span class='ocrx_word' id='word_1_483' title='bbox 1596 1241 1800 1280; x_wconf 87' lang='lat' dir='ltr'>Volebant</span> <span class='ocrx_word' id='word_1_484' title='bbox 1826 1253 1925 1291; x_wconf 86' lang='lat' dir='ltr'>ergo</span> <span class='ocrx_word' id='word_1_485' title='bbox 1959 1241 2128 1291; x_wconf 86' lang='lat' dir='ltr'>antiqua</span> <span class='ocrx_word' id='word_1_486' title='bbox 2163 1242 2233 1280; x_wconf 91' lang='lat' dir='ltr'>de-</span> 
     </span>
     <span class='ocr_line' id='line_1_75' title="bbox 1201 1302 2234 1353; baseline 0.003 -15"><span class='ocrx_word' id='word_1_487' title='bbox 1201 1305 1328 1346; x_wconf 89' lang='lat' dir='ltr'>creta,</span> <span class='ocrx_word' id='word_1_488' title='bbox 1353 1313 1400 1339; x_wconf 90' lang='lat' dir='ltr'>ac</span> <span class='ocrx_word' id='word_1_489' title='bbox 1420 1302 1580 1350; x_wconf 90' lang='lat' dir='ltr'>merito,</span> <span class='ocrx_word' id='word_1_490' title='bbox 1604 1302 1840 1353; x_wconf 87' lang='lat' dir='ltr'>hujusmodi</span> <span class='ocrx_word' id='word_1_491' title='bbox 1858 1302 2027 1341; x_wconf 89' lang='lat' dir='ltr'>clericos</span> <span class='ocrx_word' id='word_1_492' title='bbox 2048 1314 2139 1341; x_wconf 88' lang='lat' dir='ltr'>esse</span> <span class='ocrx_word' id='word_1_493' title='bbox 2159 1302 2234 1341; x_wconf 91' lang='lat' dir='ltr'>ad—</span> 
     </span>
     <span class='ocr_line' id='line_1_76' title="bbox 1201 1361 2234 1414; baseline 0.003 -15"><span class='ocrx_word' id='word_1_494' title='bbox 1201 1361 1332 1401; x_wconf 90' lang='lat' dir='ltr'>dictos</span> <span class='ocrx_word' id='word_1_495' title='bbox 1348 1363 1404 1401; x_wconf 94' lang='lat' dir='ltr'>illi</span> <span class='ocrx_word' id='word_1_496' title='bbox 1426 1364 1631 1410; x_wconf 83' lang='lat' dir='ltr'>Ecclesiae,</span> <span class='ocrx_word' id='word_1_497' title='bbox 1658 1364 1700 1402; x_wconf 93' lang='lat' dir='ltr'>in</span> <span class='ocrx_word' id='word_1_498' title='bbox 1719 1376 1801 1414; x_wconf 90' lang='lat' dir='ltr'>qua</span> <span class='ocrx_word' id='word_1_499' title='bbox 1821 1367 1862 1402; x_wconf 89' lang='lat' dir='ltr'>et</span> <span class='ocrx_word' id='word_1_500' title='bbox 1883 1376 1957 1414; x_wconf 86' lang='lat' dir='ltr'>pro</span> <span class='ocrx_word' id='word_1_501' title='bbox 1980 1375 2061 1413; x_wconf 87' lang='lat' dir='ltr'>qua</span> <span class='ocrx_word' id='word_1_502' title='bbox 2080 1364 2234 1402; x_wconf 87' lang='lat' dir='ltr'>educa·</span> 
     </span>
     <span class='ocr_line' id='line_1_77' title="bbox 1201 1422 2234 1476; baseline 0.002 -15"><span class='ocrx_word' id='word_1_503' title='bbox 1201 1422 1365 1463; x_wconf 86' lang='lat' dir='ltr'>bantur.</span> <span class='ocrx_word' id='word_1_504' title='bbox 1395 1425 1458 1463; x_wconf 88' lang='lat' dir='ltr'>Ad</span> <span class='ocrx_word' id='word_1_505' title='bbox 1478 1426 1587 1464; x_wconf 88' lang='lat' dir='ltr'>hunc</span> <span class='ocrx_word' id='word_1_506' title='bbox 1611 1436 1709 1476; x_wconf 90' lang='lat' dir='ltr'>ergo</span> <span class='ocrx_word' id='word_1_507' title='bbox 1745 1425 1914 1464; x_wconf 90' lang='lat' dir='ltr'>modum</span> <span class='ocrx_word' id='word_1_508' title='bbox 1946 1437 1989 1464; x_wconf 89' lang='lat' dir='ltr'>se</span> <span class='ocrx_word' id='word_1_509' title='bbox 2017 1425 2142 1463; x_wconf 89' lang='lat' dir='ltr'>habet</span> <span class='ocrx_word' id='word_1_510' title='bbox 2158 1426 2234 1464; x_wconf 89' lang='lat' dir='ltr'>So·</span> 
     </span>
     <span class='ocr_line' id='line_1_78' title="bbox 1202 1485 2231 1534; baseline -0.001 -9"><span class='ocrx_word' id='word_1_511' title='bbox 1202 1485 1330 1526; x_wconf 90' lang='lat' dir='ltr'>cietas</span> <span class='ocrx_word' id='word_1_512' title='bbox 1347 1486 1453 1525; x_wconf 90' lang='lat' dir='ltr'>circa</span> <span class='ocrx_word' id='word_1_513' title='bbox 1474 1487 1681 1525; x_wconf 89' lang='lat' dir='ltr'>scholares</span> <span class='ocrx_word' id='word_1_514' title='bbox 1702 1498 1813 1534; x_wconf 89' lang='lat' dir='ltr'>suos,</span> <span class='ocrx_word' id='word_1_515' title='bbox 1836 1490 1876 1525; x_wconf 89' lang='lat' dir='ltr'>et</span> <span class='ocrx_word' id='word_1_516' title='bbox 1894 1486 2041 1525; x_wconf 91' lang='lat' dir='ltr'>eodem</span> <span class='ocrx_word' id='word_1_517' title='bbox 2061 1486 2231 1525; x_wconf 89' lang='lat' dir='ltr'>consilio</span> 
     </span>
     <span class='ocr_line' id='line_1_79' title="bbox 1203 1547 2233 1598; baseline 0 -12"><span class='ocrx_word' id='word_1_518' title='bbox 1203 1549 1446 1587; x_wconf 86' lang='lat' dir='ltr'>ordinarunt</span> <span class='ocrx_word' id='word_1_519' title='bbox 1467 1548 1697 1595; x_wconf 85' lang='lat' dir='ltr'>Pontifices,</span> <span class='ocrx_word' id='word_1_520' title='bbox 1719 1552 1766 1587; x_wconf 91' lang='lat' dir='ltr'>ut</span> <span class='ocrx_word' id='word_1_521' title='bbox 1786 1548 1995 1586; x_wconf 87' lang='lat' dir='ltr'>scholares</span> <span class='ocrx_word' id='word_1_522' title='bbox 2014 1547 2233 1598; x_wconf 89' lang='lat' dir='ltr'>approbati</span> 
     </span>
     <span class='ocr_line' id='line_1_80' title="bbox 1199 1609 2234 1660; baseline -0.001 -12"><span class='ocrx_word' id='word_1_523' title='bbox 1199 1609 1243 1648; x_wconf 88' lang='lat' dir='ltr'>in</span> <span class='ocrx_word' id='word_1_524' title='bbox 1259 1611 1460 1649; x_wconf 90' lang='lat' dir='ltr'>Societate</span> <span class='ocrx_word' id='word_1_525' title='bbox 1473 1611 1526 1648; x_wconf 91' lang='lat' dir='ltr'>ad</span> <span class='ocrx_word' id='word_1_526' title='bbox 1542 1610 1697 1648; x_wconf 92' lang='lat' dir='ltr'>nullam</span> <span class='ocrx_word' id='word_1_527' title='bbox 1709 1609 1831 1648; x_wconf 88' lang='lat' dir='ltr'>aliam</span> <span class='ocrx_word' id='word_1_528' title='bbox 1847 1610 2088 1660; x_wconf 90' lang='lat' dir='ltr'>religionem</span> <span class='ocrx_word' id='word_1_529' title='bbox 2102 1613 2234 1647; x_wconf 87' lang='lat' dir='ltr'>trans·</span> 
     </span>
     <span class='ocr_line' id='line_1_81' title="bbox 1201 1670 2230 1721; baseline -0.001 -13"><span class='ocrx_word' id='word_1_530' title='bbox 1201 1670 1260 1708; x_wconf 90' lang='lat' dir='ltr'>ire</span> <span class='ocrx_word' id='word_1_531' title='bbox 1282 1671 1464 1720; x_wconf 87' lang='lat' dir='ltr'>possint,</span> <span class='ocrx_word' id='word_1_532' title='bbox 1492 1675 1662 1721; x_wconf 79' lang='lat' dir='ltr'>excepto</span> <span class='ocrx_word' id='word_1_533' title='bbox 1690 1670 2041 1709; x_wconf 89' lang='lat' dir='ltr'>Carthusiensium</span> <span class='ocrx_word' id='word_1_534' title='bbox 2071 1670 2230 1718; x_wconf 89' lang='lat' dir='ltr'>ordine,</span> 
     </span>
     <span class='ocr_line' id='line_1_82' title="bbox 1202 1730 2232 1782; baseline -0.001 -13"><span class='ocrx_word' id='word_1_535' title='bbox 1202 1731 1312 1782; x_wconf 90' lang='lat' dir='ltr'>quod</span> <span class='ocrx_word' id='word_1_536' title='bbox 1341 1743 1558 1770; x_wconf 91' lang='lat' dir='ltr'>commune</span> <span class='ocrx_word' id='word_1_537' title='bbox 1582 1733 1644 1770; x_wconf 88' lang='lat' dir='ltr'>est</span> <span class='ocrx_word' id='word_1_538' title='bbox 1671 1731 1794 1770; x_wconf 87' lang='lat' dir='ltr'>etiam</span> <span class='ocrx_word' id='word_1_539' title='bbox 1822 1730 2038 1781; x_wconf 86' lang='lat' dir='ltr'>professis3</span> <span class='ocrx_word' id='word_1_540' title='bbox 2067 1730 2118 1768; x_wconf 91' lang='lat' dir='ltr'>de</span> <span class='ocrx_word' id='word_1_541' title='bbox 2151 1742 2232 1780; x_wconf 92' lang='lat' dir='ltr'>quo</span> 
     </span>
     <span class='ocr_line' id='line_1_83' title="bbox 1202 1791 2232 1839; baseline -0.002 -7"><span class='ocrx_word' id='word_1_542' title='bbox 1202 1793 1321 1838; x_wconf 86' lang='lat' dir='ltr'>infra,</span> <span class='ocrx_word' id='word_1_543' title='bbox 1344 1793 1449 1830; x_wconf 90' lang='lat' dir='ltr'>libro</span> <span class='ocrx_word' id='word_1_544' title='bbox 1486 1792 1722 1839; x_wconf 90' lang='lat' dir='ltr'>undecimo,</span> <span class='ocrx_word' id='word_1_545' title='bbox 1752 1803 1787 1831; x_wconf 88' lang='lat' dir='ltr'>c.</span> <span class='ocrx_word' id='word_1_546' title='bbox 1814 1794 1853 1838; x_wconf 81' lang='lat'>2,</span> <span class='ocrx_word' id='word_1_547' title='bbox 1895 1791 2114 1830; x_wconf 91' lang='lat' dir='ltr'>dicendum</span> <span class='ocrx_word' id='word_1_548' title='bbox 2154 1794 2232 1830; x_wconf 85' lang='lat' dir='ltr'>est.</span> 
     </span>
     <span class='ocr_line' id='line_1_84' title="bbox 1204 1850 2233 1902; baseline -0.004 -10"><span class='ocrx_word' id='word_1_549' title='bbox 1204 1856 1340 1893; x_wconf 89' lang='lat' dir='ltr'>Potest</span> <span class='ocrx_word' id='word_1_550' title='bbox 1375 1854 1498 1892; x_wconf 88' lang='lat' dir='ltr'>etiam</span> <span class='ocrx_word' id='word_1_551' title='bbox 1519 1853 1559 1891; x_wconf 91' lang='lat' dir='ltr'>in</span> <span class='ocrx_word' id='word_1_552' title='bbox 1582 1854 1704 1901; x_wconf 85' lang='lat' dir='ltr'>hujus</span> <span class='ocrx_word' id='word_1_553' title='bbox 1733 1852 1793 1891; x_wconf 91' lang='lat' dir='ltr'>rei</span> <span class='ocrx_word' id='word_1_554' title='bbox 1817 1852 2050 1902; x_wconf 86' lang='lat' dir='ltr'>exemplum</span> <span class='ocrx_word' id='word_1_555' title='bbox 2084 1850 2233 1889; x_wconf 88' lang='lat' dir='ltr'>adduci</span> 
     </span>
     <span class='ocr_line' id='line_1_85' title="bbox 1202 1912 2234 1966; baseline -0.004 -12"><span class='ocrx_word' id='word_1_556' title='bbox 1202 1915 1260 1962; x_wconf 87' lang='lat' dir='ltr'>id,</span> <span class='ocrx_word' id='word_1_557' title='bbox 1295 1914 1406 1966; x_wconf 91' lang='lat' dir='ltr'>quod</span> <span class='ocrx_word' id='word_1_558' title='bbox 1441 1926 1553 1953; x_wconf 89' lang='lat' dir='ltr'>nunc</span> <span class='ocrx_word' id='word_1_559' title='bbox 1587 1913 1775 1953; x_wconf 88' lang='lat' dir='ltr'>videmus</span> <span class='ocrx_word' id='word_1_560' title='bbox 1800 1925 1825 1952; x_wconf 89' lang='lat' dir='ltr'>a</span> <span class='ocrx_word' id='word_1_561' title='bbox 1857 1912 2123 1951; x_wconf 87' lang='lat' dir='ltr'>Pontificibus</span> <span class='ocrx_word' id='word_1_562' title='bbox 2160 1912 2234 1951; x_wconf 84' lang='lat' dir='ltr'>ob-</span> 
     </span>
     <span class='ocr_line' id='line_1_86' title="bbox 1204 1974 2235 2024; baseline -0.005 -8"><span class='ocrx_word' id='word_1_563' title='bbox 1204 1977 1358 2016; x_wconf 85' lang='lat' dir='ltr'>servari</span> <span class='ocrx_word' id='word_1_564' title='bbox 1392 1975 1436 2015; x_wconf 89' lang='lat' dir='ltr'>in</span> <span class='ocrx_word' id='word_1_565' title='bbox 1472 1976 1534 2014; x_wconf 86' lang='lat' dir='ltr'>his</span> <span class='ocrx_word' id='word_1_566' title='bbox 1569 1975 1814 2022; x_wconf 86' lang='lat' dir='ltr'>seminariis,</span> <span class='ocrx_word' id='word_1_567' title='bbox 1848 1985 1940 2024; x_wconf 85' lang='lat' dir='ltr'>quae</span> <span class='ocrx_word' id='word_1_568' title='bbox 1972 1974 2025 2012; x_wconf 89' lang='lat' dir='ltr'>ad</span> <span class='ocrx_word' id='word_1_569' title='bbox 2054 1974 2235 2012; x_wconf 85' lang='lat' dir='ltr'>educan-</span> 
     </span>
     <span class='ocr_line' id='line_1_87' title="bbox 1203 2034 2233 2089; baseline -0.005 -12"><span class='ocrx_word' id='word_1_570' title='bbox 1203 2037 1277 2077; x_wconf 90' lang='lat' dir='ltr'>dos</span> <span class='ocrx_word' id='word_1_571' title='bbox 1295 2037 1556 2089; x_wconf 85' lang='lat' dir='ltr'>presbyteros</span> <span class='ocrx_word' id='word_1_572' title='bbox 1581 2036 1722 2075; x_wconf 86' lang='lat' dir='ltr'>doctos</span> <span class='ocrx_word' id='word_1_573' title='bbox 1746 2038 1785 2074; x_wconf 86' lang='lat' dir='ltr'>et</span> <span class='ocrx_word' id='word_1_574' title='bbox 1810 2034 2032 2074; x_wconf 90' lang='lat' dir='ltr'>catholicos</span> <span class='ocrx_word' id='word_1_575' title='bbox 2054 2034 2233 2073; x_wconf 89' lang='lat' dir='ltr'>diversa-</span> 
     </span>
     <span class='ocr_line' id='line_1_88' title="bbox 1202 2094 2231 2148; baseline -0.004 -11"><span class='ocrx_word' id='word_1_576' title='bbox 1202 2110 1295 2137; x_wconf 92' lang='lat' dir='ltr'>rum</span> <span class='ocrx_word' id='word_1_577' title='bbox 1320 2099 1552 2146; x_wconf 85' lang='lat' dir='ltr'>nationum,</span> <span class='ocrx_word' id='word_1_578' title='bbox 1580 2097 1631 2136; x_wconf 90' lang='lat' dir='ltr'>ad</span> <span class='ocrx_word' id='word_1_579' title='bbox 1664 2096 1962 2148; x_wconf 83' lang='lat' dir='ltr'>expugnandas</span> <span class='ocrx_word' id='word_1_580' title='bbox 1986 2096 2163 2134; x_wconf 84' lang='lat' dir='ltr'>haereses</span> <span class='ocrx_word' id='word_1_581' title='bbox 2187 2094 2231 2132; x_wconf 91' lang='lat' dir='ltr'>in</span> 
     </span>
     <span class='ocr_line' id='line_1_89' title="bbox 1201 2155 2232 2207; baseline -0.005 -8"><span class='ocrx_word' id='word_1_582' title='bbox 1201 2160 1259 2199; x_wconf 88' lang='lat' dir='ltr'>eis</span> <span class='ocrx_word' id='word_1_583' title='bbox 1281 2164 1456 2206; x_wconf 86' lang='lat' dir='ltr'>exortas,</span> <span class='ocrx_word' id='word_1_584' title='bbox 1478 2162 1720 2204; x_wconf 87' lang='lat' dir='ltr'>erexerunt;</span> <span class='ocrx_word' id='word_1_585' title='bbox 1744 2170 1828 2196; x_wconf 93' lang='lat' dir='ltr'>non</span> <span class='ocrx_word' id='word_1_586' title='bbox 1844 2157 1953 2196; x_wconf 90' lang='lat' dir='ltr'>enim</span> <span class='ocrx_word' id='word_1_587' title='bbox 1968 2157 2086 2196; x_wconf 87' lang='lat' dir='ltr'>aliter</span> <span class='ocrx_word' id='word_1_588' title='bbox 2103 2155 2232 2207; x_wconf 91' lang='lat' dir='ltr'>(quod</span> 
     </span>
     <span class='ocr_line' id='line_1_90' title="bbox 1200 2218 2233 2271; baseline -0.006 -11"><span class='ocrx_word' id='word_1_589' title='bbox 1200 2222 1343 2271; x_wconf 88' lang='lat' dir='ltr'>sciam)</span> <span class='ocrx_word' id='word_1_590' title='bbox 1365 2233 1436 2259; x_wconf 88' lang='lat' dir='ltr'>eos</span> <span class='ocrx_word' id='word_1_591' title='bbox 1457 2221 1691 2266; x_wconf 88' lang='lat' dir='ltr'>admittunt,</span> <span class='ocrx_word' id='word_1_592' title='bbox 1714 2219 1791 2256; x_wconf 89' lang='lat' dir='ltr'>nisi</span> <span class='ocrx_word' id='word_1_593' title='bbox 1812 2219 1925 2268; x_wconf 93' lang='lat' dir='ltr'>prius</span> <span class='ocrx_word' id='word_1_594' title='bbox 1943 2220 2052 2264; x_wconf 88' lang='lat' dir='ltr'>voto,</span> <span class='ocrx_word' id='word_1_595' title='bbox 2079 2218 2145 2255; x_wconf 83' lang='lat' dir='ltr'>vel</span> <span class='ocrx_word' id='word_1_596' title='bbox 2165 2218 2233 2268; x_wconf 89' lang='lat' dir='ltr'>ju-</span> 
     </span>
     <span class='ocr_line' id='line_1_91' title="bbox 1198 2277 2227 2332; baseline -0.005 -12"><span class='ocrx_word' id='word_1_597' title='bbox 1198 2285 1387 2321; x_wconf 88' lang='lat' dir='ltr'>ramento</span> <span class='ocrx_word' id='word_1_598' title='bbox 1409 2281 1589 2332; x_wconf 80' lang='lat' dir='ltr'>praestito</span> <span class='ocrx_word' id='word_1_599' title='bbox 1612 2278 1858 2330; x_wconf 89' lang='lat' dir='ltr'>suscipiendi</span> <span class='ocrx_word' id='word_1_600' title='bbox 1883 2290 2021 2316; x_wconf 90' lang='lat' dir='ltr'>sacros</span> <span class='ocrx_word' id='word_1_601' title='bbox 2041 2277 2227 2324; x_wconf 80' lang='lat' dir='ltr'>Ordines,</span> 
     </span>
     <span class='ocr_line' id='line_1_92' title="bbox 1203 2338 2231 2393; baseline -0.007 -11"><span class='ocrx_word' id='word_1_602' title='bbox 1203 2344 1301 2383; x_wconf 89' lang='lat' dir='ltr'>etin</span> <span class='ocrx_word' id='word_1_603' title='bbox 1319 2343 1404 2381; x_wconf 88' lang='lat' dir='ltr'>suis</span> <span class='ocrx_word' id='word_1_604' title='bbox 1419 2342 1558 2393; x_wconf 89' lang='lat' dir='ltr'>regnis</span> <span class='ocrx_word' id='word_1_605' title='bbox 1575 2341 1640 2380; x_wconf 92' lang='lat' dir='ltr'>vel</span> <span class='ocrx_word' id='word_1_606' title='bbox 1659 2340 1878 2391; x_wconf 85' lang='lat' dir='ltr'>provinciis</span> <span class='ocrx_word' id='word_1_607' title='bbox 1891 2351 1963 2390; x_wconf 90' lang='lat' dir='ltr'>pro</span> <span class='ocrx_word' id='word_1_608' title='bbox 1983 2339 2064 2377; x_wconf 90' lang='lat' dir='ltr'>fide</span> <span class='ocrx_word' id='word_1_609' title='bbox 2085 2338 2231 2376; x_wconf 87' lang='lat' dir='ltr'>Catho-</span> 
     </span>
     <span class='ocr_line' id='line_1_93' title="bbox 1199 2399 2232 2452; baseline -0.005 -9"><span class='ocrx_word' id='word_1_610' title='bbox 1199 2405 1292 2452; x_wconf 90' lang='lat' dir='ltr'>lica,</span> <span class='ocrx_word' id='word_1_611' title='bbox 1323 2408 1364 2443; x_wconf 88' lang='lat' dir='ltr'>et</span> <span class='ocrx_word' id='word_1_612' title='bbox 1384 2403 1615 2442; x_wconf 87' lang='lat' dir='ltr'>animarum</span> <span class='ocrx_word' id='word_1_613' title='bbox 1641 2402 1910 2441; x_wconf 89' lang='lat' dir='ltr'>conversione</span> <span class='ocrx_word' id='word_1_614' title='bbox 1938 2399 2166 2446; x_wconf 90' lang='lat' dir='ltr'>laborandi,</span> <span class='ocrx_word' id='word_1_615' title='bbox 2191 2403 2232 2438; x_wconf 89' lang='lat' dir='ltr'>et</span> 
     </span>
     <span class='ocr_line' id='line_1_94' title="bbox 1200 2459 2229 2514; baseline -0.007 -10"><span class='ocrx_word' id='word_1_616' title='bbox 1200 2464 1425 2504; x_wconf 87' lang='lat' dir='ltr'>ministeria</span> <span class='ocrx_word' id='word_1_617' title='bbox 1454 2463 1724 2502; x_wconf 89' lang='lat' dir='ltr'>sacerdotalia</span> <span class='ocrx_word' id='word_1_618' title='bbox 1745 2460 1977 2507; x_wconf 87' lang='lat' dir='ltr'>exercendi,</span> <span class='ocrx_word' id='word_1_619' title='bbox 2006 2459 2102 2514; x_wconf 78' lang='lat' dir='ltr'>quia</span> <span class='ocrx_word' id='word_1_620' title='bbox 2128 2460 2229 2498; x_wconf 89' lang='lat' dir='ltr'>alias</span> 
     </span>
     <span class='ocr_line' id='line_1_95' title="bbox 1199 2520 2229 2569; baseline -0.008 -4"><span class='ocrx_word' id='word_1_621' title='bbox 1199 2526 1285 2566; x_wconf 86' lang='lat' dir='ltr'>fere</span> <span class='ocrx_word' id='word_1_622' title='bbox 1306 2526 1444 2564; x_wconf 87' lang='lat' dir='ltr'>nullus</span> <span class='ocrx_word' id='word_1_623' title='bbox 1471 2524 1627 2562; x_wconf 90' lang='lat' dir='ltr'>fructus</span> <span class='ocrx_word' id='word_1_624' title='bbox 1648 2535 1699 2562; x_wconf 86' lang='lat' dir='ltr'>ex</span> <span class='ocrx_word' id='word_1_625' title='bbox 1718 2534 1766 2561; x_wconf 90' lang='lat' dir='ltr'>eo</span> <span class='ocrx_word' id='word_1_626' title='bbox 1799 2522 1942 2560; x_wconf 89' lang='lat' dir='ltr'>labore</span> <span class='ocrx_word' id='word_1_627' title='bbox 1971 2525 2011 2559; x_wconf 89' lang='lat' dir='ltr'>et</span> <span class='ocrx_word' id='word_1_628' title='bbox 2039 2520 2229 2569; x_wconf 84' lang='lat' dir='ltr'>expensis</span> 
     </span>
     <span class='ocr_line' id='line_1_96' title="bbox 1200 2580 2225 2640; baseline -0.01 -14"><span class='ocrx_word' id='word_1_629' title='bbox 1200 2586 1402 2640; x_wconf 88' lang='lat' dir='ltr'>probabili</span> <span class='ocrx_word' id='word_1_630' title='bbox 1437 2584 1680 2624; x_wconf 88' lang='lat' dir='ltr'>certitudine</span> <span class='ocrx_word' id='word_1_631' title='bbox 1702 2582 1857 2633; x_wconf 90' lang='lat' dir='ltr'>sperari</span> <span class='ocrx_word' id='word_1_632' title='bbox 1890 2584 2041 2630; x_wconf 87' lang='lat' dir='ltr'>posset.</span> <span class='ocrx_word' id='word_1_633' title='bbox 2073 2580 2132 2618; x_wconf 91' lang='lat' dir='ltr'>Ita</span> <span class='ocrx_word' id='word_1_634' title='bbox 2165 2591 2225 2618; x_wconf 89' lang='lat' dir='ltr'>er-</span> 
     </span>
     <span class='ocr_line' id='line_1_97' title="bbox 1200 2639 2224 2700; baseline -0.011 -12"><span class='ocrx_word' id='word_1_635' title='bbox 1200 2662 1268 2700; x_wconf 88' lang='lat' dir='ltr'>go,</span> <span class='ocrx_word' id='word_1_636' title='bbox 1292 2650 1452 2687; x_wconf 85' lang='lat' dir='ltr'>servata</span> <span class='ocrx_word' id='word_1_637' title='bbox 1469 2643 1747 2695; x_wconf 89' lang='lat' dir='ltr'>proportione,</span> <span class='ocrx_word' id='word_1_638' title='bbox 1761 2639 1994 2680; x_wconf 84' lang='lat' dir='ltr'>necessaria</span> <span class='ocrx_word' id='word_1_639' title='bbox 2009 2639 2084 2677; x_wconf 87' lang='lat' dir='ltr'>fuit</span> <span class='ocrx_word' id='word_1_640' title='bbox 2099 2639 2141 2677; x_wconf 93' lang='lat' dir='ltr'>in</span> <span class='ocrx_word' id='word_1_641' title='bbox 2157 2640 2224 2678; x_wconf 89' lang='lat' dir='ltr'>So-</span> 
     </span>
     <span class='ocr_line' id='line_1_98' title="bbox 1199 2700 2224 2756; baseline -0.012 -7"><span class='ocrx_word' id='word_1_642' title='bbox 1199 2710 1344 2749; x_wconf 89' lang='lat' dir='ltr'>cietate</span> <span class='ocrx_word' id='word_1_643' title='bbox 1359 2705 1552 2756; x_wconf 85' lang='lat' dir='ltr'>obligatio</span> <span class='ocrx_word' id='word_1_644' title='bbox 1573 2717 1622 2742; x_wconf 88' lang='lat' dir='ltr'>ex</span> <span class='ocrx_word' id='word_1_645' title='bbox 1636 2706 1751 2755; x_wconf 88' lang='lat' dir='ltr'>parte</span> <span class='ocrx_word' id='word_1_646' title='bbox 1767 2700 2116 2748; x_wconf 85' lang='lat' dir='ltr'>scholasticorum,</span> <span class='ocrx_word' id='word_1_647' title='bbox 2133 2712 2224 2738; x_wconf 87' lang='lat' dir='ltr'>eam</span> 
     </span>
     <span class='ocr_line' id='line_1_99' title="bbox 1198 2762 2224 2820; baseline -0.011 -9"><span class='ocrx_word' id='word_1_648' title='bbox 1198 2782 1294 2811; x_wconf 86' lang='lat' dir='ltr'>vero</span> <span class='ocrx_word' id='word_1_649' title='bbox 1315 2767 1494 2820; x_wconf 88' lang='lat' dir='ltr'>oportuit</span> <span class='ocrx_word' id='word_1_650' title='bbox 1513 2765 1604 2804; x_wconf 89' lang='lat' dir='ltr'>fieri</span> <span class='ocrx_word' id='word_1_651' title='bbox 1635 2764 1758 2804; x_wconf 92' lang='lat' dir='ltr'>modo</span> <span class='ocrx_word' id='word_1_652' title='bbox 1779 2762 1968 2813; x_wconf 86' lang='lat' dir='ltr'>religioni</span> <span class='ocrx_word' id='word_1_653' title='bbox 1994 2772 2224 2801; x_wconf 81' lang='lat' dir='ltr'>accommo-</span> 
     </span>
     <span class='ocr_line' id='line_1_100' title="bbox 1198 2823 2226 2880; baseline -0.009 -9"><span class='ocrx_word' id='word_1_654' title='bbox 1198 2832 1308 2878; x_wconf 88' lang='lat' dir='ltr'>dato,</span> <span class='ocrx_word' id='word_1_655' title='bbox 1339 2834 1462 2880; x_wconf 88' lang='lat' dir='ltr'>atque</span> <span class='ocrx_word' id='word_1_656' title='bbox 1486 2828 1589 2865; x_wconf 90' lang='lat' dir='ltr'>adeo</span> <span class='ocrx_word' id='word_1_657' title='bbox 1618 2838 1693 2877; x_wconf 86' lang='lat' dir='ltr'>per</span> <span class='ocrx_word' id='word_1_658' title='bbox 1722 2823 2004 2863; x_wconf 89' lang='lat' dir='ltr'>substantialia</span> <span class='ocrx_word' id='word_1_659' title='bbox 2039 2826 2147 2870; x_wconf 88' lang='lat' dir='ltr'>vota,</span> <span class='ocrx_word' id='word_1_660' title='bbox 2186 2826 2226 2862; x_wconf 83' lang='lat' dir='ltr'>et</span> 
     </span>
     <span class='ocr_line' id='line_1_101' title="bbox 1197 2883 2226 2939; baseline -0.009 -8"><span class='ocrx_word' id='word_1_661' title='bbox 1197 2893 1385 2931; x_wconf 90' lang='lat' dir='ltr'>intimam</span> <span class='ocrx_word' id='word_1_662' title='bbox 1405 2888 1639 2939; x_wconf 88' lang='lat' dir='ltr'>religiosam</span> <span class='ocrx_word' id='word_1_663' title='bbox 1668 2885 1866 2924; x_wconf 89' lang='lat' dir='ltr'>unionem</span> <span class='ocrx_word' id='word_1_664' title='bbox 1894 2895 1989 2924; x_wconf 89' lang='lat' dir='ltr'>cum</span> <span class='ocrx_word' id='word_1_665' title='bbox 2020 2883 2226 2922; x_wconf 80' lang='lat' dir='ltr'>Societate</span> 
     </span>
    </p>
   </div>
   <div class='ocr_carea' id='block_1_7' title="bbox 1194 2954 1299 3005">
    <p class='ocr_par' dir='ltr' id='par_1_9' title="bbox 1194 2954 1299 3005">
     <span class='ocr_line' id='line_1_102' title="bbox 1194 2954 1299 3005; baseline 0 -13"><span class='ocrx_word' id='word_1_666' title='bbox 1194 2954 1299 3005; x_wconf 90' lang='lat' dir='ltr'>ipsa.</span> 
     </span>
    </p>
   </div>
   <div class='ocr_carea' id='block_1_8' title="bbox 1198 3044 2232 3150">
    <p class='ocr_par' dir='ltr' id='par_1_10' title="bbox 1198 3044 2232 3150">
     <span class='ocr_line' id='line_1_103' title="bbox 1198 3044 2232 3103; baseline -0.011 -11"><span class='ocrx_word' id='word_1_667' title='bbox 1198 3048 1480 3103; x_wconf 73' lang='lat' dir='ltr'>Obliqationem</span> <span class='ocrx_word' id='word_1_668' title='bbox 1509 3058 1580 3100; x_wconf 81' lang='lat' dir='ltr'>per</span> <span class='ocrx_word' id='word_1_669' title='bbox 1597 3044 1798 3096; x_wconf 68' lang='lat' dir='ltr'>praedicta</span> <span class='ocrx_word' id='word_1_670' title='bbox 1819 3045 1910 3083; x_wconf 80' lang='lat' dir='ltr'>vota</span> <span class='ocrx_word' id='word_1_671' title='bbox 1929 3053 2007 3082; x_wconf 84' lang='lat' dir='ltr'>non</span> <span class='ocrx_word' id='word_1_672' title='bbox 2037 3052 2120 3083; x_wconf 79' lang='lat' dir='ltr'>csse</span> <span class='ocrx_word' id='word_1_673' title='bbox 2137 3052 2232 3086; x_wconf 47' lang='grc' dir='ltr'>Μὴ</span> 
     </span>
     <span class='ocr_line' id='line_1_104' title="bbox 1642 3108 1773 3150; baseline -0.023 -4"><span class='ocrx_word' id='word_1_674' title='bbox 1642 3108 1773 3150; x_wconf 59' lang='grc' dir='ltr'>ΐίόαῇὴ</span> 
     </span>
    </p>
   </div>
   <div class='ocr_carea' id='block_1_9' title="bbox 1194 3179 2230 3607">
    <p class='ocr_par' dir='ltr' id='par_1_11' title="bbox 1194 3179 2230 3607">
     <span class='ocr_line' id='line_1_105' title="bbox 1251 3179 2223 3239; baseline -0.011 -9"><span class='ocrx_word' id='word_1_675' title='bbox 1251 3191 1290 3230; x_wconf 89' lang='grc'>6.</span> <span class='ocrx_word' id='word_1_676' title='bbox 1313 3186 1449 3230; x_wconf 77' lang='lat' dir='ltr'>Tertia</span> <span class='ocrx_word' id='word_1_677' title='bbox 1469 3184 1689 3239; x_wconf 75' lang='lat' dir='ltr'>suppositio</span> <span class='ocrx_word' id='word_1_678' title='bbox 1705 3181 1911 3234; x_wconf 76' lang='lat' dir='ltr'>bipartita.</span> <span class='ocrx_word' id='word_1_679' title='bbox 1925 3201 1979 3210; x_wconf 94' lang='lat'><strong>—</strong></span> <span class='ocrx_word' id='word_1_680' title='bbox 1991 3179 2223 3220; x_wconf 79' lang='lat' dir='ltr'>Ostenditwr</span> 
     </span>
     <span class='ocr_line' id='line_1_106' title="bbox 1194 3240 2222 3305; baseline -0.014 -13"><span class='ocrx_word' id='word_1_681' title='bbox 1194 3252 1310 3305; x_wconf 79' lang='lat' dir='ltr'>prior</span> <span class='ocrx_word' id='word_1_682' title='bbox 1327 3244 1653 3301; x_wconf 77' lang='lat' dir='ltr'>pars.—Tertio</span> <span class='ocrx_word' id='word_1_683' title='bbox 1677 3241 1995 3294; x_wconf 83' lang='lat' dir='ltr'>supponendum</span> <span class='ocrx_word' id='word_1_684' title='bbox 2016 3244 2100 3289; x_wconf 87' lang='lat' dir='ltr'>est,</span> <span class='ocrx_word' id='word_1_685' title='bbox 2133 3240 2222 3279; x_wconf 76' lang='lat' dir='ltr'>haeo</span> 
     </span>
     <span class='ocr_line' id='line_1_107' title="bbox 1199 3306 2222 3354; baseline -0.014 -2"><span class='ocrx_word' id='word_1_686' title='bbox 1199 3316 1296 3353; x_wconf 88' lang='lat' dir='ltr'>vota</span> <span class='ocrx_word' id='word_1_687' title='bbox 1314 3311 1369 3350; x_wconf 86' lang='lat' dir='ltr'>ita</span> <span class='ocrx_word' id='word_1_688' title='bbox 1389 3309 1479 3349; x_wconf 85' lang='lat' dir='ltr'>fieri</span> <span class='ocrx_word' id='word_1_689' title='bbox 1501 3307 1544 3346; x_wconf 90' lang='lat' dir='ltr'>in</span> <span class='ocrx_word' id='word_1_690' title='bbox 1563 3306 1779 3353; x_wconf 87' lang='lat' dir='ltr'>Societate,</span> <span class='ocrx_word' id='word_1_691' title='bbox 1802 3307 1845 3342; x_wconf 92' lang='lat' dir='ltr'>ut</span> <span class='ocrx_word' id='word_1_692' title='bbox 1865 3315 1916 3342; x_wconf 87' lang='lat' dir='ltr'>ex</span> <span class='ocrx_word' id='word_1_693' title='bbox 1934 3306 2049 3354; x_wconf 87' lang='lat' dir='ltr'>parte</span> <span class='ocrx_word' id='word_1_694' title='bbox 2069 3310 2222 3340; x_wconf 83' lang='lat' dir='ltr'>voven-</span> 
     </span>
     <span class='ocr_line' id='line_1_108' title="bbox 1201 3363 2220 3415; baseline -0.016 -1"><span class='ocrx_word' id='word_1_695' title='bbox 1201 3374 1253 3414; x_wconf 92' lang='lat' dir='ltr'>tis</span> <span class='ocrx_word' id='word_1_696' title='bbox 1273 3372 1353 3412; x_wconf 87' lang='lat' dir='ltr'>sint</span> <span class='ocrx_word' id='word_1_697' title='bbox 1381 3383 1432 3411; x_wconf 88' lang='lat' dir='ltr'>ex</span> <span class='ocrx_word' id='word_1_698' title='bbox 1454 3367 1681 3408; x_wconf 88' lang='lat' dir='ltr'>intentione</span> <span class='ocrx_word' id='word_1_699' title='bbox 1707 3378 1751 3405; x_wconf 89' lang='lat' dir='ltr'>se</span> <span class='ocrx_word' id='word_1_700' title='bbox 1780 3363 1988 3415; x_wconf 89' lang='lat' dir='ltr'>obligandi</span> <span class='ocrx_word' id='word_1_701' title='bbox 2006 3363 2050 3401; x_wconf 90' lang='lat' dir='ltr'>in</span> <span class='ocrx_word' id='word_1_702' title='bbox 2075 3366 2220 3412; x_wconf 83' lang='lat' dir='ltr'>perpe-</span> 
     </span>
     <span class='ocr_line' id='line_1_109' title="bbox 1200 3421 2220 3481; baseline -0.012 -7"><span class='ocrx_word' id='word_1_703' title='bbox 1200 3438 1331 3481; x_wconf 88' lang='lat' dir='ltr'>tuum,</span> <span class='ocrx_word' id='word_1_704' title='bbox 1354 3431 1407 3471; x_wconf 85' lang='lat' dir='ltr'>ad</span> <span class='ocrx_word' id='word_1_705' title='bbox 1425 3429 1646 3470; x_wconf 90' lang='lat' dir='ltr'>vivendum</span> <span class='ocrx_word' id='word_1_706' title='bbox 1663 3431 1704 3468; x_wconf 88' lang='lat' dir='ltr'>et</span> <span class='ocrx_word' id='word_1_707' title='bbox 1721 3425 1982 3466; x_wconf 90' lang='lat' dir='ltr'>moriendum</span> <span class='ocrx_word' id='word_1_708' title='bbox 1999 3423 2042 3462; x_wconf 88' lang='lat' dir='ltr'>in</span> <span class='ocrx_word' id='word_1_709' title='bbox 2060 3421 2138 3459; x_wconf 85' lang='lat' dir='ltr'>hac</span> <span class='ocrx_word' id='word_1_710' title='bbox 2156 3431 2220 3462; x_wconf 69' lang='lat' dir='ltr'>re-</span> 
     </span>
     <span class='ocr_line' id='line_1_110' title="bbox 1201 3486 2230 3549; baseline -0.017 -14"><span class='ocrx_word' id='word_1_711' title='bbox 1201 3496 1354 3547; x_wconf 88' lang='lat' dir='ltr'>ligione</span> <span class='ocrx_word' id='word_1_712' title='bbox 1371 3492 1448 3532; x_wconf 88' lang='lat' dir='ltr'>sub</span> <span class='ocrx_word' id='word_1_713' title='bbox 1465 3490 1698 3531; x_wconf 82' lang='lat' dir='ltr'>obedientia</span> <span class='ocrx_word' id='word_1_714' title='bbox 1718 3489 1830 3541; x_wconf 87' lang='lat' dir='ltr'>ejus;</span> <span class='ocrx_word' id='word_1_715' title='bbox 1850 3498 1902 3526; x_wconf 85' lang='lat' dir='ltr'>ex</span> <span class='ocrx_word' id='word_1_716' title='bbox 1918 3486 2034 3536; x_wconf 79' lang='lat' dir='ltr'>parte</span> <span class='ocrx_word' id='word_1_717' title='bbox 2049 3492 2148 3521; x_wconf 85' lang='lat' dir='ltr'>vero</span> <span class='ocrx_word' id='word_1_718' title='bbox 2161 3491 2230 3549; x_wconf 66' lang='lat' dir='ltr'>re·⁵</span> 
     </span>
     <span class='ocr_line' id='line_1_111' title="bbox 1200 3540 2228 3607; baseline -0.015 -12"><span class='ocrx_word' id='word_1_719' title='bbox 1200 3554 1365 3607; x_wconf 83' lang='lat' dir='ltr'>ligionis</span> <span class='ocrx_word' id='word_1_720' title='bbox 1392 3553 1525 3593; x_wconf 88' lang='lat' dir='ltr'>solum</span> <span class='ocrx_word' id='word_1_721' title='bbox 1544 3551 1811 3592; x_wconf 83' lang='lat' dir='ltr'>admittantur</span> <span class='ocrx_word' id='word_1_722' title='bbox 1827 3541 2080 3597; x_wconf 69' lang='lat' dir='ltr'>acceptando</span> <span class='ocrx_word' id='word_1_723' title='bbox 2098 3540 2228 3582; x_wconf 67' lang='lat' dir='ltr'>tradi-</span> 
     </span>
    </p>
   </div>
  </div>
 </body>
</html>
