2352 3880
1021 207 1151 244 INDEX
1169 209 1323 250 unitim.

160 276 523 319 communicationem
541 277 663 311 tamen
678 281 753 310 non
775 273 973 311 incurrent,
989 271 1034 314 si,
1052 280 1147 315 prae-

161 329 231 366 lixo
257 332 416 371 tempore
443 327 633 366 transacto,
654 324 803 359 brevem
825 323 985 367 aliquam
1007 328 1148 358 moram

158 379 324 420 fecerint,
339 380 532 420 antequam
547 376 707 416 redeant,
725 374 777 410 ib.

157 431 215 467 An
235 432 272 464 et
291 430 466 472 quantum
495 425 582 461 dicti
613 424 771 468 religiosi
798 426 948 468 peccent
964 421 1146 458 manando

157 479 200 515 in
219 479 349 514 saeculo
368 486 432 521 per
446 479 559 512 totum
573 475 758 519 praefixum
775 477 930 517 tempus,
943 473 973 508 si
991 475 1073 508 ante
1087 472 1147 506 vel

158 533 239 575 post
269 536 451 572 egressum
477 535 499 561 a
527 526 673 569 propria
704 525 879 568 religione
919 524 1148 558 mutaverunt

158 579 382 627 propositum
404 575 633 621 ingrediendi
649 575 770 616 aliam,
785 575 842 609 vel
856 577 950 609 certe
966 572 1147 609 intellexe-

158 634 246 666 runt
262 638 334 664 non
352 637 428 663 esse
447 628 493 663 ad
510 627 608 662 illam
627 625 879 663 admittendos,
895 624 946 660 ib.

158 681 332 715 Praeterea
348 679 378 713 si
391 677 478 714 dicti
491 675 651 719 religiosi
666 676 705 710 in
720 685 763 711 ea
775 675 963 718 religione,
977 674 1023 711 ad
1037 681 1147 718 quam

157 730 388 768 transierunt,
401 735 476 761 non
491 729 729 770 perseverent,
747 733 815 760 nec
833 724 1074 768 profiteantur,
1090 727 1147 759 te-

158 784 289 813 nentur
307 778 374 813 sub
393 777 519 811 eadem
537 784 647 820 poena
668 776 715 810 ad
732 776 915 819 propriam
935 774 1148 818 religionem

157 830 297 873 redire,
317 837 397 876 quae
415 829 525 865 etiam
546 835 609 865 eos
627 828 759 864 iterum
779 826 967 863 admittere
991 829 1144 868 tenetur,

158 879 208 915 ib.

155 931 191 966 Si
214 939 300 967 vero
328 930 368 965 in
400 929 577 972 religione
597 929 645 964 ad
672 934 782 972 quam
803 926 1036 968 transierunt,
1059 934 1145 969 pro-

158 981 350 1016 fessionem
373 980 550 1021 fecerint,
578 982 614 1013 et
636 979 683 1013 ab
706 987 748 1013 ea
764 982 886 1021 postea
904 978 950 1012 ad
971 977 1144 1020 seculum,

155 1031 212 1067 vel
234 1031 279 1066 ad
299 1030 469 1065 laxiorem
498 1029 711 1072 religionem
735 1028 885 1071 fugiant,
915 1035 958 1062 eo
983 1027 1059 1070 ipso
1078 1027 1147 1061 ite-

158 1089 239 1115 rum
260 1079 504 1123 jurisdictioni
530 1079 715 1114 societatis
736 1078 940 1121 subjacent,
966 1080 1147 1113 utcontra

155 1139 218 1165 eos
239 1135 410 1174 tanquam
425 1133 600 1173 apostatas
613 1128 808 1172 procedere
824 1128 946 1171 possit,
961 1125 1011 1160 ib.

154 1181 233 1216 Non
258 1182 306 1215 ita
327 1185 447 1215 tamen
464 1180 495 1214 si
513 1188 553 1214 se
566 1180 613 1215 ad
626 1180 803 1223 aequalem
821 1177 1034 1223 religionem
1056 1184 1149 1213 con-

156 1231 286 1272 ferant,
301 1231 352 1266 ib.
685 1242 706 1258 s

154 1280 243 1314 Vide
264 1281 371 1315 etiam
393 1281 587 1320 Professus,
604 1283 640 1315 et
656 1277 876 1314 scholastici.

112 1330 314 1375 Religiosus
329 1331 512 1375 professus
524 1329 707 1365 societatis
720 1336 766 1362 an
779 1331 814 1362 et
828 1327 961 1369 quibus
975 1335 1019 1362 ex
1031 1328 1148 1363 causis

156 1381 202 1416 de
221 1381 367 1416 licentia
390 1381 445 1415 sui
465 1379 649 1416 Generalis
665 1377 818 1413 transire
836 1377 949 1420 possit
973 1377 1020 1411 ad
1038 1377 1147 1412 aliam

155 1432 380 1475 religionem,
398 1431 506 1465 etiam
529 1430 715 1471 laxiorem,
733 1431 776 1462 tr.
795 1431 849 1468 10,
869 1428 893 1461 1.
918 1430 969 1470 11,
987 1436 1018 1462 c.
1043 1432 1074 1462 2.

155 1483 208 1517 An
230 1482 367 1524 possint
391 1481 526 1515 directe
552 1480 593 1514 in
618 1479 741 1522 aliquo
766 1485 853 1514 casu
878 1478 958 1522 cogi
980 1478 1027 1513 ad
1050 1478 1149 1513 hunc

155 1532 356 1571 transitum,
378 1531 425 1564 ib.

154 1583 207 1618 An
230 1582 353 1615 saltem
371 1581 560 1623 indirecte,
575 1579 628 1617 ib.

153 1630 242 1665 Vide
256 1631 438 1665 Praelatus.

113 1679 315 1724 Religiosus
329 1680 525 1722 societatis,
539 1679 602 1723 qui
619 1682 702 1715 vota
712 1681 853 1714 tantum
866 1679 1047 1724 simplicia
1060 1681 1150 1715 emi-

155 1732 213 1772 sit,
234 1732 263 1765 si
283 1731 375 1766 votis
394 1731 566 1764 liberetur
585 1729 652 1765 sub
672 1730 902 1769 conditione,
921 1733 962 1765 ut
976 1731 1015 1764 in
1038 1730 1151 1766 aliam

155 1781 368 1824 religionem
390 1783 547 1815 transeat
561 1806 569 1820 ,
594 1783 629 1815 et
647 1780 708 1814 ille
730 1784 851 1822 postea
873 1780 964 1814 nolit
987 1788 1068 1814 eam
1090 1780 1152 1816 in-

155 1832 270 1874 gredi,
295 1834 454 1874 apostata
474 1839 548 1865 non
564 1834 616 1865 est
629 1841 636 1872 ;
650 1833 686 1864 et
706 1830 888 1874 quomodo
902 1829 982 1875 cogi
998 1833 1060 1865 aut
1080 1839 1150 1874 pu·

156 1882 228 1914 niri
249 1882 368 1924 possit,
388 1885 430 1916 tr.
448 1884 479 1922 8,
495 1880 519 1914 l.
537 1883 568 1921 3,
585 1887 616 1915 c.
633 1883 684 1913 12.

111 1928 312 1973 Religiosus
328 1931 509 1965 transiens
523 1930 568 1964 ad
583 1930 691 1964 aliam
704 1929 929 1972 religionem,
944 1929 1150 1965 nullabona

152 1988 277 2014 eorum
296 1989 376 2022 quae
402 1980 594 2023 acquisivit
616 1980 655 2013 in
684 1979 795 2021 priori
817 1980 1004 2021 religione,
1026 1987 1150 2014 secum

154 2031 348 2065 transferre
372 2033 496 2073 potest,
516 2029 588 2064 nisi
612 2028 658 2063 de
676 2028 824 2064 licentia
848 2028 1053 2072 superioris
1071 2030 1150 2073 pri-

155 2087 224 2114 mae
240 2080 439 2122 religionis,
456 2088 488 2113 c.
505 2082 559 2113 13.

156 2128 295 2163 Vestem
310 2134 428 2164 tamen
443 2129 583 2164 deferre
596 2132 710 2172 potest
723 2129 803 2164 sine
813 2137 923 2164 onere
938 2128 1150 2164 restituendi

155 2186 256 2220 eam3
274 2188 319 2213 an
341 2179 448 2213 etiam
468 2188 579 2213 manu
599 2179 742 2221 scripta,
756 2179 813 2212 vel
834 2179 1072 2214 instrumenta
1089 2187 1152 2212 ex-

157 2230 292 2273 quisita
308 2231 462 2273 alicujus
483 2231 570 2264 artis
586 2239 695 2272 quam
710 2230 907 2269 exercebat,
926 2230 975 2264 ib.

115 2279 316 2325 Religiosus
332 2283 513 2316 transiens
530 2282 575 2316 ad
594 2281 702 2315 aliam
719 2281 946 2322 religionem,
964 2289 1011 2314 an
1027 2279 1154 2316 saltem

158 2332 299 2367 deferre
322 2333 435 2375 possit
455 2333 552 2367 bona
572 2339 653 2374 quae
670 2331 808 2365 ratione
828 2331 883 2365 sui
897 2332 978 2373 jure
998 2332 1155 2367 haeredi-

157 2382 239 2416 tatis
254 2383 379 2425 primae
397 2382 565 2425 religioni
582 2382 820 2423 obvenerunt,
838 2389 868 2414 c.
894 2383 945 2414 14.

157 2432 262 2473 Quid,
290 2433 319 2467 si
351 2441 426 2467 non
456 2433 535 2475 Jure
567 2431 787 2466 haereditatis
811 2431 1061 2474 obvenerunt,
1089 2432 1154 2469 sed

160 2490 258 2515 mera
277 2482 490 2516 liberalitate
511 2482 625 2525 ipsius
646 2481 806 2523 religiosi
824 2489 866 2516 ea
883 2482 1044 2517 absolute
1066 2482 1154 2518 reli·

161 2532 259 2574 gioni
283 2533 452 2566 donantis
466 2533 526 2567 vel
543 2532 708 2575 legantis,
725 2531 775 2566 ib.

162 2581 254 2622 Quid
285 2582 314 2615 si
346 2582 535 2625 religiosus
558 2590 632 2616 non
663 2582 824 2616 absolute
851 2589 894 2617 ea
922 2582 1070 2618 donavit
1095 2584 1153 2619 vel

118 2630 122 2678 ξ
163 2630 304 2673 legavit,
323 2632 386 2665 sed
416 2636 555 2666 tantum
587 2632 655 2667 sub
675 2632 884 2667 conditione
904 2659 912 2675 ,
938 2633 1009 2667 nisi
1033 2637 1155 2677 postea

116 2699 119 2731 ς
163 2681 375 2723 religionem
390 2686 514 2724 mutet,
527 2682 579 2717 ib.

116 2734 122 2760 -ῖ
163 2730 255 2771 Quid
272 2731 318 2765 sit
335 2732 506 2766 transitus
525 2732 586 2766 iiat
607 2732 654 2767 ad
672 2730 883 2775 religionem
911 2733 1073 2775 ejusdem
1095 2741 1156 2768 or-

114 2760 122 2802 7
164 2781 272 2821 dinis,
290 2790 354 2816 seu
377 2782 544 2820 instituti,
561 2783 609 2816 ib.

133 2828 259 2874 ,Religio
279 2840 388 2875 capax
419 2833 651 2875 haereditatis,
666 2833 711 2868 ad
727 2842 836 2875 quam
862 2833 994 2876 aliquis
1010 2834 1158 2878 religio-

166 2889 226 2914 sus
246 2882 393 2922 transit,
413 2883 572 2917 succedit
595 2883 633 2917 in
663 2883 770 2916 bonis
792 2884 949 2926 paternis
971 2885 1051 2918 talis
1071 2885 1157 2918 reli-

167 2930 270 2973 giosi,
286 2931 315 2964 si
340 2935 504 2972 parentes
523 2933 600 2975 ejus
622 2933 797 2967 decedant
816 2938 894 2977 post
909 2934 1098 2969 transitum
1111 2935 1158 2970 ad

168 2980 268 3014 illam
283 2991 291 3022 3
308 2988 409 3014 secus
425 2981 455 3014 si
474 2985 555 3015 ante
573 2982 687 3020 illum,
703 2991 733 3016 c.
749 2986 804 3016 16.

169 3029 262 3070 Quid
283 3029 313 3063 si
335 3030 462 3073 religio
489 3038 562 3065 non
582 3031 628 3064 sit
643 3039 755 3075 capax
773 3033 1002 3077 haereditatis,
1022 3038 1086 3070 aut
1097 3043 1157 3071 re-

168 3079 317 3122 ligiosus
334 3083 489 3114 transeat
501 3081 547 3115 ad
558 3081 731 3123 seculum,
748 3083 796 3116 ib.

125 3129 326 3172 Religiosus
358 3130 536 3164 transiens
564 3130 610 3164 ad
638 3131 747 3165 aliam
770 3132 981 3174 religionem
1010 3142 1053 3170 eo
1080 3134 1159 3177 ipso

170 3179 301 3214 amittit
313 3187 439 3213 omnes
454 3179 705 3224 praerogativas
720 3181 954 3225 antiquitatiS,
967 3183 1052 3224 loci,
1070 3192 1160 3228 prae-

170 3227 327 3268 lationis,
345 3231 426 3270 etc.,
441 3237 521 3271 quae
537 3230 570 3263 ei
586 3231 836 3272 competebant
856 3232 995 3267 ratione
1015 3234 1157 3278 protes-

170 3279 284 3312 sionis
304 3279 341 3312 in
364 3279 476 3322 priori
494 3280 724 3323 religione,c.
746 3284 797 3315 15.

170 3329 320 3363 Ratione
335 3331 455 3363 tamen
471 3328 706 3372 professionis
718 3331 859 3365 omissae
874 3330 912 3364 in
929 3331 1086 3368 secunda
1099 3341 1158 3367 re-

171 3378 320 3421 ligione,
336 3378 383 3412 ad
395 3387 503 3421 quam
517 3380 670 3422 transiit,
691 3387 756 3423 per
773 3388 810 3414 se
824 3380 1018 3423 loquendo,
1033 3385 1083 3417 est
1097 3391 1160 3416 ca-

172 3437 243 3472 pax
263 3428 428 3462 omnium
449 3429 765 3471 praerogativarum
780 3456 789 3472 ,
813 3430 905 3464 sicut
926 3431 1043 3466 caeteri
1072 3432 1159 3467 reli-

172 3477 264 3520 giosi
287 3478 447 3519 ejiisdem
464 3478 662 3522 religionis,
678 3479 729 3513 ib.

173 3528 211 3562 Si
231 3535 316 3561 vero
339 3527 508 3561 transitus
526 3527 596 3563 fuit
625 3537 646 3562 a
676 3528 852 3574 religione
873 3529 994 3573 aliqua
1014 3530 1160 3566 mendi-

175 3578 270 3612 canti
294 3579 339 3612 ad
362 3586 435 3612 non
458 3579 746 3621 mendicantem,
769 3588 812 3615 eo
834 3580 913 3624 ipso
937 3584 989 3615 est
1010 3581 1160 3625 incapax

174 3627 368 3663 miliarum
377 3628 744 3673 praerogativamm,et
752 3637 920 3673 quaenam
935 3630 1005 3665 illae
1013 3631 1096 3671 sint,
1108 3632 1157 3665 ib.

2187 88 2204 105 ,ι

2119 216 2144 255 1

1201 273 1325 310 Nullus
1338 274 1526 318 religiosus
1542 274 1640 309 licite
1659 275 1846 311 transferri
1862 279 1978 321 potest
1989 277 2036 312 ad
2049 215 2226 316 anauga?-

1242 323 1415 367 ligionem
1434 325 1567 360 diversi
1587 325 1743 367 ordinis,
1763 326 1839 361 sive
1858 327 2023 370 instituti,
2046 329 2119 363 nisi
2135 332 2228 368 utin

1243 373 1396 410 claustro
1415 375 1482 408 sub
1510 375 1717 410 obedientia
1738 381 1902 420 maneat3
1933 383 2052 420 neque
2068 377 2144 413 ulla
2163 380 2228 416 be-

1242 423 1372 458 neficia
1384 424 1572 468 secularia,
1585 425 1693 459 etiam
1709 429 1844 467 curata,
1865 426 1998 462 habere
2013 430 2138 471 potest,
2156 429 2205 463 ib.

1242 473 1561 558 tsrzffizgtic‘igdum
1574 474 1606 510 si
1624 474 1671 510 ad
1686 474 1898 520 religionem
1916 476 2079 521 ejusdem
2088 478 2230 515 ordinis

1242 572 1359 607 Potest
1378 546 1484 608 vero·
1498 573 1665 617 religioso
1694 575 1866 611 translato
1899 571 2048 613 concedi
2077 576 2230 617 facultas
2283 568 2285 570 ,

1241 622 1389 707 ygvendi
1422 627 1520 658 extra
1546 623 1751 691 claustrum,
1772 625 1864 661 sicut
1880 626 2020 663 caeteris
2037 628 2227 676 religiosis,

1241 681 1357 784 {otest
1392 722 1500 779 etiam
1527 721 1717 765 religiosus
1734 725 1928 763 translatus
1961 735 2040 763 esse
2071 728 2228 768 vicarius

1199 773 1607 858 Prloprietgptrggs’eundi
1629 823 1691 857 aut
1711 825 1787 857 non
1808 825 2019 862 transeundi
2040 825 2089 863 ad
2119 827 2228 864 aliam

1241 874 1467 919 religionem,
1488 873 1575 911 vide
1593 873 1734 910 Votum.

1596 960 1830 989 tantummo-

1199 1024 1475 1068 Reprehendere
1486 1023 1578 1060 alios
1592 1023 1706 1059 solius
1718 1025 1920 1067 Superioris
1937 1027 1990 1059 est
2001 1033 2145 1068 munuS,
2154 1036 2228 1062 non

1240 1075 1405 1110 aliorum.
1436 1075 1524 1110 Cum
1547 1075 1717 1110 charitate
1749 1079 1868 1110 tamen
1894 1085 2041 1111 monere
2061 1079 2230 1115 omnibus

1242 1126 1423 1168 competit,
1443 1126 1551 1161 etiam
1568 1126 1833 1170 Superioribus,
1856 1130 1899 1161 tr.
1915 1131 1968 1170 1ο,
1986 1128 2010 1162 1.
2034 1131 2067 1172 8,
2089 1135 2120 1164 c.
2135 1131 2168 1166 ⁷.

1200 1175 1444 1221 Reprehensio
1461 1175 1607 1212 lenitate
1626 1178 1858 1220 temperanda
1877 1180 1941 1221 est,
1965 1177 2016 1214 ib.

1542 1261 1742 1289 anseavmo
1763 1262 1903 1292 casuum.

1198 1329 1288 1368 vide
1301 1332 1412 1368 Casus
1426 1331 1612 1370 reservati.

1672 1417 1769 1445 naus-

1199 1484 1291 1520 Reos
1304 1487 1418 1519 morte
1437 1487 1472 1519 et
1486 1481 1674 1527 suppliciis
1690 1483 1856 1523 liberare,
1869 1482 2015 1519 veniam
2026 1482 2122 1526 apud
2131 1481 2234 1525 judi-

1244 1541 1322 1572 cem
1346 1535 1585 1578 impetrando,
1606 1534 1763 1569 officium
1788 1535 1841 1570 est
1872 1533 2066 1573 charitatis,
2090 1535 2125 1566 et
2145 1531 2235 1569 reli-

1242 1585 1354 1630 giosis
1374 1586 1531 1621 maxime
1552 1585 1787 1626 conveniens,
1811 1587 1854 1618 tr.
1875 1587 1927 1620 10,
1943 1584 1967 1618 1.
1983 1587 2016 1627 9,
2034 1591 2064 1618 c.
2081 1586 2112 1618 9.

1242 1634 1318 1678 Qua
1335 1635 1474 1670 ratione
1489 1637 1557 1670 hoc
1567 1634 1723 1669 officium
1740 1635 1786 1669 sit
1798 1634 2020 1676 obeundum,
2033 1635 2069 1669 et
2082 1641 2129 1667 an
2143 1631 2235 1667 illud

1243 1685 1283 1719 in
1300 1685 1389 1729 parti
1412 1686 1505 1720 ulari
1525 1685 1683 1721 societas
1699 1685 1839 1727 habeat,
1863 1684 1915 1719 ib.

1202 1733 1295 1771 neus
1312 1744 1384 1778 qua
1438 1743 1460 1770 0
1479 1735 1692 1778 interrogari
1709 1736 1833 1778 possit,
1850 1743 1934 1770 cum
1953 1733 2159 1778 proceditur
2174 1732 2236 1769 via

1243 1786 1410 1828 specialis
1423 1785 1686 1830 inquisitionis,
1702 1785 1727 1820 1.
1752 1788 1805 1828 to,
1823 1793 1853 1818 c.
1875 1789 1909 1820 6.

1202 1822 1296 1871 Reus
1315 1837 1360 1870 ad
1383 1837 1464 1877 hoc,
1494 1839 1536 1871 ut
1555 1839 1720 1871 teneatur
1739 1835 1854 1878 judici
1879 1832 2109 1877 respondere,
2132 1832 2237 1868 debet

1245 1885 1298 1919 illi
1313 1886 1412 1928 prius
1427 1884 1496 1928 tegi
1516 1892 1717 1928 processus,
1732 1889 1773 1919 ut
1787 1885 1839 1918 illi
1862 1887 2000 1919 constet
2014 1883 2059 1917 de
2077 1883 2236 1925 legitimo

1246 1942 1426 1979 processu,
1443 1937 1479 1970 et
1492 1934 1705 1980 probatione
1727 1939 1853 1970 contra
1865 1933 1971 1969 illum
1988 1932 2092 1974 facta,
2112 1932 2164 1967 ib.

1684 2065 1720 2114 S

1607 2199 1843 2226 sAcnnnormn.

1206 2259 1444 2295 sacerdotalis
1458 2261 1569 2294 status
1590 2259 1774 2302 perfectio,
1797 2262 1840 2292 tr.
1860 2261 1913 2301 1ο,
1935 2259 1961 2292 1.
1976 2262 2008 2299 1,
2032 2267 2063 2293 c.
2085 2261 2117 2293 ’1.

1207 2311 1414 2346 Sacerdotes
1436 2314 1520 2344 sunt
1547 2310 1649 2352 quasi
1670 2318 1752 2351 cor,
1780 2313 1815 2344 et
1835 2311 2039 2344 stomachus
2059 2305 2236 2350 Ecclesiae,

1249 2369 1294 2396 ex
1307 2362 1570 2405 chrysostomo,
1593 2361 1643 2395 ib.

1634 2453 1816 2481 snit-:nrm-

1205 2512 1296 2549 Vide
1312 2513 1481 2548 scientia.

1412 2615 1618 2643 SCHOLAS'rth
1638 2614 1814 2640 Aprnonnl
1835 2614 2031 2640 sonim-ms-

1209 2678 1415 2716 Scholastici
1438 2678 1623 2713 societatis
1637 2677 1676 2712 in
1696 2685 1769 2720 quo
1786 2676 1901 2720 gradu
1914 2677 1988 2710 sint
2006 2676 2044 2710 in
2060 2675 2133 2718 illa,
2149 2677 2186 2711 et
2195 2675 2242 2710 ad

1250 2730 1341 2773 quid
1363 2729 1597 2768 admittantur
1618 2731 1654 2762 et
1669 2728 1896 2768 ordinentur,
1916 2731 1960 2761 tr.
1985 2730 2036 2766 10,
2050 2726 2077 2761 1.
2096 2730 2129 2768 1,
2152 2734 2183 2760 c.
2206 2729 2240 2761 3.

1211 2777 1444 2817 scholasticos
1460 2781 1612 2822 iuvenes
1629 2779 1737 2814 bonis
1754 2778 1882 2812 litteris
1906 2778 1945 2812 in
1978 2777 2151 2812 socictate
2171 2777 2243 2811 im-

1251 2831 1314 2867 bui
1332 2858 1340 2871 ,
1375 2832 1585 2874 priusquam
1612 2830 1658 2864 ad
1679 2830 1758 2872 ejus
1781 2828 1982 2863 ministeria
2003 2828 2240 2872 applicentur,

1252 2882 1473 2918 conveniens
1495 2885 1529 2915 et
1547 2880 1790 2914 necessarium
1810 2882 1874 2920 est,
1890 2879 1916 2912 l.
1934 2882 1966 2918 3,
1990 2885 2020 2912 c.
2045 2881 2075 2911 1.

1250 2933 1321 2968 Nec
1335 2932 1456 2965 minus
1470 2931 1712 2965 necessarium
1726 2933 1766 2964 ut
1781 2929 1820 2963 in
1834 2936 1876 2963 ea
1890 2937 1953 2972 per
1967 2931 2050 2963 vota
2064 2926 2241 2970 simplicia

1253 2984 1542 3025 incorporentur,
1566 2982 1616 3015 ib.

1250 3033 1317 3068 Per
1339 3034 1433 3067 hanc
1461 3029 1788 3074 incorporationem
1807 3029 1875 3073 ipsi
1895 3027 2058 3070 societati
2076 3027 2241 3071 obligan-

1251 3088 1321 3124 tur,
1338 3091 1412 3118 non
1427 3091 1511 3117 vero
1525 3081 1709 3117 societatis
1724 3080 1823 3124 ipsis,
1841 3079 1889 3113 ib.
1958 3086 1961 3089 ·

1251 3133 1294 3168 Et
1314 3133 1372 3167 his
1389 3136 1464 3168 non
1488 3131 1726 3173 obstantibus,
1745 3130 1827 3164 talis
1841 3127 2079 3171 incorporatio
2094 3127 2192 3162 licita
2205 3128 2241 3162 et

1252 3186 1377 3218 sancta
1391 3186 1454 3224 est,
1471 3190 1502 3216 c.
1521 3185 1556 3216 2.

1249 3233 1294 3268 Et
1309 3240 1436 3268 verum
1457 3235 1588 3267 statum
1606 3227 1794 3271 religionis
1809 3225 2003 3268 constituit,
2022 3233 2054 3260 c.
2074 3228 2104 3259 3.

1249 3284 1321 3320 Nec
1336 3284 1422 3318 sine·
1439 3291 1560 3318 errore
1582 3282 1622 3316 in
1643 3280 1713 3314 fide
1737 3278 1808 3312 dici
1833 3280 1945 3320 potest
1965 3277 2080 3312 dictos
2099 3273 2240 3310 schola·-

1251 3334 1360 3370 sticos
1380 3333 1565 3368 societatis
1584 3337 1659 3367 non
1676 3335 1752 3364 esse
1768 3335 1851 3363 vere
1872 3335 1914 3362 ac
1935 3327 2078 3371 proprie
2092 3325 2240 3368 religio-

1253 3393 1324 3427 sos,
1343 3390 1380 3419 c.
1402 3386 1434 3418 4.

1253 3435 1324 3470 Nec
1343 3435 1460 3470 solum
1483 3432 1590 3467 hodie
1610 3438 1694 3466 vere
1725 3432 1762 3464 et
1793 3429 1937 3472 proprie
1964 3431 2048 3463 sunt
2067 3425 2238 3470 religiosi,

1253 3485 1436 3525 sedetiam
1450 3483 1495 3517 ab
1507 3481 1613 3515 initio
1630 3479 1848 3514 confirmatae
1861 3477 2045 3514 societatis
2055 3477 2144 3511 tales
2158 3478 2240 3511 fue-

1253 3536 1340 3568 runt
1368 3533 1419 3568 ib.

1254 3561 1416 3618 Gaudent
1437 3579 1627 3625 privilegio
1646 3576 1731 3622 fori,
1745 3580 1783 3613 et
1798 3577 2023 3621 exemptione
2040 3573 2239 3619 testimonis,¹

1255 3631 1305 3668 ib.
