2352 3880
0 230 15 245 ε
32 217 56 233 ⁴⁶

4 304 13 338 >¹
46 310 160 370 ..qnid
175 310 354 363 amplius
371 323 458 352 esse
474 311 650 360 videtur,
666 311 763 363 quia
778 314 838 350 est
853 307 1085 361 publicatio.

60 376 177 418 Prior
205 386 302 424 ergo
328 374 432 412 ratio
458 373 620 412 videtur
649 372 868 423 praecipua,
897 371 993 423 quia
1017 369 1089 409 illa

61 435 271 478 moraliter
287 447 370 473 non
387 439 446 474 est
459 434 672 473 infamatio
687 433 860 482 alicujus
874 429 1085 479 momenti,

59 499 102 540 ot
128 495 222 536 ideo
256 501 437 547 oportet,
469 500 516 534 ut
545 498 653 535 recte
683 493 940 544 significabat
972 493 1087 540 Soto,

59 558 199 610 culpas
218 559 275 597 ita
294 570 379 597 esse
398 558 528 605 leves,
550 560 596 595 ut
614 567 696 594 non
722 555 917 595 inducant
943 555 987 595 in
1006 566 1089 594 sus-

57 619 262 676 picionem
281 619 536 670 graviorum3
557 617 665 669 quod
683 628 760 667 ego
777 617 836 656 ita
855 617 1026 669 explico,
1046 618 1092 657 ut

58 681 142 723 sint
158 682 338 722 defectus
354 680 550 720 ordinarii
571 680 676 718 circa
695 678 895 729 regulam,
917 678 982 718 vel
1000 689 1090 730 ope-

56 754 104 785 ra
122 742 394 795 perfectionis,
423 741 495 791 qui
523 740 575 780 ab
594 740 807 786 omnibus,
838 739 904 780 vel
935 739 1019 779 fere
1037 736 1089 780 ab

33 830 36 834 ⁴
58 802 263 850 omnibus,
283 802 484 840 committi
503 801 649 849 solent,
667 801 856 852 quamvis
882 813 907 840 a
927 801 1089 852 quibus·

59 863 152 905 dam
171 863 425 914 frequentius
445 875 568 914 quam
583 863 634 902 ab
654 862 744 901 aliis
764 862 1087 902 committantur.

58 924 161 967 Nam
182 925 215 964 si
235 926 316 963 sint
347 924 524 963 defectus
555 924 883 971 extraordinarii,
902 924 972 973 qui
997 923 1091 963 licet

59 998 142 1027 non
162 987 244 1025 sint
263 990 423 1037 peccata
443 985 647 1033 mortalia,
665 997 738 1025 nec
758 986 949 1035 ingerant
965 983 1092 1035 suspi-

60 1045 221 1088 cionem
250 1047 430 1089 illorum,
452 1059 595 1098 graves
624 1047 730 1086 inter
749 1046 957 1096 religiosos
984 1055 1092 1084 com-

61 1111 272 1162 putantur,
295 1114 335 1148 et
367 1109 496 1147 solent
518 1108 717 1160 impedire
744 1108 933 1159 graviora
950 1117 1092 1145 mune·

60 1183 119 1221 ra,
151 1172 246 1223 quia
267 1171 494 1223 plurimum
527 1171 722 1210 minuunt
749 1168 1091 1210 existimationem

59 1245 258 1285 personae,
281 1238 320 1272 et
346 1233 437 1272 ideo
458 1245 540 1272 non
571 1231 689 1271 facile
708 1235 802 1270 sunt
821 1231 865 1269 in
882 1229 1092 1282 publicum

60 1294 303 1343 deducendi,
322 1296 355 1333 si
374 1294 477 1334 alias
496 1293 645 1345 publici
663 1304 746 1331 non
762 1294 871 1338 sunt,
891 1292 1092 1342 cujusmo-

61 1355 101 1396 di
117 1360 221 1395 esset
240 1368 322 1395 non
344 1368 504 1394 servare
523 1358 737 1400 secretum,
759 1353 882 1392 etiam
902 1353 953 1392 de
969 1353 1092 1393 rebus

59 1417 296 1465 levioribus,
315 1416 497 1456 deditum
520 1427 604 1454 esse
618 1414 788 1468 privatis
805 1414 1094 1454 familiaritati-

59 1478 148 1527 bus,
167 1479 291 1517 etiam
314 1480 419 1516 intra
436 1478 691 1528 religionem.
713 1477 798 1515 Imo
817 1477 852 1515 si
869 1477 950 1515 sint
968 1481 1093 1516 mate·

58 1540 120 1580 ria
150 1540 410 1579 detractionis
442 1540 620 1590 injustae,
651 1538 839 1577 existimo
873 1537 1094 1589 aliquando

59 1613 170 1656 posse
179 1602 360 1640 sufficere
374 1601 425 1639 ad
442 1612 609 1652 gravem
629 1603 669 1639 et
687 1599 902 1639 mortalem
917 1599 1092 1651 lapsum,

61 1663 156 1717 quia
174 1676 330 1710 revera,
353 1663 450 1702 licet
476 1662 610 1713 culpa,
633 1661 682 1700 de
710 1673 790 1712 qua
807 1660 853 1699 fit
880 1661 1091 1711 detractio,

60 1725 168 1777 apud
184 1725 311 1764 Deum
329 1737 410 1763 non
429 1724 480 1763 sit
493 1723 645 1776 gravis,
661 1727 970 1771 nocumentum,
985 1722 1095 1775 quod

60 1786 155 1825 inde
184 1786 354 1825 resultat
373 1787 478 1824 inter
509 1785 711 1832 homines,
731 1796 815 1824 non
842 1789 902 1824 est
928 1784 1033 1833 leve,
1052 1787 1094 1825 et

60 1847 152 1888 ideo
179 1848 362 1887 sufficere
392 1852 523 1900 potest
547 1847 599 1886 ad
630 1847 845 1886 mortalem
871 1847 1093 1899 injuriam3

60 1909 128 1950 sed
149 1909 200 1948 de
218 1909 295 1947 hoc
314 1909 435 1954 alias;
458 1921 503 1947 ac
521 1908 652 1955 videri
669 1909 834 1946 interim
854 1912 985 1959 potest
1005 1909 1094 1949 Mo·

60 1968 152 2019 lin„
172 1969 222 2009 de
242 1970 396 2014 Justit.‚
418 1972 536 2007 tract.
559 1968 599 2015 4,
621 1973 722 2007 tom.
745 1969 784 2014 5,
805 1968 910 2018 disp.
930 1969 996 2007 16.
1019 1969 1093 2008 Ae-

63 2030 323 2072 clamationes
342 2042 438 2081 ergo
463 2029 543 2069 illae
568 2029 742 2068 aliarum
768 2029 1031 2079 religionum,
1053 2031 1093 2069 et

60 2093 235 2148 publicae
265 2093 600 2144 reprehensiones
621 2092 665 2130 in
696 2091 895 2131 Societate
919 2091 1090 2141 usitatae,

61 2156 220 2197 nullam
255 2155 454 2195 moralem
488 2154 702 2193 infamiam
729 2152 897 2200 habent,
922 2153 1019 2205 quia
1042 2153 1092 2194 de

62 2215 217 2257 levibus
239 2220 398 2256 tantum
432 2219 473 2254 et
490 2214 708 2254 ordinariis
727 2213 950 2254 defectibus
981 2218 1091 2254 sunt.

63 2277 216 2325 Quibus
242 2277 347 2317 adde
370 2275 573 2329 ejusmodi
603 2275 785 2328 publicas
805 2275 1094 2315 manifestatio-

65 2350 134 2380 nes
161 2340 292 2391 magis
311 2341 518 2391 pertinere
536 2337 586 2378 ad
611 2337 970 2377 denuntiationem
984 2337 1076 2389 judi

66 2401 226 2450 cialem,
249 2394 373 2453 quam
400 2401 448 2440 ad
470 2400 710 2447 fraternam,
732 2403 933 2450 quantum
963 2403 1024 2438 est
1043 2409 1094 2440 ex

65 2467 178 2518 parte
211 2462 325 2510 finis,
354 2462 545 2514 quamvis
575 2473 626 2501 ex
661 2465 776 2513 parte
805 2460 986 2500 materiae
1009 2472 1095 2502 non

65 2524 263 2567 excedant
282 2528 494 2575 paternam
513 2523 819 2562 correctionem.
841 2522 943 2561 Nam
964 2534 1036 2574 per
1052 2533 1093 2564 se

66 2586 198 2640 primo
215 2585 457 2624 ordinantur
475 2584 527 2623 ad
550 2584 806 2635 punitionem
822 2595 894 2623 seu
910 2583 1093 2636 discipli-

67 2658 162 2689 nam
180 2647 426 2696 religiosam,
449 2645 736 2698 publicamque
759 2645 1092 2694 satisfactionem,

52 2709 180 2761 cujus
206 2709 370 2759 signum
402 2717 474 2755 est,
507 2706 605 2758 quia
635 2706 726 2746 fieri
749 2705 914 2754 debent,
935 2705 1091 2746 etiamsi

53 2781 55 2787 ’
70 2767 190 2812 frater
202 2770 370 2809 omnino
385 2767 623 2808 emendatus
638 2768 711 2816 sit;
729 2772 767 2806 et
781 2768 877 2819 quia
892 2778 974 2806 nou
988 2767 1093 2808 fiunt

55 2830 120 2873 ab
136 2831 342 2879 omnibus,
360 2830 429 2870 sed
447 2829 498 2868 ab
514 2829 594 2868 illis
611 2828 761 2880 quibus
784 2829 825 2867 id
838 2829 882 2868 in
896 2829 1094 2880 religione

54 2892 267 2934 nincumbit
299 2904 348 2931 ex
382 2892 529 2938 officio,
560 2891 709 2943 quibus
739 2890 863 2930 etiam
894 2893 1094 2942 tanquam

51 2955 249 3009 lpersonis
268 2953 438 3005 publicis
471 2952 570 2992 fides
597 2953 736 2999 datur3
766 2956 808 2991 et
835 2951 926 2991 ideo
943 2954 1094 2995 mirum

52 3026 152 3058 mon
180 3020 239 3055 est
270 3014 377 3066 quod
400 3013 451 3052 ad
480 3012 715 3063 hujusmodi
743 3013 1093 3055 manifestationes

51 3081 220 3121 necreta
246 3075 418 3115 monitio
445 3074 670 3113 necessaria
694 3086 778 3112 non
807 3075 886 3122 sit,
913 3087 1008 3115 cum
1032 3075 1093 3117 fa·-

52 3137 212 3181 scienda
227 3139 292 3186 sit,
314 3136 472 3176 etiamsi
493 3147 665 3187 persona
683 3135 734 3174 sit
758 3136 988 3176 emendata.

90 3237 95 3253 „
123 3201 163 3241 5.
199 3199 385 3241 Secunda
404 3197 583 3238 assertio.
605 3219 656 3226 -—
675 3197 860 3236 Secundo
879 3194 1098 3241 dicendum

52 3263 132 3312 ιφῐ
168 3261 291 3300 etiam
326 3260 369 3298 in
401 3258 594 3310 gravibus
631 3258 854 3298 defectibus
890 3258 1096 3310 Superiori

52 3311 391 3375 manifestandis,
413 3319 462 3358 ad
488 3319 673 3358 eflectum
695 3320 884 3359 fraternas
910 3321 1099 3360 emenda·

51 3375 209 3434 0spnis,
229 3381 387 3420 licitum
407 3392 492 3420 esse
510 3381 554 3419 in
581 3380 657 3420 hoc
685 3385 791 3420 statu
822 3381 1009 3432 religioso
1029 3382 1099 3422 So-

54 3441 226 3494 §eiotatis
259 3444 445 3482 omittere
471 3443 671 3495 privatam
698 3443 964 3483 monitionem
978 3454 991 3494 ;
1012 3443 1098 3484 haec

54 3503 197 3551 notiam
219 3505 386 3545 assertio
416 3517 602 3556 expressa
628 3508 687 3543 est
708 3503 750 3542 in
767 3505 909 3544 eodem
934 3517 1023 3544 can.
1047 3505 1097 3545 10

55 3555 403 3622 {tongregationis
429 3570 565 3613 sextae,
587 3565 611 3617 ἓ
634 3566 654 3605 1
673 3577 682 3610 ;
704 3565 910 3617 loquimur
930 3577 1026 3606 vero
1050 3566 1098 3608 iu

58 3632 59 3635 ’
77 3627 260 3683 menti
287 3627 336 3667 de
355 3627 434 3670 hoc
463 3632 570 3682 statu
591 3626 635 3667 in
658 3627 802 3679 spes-ie,
823 3631 912 3668 tum
930 3628 1028 3681 quia
1043 3627 1096 3682 de

286 3704 370 3738 XV?-

0 3693 122 3746 13*

68 3755 114 3816 fs

149 0 263 18 ,CC-JF‘!
302 1 307 4 ⁶
358 0 363 6 '
389 2 399 12 ⁸
437 0 444 7 '
493 10 510 16 ..

158 24 194 59 ⁴⁴.
215 42 219 52 v
315 47 319 50 .
345 15 357 37 .
402 30 413 39 θ
604 31 605 34 ’
636 42 638 46 ,

0 0 162 214 W.
179 78 182 88 Ι
916 80 918 82 v
991 55 1009 79 ⁴
1091 85 1108 100 t

20 126 22 129 .
90 119 103 133 h
804 114 809 119 .

0 210 13 225 C

305 247 396 283 GAP.
417 247 476 284 lx.
496 247 551 283 m:
571 245 684 283 MODO
703 240 856 283 ursum
876 245 919 280 m
939 243 1162 279 somnum
1182 244 1518 281 ὈΕΝΠΝΤῙᾹΤῙΟΝΕ
1538 246 1811 290 EVANGELIGA,
1831 247 1922 284 mc.

1142 305 1213 348 illo
1229 309 1440 350 institutus
1464 315 1525 351 est
1542 324 1700 359 sermm
1721 316 1810 352 tum
1833 311 1956 353 etiam
1971 312 2070 365 quia
2088 326 2172 358 nou

1142 371 1265 410 estin
1284 373 1423 411 animo
1447 372 1580 423 legem
1607 373 1864 426 praescribere
1883 375 2172 425 universalem,

1144 443 1218 471 nec
1236 435 1583 485 comparationem
1597 435 1730 476 facere
1746 449 1838 476 cum
1860 437 1950 476 aliis
1968 437 2173 487 religioni·

1143 491 1233 532 bus.
1267 495 1368 533 Nam
1398 495 1486 534 haec
1524 499 1691 537 materia
1726 498 1903 538 multum
1944 500 2091 549 pendet
2122 509 2174 542 cx

1143 554 1456 606 particularibus
1475 557 1802 608 circumstantiis,
1823 561 1970 611 quibus
1990 563 2174 612 variatis,

1143 616 1246 655 ratio
1286 616 1546 667 obligationis
1582 623 1622 658 et
1661 622 1954 661 convenientias
1995 624 2173 666 multum

1143 678 1291 716 variari
1325 683 1467 729 potest.
1498 679 1738 730 Quanquam
1772 695 1855 722 non
1885 696 2095 734 possumus
2122 685 2174 727 de

1142 737 1218 778 hac
1237 739 1434 790 religione
1453 740 1495 778 in
1516 741 1754 791 particulari
1782 744 2016 786 varietatem
2048 746 2170 795 hanc,

1143 811 1265 851 quam
1298 813 1371 839 suo
1402 814 1558 841 canone
1594 801 1792 850 definivit,
1829 806 2056 854 ostendere,
2094 807 2173 848 nisi

1142 863 1439 914 praemittamus
1469 864 1595 914 prius,
1625 864 1722 915 quid
1747 864 1797 904 de
1827 865 2018 916 religioso
2047 871 2170 916 statu,

1145 927 1190 963 ut
1207 924 1275 971 sic,
1291 928 1444 962 certum
1465 924 1679 972 habeatur,
1699 937 1750 964 ex
1769 938 1850 976 quo
1869 927 1914 968 in
1929 939 1976 971 n.
1995 928 2048 967 15
2065 927 2173 969 dicta

1144 984 1292 1024 veritas
1311 985 1418 1024 circa
1439 985 1678 1025 Societatem
1701 987 1864 1036 patebit.

1198 1046 1240 1086 6.
1258 1047 1464 1088 Probatur
1480 1047 1651 1099 positam
1670 1050 1925 1090 assertionem
1941 1050 2077 1091 veram
2092 1059 2174 1093 essa

1145 1105 1191 1151 de
1207 1108 1402 1159 possibili.
1424 1130 1475 1138 -
1495 1110 1607 1156 Quod
1628 1121 1724 1159 ergo
1744 1110 1787 1148 in
1806 1123 1853 1150 eo
1873 1115 1977 1150 statu
1999 1112 2086 1151 haec
2107 1114 2174 1153 de-

1144 1171 1349 1210 nuntiatio
1361 1171 1466 1209 lacta
1482 1170 1687 1221 Superiori
1702 1171 1948 1220 immediate,
1963 1173 2072 1213 licita
2089 1186 2175 1215 esse

1144 1231 1287 1284 possit,
1306 1242 1353 1272 ac
1373 1243 1478 1282 saepe
1508 1231 1558 1269 de
1589 1231 1696 1270 facto
1722 1231 1856 1281 liceat,
1876 1236 2175 1277 ostendendum

1146 1296 1221 1332 est.
1245 1294 1301 1332 Ac
1321 1291 1372 1332 de
1398 1292 1663 1343 possibilitate
1694 1293 1857 1343 quidem
1891 1295 1933 1334 id
1963 1295 2082 1336 facile
2112 1309 2175 1338 os·-

1146 1353 1343 1394 tenditur.
1381 1354 1482 1394 Nam
1518 1353 1629 1404 leges
1664 1355 1837 1394 morales
1871 1358 2096 1408 respiciunt
2128 1371 2175 1398 ea

1147 1426 1236 1468 quae
1252 1419 1296 1453 ut
1320 1414 1542 1467 plurimum
1563 1416 1798 1466 expediunt,
1817 1421 1856 1456 et
1871 1418 1914 1457 in
1933 1419 2009 1458 hac
2034 1421 2173 1459 saltem

1146 1475 1344 1527 religione
1381 1477 1634 1528 frequentius
1666 1478 1856 1529 expedire
1893 1480 2174 1520 immediatum

1146 1549 1356 1578 recursum
1383 1539 1435 1578 ad
1455 1540 1727 1590 Superiorem,
1747 1540 1789 1578 in
1809 1541 1929 1580 citato
1948 1554 1989 1581 n.
2014 1545 2061 1583 15
2087 1556 2175 1594 pro-

1147 1598 1359 1647 babimus;
1391 1612 1490 1649 ergo
1514 1600 1618 1639 nihil
1641 1601 1774 1640 obstat
1792 1604 2011 1653 quominus
2036 1605 2085 1643 de
2107 1605 2175 1644 illo

1146 1673 1312 1702 recursu
1331 1662 1455 1713 possit
1470 1661 1558 1700 fieri
1578 1662 1777 1714 generalis
1796 1663 1876 1703 lex.
1898 1666 1945 1704 Et
1962 1665 2175 1706 confirma-

1147 1726 1229 1772 tur,
1263 1724 1359 1774 quia
1379 1718 1547 1762 nfutuus
1562 1724 1843 1773 religiosorum
1863 1738 2082 1766 consensus
2102 1739 2175 1778 po-

1147 1788 1224 1824 test
1239 1784 1446 1824 licentiam
1467 1784 1572 1823 hanc
1590 1784 1641 1823 ad
1658 1785 1833 1824 invicem
1854 1788 2084 1836 concedere,
2106 1801 2175 1839 per

1148 1846 1370 1898 quamdam
1393 1846 1520 1885 veluti
1539 1846 1887 1886 renuntiationem
1906 1854 2092 1888 mutuam
2111 1851 2176 1900 ju-

1147 1907 1203 1946 ris
1218 1907 1386 1958 proprii,
1401 1907 1454 1946 ob
1470 1907 1595 1946 finem
1612 1907 1790 1946 melioris
1807 1910 2076 1957 correctionis,
2091 1911 2177 1950 sine

1148 1979 1229 2019 quo
1250 1971 1358 2007 certe
1382 1968 1466 2007 fine
1487 1968 1578 2006 talis
1604 1968 1855 2007 renuntiatio
1875 1969 2062 2010 absoluta
2091 1984 2177 2022 pro-

1147 2029 1242 2079 diga
1261 2029 1376 2076 foret,
1397 2033 1520 2080 atque
1540 2028 1643 2068 adeo
1662 2034 1803 2069 contra
1821 2031 2028 2082 propriam
2049 2032 2178 2072 chari-

1147 2093 1296 2140 tatem,
1317 2102 1416 2140 ergo
1438 2090 1547 2129 licite
1570 2094 1612 2129 et
1639 2095 1792 2137 sancte,
1822 2096 1962 2142 utpote
1982 2093 2033 2130 ob
2061 2094 2175 2134 illum

1147 2150 1289 2198 finem,
1311 2152 1482 2202 proponi
1502 2154 1633 2201 potest
1659 2150 1801 2200 regula
1819 2163 1912 2202 quae
1942 2152 1993 2190 ab
2023 2155 2176 2204 ingres-

1147 2213 1250 2252 suris
1279 2213 1523 2262 religionem
1555 2211 1801 2263 quamlibet,
1833 2212 1898 2251 vel
1929 2214 2071 2253 saltem
2104 2216 2174 2255 ali-

1148 2284 1285 2326 quam,
1308 2276 1447 2324 exigat
1465 2273 1578 2311 illam
1596 2273 1958 2323 renuntiationem,
1975 2277 2175 2327 siquidem

1147 2347 1231 2375 non
1258 2336 1428 2375 minoris
1447 2335 1608 2374 virtutis
1634 2339 1697 2374 est
1716 2335 1810 2375 talis
1840 2349 2056 2377 consensus
2078 2352 2175 2390 prae-

1147 2399 1264 2440 stitus
1281 2398 1488 2449 religioni,
1510 2410 1634 2450 quam
1653 2398 1726 2449 qui
1747 2399 1854 2438 inter
1874 2403 1981 2452 ipsos
2000 2403 2175 2452 privatos

1146 2459 1356 2511 religiosos
1374 2460 1540 2512 propria
1570 2460 1810 2500 auctoritate
1828 2468 2105 2513 praestaretur.
2126 2465 2173 2504 ad

1146 2521 1389 2561 mutandam
1417 2521 1654 2569 materiam,
1675 2524 1722 2560 ut
1739 2521 1828 2572 jam
1846 2534 1932 2561 non
1957 2525 2009 2561 sit
2035 2529 2175 2565 contra

1147 2581 1402 2629 charitatem,
1416 2581 1493 2620 hoc
1517 2586 1590 2629 est,
1610 2586 1751 2621 contra
1770 2582 1925 2622 bonum
1954 2586 2175 2636 temporale

1146 2644 1283 2692 famae,
1302 2643 1372 2684 sed
1398 2644 1534 2696 potius
1563 2654 1637 2694 pro
1668 2643 1881 2693 charitate,
1900 2645 1977 2684 hoc
2007 2651 2080 2694 est,
2103 2659 2174 2698 pro

1145 2705 1254 2746 bono
1269 2706 1449 2745 melioris
1474 2705 1748 2754 correctionis,
1771 2706 1964 2757 praedicta
1987 2709 2177 2748 manifes-

1145 2769 1258 2810 tatio.
1282 2769 1421 2818 Neque
1440 2772 1647 2813 auctores,
1668 2768 1739 2818 qui
1758 2768 1876 2807 nobis
1907 2769 2176 2811 adversantur

1148 2831 1303 2882 (Lorca,
1315 2831 1397 2879 22),
1407 2833 1560 2879 negant
1570 2828 1874 2879 possibilitatem
1884 2830 2000 2870 dictae
2010 2832 2172 2883 regulae,

1147 2903 1271 2943 quam
1290 2891 1386 2930 satis
1403 2902 1513 2930 nunc
1530 2890 1793 2938 ostendimus,
1813 2892 1883 2930 sed
1898 2891 1987 2931 dari
2004 2892 2054 2932 de
2069 2893 2171 2933 facto

1148 2954 1295 2994 dictam
1306 2953 1411 3004 J'uris
1422 2953 1769 2991 renuntiationem
1781 2965 1791 3000 3
1804 2953 1926 3005 idque
1939 2966 1964 2994 a
1979 2955 2075 2993 viris
2085 2967 2175 2994 nos·

1152 3019 1219 3054 trae
1231 3014 1527 3055 Societatisfide
1545 3014 1796 3065 dignissimis
1814 3027 1856 3054 se
1874 3017 2072 3067 accepisse
2094 3021 2172 3055 ‘tes-

1148 3091 1150 3093 ·
1171 3080 1302 3125 antur,
1316 3076 1464 3127 quibus
1479 3075 1584 3115 nihil
1599 3075 1711 3116 alind
1726 3077 1804 3116 erit
1818 3078 2145 3128 respondendum
2161 3105 2175 3125 ,

1149 3149 1270 3190 quam
1296 3136 1504 3176 offerendo
1523 3138 1695 3176 citatum
1715 3150 1927 3184 canonem,
1949 3139 1991 3175 in
2016 3150 2096 3188 quo
2115 3150 2175 3177 re·

1148 3199 1374 3248 nuntiatio,
1394 3199 1444 3238 de
1466 3211 1547 3250 qua
1571 3198 1793 3251 loquimur,
1822 3200 1866 3239 in
1891 3197 2034 3251 regula
2051 3199 2175 3239 conti·

1148 3262 1261 3310 neri,
1282 3260 1611 3301 manifestissime
1633 3261 1876 3301 declaratur.

1201 3323 1241 3362 '‘I.
1273 3323 1476 3364 Probatur
1495 3323 1630 3363 deinde
1649 3334 1730 3362 esse
1748 3334 1879 3362 veram
1898 3321 1943 3362 de
1958 3325 2064 3374 facto
2083 3333 2174 3362 auo-

1151 3385 1312 3425 toritate
1331 3384 1592 3436 quarumdam
1613 3384 1862 3435 reliyz'onum.
1884 3404 1936 3412 —
1953 3384 2043 3423 Jam
2068 3381 2175 3432 quod

1152 3443 1200 3483 de
1219 3444 1325 3484 facto
1355 3445 1512 3484 licitum
1531 3445 1666 3491 fuerit,
1689 3447 1758 3482 aut
1791 3444 1914 3483 etiam
1941 3444 2097 3482 licitum
2122 3444 2175 3482 sit

1150 3503 1269 3545 hodie
1285 3507 1330 3546 in
1349 3507 1471 3546 variis
1498 3504 1763 3557 religionibus
1778 3504 2015 3543 immediata
2043 3505 2173 3543 maui-

1146 3567 1306 3607 festatio
1323 3598 1336 3616 ,
1379 3569 1571 3608 suadetur
1607 3567 1736 3618 primo
1781 3566 2032 3605 auctoritate.
2070 3566 2174 3606 Nam

1147 3628 1395 3688 smaragdus
1410 3626 1627 3687 Abbagiss
1648 3626 1794 3687 regul}
1817 3627 1859 3682 ξ.
1895 3626 2106 3679 Benessdficti
2134 3638 2173 3674 e.
