2352 3880
381 164 472 215 ῦΑΡῖ.
494 167 535 213 x
558 167 614 210 »Β
632 167 742 212 voro
763 166 1066 213 umas-raum
1086 167 1340 211 uicum-,mu
1362 170 1546 213 Αιιιιιιιιι
1565 170 1874 215 enuntiaturus,

46 185 60 209 2
111 191 119 209 ι

39 232 402 415 iffihlhoms
423 244 572 286 genuS,
605 232 660 282 ad
679 234 792 289 quod
809 233 931 275 valde
952 243 1100 275 neces-

35 317 37 319 ·
154 306 224 337 nm
245 305 338 335 esse
350 297 501 347 potest,
521 294 675 347 etiam
662 306 706 334 ιιι
726 306 777 336 eo
793 305 895 335 casu
913 305 1003 336 rem
1011 303 1100 335 ma-

65 362 72 396 1
215 366 262 396 re

87 414 187 467 418.
221 415 496 465 Nihilominus
526 415 750 464 dicendum
781 426 933 456 censeo
966 415 1013 456 in
1048 425 1099 462 eo

64 464 167 535 d'ss's'u
184 482 327 519 votum
340 490 426 518 ιιοιι
445 477 644 530 obligare.
667 476 883 526 Probatur,
900 490 1000 522 nam
1009 489 1101 526 ver,-

41 485 86 654 ἒ
138 540 222 587 voti
239 541 328 582 haec
346 542 466 589 sunt:
484 539 538 587 Si
554 551 664 591 quem
681 540 808 582 sciam
827 539 986 600 aliquid
995 551 1098 592 prce.-

132 604 262 645 torum
291 603 458 652 duorum
480 612 634 652 curare,
655 601 716 642 vel
736 602 996 654 praetendere,
1020 600 1100 641 sci-

42 643 180 740 lffleet,
213 664 266 704 de
298 664 517 717 praesenti;
543 675 629 703 non
656 675 755 703 vero
787 663 908 712 dicit,
933 674 1099 710 curasse

37 714 138 801 ιίῥυι
163 725 448 781 praetendisse,
471 724 584 776 quod
619 724 746 778 longe
776 725 989 765 diversum
1009 729 1098 781 est:

41 773 142 840 ιῐυςο
158 787 350 841 obligatio
367 799 480 838 r1goi
482 799 553 826 osa
569 791 631 827 est
646 787 755 828 ultra
774 788 995 828 verborum
1013 786 1101 826 exi-

39 838 249 924 ss'gentiam
285 849 560 889 extendenda.
601 851 736 901 Atque
773 850 886 890 idem
921 849 1101 901 probant

42 906 193 961 'f'verba
211 910 574 958 Constitutionum,
597 910 758 957 decima
789 915 921 966 parte,
942 911 967 965 g
995 912 1038 961 6,
1065 915 1103 952 et

62 943 67 998 Ι
91 1006 93 1009 v
122 986 163 1016 os
176 986 292 1028 aqere
305 974 663 1020 animadverterint
679 969 880 1015 delaturos
889 990 907 1019 ,·
920 977 961 1013 et
972 972 1101 1016 verba

67 986 252 1088 gogoni
271 1035 389 1075 XIII:
418 1033 472 1076 Si
498 1046 611 1088 quem
635 1035 768 1077 sciant
784 1035 945 1088 aliquid
961 1035 1101 1086 hujus-

63 1092 170 1146 'modi
196 1097 346 1137 moliri.
379 1097 618 1138 Declaratur
635 1100 853 1154 praeterea,
890 1107 989 1136 nam
1025 1095 1100 1136 ubi

62 1159 111 1201 Β.
131 1159 314 1211 Ignatius
332 1160 461 1199 voluit
479 1160 588 1198 hanc
605 1151 901 1211 obligationem
922 1158 976 1203 ad
992 1170 1099 1211 prae-

62 1203 229 1262 teritum
250 1225 389 1261 actum
422 1221 662 1269 extendere,
683 1220 726 1260 id
755 1221 976 1272 expressit3
1003 1231 1100 1265 cum

62 1278 164 1336 {ergo
182 1283 226 1322 id
249 1295 333 1323 non
352 1283 614 1334 expresserit,
633 1283 796 1334 signum
816 1288 879 1323 est
896 1282 1094 1323 noluisse.

62 1325 324 1416 Lintecedens
342 1348 455 1395 patet
470 1357 521 1383 ex
541 1347 683 1384 octava
698 1349 815 1395 parte
835 1341 1099 1385 Constitutio-

62 1419 180 1456 ιιιιιιι,
196 1419 231 1446 c.
257 1408 296 1454 6,
319 1407 341 1459 ξ
368 1406 600 1458 2‚ub1pr0
623 1417 672 1445 eo
693 1410 896 1458 tempore,
919 1417 1003 1459 quo
1020 1407 1099 1446 So-

62 1463 191 1516 cietas
210 1471 462 1519 conglegata
482 1472 544 1508 est
566 1468 620 1507 ad
656 1469 895 1520 eligendum
914 1467 1099 1510 Genera-

65 1530 161 1579 lem,
178 1531 368 1570 omnibus
386 1530 634 1569 electoribus
651 1535 902 1582 praeceptum
921 1530 1103 1582 imponi-

63 1598 157 1645 tur:
187 1591 464 1646 Unusquisque
487 1593 561 1632 sub
585 1603 701 1643 poena
732 1594 1103 1635 excommunicatio-

65 1657 132 1696 nis
152 1656 245 1697 laice
271 1657 491 1702 sententiae,
525 1658 705 1695 teneatur
733 1654 888 1697 Vicario
914 1654 1102 1704 manifes-

67 1722 170 1766 tare,
190 1717 249 1757 vel
265 1716 390 1758 alicui
417 1728 464 1756 ex
483 1715 778 1767 antiquioribus
795 1716 1012 1767 professis,
1032 1716 1104 1770 qui

68 1791 157 1825 cum
198 1776 356 1820 Vicario
386 1779 582 1827 conferat,
617 1778 654 1817 si
688 1778 795 1818 sciat
827 1778 1003 1830 aliquem
1032 1779 1105 1819 Ιιοο

66 1851 213 1881 munus
235 1841 459 1891 affectasse,
489 1839 549 1878 vel
573 1839 693 1878 etiam
713 1842 806 1878 tunc
825 1839 1019 1890 affectare
1042 1838 1104 1879 di-

65 1893 171 1950 recte
183 1905 255 1942 aut
266 1902 470 1947 indirecte,
488 1900 804 1952 idproourando,
821 1900 880 1939 vel
893 1901 1008 1950 siquo
1029 1899 1103 1940 ali-

68 1975 142 2020 quo
158 1964 205 2004 id
221 1962 469 2005 declarando.
488 1961 605 2009 Quod
623 1964 873 2012 praeceptum
894 1961 1107 2011 peculiare

70 2023 145 2076 est,
169 2030 209 2066 et
227 2026 466 2065 distinctum
490 2024 544 2064 ab
564 2024 815 2076 obligatione
834 2025 931 2071 voti,
952 2028 994 2066 et
1018 2034 1104 2070 non

68 2089 231 2135 habens
251 2088 391 2128 locum
411 2087 454 2126 in
474 2087 563 2125 aliis
583 2085 852 2138 dignitatibus
871 2086 937 2125 vel
956 2085 1106 2135 praela-

70 2151 264 2199 tionibuS,
300 2149 374 2189 sed
395 2148 530 2189 solum
560 2149 604 2191 in
634 2148 900 2196 Generalatu,
935 2151 1107 2201 propter

69 2209 133 2263 'rei
147 2212 406 2268 gravitatem,
432 2214 473 2249 et
491 2209 644 2249 idcirco
665 2210 899 2260 specialiter
919 2209 1107 2250 extendi-

70 2272 138 2324 tur
154 2275 208 2314 ad
221 2273 476 2327 praeteritum
486 2274 667 2322 tempus,
681 2270 777 2323 quia
799 2271 853 2310 ibi
871 2270 996 2312 etiam
1012 2284 1107 2312 con-

72 2337 277 2385 sideratur
307 2334 487 2386 dignitas
522 2332 833 2384 eligendorum,
863 2338 904 2372 et
928 2334 1108 2374 fidelitas

73 2399 333 2452 eligentium,
353 2401 394 2436 et
414 2396 629 2446 utriusque
651 2395 895 2434 existimatio
906 2396 1023 2435 valde
1034 2396 1109 2435 mi·

73 2463 214 2505 nuitur
234 2471 284 2499 ex
303 2458 376 2498 tali
397 2457 563 2505 delicto,
583 2456 742 2496 etiamsi
756 2458 1009 2507 praeteritum
1028 2458 1106 2508 sit3

70 2523 175 2574 'ergo
201 2521 254 2561 ab
272 2531 323 2561 eo
343 2530 453 2566 casu,
482 2522 527 2556 ut
546 2518 599 2556 ab
619 2518 803 2568 speciali,
823 2518 1025 2568 optimum
1045 2532 1110 2558 su-

73 2587 199 2633 mitur
209 2585 500 2635 argumentum
511 2579 564 2618 ad
577 2578 814 2630 negandam
826 2581 1112 2620 extensionem

74 2646 215 2694 illam
206 2658 247 2684 m
269 2641 454 2696 generali
474 2641 744 2692 obligatione,
769 2640 814 2679 1ιι
834 2651 917 2692 qua
937 2653 1022 2681 non
1041 2654 1113 2683 ex-

75 2709 280 2765 primitur.

132 2771 196 2811 16.
211 2768 458 2821 Explicatur
472 2770 714 2818 praeceptum
727 2765 772 2806 de
783 2764 994 2806 revelanda
1006 2777 1113 2817 prce·

81 2833 204 2882 teriia
228 2830 481 2884 affectatione
500 2828 768 2882 qeneralatus.
791 2847 844 2857 —
862 2827 920 2867 Eo
940 2827 1003 2866 vel
1025 2839 1113 2870 ma—

80 2895 188 2939 xime
208 2892 320 2944 quod
339 2892 463 2931 etiam
490 2889 531 2929 in
551 2889 620 2930 illo
640 2893 864 2946 praecepto,
890 2889 991 2930 illud
1010 2902 1114 2940 prae-

81 2956 261 3003 teritum,
280 2955 506 3007 affectasse,
541 2962 626 2990 non
651 2954 713 2990 est
732 2950 1042 2996 extendendum
1060 2951 1114 2990 ad

81 3021 216 3058 totum
232 3019 394 3067 tempus
424 3013 521 3053 vitae
550 3011 780 3069 praeteritae,
808 3012 883 3051 sed
913 3013 966 3056 ab
999 3013 1114 3057 obitu

84 3077 295 3118 Generalis
326 3087 459 3128 usque
479 3074 532 3116 ad
551 3078 716 3124 tempus
736 3073 963 3122 electioniS,
995 3078 1042 3117 ut
1061 3075 1114 3117 vi-

85 3140 205 3186 detur
221 3138 475 3182 declaratum
494 3149 518 3175 a
537 3148 641 3188 qual
643 3140 683 3175 ta
698 3135 1026 3186 Cong1egatione
1046 3148 1116 3188 ge-

85 3199 232 3247 nerali,
253 3199 297 3238 in
332 3198 507 3245 formula
527 3197 734 3249 generalis
756 3198 1113 3248 Congregationis,

88 3263 112 3315 ξ
132 3260 327 3312 vigesimo
347 3260 496 3310 primo,
517 3259 587 3300 ubi
605 3259 729 3298 etiam
746 3258 993 3307 declaratur,
1012 3271 1117 3311 prae-

84 3327 253 3374 ceptum
281 3320 380 3359 illud
409 3331 494 3358 non
526 3323 684 3362 tantum
713 3320 897 3370 obligare
926 3325 1118 3371 respectu

89 3396 235 3431 eorum
246 3381 380 3434 quiad
400 3381 643 3420 electionem
664 3393 843 3432 congreg
842 3382 903 3421 ati
922 3385 1031 3430 sunt,
1045 3382 1119 3422 sed

63 3478 67 3482 .
85 3449 282 3498 ,respectu
302 3442 487 3489 omnium
507 3441 558 3480 de
581 3441 798 3490 Societate,
819 3443 1062 3494 quicumque,
1083 3447 1120 3484 et

206 3517 318 3558 inque
342 3503 440 3553 sint,
459 3503 527 3555 qui
547 3502 595 3542 ab
624 3502 731 3542 obitu
755 3503 806 3542 P.
836 3503 1041 3546 Generalis
1070 3505 1124 3546 ad

225 3579 309 3611 nem
328 3577 464 3618 usque,
482 3576 555 3616 pro
575 3575 629 3612 se,
664 3566 736 3604 aut
759 3575 833 3615 pro
855 3564 951 3605 aliis
979 3564 1121 3609 ambie-

1152 234 1255 282 rint,
1285 235 1386 285 quia
1413 235 1610 276 nimirum
1628 235 1681 277 de
1713 235 1907 278 omuibus
1927 240 2064 290 potest
2095 234 2191 291 ssei-1¹

1154 293 1316 345 electio,
1337 299 1381 336 et
1402 307 1548 336 omnes
1566 301 1744 349 possunt
1759 298 2008 352 electionem
2023 306 2189 354 pertue-

1152 354 1281 406 bart-³3
1313 361 1568 409 praeessptum
1601 363 1742 410 autem
1772 361 2064 414 manifestandi
2093 364 2191 415 licet

1150 416 1211 466 ibi
1230 429 1315 466 non
1333 417 1524 467 videatur
1555 419 1714 470 imponi
1745 423 1938 470 omnibus
1974 425 2029 470 de
2050 425 2191 478 Socie-

1152 481 1260 528 tate,
1296 479 1372 527 sed
1396 479 1533 526 solum
1551 480 1607 527 ad
1631 481 1879 534 electionem
1904 487 2188 544 congregatis,

1153 551 1252 587 nam
1269 539 1323 589 ad
1335 539 1429 590 illos
1440 544 1601 587 tantum
1610 540 1794 593 loquitur
1803 544 1913 595 dicta
1924 545 2187 603 Βριιεῐὶζιιιίρ,

1153 605 1295 641 tamen
1323 601 1366 644 in
1392 601 1573 651 formula
1596 599 1941 660 cougregatienis
1965 610 2190 663 generalis,

1153 664 1177 715 ξ
1196 664 1262 712 82,
1285 662 1521 704 extenditur
1545 669 1802 716 praeceptum
1822 671 1974 707 sanctae
1995 669 2190 720 obedien

1152 727 1219 766 tiae
1237 726 1292 771 ad
1308 737 1454 772 omnes
1475 727 1546 778 qui
1574 726 1768 774 sciverint
1789 727 1971 777 similem
2002 731 2110 778 amb
2103 732 2195 772 tio-

1154 800 1253 829 nem
1267 819 1277 837 ,
1311 788 1397 829 sive
1430 789 1512 828 sint
1534 800 1585 828 ex
1619 800 1796 832 numero
1819 795 2192 843 congregatorum,

1154 852 1244 892 sive
1259 862 1365 898 non;
1385 849 1443 893 ibi
1463 862 1562 891 vero
1577 861 1662 898 non
1679 850 1817 902 agitur
1830 851 2000 902 quidem
2019 851 2072 900 de
2091 853 2196 899 elee-

1153 913 1267 954 tione
1287 911 1518 960 Generalis,
1542 912 1618 951 sed
1636 912 1948 961 assistentium;
1970 916 2113 960 tamen
2141 914 2196 954 ob

1154 973 1415 1023 identitatem
1444 973 1616 1019 rationis
1646 978 1784 1026 potest
1813 974 1913 1020 inde
1943 975 2053 1014 sumi
2071 987 2198 1027 argus

1156 1039 1360 1084 mentum,
1388 1034 1455 1074 vel
1491 1035 1780 1087 interpretatio
1814 1035 1965 1088 prioris
1984 1037 2193 1088 praecepti,

1154 1098 1347 1149 quamvis
1371 1096 1415 1136 in
1438 1097 1613 1137 materia
1642 1096 1801 1137 odiosa.
1820 1089 2027 1142 'Praedicto
2055 1101 2194 1137 autem

1154 1159 1281 1202 modo
1300 1159 1449 1202 merito
1469 1159 1516 1202 fit
1538 1159 1607 1201 illa
1635 1159 1823 1200 extensio
1851 1159 1903 1198 ad
1922 1160 2193 1214 praeteritum,

1155 1223 1253 1273 quia
1280 1222 1471 1271 quamvis
1489 1221 1597 1260 forte
1617 1221 1788 1260 ambitio
1809 1222 2049 1270 cessaverit,
2075 1221 2193 1260 effec-

1150 1289 1219 1326 tus
1238 1285 1328 1335 ejus
1349 1284 1564 1323 moraliter
1583 1282 1736 1327 durare
1750 1287 1947 1323 censetur
1965 1284 2197 1334 obtempo-

1151 1347 1209 1387 ris
1227 1346 1474 1386 brevitatem
1494 1357 1505 1392 ς
1524 1345 1607 1384 imo
1627 1345 1695 1384 vix
1705 1348 1844 1396 potest
1861 1343 2076 1386 moraliter
2093 1355 2198 1395 prae-

1153 1409 1264 1449 sumi
1296 1407 1562 1455 emendatio;
1599 1411 1643 1447 at
1669 1418 1770 1446 vero
1793 1407 1838 1446 in
1863 1406 2040 1452 materia
2074 1406 2199 1458 hujus

1155 1471 1239 1511 voti
1260 1469 1377 1509 nulla
1400 1473 1461 1508 est
1481 1469 1687 1515 limitatio,
1709 1468 1777 1506 vel
1802 1467 2036 1519 designatio
2055 1471 2200 1519 praete-

1156 1532 1224 1573 riti
1246 1531 1460 1584 temporis,
1485 1539 1527 1569 et
1551 1530 1646 1570 ideo
1674 1530 1719 1567 in
1747 1529 1817 1568 illa
1846 1542 1931 1568 non
1951 1529 1997 1571 fit
2013 1529 2104 1567 baec
2134 1540 2200 1569 ex-

1158 1594 1309 1645 ceptio,
1332 1592 1435 1631 alias
1456 1591 1737 1645 quamtumvis
1765 1591 1908 1642 lapsus
1940 1590 2088 1642 aliquis
2108 1589 2201 1628 fini-

1155 1659 1224 1695 tus
1236 1655 1326 1706 jam
1341 1657 1465 1701 esset,
1491 1653 1738 1692 emendatus
1756 1665 1804 1691 ac
1825 1653 1999 1703 sopitus,
2017 1652 2202 1690 excitan-

1158 1716 1238 1757 dus
1263 1720 1373 1756 esset
1395 1720 1565 1768 propter
1597 1714 1898 1766 obligationem
1930 1715 2056 1765 hujus
2086 1714 2199 1761 voti;

1156 1778 1272 1831 quod
1288 1789 1366 1818 nec
1384 1777 1575 1816 charitati
1594 1781 1925 1816 consentaneum
1941 1779 2017 1824 est,
2037 1786 2115 1814 nec
2129 1775 2202 1814 So-

1159 1839 1298 1886 cietati
1318 1839 1604 1878 necessarium
1626 1842 1699 1877 aut
1715 1838 1831 1877 utile.

1211 1901 1280 1940 47.
1311 1900 1380 1941 Ad
1402 1902 1685 1951 argumentum
1705 1912 1781 1950 pro
1809 1903 1926 1950 parte
1957 1897 2206 1950 affirmativa

1157 1963 1204 2006 in
1223 1973 1333 2003 num.
1363 1962 1428 2000 14.
1457 1983 1510 1990 —-
1540 1960 1660 2000 Unde
1681 1959 1734 1998 ad
1755 1960 1961 1999 rationem
1979 1960 2024 1998 in
2046 1963 2204 1998 contra-

1158 2023 1269 2067 rium
1288 2021 1567 2073 respondetur
1586 2021 1802 2072 imprimis,
1824 2025 1870 2060 ut
1890 2033 2015 2072 supra
2037 2020 2136 2069 dixi,
2158 2021 2203 2060 in

1160 2096 1336 2126 numero
1367 2083 1530 2122 decimo
1560 2084 1698 2130 tertio,
1729 2082 1780 2121 ad
1806 2082 2103 2133 obligationem
2121 2082 2204 2121 voti

1160 2158 1247 2187 non
1275 2155 1585 2196 quamcumque
1628 2144 1847 2182 utilitatem
1885 2155 1978 2183 esse
2015 2146 2204 2194 spectan-

1163 2209 1260 2249 dam
1280 2236 1289 2254 ‚
1320 2205 1395 2244 sed
1414 2205 1634 2244 materiam
1651 2233 1662 2252 ,
1698 2210 1741 2244 et
1758 2204 1886 2244 verba
1904 2205 2055 2256 quibus
2074 2204 2121 2244 fit
2138 2217 2207 2245 vo-

1161 2274 1267 2315 tum.
1297 2266 1472 2314 Deinde,
1490 2267 1587 2306 licet
1607 2277 1658 2304 ex
1674 2266 1744 2305 tali
1765 2266 2099 2306 manifestatione
2118 2278 2209 2318 spe-

1162 2331 1245 2372 rari
1266 2328 1394 2381 possit
1410 2328 1481 2368 illa
1503 2327 1710 2380 generalis
1738 2328 1908 2374 utilitas,
1926 2328 2040 2379 quod
2060 2328 2207 2367 delicta

1160 2405 1249 2434 non
1277 2395 1476 2431 maneant
1500 2390 1722 2443 impunita,
1751 2394 1893 2431 tamen
1914 2402 1999 2438 non
2021 2394 2083 2430 est
2101 2390 2207 2437 haec,

1162 2466 1256 2507 quae
1276 2454 1483 2505 praecipue
1502 2464 1578 2503 per
1599 2453 1678 2498 hoc
1698 2456 1841 2491 votum
1860 2452 2106 2500 intenditur,
2136 2451 2210 2490 sed

1164 2515 1423 2567 praecludere
1444 2514 1604 2554 aditum
1624 2514 1679 2552 ad
1699 2514 1970 2564 quaerendam
1983 2545 1995 2564 ,
2022 2514 2087 2554 vel
2108 2513 2216 2567 01111-Ι

1165 2579 1346 2618 nendam
1364 2576 1607 2627 dignitatem
1625 2588 1699 2627 per
1713 2577 2008 2623 ambitionem
2029 2577 2083 2616 ad
2099 2578 2210 2625 bunc

1167 2644 1308 2680 autem
1326 2639 1454 2681 finem
1470 2638 1570 2677 satis
1585 2642 1647 2677 est
1662 2638 1948 2687 ambitionem,
1963 2650 2056 2689 quae
2072 2639 2209 2689 aliquo

1164 2702 1293 2743 modo
1313 2702 1459 2748 durat,
1484 2700 1705 2752 impedire.
1743 2701 1796 2749 Ut
1811 2705 1951 2739 autem
1973 2701 2143 2743 ambitio
2163 2699 2209 2740 fi-

1164 2762 1254 2807 nita
1272 2766 1494 2803 censeatur
1510 2792 1523 2811 ,
1556 2773 1643 2802 non
1662 2762 1761 2801 satis
1781 2764 1844 2806 est
1861 2767 2046 2809 mutasse
2066 2763 2209 2804 volun-

1167 2830 1312 2875 tatem,
1333 2825 1400 2863 vel
1418 2824 1552 2874 egisse
1573 2824 1861 2875 poenitentiam
1883 2824 2033 2875 prioris
2055 2824 2207 2871 delicti,

1169 2900 1248 2930 nec
1274 2897 1370 2926 cum
1400 2886 1551 2924 effectu
1581 2897 1767 2932 cessasse
1791 2897 1944 2932 novam
1971 2885 2211 2931 sollicitudi-

1169 2961 1282 2997 nem,
1298 2952 1340 2987 et
1354 2947 1681 2999 negotiationem
1695 2947 1750 2995 ad
1761 2946 2006 2998 dignitatem
2025 2947 2210 2995 obtinen—

1170 3009 1298 3055 dam;
1331 3009 1404 3048 sed
1429 3021 1602 3049 necesse
1625 3013 1687 3054 est
1706 3010 1960 3061 praeteritum
1981 3008 2137 3055 factum
2156 3007 2210 3053 ita

1169 3071 1399 3120 retractari,
1428 3082 1503 3109 seu
1521 3070 1729 3122 impediri,
1752 3074 1798 3110 ut
1818 3069 2014 3117 effectum
2034 3081 2118 3114 non
2138 3069 2210 3107 ha-

1168 3133 1288 3182 beat,
1316 3132 1360 3171 id
1379 3136 1465 3185 est,
1488 3136 1535 3170 ut
1555 3144 1605 3179 ex
1622 3132 1664 3171 vi
1684 3132 1979 3183 negotiationis
1997 3131 2130 3179 factae,
2154 3128 2212 3174 ‚di-

1170 3195 1307 3247 gnitas
1327 3207 1411 3239 non
1431 3194 1683 3243 obtineatur,
1713 3194 1867 3244 alioqui
1886 3198 1926 3236 et
1944 3193 2038 3242 finis
2058 3193 2212 3244 prima-

1170 3257 1258 3304 rius
1276 3257 1360 3297 voti
1380 3260 1637 3307 perseverat,
1662 3259 1703 3296 et
1722 3256 1896 3295 materia
1918 3255 2040 3299 etiam
2060 3254 2210 3291 durare

1171 3318 1401 3364 virtualiter
1422 3322 1629 3366 censetur,
1658 3319 1709 3357 Et
1727 3318 1781 3365 ad
1801 3314 2130 3361 confirmandam
2150 3316 2211 3351 to-

1171 3384 1258 3420 tam
1278 3381 1385 3419 hanc
1405 3380 1637 3419 doctrinam
1656 3379 1774 3426 facit,
1806 3378 1918 3428 quod
1938 3373 2210 3415 communiter

1171 3442 1368 3481 Doctores
1394 3442 1563 3481 tradunt
1586 3442 1695 3480 circa
1717 3443 1919 3491 praecepta
1943 3435 2208 3486 Superiorum

1171 3502 1474 3555 inquirentium
1498 3503 1647 3543 delicta
1666 3503 1709 3541 in
1726 3499 1911 3552 generali
1930 3497 1984 3535 ad
2003 3508 2052 3537 ea
2070 3507 2208 3545 emen-

1171 3565 1314 3606 danda
1329 3565 1395 3605 vel
1415 3564 1682 3615 impedienda
1693 3573 1707 3611 ;
1728 3563 1925 3600 excusant
1942 3558 2053 3598 enim
2074 3557 2210 3601 subdi-
