2352 3880
684 198 759 216 ms·-
823 197 826 200 ,

178 330 391 370 casionem
410 327 453 365 et
467 319 692 366 rationem&
702 319 851 365 eornm
876 335 970 376 quae
999 322 1212 395 dicuntur,

177 393 224 429 ut
245 399 369 427 verus
392 398 542 426 sensus
573 383 857 438 intelligatur3
877 385 937 426 ibi
968 385 1079 425 enim
1107 386 1212 426 inci-

175 450 318 502 piebat
335 452 513 488 tractare
530 448 577 488 B.
608 445 792 502 Ignatins
810 447 864 488 de
879 447 1045 496 mediis,
1060 448 1210 499 quibus

175 511 302 550 homo
317 511 517 562 paulatim
538 510 702 562 disponi
721 509 847 550 debet
881 510 935 550 ad
954 510 1211 562 spiritualem

175 573 374 612 affectum
393 573 436 611 in
450 584 495 611 se
512 571 794 621 formandum,
831 574 872 612 et
889 572 943 611 ad
962 572 1210 612 electionem

174 632 410 673 faciendam
429 633 539 672 illius
551 637 696 681 status,
709 633 751 672 in
771 644 855 684 quo
864 633 1013 673 melius
1034 635 1075 671 et
1088 631 1210 671 saluti

174 705 260 734 suae
277 694 481 743 consulat,
498 698 540 734 et
558 695 642 734 Deo
664 694 890 734 famuletur
905 707 916 741 ;
939 704 1210 745 progressum

149 784 154 791 .
172 767 273 807 ergo
290 758 332 795 et
351 755 653 807 perfectionem
680 755 805 807 hujus
835 754 1117 805 dispositionis
1137 765 1213 804 per

172 816 266 857 illos
291 821 376 856 tres
397 818 552 868 gradus
578 817 770 868 explicat.
790 818 919 856 Recte
939 816 1051 855 enim
1071 815 1211 854 existi-

172 882 259 918 mat
274 878 403 929 (quod
417 878 601 917 Christus
617 877 817 917 Dominus
837 889 944 928 saepe
955 876 1110 927 docuit)
1133 876 1209 914 ini-

171 939 275 978 tium
295 940 548 978 sumendum
568 950 662 977 esse
681 950 705 976 a
726 938 851 976 rebus
886 938 1083 986 externis,
1112 948 1206 988 quae

170 1011 247 1052 per
273 1003 563 1052 paupertatem
583 999 859 1048 dimittuntur,
892 1004 1016 1050 atque
1041 999 1146 1038 adeo
1183 1010 1210 1038 a

170 1061 459 1101 moderatione
488 1060 662 1099 affectus
688 1061 795 1099 circa
815 1061 1060 1111 temporalia
1079 1061 1206 1100 bona.

168 1122 241 1162 His
264 1126 406 1161 autem
429 1121 550 1160 bonis
567 1122 779 1172 proximus
799 1125 862 1160 est
879 1121 1030 1169 honor,
1053 1125 1093 1161 et
1112 1122 1209 1161 ideo

168 1184 354 1223 secundo
388 1183 483 1222 loco
518 1184 637 1235 ponit
668 1183 999 1239 moderationem
1038 1185 1213 1224 affectus

167 1245 279 1284 circa
315 1245 536 1290 honorem,
574 1255 701 1296 quem
729 1239 850 1284 vocat
890 1249 1174 1296 contemptum
1197 1275 1209 1295 ,

168 1306 340 1354 scilieet,
362 1307 510 1345 rationi
538 1311 883 1356 consentaneum,
910 1307 980 1357 qui
1001 1308 1129 1346 virtus
1148 1311 1211 1347 est

166 1367 444 1416 innominata,
466 1372 514 1406 ut
533 1368 634 1407 dicit
659 1368 704 1406 D.
733 1369 878 1407 Thom.
903 1369 941 1407 2.
964 1369 1006 1416 2,
1039 1379 1081 1418 q.
1115 1368 1206 1417 129,

168 1433 246 1468 art.
264 1431 302 1468 2.
322 1429 424 1476 Quia
439 1440 537 1467 vero
558 1441 644 1467 non
665 1429 764 1468 satis
784 1434 846 1468 est
875 1429 985 1468 circa
1003 1430 1210 1468 exteriora

166 1489 277 1529 bona
291 1489 502 1528 moderari
519 1488 730 1536 affectum,
756 1490 835 1529 nisi
869 1491 978 1530 circa
995 1491 1207 1541 propriam

166 1550 457 1591 excellentiam
474 1550 716 1590 moderatus
726 1551 774 1590 sit
789 1552 902 1600 (nam
917 1552 1123 1603 appetitus
1137 1564 1207 1591 ex-

122 1660 127 1671 ,
165 1610 368 1650 cellentiae
388 1623 530 1651 secum
547 1612 666 1651 affert
691 1613 921 1664 appetitum
945 1614 1129 1661 lionoris,
1165 1616 1207 1654 et

166 1670 417 1720 divitiarum,
438 1677 478 1712 et
497 1674 678 1713 maxime
695 1675 911 1725 perturbat
935 1676 1121 1713 animum
1152 1674 1208 1714 ad

166 1732 413 1773 electionem
432 1734 700 1786 faciendam),
714 1735 808 1774 ideo
829 1736 946 1789 ponit
964 1736 1008 1776 in
1023 1736 1144 1776 tertio
1164 1740 1207 1777 et

166 1795 399 1846 perfectiori
419 1795 512 1835 loco
533 1792 827 1836 humilitatem.

219 1857 285 1896 29.
318 1857 388 1895 Est
427 1860 594 1896 autem
606 1846 783 1896 ulterius
817 1857 1171 1897 considerandum
1191 1887 1203 1906 ,

164 1916 277 1955 aliud
293 1928 385 1955 esse
400 1929 524 1967 agere
540 1918 592 1957 de
612 1918 883 1969 perfectione,
900 1919 1014 1957 aliud
1027 1920 1077 1958 de
1095 1924 1205 1959 statu

164 1977 451 2028 perfectionis;
467 1978 524 2016 ibi
543 1991 641 2029 ergo
662 1991 747 2017 non
762 1980 898 2030 agitur
910 1979 964 2018 de
983 1983 1092 2019 statu
1112 1992 1205 2030 per-

165 2038 369 2087 fectionis,
393 2038 471 2077 sed
497 2038 687 2078 absolute
716 2039 768 2078 de
798 2039 1078 2091 perfectione;
1105 2041 1205 2090 quia

164 2098 309 2138 electio
325 2102 456 2138 status
474 2110 558 2138 non
579 2099 780 2139 limitatur
801 2100 855 2139 ad
874 2103 1027 2140 statum
1043 2101 1206 2151 perfec-

161 2159 299 2207 tionis,
313 2159 502 2210 quamvis
513 2160 566 2198 ad
576 2160 875 2211 perfectionem
886 2162 929 2200 in
940 2174 1206 2213 quocumque

162 2225 271 2260 statu
283 2221 553 2260 obtinendam
564 2222 789 2261 ordinetur.
802 2223 862 2261 Ob
873 2223 981 2262 hanc
993 2235 1093 2274 ergo
1106 2235 1206 2263 cau-

162 2294 252 2321 sam
275 2294 362 2321 non
389 2282 558 2321 fuerunt
576 2282 634 2321 ibi
658 2283 928 2323 numerandae
949 2284 1117 2324 castitas
1135 2285 1206 2325 vel

162 2342 401 2382 obedientia
414 2353 427 2392 3
441 2354 538 2381 nam
558 2346 765 2394 quatenus
779 2348 875 2383 sunt
890 2346 1134 2384 necessariae
1148 2344 1204 2385 ad

161 2405 354 2451 salutem,
376 2407 669 2455 supponuntur
688 2405 743 2443 ad
756 2405 1076 2456 perfectionem;
1099 2418 1205 2458 qua-

159 2468 281 2505 tenus
300 2477 398 2505 vero
419 2470 515 2505 sunt
529 2466 571 2504 in
609 2466 796 2516 consilio,
818 2479 905 2506 non
942 2471 1039 2507 sunt
1056 2480 1203 2508 neces-

160 2527 346 2567 sariaead
365 2527 665 2578 perfectionem
685 2532 730 2568 ut·
750 2529 821 2576 sic,
842 2529 938 2568 licet
957 2530 1039 2568 sint.
1058 2541 1204 2570 neces-

160 2588 278 2628 sariae
296 2588 349 2627 ad
367 2592 519 2628 statum
548 2589 811 2640 perfectionis
830 2603 841 2638 ;
863 2602 943 2631 nec
974 2591 1203 2643 disponunt

159 2650 215 2689 ad
233 2650 496 2697 electionem,
517 2650 592 2689 sed
606 2652 745 2703 potius
758 2656 854 2691 sunt
873 2653 1079 2692 terminus
1096 2654 1204 2693 elec-

159 2711 296 2750 tionis.
318 2712 454 2763 Atque
474 2711 587 2751 idem
603 2706 737 2753 estde
751 2713 936 2765 perfecta
955 2719 1203 2766 paupertate

160 2777 363 2822 quantum
385 2773 439 2812 ad
456 2774 667 2824 effectum,
690 2780 734 2813 ut
752 2776 929 2826 ipsemet
948 2777 993 2816 B.
1019 2778 1201 2828 Ignatius

158 2833 382 2883 judicavit3
410 2838 451 2873 et
482 2835 579 2875 ideo
603 2836 648 2874 in
680 2837 815 2887 primo
835 2837 967 2890 gradu
991 2839 1201 2889 praecipue

161 2895 298 2944 posuit
317 2896 577 2944 spiritualem
605 2897 803 2936 affectum
836 2900 1109 2950 paupertatis,
1129 2899 1201 2951 qui

162 2954 215 2993 ad
241 2966 410 2994 omnem
441 2956 595 2996 honam
630 2958 878 2999 electionem
901 2960 1105 3010 imprimis
1125 2972 1201 3000 ne·-

162 3017 368 3056 cessarius
393 3022 469 3056 est.
497 3019 614 3058 Unde
649 3021 776 3059 etiam
811 3026 987 3069 constat,
1021 3033 1095 3062 cur
1127 3023 1198 3063 illa

163 3077 241 3118 tria
263 3078 523 3129 potissimum
542 3080 837 3130 numeraverit,
861 3083 1039 3132 divitias,
1070 3084 1199 3123 hono-

163 3150 268 3186 rem,
294 3142 338 3178 et
365 3139 619 3190 superbiam,
657 3154 732 3180 seu
765 3145 975 3195 propriam
993 3146 1202 3186 excelleu-

161 3198 278 3248 tiam,
302 3201 399 3250 quia
422 3201 601 3239 maxime
636 3205 882 3252 perturbare
913 3211 1090 3256 possunt
1108 3217 1198 3246 rec—

161 3264 247 3299 tam
276 3260 536 3300 electionem.
567 3262 712 3302 Omisit
743 3269 883 3303 autem
904 3267 1198 3316 concupiscen-

162 3321 263 3360 tiam
281 3322 433 3370 carnis,
456 3323 555 3373 quia
574 3323 634 3362 illi
655 3326 867 3375 proposito
885 3338 970 3365 non
998 3327 1198 3368 inservie-

161 3383 234 3423 bat
251 3389 421 3435 propter
436 3385 640 3424 rationem
663 3386 843 3435 dictam;
872 3399 971 3427 nam
996 3389 1198 3441 quidquid

160 3443 206 3482 in
240 3455 291 3483 eo
324 3456 478 3496 genere
511 3447 703 3487 vitiosum
738 3452 819 3497 est,
854 3460 941 3490 non
979 3450 1090 3490 cadit
1118 3452 1198 3492 suh

162 3505 424 3556 electionem,
449 3508 525 3548 sed
559 3521 635 3560 per
670 3520 716 3549 se
752 3515 898 3550 notum
938 3519 1002 3552 est
1039 3513 1194 3554 debere

162 3566 369 3607 moderari
389 3572 484 3610 ante
502 3581 670 3609 omnem
696 3570 943 3611 electionem
968 3572 1022 3612 de
1047 3573 1195 3624 majori

159 3627 445 3680 pe1fect10ne3
480 3631 686 3686 quidquid
720 3637 862 3675 autem
893 3634 1073 3687 amplius
1098 3637 1192 3686 est,

523 259 602 295 ΗΒ.
615 255 926 315 Imauus,
947 255 1027 294 sm
1045 256 1302 300 mmsmnns,
1324 254 1471 298 QUIBUS
1490 256 1547 292 An
1566 253 1849 300 raoxmoutm,
1867 257 1958 294 HC.

1263 335 1349 425 nlon
1375 322 1556 376 disponit:
1582 321 1639 363 ad
1658 321 1932 373 electionem,
1953 321 2030 366 sed
2054 321 2111 367 de
2128 323 2242 375 illo

1264 396 1288 425 e
1306 384 1426 426 ectio.
2271 411 2273 418 ,

1567 483 1821 525 Undecimum
1833 483 2010 528 dubium

1315 565 1383 606 30.
1399 565 1635 608 locutiones
1651 566 1830 619 quoedam
1846 578 1895 608 cxc
1906 566 2008 607 libro
2021 564 2293 620 exercitiom
2297 555 2346 675 ff}

1266 630 1477 670 taxantur.
1509 649 1566 659 —-
1598 627 1827 668 Undecimo
1856 632 2076 668 occurrent
2103 627 2150 667 in
2173 628 2296 682 huj

1263 689 1357 728 libri
1386 689 1564 728 lectione
1592 689 1780 728 nonnulli
1800 689 1983 739 termini,
2009 701 2116 742 quos
2137 690 2248 730 cal·
2331 728 2333 737 ,

1263 750 1371 790 niari
1402 754 1586 801 possent
1617 751 1687 801 qui
1715 751 1784 791 vel
1809 751 1855 791 in
1885 751 2012 790 rebus
2039 751 2297 804 Theologic
2327 763 2342 780 -’·

1263 824 1350 851 non
1385 816 1525 851 essent
1559 811 1733 859 eruditi,
1763 816 1837 852 aut
1863 812 2138 863 spiritualium
2157 824 2282 854 reru

1263 873 1482 924 inexperti,
1501 873 1568 912 vel
1583 874 1628 912 in
1645 873 1706 912 eis
1725 884 1811 912 non
1836 874 1934 913 satis
1956 874 2157 914 instructi.
2178 875 2295 929 Saep
2331 856 2339 919 ἶ

1261 935 1375 973 enim
1397 935 1551 974 mentio
1572 935 1614 973 in
1631 935 1710 974 hoc
1724 946 1850 986 opere
1870 934 1918 975 fit
1938 936 2166 978 divinarum
2183 937 2232 977 ill
2330 946 2338 987 ,ς

1261 998 1484 1039 tratiouum
1503 1001 1539 1037 et
1557 997 1917 1043 illuminationum·
1929 1001 1970 1038 et
1982 999 2182 1049 quoniam
2200 1010 2225 1038 o
2242 994 2296 1033 '111'
2324 995 2339 1039 .’“ζ

1263 1059 1433 1109 quidam
1472 1059 1651 1099 haeretici
1685 1058 1910 1098 Illuminati
1947 1060 2146 1112 appellati
2183 1073 2262 1100 sun
2282 1054 2285 1059 ⁴
2325 1067 2335 1090 '-

1263 1120 1489 1160 formidare
1513 1121 1606 1171 quis
1632 1124 1770 1171 potest
1788 1132 1843 1160 ne
1861 1120 2011 1171 aliquis
2030 1133 2146 1162 error
2162 1121 2206 1161 in
2225 1121 2297 1161 h»-

1260 1181 1442 1233 jusmodi
1475 1182 1613 1221 verbis
1639 1182 1886 1222 involvatur.
1922 1184 2011 1222 Non
2030 1183 2142 1223 enim
2160 1183 2286 1223 defu'
2328 1200 2330 1203 >

1264 1247 1386 1290 runt,
1420 1243 1491 1295 qui
1509 1243 1588 1283 hoc
1609 1243 1850 1294 objicerent.
1883 1245 1988 1284 Item
2006 1257 2115 1296 saepe
2135 1245 2231 1284 dicit
2290 1261 2294 1295 ς
2328 1279 2329 1282 ,

1263 1304 1477 1344 hominem
1501 1304 1545 1343 in
1572 1305 1758 1344 oratione
1787 1307 1934 1347 sentire
1957 1308 2092 1346 varios
2109 1308 2290 1358 spiritus

1265 1366 1420 1417 aqitari
1437 1366 1566 1406 variis
1585 1367 1801 1416 spiritibus
1823 1367 2117 1407 consolationis
2139 1371 2212 1407 aut
2231 1367 2294 1408 dv

1264 1427 1489 1472 solationis,
1503 1431 1544 1467 et
1560 1428 1613 1466 ad
1636 1440 1707 1467 eos
1725 1428 2021 1468 discernendos
2035 1429 2158 1468 variae
2179 1441 2282 1481 regu

1261 1487 1312 1526 1ae
1334 1489 1628 1539 assignantur,
1659 1489 1702 1526 in
1728 1489 1878 1539 quihus
1902 1489 2158 1540 significatur
2176 1501 2286 1540 poss

1262 1548 1475 1587 interdum*
1490 1550 1687 1589 evidenter
1705 1550 1896 1595 discerni,
1929 1562 1982 1591 an
1995 1555 2134 1591 auctor
2148 1553 2278 1596 intcrn

1259 1613 1391 1650 motus
1406 1611 1463 1650 sit
1482 1611 1605 1657 Deus,
1638 1614 1709 1651 aut
1728 1611 1850 1651 bonus
1867 1611 1929 1652 vol
1947 1613 2077 1654 malus
2092 1612 2263 1664 spiritus
2283 1613 2290 1642 ’-

1260 1672 1374 1722 quod
1390 1671 1552 1711 videtur
1567 1672 1761 1723 periculis
1779 1672 2026 1723 expositum,
2045 1673 2145 1714 etin
2162 1674 2285 1724 rigor

1260 1733 1426 1781 falsum,
1449 1734 1547 1786 quia
1569 1735 1659 1773 sine
1678 1734 1932 1773 revelatione
1961 1746 2045 1773 non
2069 1738 2202 1785 potest
2224 1736 2294 1776 hat

1260 1795 1349 1834 beri
1371 1796 1459 1835 haec
1478 1795 1696 1835 certitudo.
1720 1794 1838 1836 Unde
1861 1797 1987 1835 etiam
2005 1796 2230 1846 aliquando
2248 1797 2283 1838 si

1259 1856 1495 1908 gnificatur,
1524 1869 1647 1909 posse
1675 1856 1887 1896 honinem
1907 1858 2116 1898 interdum
2135 1864 2239 1900 certo
2254 1857 2281 1900 i

1257 1930 1300 1958 se
1326 1919 1502 1971 emper-iri
1541 1918 1821 1971 beneplacitum
1858 1920 2051 1968 divinum,
2072 1921 2226 1960 docente
2259 1919 2287 1952 ’δ

1259 1980 1394 2031 aliquo
1412 1979 1738 2029 consolationum,
1764 1981 2066 2030 desolationum,
2094 1982 2156 2022 vel
2173 1981 2238 2022 dic
2286 2017 2290 2022 ,
2315 2007 2317 2010 <

1256 2052 1395 2081 sorum
1412 2040 1632 2091 spirituum
1655 2041 1807 2092 praevio
1829 2042 2108 2092 experimento,
2135 2047 2184 2083 ut
2200 2042 2279 2084 diei

1258 2105 1327 2141 tur
1346 2101 1388 2139 in
1408 2101 1591 2152 quadam
1610 2101 1794 2140 secunda
1821 2103 2034 2143 notatione
2055 2104 2168 2146 circa
2222 2123 2234 2140 -.
2249 2121 2286 2140 n,

1257 2174 1339 2213 pus
1357 2162 1411 2201 ad
1425 2162 1672 2202 electionem
1688 2166 1845 2213 aptum.
1866 2163 1933 2202 Sic
1949 2164 2102 2204 etiam·
2090 2177 2134 2204 in
2149 2175 2232 2217 qua
2264 2181 2275 2199 0

1259 2224 1405 2277 regula
1426 2223 1481 2263 ad
1504 2224 1659 2263 victum
1682 2225 1999 2276 temperandum
2016 2225 2181 2275 dicitur,
2201 2239 2253 2282 pe

1256 2286 1415 2326 fectam
1441 2285 1734 2324 abstinentiam
1763 2298 1854 2326 esse
1879 2286 2191 2339 dispositionem
2208 2319 2223 2338 ,
2261 2308 2278 2326 ι.

1256 2346 1386 2387 homo
1417 2346 1629 2387 interdum
1662 2347 1812 2388 sentiat
1841 2349 2031 2400 quosdam
2055 2351 2257 2402 coquition

1257 2410 1427 2451 interme
1441 2408 1593 2457 radios,
1608 2410 1648 2450 ct
1667 2408 1952 2452 consolatorios
1967 2413 2098 2454 motus
2114 2411 2172 2455 ibi
2186 2411 2284 2463 coel‘.‘‚

1257 2474 1324 2513 tus
1341 2471 1561 2512 immissos.

1308 2533 1378 2572 31.
1407 2530 1579 2575 Notatio
1593 2543 1678 2574 una
1704 2541 1779 2586 pro
1792 2532 2004 2586 praedictis
2031 2534 2237 2578 locutioni
2267 2547 2272 2559 ³

1255 2594 1317 2635 vel
1334 2594 1952 2636 documentis.-Verumtamen
1964 2595 2055 2636 haec
2070 2602 2111 2637 et
2125 2597 2271 2638 simili
2291 2595 2305 2642 γ’

1256 2665 1350 2724 quae
1370 2656 1412 2694 in
1433 2655 1512 2694 hoc
1536 2667 1662 2707 opere
1678 2655 1835 2707 passim
1857 2661 2090 2706 occurrent,
2111 2662 2155 2699 et
2173 2664 2298 2708 e·

1255 2717 1324 2769 gie
1340 2721 1435 2757 sunt
1453 2717 1497 2756 in
1513 2717 1758 2757 scholastica
1774 2716 1960 2757 doctrina
1975 2718 2161 2768 fundata,
2181 2725 2259 2761 et

1254 2779 1287 2817 '1
1293 2778 1524 2830 heologiam
1561 2779 1780 2829 mysticam
1818 2779 2031 2830 sapienter
2068 2780 2267 2832 applica*
2248 2820 2269 2834 λ
2294 2821 2300 2844 ⁸

1254 2841 1359 2879 Nam
1379 2839 1579 2891 imprimis
1599 2844 1760 2879 certum
1781 2844 1842 2880 est
1860 2841 1979 2880 dari
1969 2854 2011 2881 m
2031 2844 2170 2883 anima
2191 2854 2263 2884 nn.-
2262 2835 2266 2842 ”
2279 2846 2299 2914 3

1253 2905 1318 2940 tra
1337 2901 1521 2940 internos
1541 2901 1742 2952 quosdam
1761 2905 1927 2951 motus,
1951 2907 2036 2942 tam
2056 2903 2250 2951 intellect
2292 2927 2299 2974 4

1254 2973 1380 3014 quam
1397 2961 1634 3011 voluntatis,
1651 2974 1702 3002 ex
1718 2964 1889 3015 speciali
1903 2964 1978 3005 Dei
1994 2966 2211 3014 motione·
2242 2971 2273 3035 ,3‘
2291 2987 2296 2994 -

1251 3024 1304 3063 tis
1322 3024 1628 3074 praevenientis,
1649 3028 1695 3064 ut
1710 3036 1762 3064 ex
1777 3026 1950 3066 materia
1967 3026 2018 3066 de
2039 3027 2172 3079 gratia
2186 3035 2265 3067 co
2261 3071 2264 3076 ,
2286 3036 2296 3086 3

1249 3087 1346 3133 stat,
1367 3085 1596 3136 Prolegom.
1616 3086 1665 3133 3,
1690 3085 1743 3126 de
1761 3086 1916 3134 Gratia,
1941 3099 2033 3140 cap.
2057 3091 2188 3136 sexto,
2218 3104 2225 3121 ι
2245 3092 2294 3154 ’3

1248 3157 1367 3185 mero
1385 3157 1512 3194 nono,
1535 3151 1576 3186 et
1590 3147 1712 3187 latius
1728 3148 1799 3187 lib.
1815 3148 1953 3197 tertio,
1973 3148 2070 3188 ethi
2085 3159 2244 3188 vocan

1247 3219 1276 3245 a
1296 3206 1447 3247 sanctis
1467 3208 1655 3248 Patribus
1673 3207 2023 3259 illuminationes,
2049 3198 2278 3265 illustrati

1249 3279 1342 3318 nes,
1377 3269 1680 3321 inspirationes,
1719 3274 1762 3310 et
1793 3270 2000 3311 motiones
2039 3270 2248 3319 divine.

1250 3334 1412 3371 constat
1441 3342 1493 3370 ex
1520 3330 1699 3371 Concilio
1724 3332 1980 3381 Tridentino,
2012 3336 2098 3372 tota
2115 3343 2229 3372 sess

1249 3396 1292 3431 et
1320 3404 1375 3432 ex
1407 3393 1713 3443 antiquioribus
1743 3392 1960 3443 Conciliis,
1994 3398 2035 3433 et
2064 3383 2210 3433 modo
2222 3374 2282 3432 'A'

1248 3453 1403 3509 quendi
1421 3453 1661 3505 Augustini,
1682 3458 1722 3494 et
1734 3451 1945 3495 fundatus
1947 3453 2067 3495 estin
2079 3445 2243 3511 modo'g
2230 3408 2289 3538 ᾖ]

1250 3515 1407 3565 quendi
1437 3515 1674 3566 Scripturae,
1706 3520 1750 3555 ut
1780 3521 1894 3567 patet
1921 3527 1974 3555 ex
2001 3517 2086 3562 toto
2115 3514 2224 3553 Psa
2262 3534 2285 3558 ῃ»

1250 3577 1342 3626 117,
1362 3580 1406 3616 et
1433 3576 1490 3615 ad
1516 3577 1633 3615 Rom.
1655 3576 1713 3616 8:
1749 3575 1828 3625 Qui
1861 3575 2013 3628 spiritu
2045 3573 2123 3614 Dei
2152 3582 2231 3627 aq

1247 3640 1333 3686 tur,
1370 3636 1419 3678 ki
1451 3641 1549 3678 eunt
1577 3635 1663 3687 filii
1698 3637 1790 3684 Dei,
1829 3638 1872 3676 et
1906 3633 2122 3676 similibus.
2256 3660 2266 3681 v,-
