2352 3880
31 322 245 370 &noris
263 321 477 374 probatur,
492 322 591 374 quia
609 332 685 374 per
699 324 842 361 votum
859 317 1104 362 obedientiae

28 384 210 429 amnia
237 387 333 424 sunt
364 383 596 435 promissa;
631 392 731 435 ergo
758 393 844 422 non
859 380 1105 434 relinquitur

66 457 179 498 aava
196 446 386 494 materia,
420 456 517 497 quae
550 445 688 486 denuo
718 455 793 495 per
823 443 903 484 hoc
921 442 1105 496 speciale

76 510 215 551 votum
247 507 525 559 promittatur.
561 507 701 553 Dices,
731 507 875 546 votum
905 504 1103 558 generale

67 569 316 612 obedientias
339 577 417 621 per
444 579 493 608 se
518 578 604 608 non
639 567 825 620 obligare
844 568 899 608 ad
918 569 994 608 has
1011 566 1106 608 mis-

67 631 220 674 tiones.
243 631 324 671 Sed
337 634 496 678 contra,
512 630 627 681 quia,
649 634 740 670 esto
753 629 932 670 fortasse
947 631 1028 669 hoe
1039 639 1106 670 ve·

65 695 160 736 ‘rum
187 693 238 732 sit
261 686 452 744 respectu
469 692 554 732 voti
574 692 821 732 obedientiae
837 693 934 733 facti
952 701 1103 732 seeun-

63 755 167 799 dum
185 755 352 807 regulas
369 753 547 794 aliarum
563 754 830 806 religionum,
851 766 937 794 non
956 758 1097 795 tamen

41 817 44 820 ’
65 820 258 869 respectu
276 817 373 857 facti
390 815 621 858 secundum
641 816 829 868 regulam
849 815 1094 862 Societatis;

67 879 178 921 unde
198 879 242 919 in
266 890 314 919 00
332 880 458 920 0110111
479 879 690 919 scholares
716 879 932 932 approbati
950 881 1099 919 tenen·-

66 947 133 985 tur
149 942 192 981 in
215 941 279 981 his
307 940 574 981 missionibus
594 941 778 991 obedire,
801 942 836 981 si
854 939 1098 994 praecipian-

66 1007 133 1046 tur
147 1015 158 1050 ;
176 1014 275 1055 ergo
289 1004 397 1043 ultra
411 1008 554 1043 votum
577 1004 823 1044 obedientiae
842 1002 1040 1054 generale
1055 1002 1103 1042 in

65 1066 270 1108 societate
304 1065 490 1114 factum,
513 1065 566 1107 ad
597 1065 757 1105 nullam
792 1065 1013 1111 actionem,
1034 1063 1100 1104 vel

63 1137 155 1171 rem
170 1140 321 1168 novam
340 1132 476 1180 potest
505 1127 691 1179 obligare
723 1129 805 1168 hoc
829 1126 1011 1178 speciale
1026 1138 1098 1166 vo-

63 1192 151 1236 tum
170 1190 326 1230 factum
341 1191 514 1231 Summo
531 1188 731 1230 Pontifici.

116 1253 156 1294 2.
186 1253 391 1305 Arquitur
412 1263 486 1306 pro
501 1256 648 1305 puncto
670 1252 899 1303 posteriore.
921 1272 975 1283 —
990 1252 1100 1292 Tan-

37 1312 159 1356 'dem
187 1314 298 1355 circa.
328 1314 559 1355 secundum
590 1317 792 1367 punctum
822 1313 1098 1368 propositum,

64 1377 286 1417 obscurum
324 1381 385 1418 est
412 1389 485 1416 cur
515 1377 594 1416 hoc
625 1379 769 1416 votum
803 1376 911 1416 inter
947 1377 1102 1416 solem-

30 1477 33 1480 .
63 1439 132 1480 nia
169 1443 371 1489 ponatur,
410 1443 482 1478 aut
516 1439 559 1478 in
595 1449 678 1489 quo
721 1439 812 1490 ejus
856 1438 1102 1478 solemnitas

63 1501 271 1541 consistat.
292 1501 342 1541 Et
361 1504 422 1541 est
450 1500 554 1539 ratio
575 1499 705 1549 dubii,
739 1501 835 1551 quia
857 1499 1099 1540 solemnitas

63 1563 145 1603 voti
159 1563 273 1602 addit
290 1562 470 1613 aliquem
492 1561 703 1609 effectum,
728 1563 883 1602 scilicet
907 1560 1101 1601 inhabili-

62 1626 193 1666 tatem
223 1625 289 1665 vel
314 1624 627 1674 incapacitatem
648 1624 845 1674 aliquam,
874 1635 924 1663 ex
939 1624 980 1662 vi
996 1623 1104 1675 juris

62 1686 242 1738 positivi,
277 1691 426 1737 praeter
454 1697 621 1724 omnem
650 1685 767 1724 illum
801 1686 1009 1733 effectum,
1037 1686 1102 1725 vel

66 1748 358 1800 obligationem
379 1759 504 1799 quam
518 1747 699 1786 hominis
722 1748 938 1798 promissio
959 1758 1104 1787 secum

66 1811 200 1859 affert,
223 1814 267 1849 ut
285 1810 487 1861 superiori
504 1815 616 1849 tomo
634 1809 790 1848 dictum
812 1814 874 1849 est
890 1820 903 1860 3
932 1811 1013 1849 hoc
1027 1822 1104 1848 au-

63 1876 150 1913 tem
163 1876 304 1911 votum
324 1885 408 1910 non
429 1872 548 1911 affert
566 1884 707 1911 secum
734 1872 858 1911 talem
888 1873 1097 1920 effectum,

63 1946 203 1986 neque
221 1934 375 1984 aliquid
395 1932 567 1973 includit
590 1937 742 1985 praeter
759 1934 1098 1984 promissionem.

64 1996 148 2038 Nec
167 1995 267 2035 satis
288 1998 350 2035 est
369 1994 507 2035 dicere
525 2005 618 2034 esse
637 1995 837 2042 solemne,
866 1996 964 2046 quia
1002 2007 1097 2036 con-

65 2056 305 2110 junctimet
321 2056 443 2096 simul
475 2068 569 2096 cum
590 2057 846 2108 professione
881 2056 957 2104 fit3
998 2066 1098 2097 nam

63 2118 155 2159 haec
174 2123 235 2159 est
255 2119 343 2159 sola
363 2118 697 2167 concomitantia,
715 2130 800 2159 non
835 2119 1064 2159 formalitas
1084 2133 1097 2168 ·,

65 2181 167 2222 alias
187 2181 312 2221 etiam
332 2184 427 2220 vota
444 2181 619 2232 reliqua,
642 2192 735 2232 quae
768 2181 943 2232 professi
980 2182 1099 2221 emit-

64 2247 171 2291 tunt,
202 2246 248 2282 ut
263 2255 288 2282 a
303 2254 395 2294 cap.
414 2243 441 2282 6
458 2241 708 2289 videbimus,
733 2246 854 2282 erunt
880 2243 1097 2292 solemnia,

66 2305 163 2357 quia
192 2316 286 2344 cum
304 2303 561 2356 professione
581 2303 701 2343 fiunt.
728 2304 846 2350 Quod
866 2305 978 2344 enim
1015 2317 1100 2345 non

67 2367 220 2414 statim,
242 2366 314 2405 sed
330 2366 455 2416 paulo
480 2369 574 2417 post
591 2365 708 2414 fiant,
741 2377 889 2417 parum
913 2366 1100 2418 profecto

65 2428 229 2469 videtur
246 2427 417 2475 referre,
438 2431 484 2466 ut
514 2428 592 2466 1100
611 2427 813 2477 solemne,
837 2426 916 2468 alia
945 2428 1100 2480 simpli-

67 2491 130 2532 cia
159 2491 363 2538 dicantur,
391 2501 500 2537 cum,
542 2490 754 2530 moraliter
790 2502 881 2530 rem
910 2491 1100 2533 conside-

65 2551 215 2602 rando,
237 2550 349 2604 quod
365 2562 513 2602 parum
530 2550 655 2590 distat
684 2550 789 2591 nihil
814 2552 969 2592 distare
988 2551 1102 2594 vide-

66 2617 146 2655 tur.
177 2615 224 2654 Et
241 2617 443 2665 praeterea
462 2612 677 2652 reddenda
695 2617 757 2654 est
785 2615 889 2654 ratio
922 2626 998 2654 cur
1014 2627 1101 2655 ma-

67 2677 129 2729 gis
149 2677 227 2715 hoc
241 2679 383 2715 votum
398 2675 535 2714 statim
548 2674 636 2723 fiat,
654 2677 699 2714 ut
716 2675 881 2716 dicatur
894 2677 1098 2727 solemne,

68 2749 192 2790 quam
211 2736 388 2788 reliqua.

121 2801 159 2840 3.
191 2797 362 2851 Propter
393 2799 502 2838 hanc
521 2797 804 2839 difficultatem
845 2797 973 2852 aliqui
1013 2812 1099 2840 mo-

69 2855 185 2901 derni
219 2861 442 2911 scriptores
471 2859 678 2909 dixerunt,
712 2860 808 2901 licet
846 2862 924 2901 hoc
955 2867 1097 2902 votum

68 2923 349 2976 professorum
387 2922 602 2962 Societatis
646 2922 854 2963 laudabile
888 2924 961 2972 sit,
1002 2923 1102 2976 quia

70 2983 287 3024 abundans
307 2984 471 3023 cautela
494 2996 579 3023 non
599 2988 736 3031 nocet,
755 2997 801 3024 re
819 2989 960 3026 tamen
982 2999 1099 3036 vera,

71 3055 122 3087 ex
139 3047 179 3086 vi
194 3045 305 3085 illius
319 3045 402 3084 voti
417 3057 502 3084 non
519 3046 698 3098 amplius
718 3045 892 3099 obligari
930 3046 983 3087 ad
1001 3049 1103 3090 obe-

69 3101 266 3148 diendum
297 3107 466 3147 Summo
499 3107 684 3147 Pontifici
720 3108 949 3148 secundum
977 3122 1103 3163 regu-

68 3163 154 3210 lam
173 3179 308 3216 suam,
329 3179 455 3218 quam
473 3168 542 3208 alii
561 3166 744 3221 religiosi
765 3181 815 3209 ex
841 3170 880 3209 vi
901 3182 986 3210 suae
1004 3183 1102 3224 pro-

71 3225 265 3270 fessionis
302 3228 537 3269 teneantur.
575 3231 682 3279 Quin
720 3231 858 3283 potius
893 3237 1100 3284 asserunt,

42 3327 43 3330 ,
73 3301 221 3332 omnes
235 3287 450 3340 religiosos
465 3289 572 3329 inter
590 3303 635 3331 se
657 3303 747 3331 esse
767 3291 949 3344 aequales
967 3294 1011 3333 in
1023 3296 1104 3336 hac

61 3350 327 3403 ‹obligatione
367 3349 586 3391 obediendi
625 3354 794 3394 Summo
839 3354 1024 3396 Pontifici
1059 3354 1104 3397 in

63 3412 163 3453 suis
199 3411 472 3451 observantiis
504 3413 782 3464 regularibus,
819 3416 917 3469 quia
961 3429 1105 3458 omnes

76 3464 194 3515 1110111
214 3473 370 3513 habent
396 3475 596 3525 tanquam
628 3487 868 3528 supremum
888 3479 1107 3521 Praelatum

13 3558 17 3560 ἡ
75 3535 404 3588 uniuscujusque
423 3535 652 3588 religionis,
684 3550 709 3578 a
729 3549 812 3590 quo
842 3541 997 3592 pendet
1023 3553 1107 3581 om-

79 3593 147 3636 nis
162 3596 424 3636 observantia
440 3599 656 3650 regularis,
678 3599 738 3639 Ita
768 3601 929 3653 scripsit
944 3603 1108 3643 Emma-

19 3673 21 3675 ·
78 3656 179 3696 nuel
213 3657 446 3710 Rodriquez
457 3688 475 3709 ‚
510 3659 563 3700 de
598 3660 891 3712 Regularibus,
928 3667 1029 3704 tom.
1067 3664 1109 3715 1,

454 253 546 291 ΟΑΡ.
568 253 625 291 w.
647 253 705 290 Au
724 252 983 291 onumssurffl
1000 251 1140 287 VOTUE
1161 253 1217 288 An
1238 253 1410 289 sumum!
1430 254 1685 295 vomituum,
1706 254 1800 290 E‘rc.

2108 253 2192 295 855

1157 323 1303 370 quaest.
1316 321 1382 369 22,
1395 331 1435 361 a.
1446 321 1488 368 6,
1502 324 1724 372 potestque
1739 321 1831 360 haec
1848 320 2195 373 sententiajuvar

1159 392 1211 421 ex
1228 382 1411 429 ratione,
1429 392 1558 432 quam
1575 384 1793 424 nostrimet
1811 386 1952 435 patres
1987 384 2034 424 in
2069 383 2194 425 Bullis

1163 443 1386 484 Pontificiis
1405 441 1460 482 ad
1475 442 1556 484 hoc
1572 447 1716 485 votum
1735 445 2009 487 emittendum
2028 444 2095 490 his
2107 457 2194 489 ver-

1159 504 1224 546 bis
1239 505 1410 545 tradunt
1428 515 1439 545 ι
1459 503 1653 552 Quamvis
1677 505 1901 558 Evanyolio
1919 507 2142 559 domamur,
2155 511 2195 552 ct

1156 566 1234 618 fide
1261 566 1478 608 orthodoxa
1501 576 1797 616 cognoscamur,
1814 579 1861 610 ac
1875 570 2050 620 firmiter
2066 562 2193 623 profi-

1161 632 1330 677 teamur,
1354 637 1486 669 omnes
1513 627 1667 669 Christi
1687 628 1822 679 fideles
1857 630 2035 674 Romano
2053 632 2192 678 Ponti-

1161 690 1234 740 fici
1253 692 1444 743 tanquam
1461 690 1586 741 capiti
1599 701 1647 736 ao
1668 688 1823 730 Christi
1851 690 2012 733 Vioario
2023 695 2191 746 subesse,

1151 753 1205 793 ad
1221 753 1413 804 majorem
1429 755 1561 794 tamen
1577 755 1728 793 nostroe
1747 751 1972 794 Societatis
1985 754 2191 799 numilita-

1153 817 1229 855 tem
1255 819 1320 856 αα
1337 817 1552 866 perfectam
1575 813 1886 866 uniuscujusque
1911 817 2191 866 mortificatio-

1149 888 1251 924 nem,
1280 880 1318 918 et
1344 878 1594 918 voluntatum
1623 879 1855 918 nostrarum
1871 877 2189 929 abnegationem,

1154 949 1396 990 summopere
1436 941 1643 981 conducero
1668 938 1944 991 judicavimus
1960 969 1973 988 ‚
2010 940 2191 992 sinynlos

1154 1004 1309 1042 nostros
1325 1001 1439 1043 altra
1454 1002 1560 1042 illud
1575 1012 1777 1042 commane
1805 1001 2011 1042 vineatam
2023 1002 2193 1053 speciali

1153 1067 1239 1104 voto
1257 1063 1450 1115 astringi,
1463 1068 1542 1104 etc.
1564 1064 1624 1103 Ex
1643 1064 1708 1103 his
1726 1064 1839 1104 enim
1861 1063 1998 1104 verbis
2034 1063 2191 1116 colligi·-

1153 1131 1235 1174 tur,
1262 1138 1338 1179 per
1351 1127 1430 1167 hoc
1449 1131 1591 1167 votum
1616 1127 1750 1166 5010111
1779 1126 1874 1166 addi
1900 1126 2111 1166 vinculum
2129 1137 2191 1167 re·-

1154 1190 1332 1241 ligionis,
1373 1190 1481 1230 ultra
1512 1189 1724 1230 vinculum
1759 1189 2051 1240 subjectionis,
2078 1188 2193 1242 quod

1154 1264 1376 1292 commune
1396 1255 1459 1293 est
1473 1254 1666 1293 omnibus
1691 1252 1886 1292 fidelibus
1905 1267 1917 1301 3
1939 1257 1982 1293 at
2000 1253 2081 1292 1100
2103 1253 2191 1294 vin-

1155 1316 1294 1355 culum
1339 1316 1551 1367 religionis
1594 1326 1740 1354 omnes
1766 1314 1951 1366 religiosi
1991 1314 2192 1366 superad-

1156 1378 1258 1418 dunt
1272 1390 1322 1418 ex
1341 1379 1379 1418 vi
1395 1389 1480 1418 suae
1498 1378 1767 1430 professionis
1790 1389 1799 1424 3
1822 1389 1922 1429 ergo
1938 1388 1983 1416 re
2003 1376 2095 1428 ipsa
2114 1378 2192 1417 1100

1154 1444 1296 1480 votum
1317 1440 1420 1479 nihil
1439 1440 1552 1480 addit
1575 1452 1729 1480 novum
1752 1438 2065 1491 comparatione
2083 1438 2192 1479 facta

1154 1502 1208 1542 ad
1228 1502 1332 1541 alios
1369 1502 1602 1553 religiosos.
1638 1501 1720 1542 Sed
1757 1501 1811 1541 ad
1848 1512 2061 1540 summum
2096 1500 2194 1541 addi

1156 1569 1293 1618 potest
1312 1565 1407 1604 huic
1426 1565 1657 1611 sententiae,
1678 1566 1757 1604 1100
1772 1568 1916 1605 votum
1932 1563 2087 1604 addere
2107 1574 2189 1603 ma-

1155 1627 1290 1678 jorem
1317 1627 1542 1677 quamdam
1567 1627 1856 1666 certitudinem
1885 1627 2010 1677 hujus
2038 1625 2196 1677 obliga-

1158 1689 1281 1728 tionis
1301 1689 1522 1729 obediendi
1537 1689 1739 1728 Pontifici.
1765 1689 1883 1735 Quod
1917 1689 2027 1728 enim
2049 1699 2196 1729 omnes

1159 1751 1344 1803 religiosi
1380 1763 1431 1791 ex
1454 1751 1495 1790 vi
1530 1751 1800 1802 professionis
1825 1751 2070 1801 promittant
2097 1750 2195 1790 obe·-

1157 1812 1357 1852 dientiam
1379 1813 1601 1865 specialem
1619 1814 1790 1852 Summo
1805 1813 2008 1861 Pontifici,
2026 1824 2112 1852 non
2132 1815 2196 1852 est

1155 1875 1211 1915 ita
1236 1879 1410 1923 certum,
1433 1874 1534 1925 quin
1551 1875 1675 1925 aliqui
1696 1875 1896 1926 Theologi
1917 1874 1997 1913 hoc
2016 1885 2194 1925 negave-

1153 1937 1251 1984 rint,
1266 1940 1313 1975 ut
1329 1935 1534 1987 significat
1545 1935 1782 1983 Durandus,
1796 1936 1835 1982 2,
1858 1935 1900 1974 d.
1913 1935 1980 1982 44,
1994 1938 2139 1986 quaest.
2153 1936 2194 1985 5,

1155 2001 1197 2037 et
1213 1998 1406 2048 quamvis
1425 1997 1662 2049 oppositum
1680 1997 1830 2036 doceat
1850 1997 2085 2037 communis
2102 2008 2196 2037 sen-

1153 2059 1298 2107 tentia,
1320 2063 1365 2098 ut
1384 2059 1696 2107 carthusianus,
1714 2059 1864 2098 eadem
1890 2058 1932 2098 d.
1954 2060 2023 2108 44,
2045 2063 2193 2111 quaest.

1154 2122 1195 2169 5,
1216 2125 1349 2169 notat,
1372 2122 1474 2160 etin
1510 2121 1713 2172 superiori
1743 2125 1856 2160 tomo
1879 2121 2014 2160 visum
2039 2125 2117 2170 est,
2149 2120 2196 2161 id

1153 2193 1253 2222 vero
1271 2183 1347 2223 sub
1359 2182 1556 2234 opinione
1579 2183 1767 2221 versatur
1779 2192 1795 2232 3
1811 2182 1937 2233 igitur
1953 2183 2033 2221 hoc
2051 2186 2194 2225 votum

1156 2243 1272 2283 addit
1303 2244 1450 2283 saltem
1481 2243 1772 2283 certitudinem
1792 2243 2071 2295 obligationis,
2106 2255 2194 2285 non

1155 2309 1296 2346 tamen
1321 2305 1634 2357 obligationem,
1651 2306 1771 2356 juxta
1803 2306 1912 2345 hanc
1936 2304 2191 2358 opinionem.

1155 2366 1429 2406 Nihilominus
1451 2367 1538 2406 haec
1566 2367 1704 2418 opinio
1740 2378 1839 2406 vera
1873 2378 1959 2407 non
1994 2371 2072 2416 est,
2111 2378 2193 2408 nec

1155 2432 1437 2468 consentanea
1475 2427 1605 2468 Bullis
1633 2427 1880 2477 Pontificiis‚
1921 2429 2073 2480 quibus
2113 2428 2194 2470 hoc

1154 2495 1298 2530 votum
1323 2490 1601 2542 approbatum
1636 2494 1698 2530 est
1721 2495 1763 2530 ut
1783 2491 1982 2543 speciale,
2002 2495 2044 2532 et
2059 2491 2194 2531 omni-

1154 2563 1209 2592 no
1236 2552 1476 2592 distinctum
1491 2565 1516 2591 a
1535 2552 1722 2604 reliquis.
1747 2552 1799 2593 Ut
1817 2565 1917 2604 ergo
1934 2552 1979 2593 id
1998 2553 2193 2593 ostenda-

1154 2626 1263 2662 mus,
1280 2613 1614 2666 comparabimus
1633 2614 1749 2666 prius
1766 2615 1845 2654 hoc
1861 2619 2003 2654 votum
2024 2615 2076 2655 ad
2098 2627 2194 2667 pro-

1154 2676 1378 2716 fessionem
1395 2677 1570 2716 aliarum
1586 2677 1850 2729 religionum,
1873 2676 2025 2717 deinde
2043 2676 2098 2717 ad
2110 2677 2192 2719 alia

1154 2743 1250 2778 vota
1265 2751 1339 2778 seu
1360 2736 1526 2779 vincula
1556 2738 1748 2790 ejusdem
1776 2739 2006 2787 Societatis,
2028 2739 2073 2779 in
2105 2750 2190 2792 quo

1153 2799 1331 2840 fortasse
1348 2800 1484 2852 major
1501 2798 1722 2840 difficultas
1741 2802 1946 2842 versatur.

1158 2900 1266 2949 Quid
1283 2900 1405 2941 addat
1425 2901 1495 2942 hoo
1510 2905 1644 2942 votam
1664 2901 1796 2943 tribas
1823 2900 2001 2944 aliarum
2028 2900 2190 2954 retiato-

1561 2974 1658 3005 mom
1679 2965 1797 3005 votis.

1209 3052 1249 3091 4.
1281 3048 1426 3092 Prima
1445 3050 1614 3091 assertio
1631 3049 1842 3102 bipartita.
1858 3072 1912 3081 —-
1930 3047 2194 3102 Exprimitnr

1156 3109 1280 3165 nujus
1289 3112 1372 3153 voti
1390 3110 1562 3153 materia
1578 3112 1623 3152 in
1636 3111 1821 3153 instituto
1838 3108 2194 3154 Societatis.—Ad

1158 3173 1259 3215 hano
1294 3176 1447 3226 spectat
1481 3173 1542 3215 ire
1580 3174 1761 3224 exjussa
1776 3174 2010 3223 Pontificis.
2026 3171 2192 3212 —Dico

1157 3247 1257 3288 ergo
1293 3236 1428 3288 primo
1446 3245 1459 3274 ε
1491 3234 1667 3286 professi
1706 3235 1920 3275 Societatis
1958 3235 2192 3274 emittentes

1158 3301 1352 3350 quartum
1376 3300 1519 3336 votum
1541 3296 1761 3336 obediendi
1790 3297 1962 3337 Summo
1990 3290 2191 3340 Pontifici,

1161 3363 1203 3399 et
1219 3362 1362 3399 sancte
1381 3357 1554 3406 faciunt,
1578 3362 1619 3398 et
1649 3358 1704 3398 ad
1737 3358 1892 3410 aliquid
1924 3369 1974 3397 ex
2010 3355 2051 3394 vi
2082 3354 2191 3392 illins

1159 3419 1243 3460 voti
1263 3420 1515 3473 obligantur,
1535 3420 1589 3460 ad
1610 3420 1719 3472 quod
1738 3430 1822 3459 non
1847 3418 2082 3468 obligantur
2099 3413 2191 3454 reli-

1161 3483 1235 3535 qui
1267 3482 1451 3534 religiosi
1482 3494 1534 3522 ex
1552 3482 1591 3522 vi
1608 3481 1874 3533 professionis
1894 3489 2000 3523 suae;
2024 3479 2069 3515 ut
2095 3487 2191 3515 con-

1162 3543 1392 3585 elusionem
1411 3545 1652 3597 probemus,
1675 3542 1847 3582 materia
1867 3539 1991 3590 hujus
2008 3537 2090 3577 voti
2109 3549 2194 3590 pree

1163 3605 1293 3646 oculis
1314 3605 1509 3658 ponenda
1528 3609 1607 3654 est,
1640 3614 1732 3655 quae
1754 3602 1851 3640 satis
1882 3610 2076 3651 expresse
2097 3610 2193 3651 pro-

1161 3667 1331 3720 ponitur
1357 3667 1404 3707 in
1421 3666 1541 3707 dictis
1558 3664 1686 3704 Bullis
1711 3660 1946 3710 Pontificiis,
1967 3659 2067 3700 etin
2093 3661 2191 3702 Exa-
