2352 3880
41 323 455 385 ῗῑ-,ὺίιιᾱὶιειιίιιιε
468 336 728 391 impiant-i.
1005 362 1007 365 <
1034 365 1037 368 <

76 407 143 473 2²⁵¹
149 397 232 443 ›03-
258 399 402 440 Potest
421 399 604 452 denique
618 398 765 452 quinta
791 396 1024 440 differentia
1045 397 1142 440 uni-

43 439 244 534 ζωή,
278 461 400 514 quin,
427 471 565 514 perse
592 459 825 512 loquendo,
859 464 1055 502 nontam
1081 462 1143 501 est

79 521 382 579 *cessarium
398 526 447 563 ut
462 521 666 575 pracedat
681 521 855 562 monitio
872 521 1055 563 fraterna
1069 532 1141 563 an-

75 582 152 625 h
163 583 402 636 iudicialem
423 581 811 631 denuntiationem,
833 582 938 622 sicut
962 579 1141 635 postula-

104 647 176 685 brt
199 649 295 687 me
327 643 690 684 denuntiationem
715 642 1022 697 Evangelicam,
1043 654 1140 683 nam

102 708 207 747 nto
226 704 520 756 Evangelicam
552 704 722 756 praecise
734 734 750 753 ,
765 715 838 746 seu
864 705 978 746 nulla
1002 705 1140 746 addita

68 787 75 794 »
103 766 249 819 oeguln
263 766 437 819 alicujus
454 765 636 818 religiosi
653 769 799 816 status,
817 779 896 820 per
906 779 954 807 se
967 766 1140 820 requiri-

103 830 194 878 mr,
208 827 378 881 quando
393 831 434 868 et
448 826 588 868 fratris
606 828 840 868 emendatio
856 832 897 868 et
916 827 1140 881 praeventio

101 889 239 929 omnis
259 887 432 941 periculi
459 892 501 929 et
527 890 769 930 nocumenti
797 889 1049 930 sufficienter
1066 901 1141 942 per

102 949 219 990 iilam
252 954 465 1002 speratum
498 950 545 990 in
575 950 656 991 alia
687 962 785 991 vero
815 963 903 991 non
931 952 1007 991 itaa.
1037 951 1141 991 Nam

102 1010 270 1064 quaudo
287 1015 450 1064 oportet
478 1009 594 1052 inam
622 1011 714 1053 fieri
740 1018 911 1065 propter
930 1011 1140 1065 publicam

101 1073 329 1114 vindictam
346 1073 487 1114 delicti
504 1074 735 1124 commissi,
754 1086 840 1115 non
859 1076 920 1114 est
946 1073 1141 1126 simplici-

99 1138 166 1175 ter
198 1135 424 1176 necessaria
458 1136 632 1176 monitio
665 1140 833 1185 secreta,
864 1133 991 1175 etiam
1027 1135 1140 1187 apud

99 1200 277 1249 patrem,
304 1198 418 1250 quia,
438 1197 603 1238 etiamsi
621 1209 694 1250 per
715 1197 830 1237 illam
856 1195 1140 1237 emendandus

100 1257 157 1298 sit
173 1257 315 1308 frater,
336 1262 378 1299 et
399 1258 578 1300 cavenda
595 1258 735 1299 omnia
755 1258 896 1298 futura
910 1258 1139 1299 incommo-

100 1318 155 1358 da
168 1351 178 1367 ‚
200 1324 403 1371 quantum
421 1324 481 1361 est
506 1333 555 1360 ex
574 1324 690 1372 parte
711 1318 838 1367 illius,
868 1319 1141 1361 nihilominus

100 1379 296 1421 facienda
318 1385 379 1421 est
397 1381 673 1430 denuntiatio,
701 1384 750 1421 ut
777 1379 943 1434 publico
959 1386 1001 1422 et
1028 1394 1139 1422 com-

99 1443 219 1482 muni
254 1442 362 1482 bono
406 1454 480 1495 per
518 1443 777 1495 punitionem
812 1442 985 1483 satisfiat
997 1453 1017 1494 ;.
1042 1455 1139 1495 ergo

99 1502 216 1543 mma
234 1507 296 1543 est
316 1502 537 1543 necessitas
563 1503 658 1544 talis
687 1503 841 1544 ordinis
854 1533 870 1553 ,
900 1504 971 1544 sed
1002 1504 1140 1544 statim

99 1568 234 1617 potest
265 1565 318 1605 ad
339 1565 600 1617 Superiorem
618 1565 792 1615 recurri,
813 1568 1014 1618 tanquam
1029 1565 1140 1617 judi-

99 1637 191 1666 cem
204 1655 218 1675 ‚
248 1630 296 1665 ut
316 1629 403 1665 tam
424 1625 658 1667 emendatio
676 1638 803 1678 quam
819 1625 1042 1667 vindicatio
1068 1638 1142 1679 per

99 1686 219 1728 mum
238 1685 333 1733 fiat;
366 1686 463 1737 quia
482 1690 646 1739 propter
672 1698 765 1727 eam
796 1698 885 1727 rem
907 1699 992 1727 non
1010 1687 1142 1739 magis

103 1747 331 1788 infamatur
346 1747 564 1799 proximus
566 1775 585 1798 ,
613 1751 656 1789 et
682 1748 740 1789 ita
765 1752 895 1789 cessat
923 1749 1140 1789 necessitas

100 1809 212 1848 illius
231 1808 400 1849 ordinis.

156 1873 222 1910 u.
251 1871 386 1921 Atque
421 1869 520 1910 hinc
553 1868 738 1922 sequitur
756 1870 867 1924 (quae
892 1875 1026 1924 potest
1055 1883 1142 1913 esse

101 1934 215 1970 sexta
248 1930 502 1982 differentia)
534 1930 891 1972 denuntiationem
922 1934 1139 1984 Evangeli-

101 2004 194 2034 eam
234 1993 368 2044 magis
401 1992 495 2034 fieri
527 2005 643 2046 posse
674 1993 723 2033 de
759 1998 922 2045 peccato
947 1994 1107 2034 occulto
1125 2025 1140 2045 ,

101 2065 228 2106 quam
254 2053 525 2106 judicialem3
546 2066 648 2095 nam
664 2054 735 2093 illa
757 2067 853 2094 cum
876 2059 1038 2095 tantum
1069 2055 1144 2096 fiat

101 2116 290 2166 Praelato,
321 2119 368 2156 ut
394 2115 518 2168 patri,
547 2120 589 2157 et
618 2117 824 2168 praecipue
842 2117 896 2156 sit
914 2117 966 2157 ob
986 2117 1143 2158 bonum

100 2176 323 2230 peccantis,
343 2188 419 2216 nec
435 2177 636 2228 perillam
651 2178 817 2229 procedi
835 2178 962 2230 possit
980 2178 1031 2218 ad
1049 2190 1141 2232 pro-

100 2239 235 2292 priam
255 2238 530 2291 punitionem,
551 2238 641 2279 fieri
657 2243 790 2291 potest
808 2239 859 2279 de
873 2245 1038 2293 peceato
1054 2252 1141 2281 om-

99 2300 202 2342 nino
217 2299 388 2349 occulto,
406 2304 452 2340 ut
469 2299 700 2340 scholastici
719 2312 861 2340 omnes
876 2314 971 2341 cum
986 2303 1142 2354 Augus-

102 2362 195 2402 tino
213 2362 360 2402 docent
374 2376 386 2410 3
401 2362 489 2401 imo
505 2361 626 2402 multi
639 2361 700 2401 ita
711 2362 950 2415 intelligunt
973 2365 1141 2405 verbum

103 2422 272 2472 Christi,
287 2421 324 2463 si
337 2422 564 2476 peccaverit
578 2423 624 2464 in.
642 2426 696 2471 te,
708 2427 755 2462 ut
769 2434 907 2476 supra,
927 2437 1018 2477 cap.
1039 2439 1142 2478 prae-

102 2483 212 2532 ced„
247 2495 422 2524 numero
459 2484 618 2525 decimo
652 2488 767 2525 sexto
778 2514 793 2534 ,
829 2485 1047 2526 declaravi.
1071 2489 1143 2528 De-

105 2546 316 2586 nuntiatio
337 2551 478 2587 autem
492 2545 699 2598 judicialis
727 2559 822 2586 cum
841 2560 888 2587 eo
915 2548 1074 2599 tendat,
1097 2553 1144 2590 ut

101 2605 148 2646 in
163 2606 252 2646 foro
270 2611 455 2656 externo,
471 2611 512 2648 et
531 2619 604 2660 per
619 2607 897 2648 ministerium
912 2609 1078 2660 judicis,
1098 2615 1144 2651 ut

103 2666 181 2714 nic,
195 2667 289 2707 finis
303 2668 488 2708 intentus
500 2672 775 2721 comparetur,
790 2669 1037 2721 regulariter
1052 2683 1143 2723 pos-

59 2761 75 2773 }
101 2727 208 2767 tulat
239 2732 287 2767 ut
314 2729 366 2768 sit
396 2729 447 2768 de
478 2741 523 2769 re
559 2741 644 2768 non
669 2730 840 2769 omnino
865 2731 1049 2781 occulta,
1070 2732 1143 2773 sed

103 2788 323 2841 probabili,
338 2789 402 2829 vel
412 2790 555 2830 saltem
569 2802 653 2829 non
664 2789 939 2842 improbabili,
956 2796 1003 2831 ut
1014 2792 1143 2844 judex

103 2851 237 2902 possit
267 2855 408 2902 postea
431 2851 606 2903 juridice
633 2851 874 2904 procedere3
895 2853 1007 2905 quod
1036 2855 1144 2893 sumi

105 2914 239 2964 potest
257 2923 310 2952 ex
336 2923 426 2964 cap.
453 2912 528 2951 ult.
545 2943 555 2961 ,
582 2913 634 2953 de
654 2913 1040 2964 Calumniatoribus,
1071 2915 1144 2956 ubi

104 2972 277 3025 punitur
309 2972 572 3013 denuntiator
587 3003 600 3022 ,
636 2973 734 3026 quia
763 2974 949 3027 probatio
975 2976 1144 3017 inventa

105 3044 192 3074 non
215 3037 290 3082 est,
312 3034 392 3073 nisi
410 3045 453 3074 se
479 3033 726 3075 sufficienter
743 3039 906 3087 purget,
931 3037 1040 3089 quod
1059 3050 1144 3078 non

113 3094 393 3134 calumniandi
412 3095 550 3135 animo
562 3096 878 3137 denuntiaverit..
898 3098 992 3137 Dixi
1003 3104 1142 3140 autem

52 3183 54 3188 ,
106 3156 371 3208 naularz‘ter,
407 3154 504 3208 quia
521 3156 688 3209 quando
717 3156 867 3198 delicta
893 3163 990 3199 sunt
1023 3162 1140 3201 valdo

52 3219 76 3271 ’.ρ
106 3218 256 3258 nociva
273 3216 486 3257 communi
500 3216 608 3258 bono
618 3247 634 3268 ,
663 3217 793 3258 veluti
810 3219 990 3271 haeresis,
1007 3223 1141 3273 prodi-

19 3286 33 3313 ·.
27 3274 78 3334 lii
106 3277 168 3316 tio
193 3277 352 3329 patriae,
373 3281 414 3318 et
442 3277 478 3318 si
507 3289 597 3331 quae
617 3283 712 3319 sunt
734 3280 950 3332 ejusmodi,
982 3283 1142 3324 etiamsi

106 3337 270 3378 occulta
285 3339 382 3388 sint,
406 3338 558 3380 deferri
573 3343 747 3393 possunt
765 3341 818 3382 ad
841 3353 961 3382 aures
979 3343 1140 3395 judicis,

26 3339 92 3509 ξ
100 3400 183 3442 m
172 3411 259 3451 ipse
286 3399 446 3454 vigilet,
461 3400 527 3441 vel
543 3401 728 3457 inquirat
744 3401 854 3456 quod
872 3403 1056 3456 legitime
1071 3418 1143 3460 po-

23 3531 67 3584 s·
109 3460 379 3564 neiliitl'otest
387 3525 527 3563 tamen
537 3522 660 3576 objici
677 3527 822 3566 contra
830 3525 1020 3578 quintam
1031 3526 1146 3568 diffe-

55 3581 291 3653 ¹⁸janum
302 3612 319 3636 ,
337 3583 436 3638 quia
453 3584 552 3637 jura
575 3596 692 3639 aequo
719 3585 914 3633 videntur
939 3588 1145 3642 postulare

799 3756 825 3790 viv

45 228 58 262 ζ
134 236 139 242 .
274 210 281 219 ’
331 206 451 247 ω
471 208 535 246 Κ.
553 206 614 246 DE
623 207 741 246 mo
761 198 1224 246 &QUOQUE
1242 206 1597 246 ΒΕΜῚΝΤῘΑΤῙΟΠΙ
1589 163 2002 254 Rssffllssssfflst‘

41 280 52 325 ξ
79 302 83 310 -
103 281 117 315 5'
159 275 258 331 *3*
277 274 462 330 &per
480 275 592 318 hane
613 275 970 322 damantionem
983 273 1069 318 inv
1081 272 1146 316 σέ·
1197 275 1402 328 praeviam
1425 275 1701 317 monitionem
1715 275 1770 317 ad
1790 274 2148 326 dentium
2160 277 2232 329 jn-

1196 333 1402 389 dicialem,
1421 336 1530 378 simu
1554 337 1612 378 ad
1635 339 1870 391 pannum,
1886 337 2159 392 utcofflgitu·
2180 351 2232 382 αι

1195 407 1291 449 cap.
1313 397 1478 448 Novit,
1507 398 1562 438 de
1584 398 1790 449 deicins,
1802 399 1978 441 ibi21n
1995 399 2233 443 «innuimus

1191 459 1391 509 prooessit
1426 460 1638 500 seeundum
1683 461 1864 513 requiam
1906 461 2203 516 Bnanydt'eaa
2212 467 2229 514 t

1189 517 1337 570 juncia
1376 518 1507 570 gloae..
1535 520 1698 561 dicente
1716 531 1734 561 t.
1755 521 1876 563 Alias
1895 523 2135 566 demtiam
2151 534 2232 568 m

1193 579 1360 622 auditur
1378 579 1464 620 nisi
1479 581 1693 622 monitione
1708 584 1950 636 praemissa,
1979 585 2093 637 φιιοά
2113 585 2232 627 vida,-

1195 643 1266 680 tur
1283 653 1520 693 expressum
1540 641 1585 681 in
1603 654 1693 694 cap.
1717 643 1819 685 Cum
1829 645 2014 694 dilectus,
2033 646 2088 687 de
2102 646 2233 688 Am

1191 702 1436 752 sationibus,
1450 703 1510 742 ibi
1525 714 1538 744 :
1557 701 1610 746 Se·
1630 698 1856 746 &vastitas-att
1867 709 2097 758 prce-satum
2104 708 2232 761 Epin-

1193 776 1330 818 copum
1373 765 1419 807 de
1442 765 1536 818 jam
1576 765 1697 808 dictio
1736 767 1960 809 sucessibus
1986 779 2067 810 non
2107 769 2232 822 mim

1187 827 1475 880 praemonitum
1495 827 1543 869 ab
1562 827 1724 875 eisdem,
1742 839 1768 868 ω
1787 827 2086 870 denuntiatione
2102 831 2232 883 mpel-

1193 887 1298 929 latis
1315 890 1465 929 eosdem
1474 906 1491 937 ;
1506 888 1581 928 ubi
1600 888 1734 940 glossa
1752 888 1833 928 alia
1846 889 1943 940 jura
1963 889 2107 929 refiert.
2118 891 2171 930 Et
2185 891 2232 932 in

1194 960 1230 988 c.
1242 948 1355 990 Dicet
1363 950 1478 999 Heli,
1499 949 1549 990 de
1569 950 1747 990 Simoni-0
1765 984 1767 989 ,
1787 954 1873 990 tam
1882 951 2110 991 necessaria
2130 951 2233 992 dici-

1193 1013 1263 1049 tnr
1277 1022 1363 1050 esse
1387 1012 1652 1063 praemonitio
1669 1012 1721 1051 ad
1738 1012 2111 1062 denuntiationem,
2127 1013 2232 1054 sicut

1193 1071 1410 1124 inscriptio
1435 1073 1487 1113 ad
1519 1074 1838 1124 accusationem,
1868 1085 1961 1127 quse
1991 1074 2232 1127 simpliciter

1192 1134 1421 1174 necessaria
1444 1138 1529 1186 est3
1553 1139 1595 1176 et
1612 1139 1754 1175 tamen
1774 1136 1820 1175 in
1838 1134 1903 1175 his
1918 1135 2085 1187 juribus
2101 1137 2233 1178 mani—

1191 1195 1294 1236 feste
1312 1196 1476 1235 videtur
1494 1208 1581 1236 esse
1600 1208 1736 1237 sermo
1754 1196 1804 1237 de
1832 1197 2147 1238 denuntiatione
2166 1199 2232 1250 Ju-

1193 1256 1352 1306 diciali,
1373 1268 1468 1297 cum
1489 1257 1649 1298 ratione
1674 1257 1786 1298 illius
1809 1258 1936 1310 judex
1963 1259 2155 1310 procedat
2178 1259 2231 1299 ad

1192 1318 1480 1370 probationem
1498 1322 1540 1358 et
1557 1318 1819 1371 punitionem
1842 1320 1889 1359 in
1905 1320 1996 1359 foro
2020 1321 2229 1361 exteriori.

1192 1379 1477 1432 Respondetur
1497 1384 1664 1432 propter
1684 1381 1853 1420 vitanda
1870 1382 2052 1433 pericula
2076 1382 2231 1423 calum-

1194 1441 1359 1481 niarum
1374 1471 1385 1489 ‚
1410 1440 1618 1481 ordinarie
1638 1445 1678 1481 et
1698 1442 1947 1493 regulariter
1963 1455 2048 1483 non
2070 1442 2231 1484 admitti

1195 1502 1248 1542 ad
1273 1502 1607 1542 denuntiandum
1626 1502 1669 1542 in
1698 1503 1788 1543 foro
1815 1504 2010 1544 exteriori
2029 1516 2142 1554 eum,
2163 1504 2232 1557 qui

1195 1575 1384 1604 accusare
1401 1567 1545 1615 potest,
1562 1564 1727 1616 quando
1747 1565 2007 1605 denuntiatio
2020 1566 2232 1607 ordinatur

1194 1624 1249 1666 ad
1266 1626 1526 1678 punitionem
1546 1626 1701 1675 delicti,
1718 1627 1833 1678 quia,
1859 1639 1932 1678 per
1949 1639 1992 1666 se
2009 1627 2233 1679 loquendo,

1196 1687 1363 1739 expedit
1381 1691 1427 1727 ut
1447 1699 1488 1728 se
1509 1687 1665 1740 obliget
1683 1687 1735 1727 ad
1760 1687 2019 1740 probandum
2032 1718 2046 1738 ,
2077 1690 2148 1740 qui
2167 1688 2235 1729 de-

1194 1749 1275 1789 fert
1305 1749 1482 1789 alterum
1521 1749 1575 1789 ad
1604 1749 1808 1801 Judicium
1841 1754 1889 1790 ut
1925 1750 2135 1802 puniatur.
2184 1750 2235 1791 Et

1195 1809 1293 1850 hinc
1310 1810 1374 1860 fit,
1395 1814 1444 1851 ut
1467 1810 1512 1850 in
1534 1810 1682 1851 eodem
1703 1812 1895 1852 exteriori
1922 1812 2013 1851 foro
2035 1811 2234 1862 regulari-

1195 1875 1259 1913 ter
1272 1884 1357 1911 non
1374 1869 1617 1912 admittatur
1635 1872 1897 1912 denuntiatio·
1910 1872 2132 1924 judicialis,
2156 1872 2234 1912 nisi

1196 1933 1402 1985 praecedat
1432 1934 1634 1972 monitio:
1656 1934 1754 1986 quia
1782 1934 1817 1973 si
1845 1933 2100 1973 denuntiatio
2131 1933 2235 1973 ordi-

1196 1997 1321 2033 natur
1348 1992 1401 2033 ad
1424 1993 1528 2034 alios
1559 1993 1692 2044 fines,
1722 1994 1790 2034 via
1821 1994 2031 2035 eharitatis
2059 1995 2237 2035 tenenda

1198 2054 1303 2104 erit,
1329 2053 1366 2095 si
1396 2066 1494 2095 vero
1530 2056 1746 2096 ordinatur
1778 2055 1832 2095 ad
1862 2056 2086 2095 vindictam
2104 2056 2237 2108 publi-

1197 2127 1306 2165 cam,
1333 2115 1593 2156 denuntiatio
1615 2117 1864 2169 regulariter
1882 2129 1968 2157 non
1988 2118 2236 2166 admittitur,

1198 2181 1245 2218 nt
1263 2178 1352 2219 dixi
1361 2187 1376 2230 3
1398 2178 1668 2219 nihilominus
1686 2183 1844 2229 tamen,
1866 2191 1917 2219 ex
1935 2182 2086 2219 natura
2103 2180 2163 2219 rei
2179 2179 2236 2219 lo-

1196 2239 1378 2290 quendo,
1394 2244 1434 2279 et
1450 2239 1596 2279 infero
1610 2240 1812 2289 interiori,
1829 2241 1994 2292 quando
2020 2240 2236 2280 denuntia-

1197 2299 1255 2339 tio
1268 2300 1374 2339 boua
1390 2299 1470 2339 fide
1486 2305 1527 2339 et
1543 2301 1772 2341 intentione
1790 2301 1851 2351 fit,
1868 2305 1909 2342 et
1924 2301 2134 2354 J'udicatur
2152 2313 2236 2341 mo-

1197 2361 1340 2402 raliter
1360 2362 1589 2402 necessaria
1607 2363 1659 2402 ad
1678 2362 1806 2403 finem
1825 2364 2032 2403 intentum
2060 2363 2235 2415 publicae

1198 2422 1409 2472 vindictae,
1435 2423 1522 2463 sive
1541 2423 1668 2464 frater
1687 2428 1845 2465 secreto
1863 2425 2106 2464 emendetur
2122 2455 2131 2472 ,
2154 2425 2235 2464 sive

1198 2495 1308 2534 non,
1339 2497 1423 2524 non
1441 2490 1502 2525 est
1522 2487 1747 2526 necessaria
1767 2497 1813 2527 ex
1837 2491 1987 2526 natura
2006 2488 2067 2526 rei
2085 2498 2236 2538 praece-

1200 2545 1301 2586 dens
1321 2547 1562 2596 admonitio,
1594 2554 1640 2587 ut
1659 2548 1767 2587 ratio
1784 2548 1890 2587 facta
1910 2548 2068 2600 probat.
2092 2549 2142 2587 Et
2161 2547 2239 2587 hoo

1198 2607 1321 2648 modo
1341 2609 1525 2662 procedit
1541 2610 1748 2662 assignata
1765 2609 2011 2651 differentia.

1590 2738 1756 2783 CAPUT
1782 2739 1851 2782 lx.

1210 2863 1351 2897 unum
1377 2863 1648 2896 DENUNTIATIO
1677 2861 1932 2894 nszaEncA
1956 2863 2083 2896 nuum
2106 2863 2152 2898 18
2175 2862 2240 2897 80⁴

1513 2925 1682 2958 amun
1707 2925 1920 2958 PROOEDAT.

1253 3039 1294 3080 1.
1322 3040 1384 3080 Ex
1409 3038 1476 3079 his
1502 3038 1559 3080 ad
1594 3041 1783 3078 nostrum
1811 3037 2048 3078 institutum
2071 3037 2234 3077 descen·

1200 3099 1374 3150 dentes,
1400 3100 1577 3141 dicimus
1608 3100 1720 3153 quod
1748 3103 1972 3151 utrumque
2005 3110 2136 3149 genus
2168 3098 2234 3135 de-

1196 3162 1470 3204 nuntiationis
1498 3162 1690 3203 Societati
1718 3162 1990 3202 necessarium
2026 3157 2101 3207 est,
2131 3158 2237 3198 sicut

1198 3225 1312 3265 omni
1331 3224 1435 3265 bene
1466 3223 1706 3276 gubernatae
1727 3220 2049 3274 congregationi,
2078 3220 2125 3259 in
2154 3229 2234 3270 qua

1198 3290 1240 3327 et
1273 3286 1532 3338 singulorum
1563 3285 1705 3334 salus,
1736 3287 1778 3323 et
1806 3293 2024 3322 commune
2057 3280 2234 3320 aliorum

1198 3348 1436 3417 exemplum
1473 3345 1730 3401 procuranda
1760 3347 1888 3393 sunt,
1918 3347 1966 3382 ut
2003 3339 2234 3382 conservari

1199 3410 1342 3462 possit,
1360 3409 1458 3462 quia
1476 3408 1591 3449 nulla
1608 3410 1667 3447 est
1688 3409 1776 3445 tam
1803 3403 1983 3458 perfecta
2010 3411 2234 3453 congrega·

1199 3469 1279 3518 tio,
1293 3469 1340 3510 in
1357 3482 1439 3523 qua
1463 3482 1537 3523 pro
1557 3469 1739 3508 humana
1756 3465 1977 3517 fragilitate
1996 3464 2132 3515 lapsus
2158 3460 2233 3503 ali-

1200 3530 1271 3582 qui
1298 3541 1383 3571 non
1412 3530 1691 3576 inveniantur,
1712 3538 1816 3579 quos
1845 3524 2050 3564 interdum
2072 3531 2235 3563 necesse

1200 3594 1267 3631 est
1277 3603 1306 3632 a
1320 3591 1508 3641 Praelato,
1524 3593 1573 3629 ut
1583 3600 1609 3629 a
1622 3591 1756 3641 patre,
1773 3585 1931 3637 corrigi
1941 3574 2233 3626 aemendati·
