2352 3880
189 232 270 272 748

182 477 257 523 est.
279 483 374 529 Quae
393 482 588 551 expositio
603 486 688 521 tota
701 493 749 522 eo
767 486 899 534 potest
918 483 1118 533 religiosis
1138 485 1208 524 So-

177 539 336 583 'cietatis
357 544 489 593 magis
514 543 686 596 placere,
706 544 813 596 quod
843 550 1123 596 paupertatem
1139 545 1207 585 do·

180 615 340 643 morum
362 606 518 656 magis
531 617 570 643 es
556 607 622 644 <tr
629 605 735 656 ngit,
757 608 798 644 et
819 606 915 657 quia
934 606 1097 656 singula
1120 617 1206 646 ver-

179 665 230 704 ba
249 667 294 704 B.
318 667 360 706 P.
377 667 524 716 Ignatii
539 667 669 718 magis
687 668 895 718 expendit,
917 668 987 718 qui
1014 680 1097 707 non
1117 668 1205 707 sine

173 727 344 785 ¹speciali
359 729 511 767 motivo
526 734 564 766 et
582 730 744 768 ratione
763 740 902 768 casum
916 729 1035 770 illum
1051 729 1094 768 in
1111 741 1205 782 par-

175 788 338 828 ticulari
357 789 565 840 expressit.

227 851 266 890 9.
290 850 499 891 Probabile
518 855 649 892 tamen
671 855 730 892 est
743 863 861 904 posse
879 856 1078 903 acceptare
1096 864 1201 905 quoe-

167 910 336 968 {emaque
353 923 392 952 eo
408 913 518 952 modo
545 913 703 953 relicta.
719 935 771 941 -
786 912 1058 952 Nihilominus
1074 914 1199 954 talem

173 974 466 1024 exposuionem
493 986 576 1012 non
611 987 794 1026 propono
831 979 878 1014 ut
914 981 1066 1014 certam
1086 991 1097 1025 3
1118 977 1200 1029 pri-

172 1045 303 1082 mum,
325 1035 421 1086 quia
452 1040 742 1085 argumentum
768 1038 1027 1087 acontrariO,
1052 1038 1116 1078 vel
1146 1038 1199 1078 ab

192 1097 351 1148 peciali,
365 1097 433 1134 uhi
454 1097 671 1148 prohibitio
687 1098 887 1149 generalis
901 1099 983 1138 lata
997 1111 1079 1139 non
1093 1105 1194 1150 erat,

173 1169 254 1196 non
274 1162 334 1197 est
356 1158 520 1197 firmum
539 1158 590 1197 ad
625 1159 943 1199 concludendam
965 1162 1198 1211 generalem

165 1219 486 1274 prohibitionem
516 1221 558 1258 in
594 1220 684 1259 aliis
723 1221 908 1270 casibus,
932 1222 972 1259 in
1009 1223 1196 1273 praesenti

164 1277 308 1348 {autem
328 1293 410 1319 non
429 1286 487 1320 est
504 1281 754 1332 prohibitum
777 1295 827 1320 ex
845 1284 884 1320 vi
908 1283 990 1320 voti
1023 1296 1196 1335 pauper-

164 1328 278 1389 'tatis,
298 1354 430 1393 neque
449 1354 498 1381 ex
514 1343 602 1382 aliis
624 1344 773 1394 regulis
789 1345 999 1383 Societatis
1018 1346 1195 1396 lecipere

170 1401 403 1453 hujusmodi
422 1404 616 1453 redditus,
638 1406 671 1443 si
691 1405 742 1443 ab
762 1405 842 1444 alio
871 1406 1132 1446 conferantur
1146 1420 1196 1447 ex

194 1462 414 1514 bligatioue
442 1464 518 1503 sibi
538 1466 691 1511 relicta,
714 1467 801 1504 sine
817 1469 910 1516 jure
931 1467 992 1505 vel
1014 1480 1109 1506 cura
1126 1469 1196 1507 So-

190 1524 334 1572 ietatis,
355 1537 465 1571 nam,
488 1526 639 1566 seclusa
669 1527 744 1565 1130
774 1528 939 1579 speciali
957 1529 1195 1568 declaratio·

165 1597 233 1631 ne,
256 1586 358 1624 nihil
391 1587 591 1637 peculiare
623 1588 746 1627 habet
774 1590 950 1628 Societas
981 1590 1194 1640 plusquam

190 1647 255 1687 liae
277 1648 495 1697 religiones
515 1649 662 1700 quibus
696 1650 947 1700 prohibitum
970 1652 1193 1691 esthabere

186 1710 345 1749 edditus
364 1711 406 1749 in
442 1712 665 1758 communi,
688 1712 835 1762 quibus
867 1725 950 1750 non
982 1718 1194 1763 propterea

165 1776 350 1810 censetur
367 1772 614 1822 prohibitum
631 1779 837 1823 acceptare
852 1774 955 1812 11330
975 1775 1193 1827 eleemosy-

160 1844 275 1882 ‚nam‚
298 1835 561 1883 quantumvis
581 1834 867 1884 obligatoriam
886 1847 935 1875 ex
965 1840 1077 1886 parte
1095 1837 1193 1876 dan-

162 1895 243 1933 tis:
266 1907 364 1945 ergo
383 1896 568 1946 quamvis
598 1896 641 1934 in
679 1897 871 1947 praedicta
903 1898 1188 1948 declaratIOne,

160 1949 334 1995 'numero
349 1957 537 2006 septimo,
556 1956 691 2002 allata,
709 1957 775 1996 ille
793 1970 907 1995 casus
926 1959 1108 2009 specialis
1123 1971 1189 1998 ex-

159 2022 322 2069 jpressus
348 2018 413 2065 sit,
437 2029 519 2055 nou
542 2017 636 2055 licet
656 2018 750 2056 inde
782 2019 930 2057 inferre
956 2021 1188 2069 generalem

158 2078 476 2131 prohibitionem
495 2079 538 2116 in
566 2079 756 2117 omnibus
785 2080 873 2118 aliis
893 2091 905 2129 3
929 2092 1023 2118 nam
1053 2082 1103 2119 ad
1127 2094 1187 2120 re-

157 2138 386 2178 'tzedendum
403 2152 427 2178 a
442 2140 535 2190 jure
556 2141 778 2188 communi,
799 2145 838 2179 et
851 2141 900 2179 ad
915 2142 1188 2181 inducendam

156 2182 375 2253 ¹¹specialem
399 2202 482 2238 voti
508 2201 815 2251 obligationem,
842 2214 911 2240 seu
945 2204 1159 2242 materiam
1175 2234 1186 2251 ,

155 2264 292 2322 {major
310 2262 528 2301 declaratio
560 2264 783 2302 necessaria
802 2264 904 2312 erit;
926 2265 1056 2314 potuit
1076 2266 1185 2303 enim

155 2324 228 2384 {ille
242 2336 356 2362 casus
369 2324 541 2374 exprimi
561 2336 642 2362 non
664 2329 709 2362 ut
723 2325 1009 2376 explicaretur,
1025 2329 1185 2364 tantum

154 2385 203 2445 jin
220 2397 267 2424 eo
289 2385 512 2436 specialiter
533 2385 670 2433 licere,
692 2387 759 2425 sed
778 2391 824 2424 ut
844 2387 1123 2426 insinuaretur
1141 2389 1186 2427 in

155 2446 235 2486 ³hoc
254 2459 347 2486 casu
376 2458 462 2486 esse
482 2447 698 2499 specialem
733 2449 949 2489 rationem.
973 2461 1054 2487 non
1075 2454 1118 2488 ut
1138 2450 1184 2488 li-

156 2513 260 2556 ceat,
279 2508 346 2548 sed
369 2516 413 2546 ut
433 2509 554 2548 etiam
592 2521 818 2560 congruum
841 2510 892 2547 sit
923 2509 1045 2548 talem
1075 2511 1185 2562 piam

156 2580 319 2621 operam
331 2574 552 2621 acceptare,
573 2572 695 2610 modo
713 2576 862 2610 nostrae
879 2573 1108 2622 paupertati
1123 2585 1186 2613 ac-

155 2631 425 2678 commodato,
436 2632 593 2670 etiamsi
603 2633 769 2671 fortasse
780 2632 821 2671 in
831 2632 921 2671 aliis
933 2633 1107 2682 casibus,
1122 2635 1186 2675 vel

154 2693 301 2732 melius
318 2694 371 2732 sit
401 2693 468 2731 illa
497 2706 579 2732 non
611 2699 836 2745 acceptare,
859 2695 921 2733 vel
943 2696 1186 2745 regulariter

155 2755 282 2806 possit
311 2766 395 2793 esse
421 2755 583 2805 aliquod
611 2755 919 2803 inconveniens,
948 2757 1007 2794 vel
1028 2758 1186 2807 pericu-

155 2815 243 2855 lum
274 2816 444 2866 alicujus
475 2815 640 2864 fraudis,
665 2817 730 2855 vel
761 2817 1045 2855 diminutionis
1080 2830 1183 2869 pau-

155 2875 323 2929 pertatis
342 2888 413 2927 per
431 2876 664 2926 hujusmodi
685 2877 831 2928 legata.
852 2878 1001 2916 Deinde
1021 2890 1188 2919 moveor

157 2941 322 2990 propter
341 2937 410 2975 illa
442 2937 581 2984 verba,
604 2941 640 2978 et
672 2939 730 2978 sic
760 2938 803 2977 in
821 2939 936 2979 rebus
971 2939 1184 2988 similibus,

155 3011 231 3051 per
249 3010 338 3049 quae
357 2999 579 3049 significari
602 2999 764 3038 videtur
791 3011 873 3038 non
900 3012 985 3039 esse
1016 3002 1186 3052 speciale

155 3060 203 3100 in
219 3059 290 3099 illo
316 3072 425 3109 casu,
450 3060 518 3099 sed
545 3061 708 3100 extendi
729 3061 851 3100 etiam
875 3061 923 3100 ad
945 3061 1045 3100 alios
1076 3063 1188 3102 simi-

155 3120 231 3170 les,
244 3120 403 3160 nullum
423 3120 532 3160 enim
546 3122 672 3160 alium
689 3118 915 3173 congruum
927 3135 1089 3162 sensum
1102 3124 1187 3163 illo-

157 3194 251 3223 rum
273 3182 490 3221 verborum
519 3183 698 3223 invenio.
722 3185 822 3223 Nam
857 3184 936 3222 illae
956 3197 1019 3223 res
1036 3185 1187 3225 similes

157 3255 242 3284 non
261 3249 429 3296 possunt
457 3244 601 3283 referri
621 3245 669 3284 ad
693 3257 758 3284 res
787 3246 831 3284 in
851 3250 1093 3285 testamento
1121 3258 1186 3286 re-

157 3303 287 3351 lictas;
303 3309 398 3356 quia
414 3317 569 3356 omnes,
584 3319 674 3357 quae
686 3307 859 3357 relinqui
878 3311 1060 3357 possunt,
1071 3319 1186 3354 ,com-

158 3366 459 3420 prehensaeJ'am
479 3371 594 3406 erant
605 3368 770 3407 nomine
788 3368 1024 3415 reddituum,
1039 3380 1134 3407 nam
1151 3369 1184 3407 si

158 3439 242 3468 non
262 3428 343 3466 siut
378 3428 571 3478 redditus,
594 3430 662 3468 sed
683 3441 748 3468 res
779 3429 903 3467 semel
923 3429 1122 3468 donandae
1145 3435 1186 3469 et

160 3489 460 3535 eonsumendae,
479 3489 559 3528 illae
584 3490 706 3529 etiam
725 3502 817 3529 cum
838 3489 1014 3540 perfecto
1030 3491 1124 3541 jure
1145 3496 1185 3530 et

161 3552 317 3588 actione
333 3550 442 3590 civili
466 3551 666 3603 acceptari
695 3556 874 3603 possunt.
894 3551 1024 3602 Igitur
1041 3551 1185 3592 referri

161 3613 384 3652 necessario
417 3612 567 3654 debent
598 3614 650 3652 ad
677 3613 778 3653 alios
809 3625 941 3664 casus,
958 3614 1005 3654 in
1038 3614 1187 3667 quibus

541 232 774 268 1113.leOE
791 229 913 266 voris
933 230 1053 267 smel
1052 231 1184 268 {mnus
1202 233 1442 270 cAsTITAws
1461 235 1515 270 m·
1534 234 1939 279 PAUPERTAT15;nTc.

188 302 286 341 talia
309 296 478 340 aedificia
497 301 787 338 conserventur
808 303 1021 350 perpetuo,
1033 304 1073 338 et
1087 301 1145 340 ita
1160 299 1212 339 ab
1265 301 1394 353 aliqui
1412 301 1594 342 redditus
1618 302 1698 342 sub
1713 302 1858 360 eodem
1887 313 2010 346 onere
2029 307 2070 344 et
2090 302 2276 347 modom
2316 334 2318 337 -

187 362 267 402 alio
286 367 476 402 extraneo
496 371 579 399 non
597 371 684 398 esse
704 359 757 399 ho
789 359 1114 409 admittendum
1129 373 1211 401 non
1265 362 1505 415 linquantur
1520 365 1570 405 ad
1590 365 1691 405 alios
1707 377 1805 406 usus
1823 365 2108 416 Ecclesiarum,
2134 367 2201 407 vel
2220 366 2273 407 do
2318 380 2323 388 ·

182 418 294 462 enim
324 423 411 461 sine
436 433 557 460 causa
590 433 742 460 nomen
770 422 999 472 fundatoris
1036 422 1210 473 positum
1266 436 1427 464 morum
1443 426 1667 466 Societatis.
1684 426 1846 466 Accedit
1863 427 2003 475 etiam,
2018 428 2158 480 quod
2146 441 2192 468 ln
2209 429 2272 469 ori
2324 479 2326 481 .

1263 485 1391 536 ginali
1419 485 1590 538 hispano
1621 487 1761 536 veiha,
1789 488 1938 540 quibus
1969 488 2039 528 illa
2067 489 2282 530 declarati(

1259 546 1531 596 concluditur,
1546 553 1664 590 sunt:
1680 549 1748 593 No
1763 551 1871 591 seria
1882 551 2183 599 inconveniente,
2195 561 2283 602 quir
2340 601 2342 605 Ι

1259 613 1447 648 nontam
1482 610 1716 661 significant
1748 611 1825 651 hoc
1847 623 1934 651 esse
1969 611 2139 660 licitum,
2161 622 2280 665 quart
2332 607 2346 669 ζ’

1258 681 1342 708 non
1359 682 1444 709 esse
1475 677 1616 712 contra
1634 673 1924 724 perfectionem
1944 674 2010 714 vel
2041 674 2269 715 convenien
2315 695 2317 697 ·
2346 667 2347 671 ¹

1258 734 1339 770 tem
1360 731 1716 783 gubernationem,
1731 735 1896 787 quando
1916 736 2019 774 ratio
2038 736 2178 787 aliqua
2192 745 2279 786 gra-
2347 783 2352 787 q

1257 792 1444 832 titudinis
1463 793 1527 833 vel
1547 797 1706 845 pietatis
1724 796 1765 834 id
1785 796 2077 847 postulaverit3
2094 798 2154 836 ita
2171 796 2284 838 enim
2333 789 2352 813 ‘⁷

1254 852 1500 905 interpretor
1515 855 1587 895 illa
1606 857 1730 896 verba
1748 869 1759 897 :
1783 857 1844 898 Et
1867 860 1924 899 sic
1942 859 1984 899 in
2003 860 2116 900 rebus
2136 857 2285 899 simili-

1255 914 1337 956 bus.
1361 916 1541 967 Denique
1557 916 1635 956 1100
1649 917 1810 956 videtur
1822 919 2066 959 sufficienter
2083 919 2219 971 colligi
2231 930 2283 959 ex

1253 974 1292 1014 d.
1315 987 1349 1015 c.
1372 978 1412 1025 2,
1441 979 1466 1016 6
1497 989 1536 1028 p.
1568 978 1755 1025 Consta„
1776 977 1800 1030 ξ
1821 980 1860 1027 6,
1887 979 1932 1020 13
1960 993 2041 1031 quo
2067 982 2146 1020 tria
2174 980 2281 1019 ordi-

1252 1041 1416 1077 nantur.
1432 1039 1613 1078 Primum
1636 1043 1710 1086 est,
1732 1044 1777 1078 ut
1791 1039 1927 1079 nullus
1946 1041 2155 1080 Societatis
2174 1042 2280 1083 exci-

1253 1101 1305 1137 tet
1324 1100 1492 1151 aliquem
1518 1102 1571 1140 ad
1595 1101 1873 1153 relinquendas
1889 1107 2103 1154 perpetuas
2124 1104 2278 1144 eleemo-

1250 1170 1374 1210 synas
1399 1161 1522 1201 alicui
1552 1162 1707 1209 domui,
1732 1163 1790 1201 vet
1813 1163 2005 1202 Ecclesiae
2035 1162 2280 1212 Societatz'M

1251 1221 1358 1271 quod
1373 1234 1443 1272 per
1456 1235 1497 1262 se
1517 1235 1597 1261 nou
1613 1224 1787 1274 pertinet
1799 1223 1848 1262 ad
1861 1229 1999 1262 votum
2016 1237 2090 1275 pau
2098 1226 2277 1275 pertatiS,

1250 1284 1442 1333 nequead
1462 1285 1672 1323 materiam
1687 1286 1789 1336 ejus,
1804 1285 1873 1324 sed
1890 1286 1939 1324 ad
1953 1286 2172 1336 quamdam
2189 1300 2278 1338 per-

1250 1344 1465 1385 fectionem
1495 1351 1535 1385 et
1554 1347 1604 1385 ad
1634 1347 1785 1397 regulae
1808 1347 2130 1387 observationem
2163 1361 2278 1401 mag-

1249 1417 1428 1457 namque
1457 1407 1782 1447 aedificationem.
1805 1409 2036 1463 Secundum
2069 1414 2143 1459 est,
2167 1415 2213 1451 ut
2240 1412 2279 1452 si

1249 1469 1337 1518 quis
1356 1472 1490 1519 sponte
1508 1482 1583 1510 sua
1598 1481 1663 1509 eas
1679 1471 1893 1522 relinquat,
1918 1471 2071 1510 nullum
2074 1472 2147 1522 jus
2164 1471 2278 1512 civite

1249 1530 1302 1569 ad
1317 1541 1382 1570 eas
1402 1531 1610 1581 injudicio
1625 1532 1812 1583 petendas
1840 1533 2075 1583 acquiratur
2096 1533 2274 1574 Societa-

1250 1590 1283 1630 tz‘
1298 1607 1315 1637 ,·
1336 1596 1375 1630 et
1395 1592 1469 1630 hoc
1489 1593 1663 1642 pertinet
1684 1593 1735 1630 ad
1758 1594 1969 1631 materiam
2001 1594 2084 1632 voti
2105 1606 2275 1645 pauper-

1250 1652 1354 1690 tatis.
1384 1653 1566 1691 Tertium
1604 1657 1678 1700 est,
1701 1653 1802 1692 tales
1839 1654 2117 1705 eleemosynas
2149 1655 2275 1707 recipi

1248 1724 1377 1763 posse,
1391 1714 1427 1752 si
1446 1715 1535 1761 atii,
1556 1726 1641 1754 cum
1658 1715 1710 1753 ad
1723 1713 1765 1753 id
1780 1716 1957 1755 charitas
1969 1719 2132 1766 propter
2147 1717 2275 1758 Deum

1245 1787 1307 1814 eos
1334 1775 1510 1824 moverit,
1540 1788 1606 1816 eas
1636 1776 1914 1827 elaryiantum
1938 1777 2024 1816 haec
2046 1779 2155 1817 euim
2188 1790 2275 1819 ver·

1244 1836 1296 1874 ba
1310 1838 1521 1876 manifeste
1535 1842 1767 1888 supponunt
1787 1841 1881 1876 tunc
1898 1838 2018 1877 etiam
2035 1851 2147 1890 posse
2160 1853 2184 1878 a
2202 1840 2274 1879 So-

1245 1897 1387 1936 cietate
1404 1899 1544 1948 recipi.
1569 1899 1700 1943 Quaeri
1726 1903 1862 1937 autem
1885 1899 1990 1937 circa
2018 1900 2105 1938 illas
2125 1906 2271 1951 potest,

1244 1969 1297 1997 an
1327 1963 1510 2008 oporteat
1539 1960 1666 1997 alium
1700 1971 1750 1998 ex
1774 1960 1858 1998 sola
1888 1960 2084 1999 charitate
2100 1993 2109 2008 ,
2132 1963 2173 2000 id
2197 1967 2270 2013 est,

1243 2031 1292 2058 ex
1308 2024 1530 2070 spontanea
1548 2021 1756 2060 voluntate
1789 2021 1940 2072 absque
1960 2020 2207 2072 obligatione
2224 2023 2272 2064 il·

1242 2079 1300 2118 las
1321 2081 1498 2127 donare;
1521 2082 1596 2120 hoc
1633 2082 1742 2120 enim
1762 2083 1953 2121 videntur
1975 2083 2204 2133 siguificare
2227 2085 2271 2124 in

1242 2142 1375 2191 rigore
1396 2143 1465 2181 illa
1482 2143 1619 2182 verba.
1643 2145 1729 2182 Non
1750 2148 1890 2183 tamen
1910 2145 1965 2183 ita
1990 2157 2147 2195 censeo,
2174 2158 2270 2187 nam

1243 2203 1365 2241 etiam
1398 2215 1447 2242 ex
1484 2204 1679 2242 charitate
1701 2206 1856 2244 moveri
1889 2209 2032 2256 potest,
2052 2206 2121 2256 qui
2153 2219 2270 2247 suam

1241 2263 1546 2315 obligationem,
1562 2278 1830 2316 quaecumque
1847 2265 1916 2305 illa
1933 2267 1997 2314 sit,
2021 2267 2175 2318 implet.
2199 2269 2270 2308 So-

1240 2324 1326 2363 lum
1357 2338 1452 2376 ergo
1485 2326 1539 2365 ibi
1575 2327 1826 2378 significatur
1864 2333 2047 2379 respectu
2096 2330 2270 2370 Societa-

1239 2385 1290 2425 tis
1302 2399 1385 2426 non
1401 2400 1514 2438 posse
1536 2400 1621 2427 esse
1641 2389 1928 2439 obligationem
1947 2391 2129 2440 justitiae,
2152 2388 2272 2443 quid-'f

1238 2450 1336 2500 quid
1356 2451 1406 2488 sit
1423 2450 1472 2489 de
1492 2463 1745 2502 quacumque
1766 2450 1845 2490 alia
1865 2452 2128 2502 obligatione,
2144 2467 2269 2507 quam

1238 2509 1365 2550 haeres
1383 2515 1513 2563 potest
1535 2512 1685 2552 habere
1713 2517 1896 2565 respectu
1915 2516 2132 2557 testatoris.

1588 2639 1710 2663 numum
1734 2639 1917 2663 SECUNDUM.

1243 2710 1348 2758 Quid
1364 2712 1579 2765 importent
1607 2713 1725 2752 verba
1745 2712 1820 2752 illa
1843 2711 1976 2752 Buttoe
1995 2712 2202 2763 (redditus
2226 2721 2273 2758 et'

1601 2772 1901 2824 possessiones).

1292 2879 1356 2918 10.
1378 2877 1573 2918 Redditus
1591 2877 1711 2917 etiam
1735 2878 1833 2918 certi
1857 2881 2042 2930 temporis
2059 2882 2266 2935 prohiben-

1239 2943 1306 2980 tur
1323 2942 1515 2990 professae
1534 2940 1682 2978 domui.
1701 2961 1753 2968 —
1777 2939 1959 2980 Dubitari
1979 2953 2073 2982 vero
2096 2943 2266 2985 ulterius

1240 3004 1382 3052 potest,
1404 3012 1457 3039 an
1480 3001 1646 3039 nomine
1665 3001 1897 3040 reddituum
1919 3004 2266 3055 comprehendan-

1239 3066 1308 3100 tur
1331 3062 1573 3112 temporales
1601 3063 1830 3114 pensiones,
1852 3063 1885 3102 si
1913 3065 1963 3103 ad
1993 3067 2174 3118 quinque
2201 3066 2266 3108 vel

1240 3135 1308 3162 sex
1337 3135 1465 3162 annos
1489 3127 1648 3162 tantum
1682 3124 2072 3179 relinquanturrsed
2107 3127 2158 3167 de
2187 3127 2266 3169 hoc

1239 3184 1348 3222 idem
1375 3185 1622 3223 censendum
1649 3189 1722 3234 est,
1739 3186 1846 3237 quod
1869 3187 1919 3227 de
1939 3188 2265 3230 mendicantibus

1236 3245 1503 3295 religionibus
1534 3250 1645 3285 tomo
1669 3249 1876 3299 superiore
1905 3249 1990 3288 dixi
2009 3255 2150 3290 contra
2169 3251 2267 3292 Cor-⁴
2336 3260 2352 3299 rt„

1237 3308 1388 3347 dubam
1415 3313 1456 3348 et
1482 3309 1602 3362 alios,
1617 3310 1650 3348 si
1672 3310 1761 3348 talis
1780 3312 1832 3350 sit
1854 3324 2009 3363 pensio,
2030 3317 2076 3352 ut
2101 3313 2152 3352 ad
2171 3313 2267 3354 eam'

1236 3369 1379 3420 religio
1408 3370 1494 3421 ipsa
1516 3371 1585 3421 jus
1618 3373 1815 3423 acquirat,
1843 3373 2002 3412 etiamsi
2030 3373 2263 3424 temporalis

1238 3432 1302 3478 sit,
1324 3445 1553 3484 repugnare
1573 3436 1800 3486 paupertati
1821 3435 2029 3475 Societatis
2049 3435 2259 3486 professae3

1237 3493 1333 3544 quia
1349 3494 1471 3532 etiam
1498 3495 1727 3545 hujusmodi
1750 3497 1888 3548 pensio
1906 3496 2103 3547 impediet
2118 3496 2265 3536 saltem'

1236 3566 1309 3606 pro
1322 3554 1392 3593 illo
1408 3559 1591 3606 tempore
1609 3557 1805 3596 incertam
1823 3557 2126 3597 mendicitatem
2135 3566 2149 3607 3
2164 3568 2258 3611 ergo
2318 3559 2320 3563 '

1237 3620 1440 3669 repugnat
1465 3617 1581 3658 dictae
1601 3617 1848 3672 paupertati.
1866 3618 1919 3659 Et
1940 3617 2034 3660 ideo
2059 3617 2257 3670 Clemens,
