2352 3880
159 351 270 399 blica
288 353 477 404 includit,
498 356 696 408 objiciunt
713 357 859 414 aliqui,
878 360 920 398 et
937 360 1083 397 contra
1098 368 1193 397 nos-

159 421 247 459 tros
264 417 482 468 religiosos
499 417 831 468 obmurmurant,
844 425 894 459 eo
908 418 1020 470 quod
1038 419 1116 458 hac
1130 418 1193 459 fa-

159 480 315 524 cultate
336 484 532 530 utantur;
551 480 648 531 quia
667 481 746 523 hoc
778 484 840 520 est
869 483 1012 522 contra
1039 480 1192 520 decen-

157 545 244 584 tem
271 541 444 584 modum
475 542 680 584 tractandi
695 542 869 586 verbum
889 543 990 590 Dei3
1012 543 1193 594 pertinet

158 602 268 647 enim
299 602 352 647 ad
374 604 651 647 reverentiam
671 617 812 645 rerum
831 608 872 645 et
896 605 1104 645 actionum
1124 617 1191 645 sa-

157 677 338 714 crarum,
359 669 506 707 utnon
525 665 567 706 in
582 666 682 707 locis
699 666 882 718 profanis
900 670 942 706 et
960 666 1190 706 communi-

151 727 246 778 hus,
266 726 395 771 sedin
406 727 548 776 SacriS,
569 731 610 767 et
630 727 684 770 ad
700 740 750 769 ea
763 740 939 769 munera
955 727 1190 778 specialiter

152 789 363 842 deputatis
398 794 655 841 peragantur
674 803 687 839 ;
727 791 901 831 verbum
938 793 1079 828 autem
1113 788 1186 829 Dei

154 844 219 895 est
241 863 311 894 res
333 851 455 894 valde
487 864 606 891 sacra
627 881 638 901 ‚
667 851 775 891 adeo
803 855 848 889 ut
868 850 924 889 ab
955 850 1186 900 Augustino

152 924 247 956 cum
266 912 358 966 ipsa
381 912 639 955 Eucharistia
669 911 977 962 quodammodo
998 911 1187 951 confera-

151 977 221 1020 tur
235 988 246 1023 3
269 986 369 1026 ergo
390 974 534 1013 concio
557 985 672 1012 sacra
702 973 943 1012 indecenter
973 973 1015 1012 in
1042 973 1189 1024 plateis

151 1035 374 1089 profertur.
402 1035 451 1075 Et
480 1035 760 1082 confirmatur,
792 1046 890 1073 nam
924 1033 977 1073 ad
1003 1035 1115 1074 hunc
1144 1033 1190 1074 fi-

151 1110 266 1144 nem,
285 1098 393 1137 inter
413 1095 533 1143 alios,
554 1095 798 1136 dedicantur
818 1107 936 1138 sacra
951 1097 1121 1147 templa,
1144 1099 1190 1136 ut

151 1159 195 1205 in
215 1160 239 1200 3
261 1162 386 1206 tomo,
417 1157 524 1208 disp.
544 1158 612 1205 91,
640 1157 925 1204 ostendimus;
959 1169 1058 1209 ergo
1084 1158 1190 1197 sicut

151 1232 236 1260 non
261 1219 358 1260 licet
378 1223 492 1260 extra
512 1219 581 1258 illa
602 1219 683 1259 alia
703 1231 822 1258 sacra
850 1219 1000 1266 facere,
1024 1219 1080 1258 ita
1111 1225 1190 1260 nec

152 1293 315 1322 sacram
363 1281 622 1321 concionem.
657 1281 846 1320 Tandem
885 1280 1155 1321 confirmatur
1176 1310 1188 1330 ,

151 1344 249 1399 quia
269 1342 335 1384 hic
354 1344 503 1383 modus
522 1342 796 1382 concionandi
815 1346 876 1382 est
895 1346 1036 1382 contra
1052 1343 1191 1382 Eccle-

153 1406 224 1452 siae
253 1406 627 1455 consuetudinem,
647 1409 689 1446 et
709 1406 797 1444 sine
817 1405 1008 1452 utilitate,
1030 1405 1127 1456 quia
1144 1404 1190 1444 in

150 1467 229 1511 viis
263 1471 306 1507 et
335 1468 484 1519 plateis
513 1479 651 1518 neque
682 1471 854 1516 attente,
875 1479 1015 1519 neque
1041 1466 1190 1507 devote

150 1532 289 1582 potest
322 1530 497 1570 verbum
532 1529 607 1574 Dei
640 1530 774 1570 audiri
798 1542 808 1577 ς
831 1540 931 1579 ergo
963 1528 1057 1568 talis
1089 1540 1191 1568 usus

150 1603 290 1643 neque
327 1591 656 1633 introducendus
683 1622 696 1642 ‚
729 1603 870 1647 neque
908 1591 1191 1635 admittendus

152 1656 230 1697 est.

205 1717 274 1756 25.
306 1715 453 1758 Prima
476 1716 646 1758 assertio
675 1717 723 1758 in
747 1715 820 1758 ἧσο
847 1714 965 1757 dubio
994 1714 1190 1768 probatur

153 1789 201 1819 ew
220 1778 559 1829 Pontificibus.—
573 1777 847 1829 Confirmatur
860 1790 906 1818 em
920 1780 1029 1827 facto
1052 1776 1189 1818 Claris-

155 1839 205 1887 ti,
226 1839 509 1890 Apostolorum
522 1869 535 1888 ,
557 1843 637 1879 etc.
651 1861 705 1870 —
724 1841 797 1880 Em
814 1842 916 1889 facto
946 1840 1067 1880 etiam
1101 1849 1191 1880 con-

154 1900 399 1941 cionatornm
419 1903 511 1951 post
530 1900 758 1951 Apostolos.
777 1923 831 1932 -
849 1902 1029 1952 Denique
1055 1910 1104 1940 σω
1122 1911 1192 1940 ra-

154 1960 270 2003 tione.
290 1984 344 1993 -
362 1962 425 2002 Ad
447 1962 524 2002 has
559 1964 817 2014 obJectiones
851 1962 1190 2013 respondendum

155 2028 234 2072 est,
256 2023 307 2064 de
338 2023 420 2063 fide
453 2028 612 2063 certum
644 2037 753 2074 esse,
789 2037 863 2076 per
890 2036 937 2064 se
963 2023 1186 2074 loquendo,

153 2096 232 2124 nec
252 2085 424 2132 malum,
444 2097 523 2125 nec
555 2085 750 2127 indecens
783 2098 875 2125 esse
903 2086 946 2125 in
974 2085 1121 2137 plateis
1151 2087 1193 2125 et

154 2146 258 2186 locis
284 2146 459 2197 publicis
481 2147 633 2198 populo
653 2147 896 2198 praedicare.
918 2149 1003 2188 Hoc
1022 2145 1193 2187 00111111.-

156 2207 210 2256 cit
247 2208 471 2248 auctoritas
504 2209 710 2249 dictorum
743 2209 1014 2257 Pontificum
1047 2209 1193 2249 fuisset

159 2269 273 2310 enim
299 2270 572 2311 intolerabilis
602 2283 718 2311 error
743 2271 985 2310 facultatem
1013 2270 1113 2310 dare
1137 2269 1194 2310 ad

156 2343 246 2372 rem
279 2331 331 2372 de
358 2343 404 2376 se
436 2332 589 2371 malam
626 2333 690 2372 vel
724 2332 1003 2373 indecentem.
1033 2331 1193 2371 Deinde

155 2392 396 2434 confirmari
431 2396 570 2444 potest
603 2395 795 2445 exemplo
831 2394 979 2434 Christi
1013 2393 1189 2439 Domini,

157 2455 228 2506 qui
248 2455 290 2494 in
311 2459 467 2504 monte,
486 2456 528 2494 in
546 2456 695 2504 littore,
714 2461 754 2496 et
770 2455 813 2495 in
830 2457 941 2504 navi,
961 2459 1002 2495 et
1019 2455 1190 2506 ubique,

156 2521 281 2569 prout
300 2518 461 2558 occasio
484 2517 659 2566 ferebat,
682 2517 860 2557 docebat
885 2518 1041 2566 tui-bas,
1066 2522 1112 2556 ut
1141 2527 1195 2559 ex

158 2579 395 2631 Evangeliis
412 2583 585 2620 constat.
607 2580 741 2628 Unde,
761 2581 883 2620 Lucae
917 2580 981 2627 13,
1007 2579 1129 2626 dicit,
1150 2578 1194 2618 in

157 2640 226 2681 die
240 2642 384 2692 judicii
404 2642 552 2692 impios
573 2642 780 2682 dicturos:
802 2643 857 2683 In
873 2642 1022 2696 plateis
1041 2639 1195 2682 nostris

158 2702 344 2744 doeuisti.
372 2704 527 2743 Deinde
552 2703 662 2743 idem
682 2704 875 2743 fecerunt
902 2704 1115 2755 Apostoli,
1148 2705 1196 2742 ut

160 2774 211 2805 ex
231 2765 341 2804 Actis
360 2765 679 2816 Apostolorum,
703 2778 793 2818 cap.
816 2766 961 2817 quinto
981 2795 992 2813 ‚
1015 2767 1191 2812 constat,

159 2836 238 2864 neo
283 2825 370 2865 sine
413 2831 620 2878 praecepto
654 2826 721 2866 vel
769 2827 941 2867 consilio
975 2826 1196 2878 ipsiusmet

161 2886 322 2926 Christi.
340 2888 459 2935 Nam,
481 2889 600 2928 Lucae
623 2892 688 2937 14,
707 2888 807 2928 dixit
826 2889 1026 2927 Dominus
1045 2899 1191 2928 servox

160 2947 249 2989 Exci
265 2949 342 2990 cito
357 2950 401 2988 in
418 2950 588 3001 plateas,
605 2954 641 2990 et
659 2951 766 2990 vicos
786 2951 984 2998 civitatis,
1002 2954 1038 2990 et
1052 2960 1197 3003 paupe-

160 3020 240 3057 ηε,
269 3021 316 3050 ao
347 3011 506 3059 debiles,
534 3015 572 3051 et
591 3023 724 3057 coecos,
751 3015 788 3052 et
808 3012 967 3051 claudos
994 3011 1192 3052 introduc

161 3071 212 3111 Et
231 3070 374 3111 matth.
395 3073 448 3111 10
462 3072 586 3112 dixit:
607 3071 718 3119 Quod
731 3074 816 3114 dico
829 3074 936 3114 vobis
955 3073 1193 3122 intenebris,

165 3133 284 3174 dicito
304 3132 350 3173 in
366 3132 529 3182 emim,
551 3139 586 3173 et
606 3135 709 3186 quod
727 3135 771 3174 in
789 3146 887 3175 aure
906 3135 1072 3183 auditis,
1090 3146 1198 3186 prce-

162 3193 294 3234 diam
321 3206 445 3247 sapor
472 3198 577 3235 tecta
591 3212 608 3243 ;
637 3195 682 3234 id
711 3197 800 3244 est,
820 3196 863 3235 in
892 3196 1075 3246 quolibet
1105 3196 1198 3235 1000

164 3255 386 3296 commodo
407 3259 450 3296 ot
466 3256 648 3307 publico,
680 3261 778 3307 apto
794 3258 849 3296 ad
868 3258 1031 3308 publice
1050 3257 1198 3308 praedi'-

162 3316 359 3358 nandum.
374 3318 502 3357 Erant
514 3318 624 3357 enim
646 3322 746 3357 tunc
764 3320 871 3358 tecta
887 3319 1106 3358 domorum
1124 3320 1138 3369 (
1154 3322 1199 3358 ut

162 3377 425 3420 Meldonatus
446 3379 651 3431 advertit)
670 3380 795 3431 plana
814 3385 856 3419 et
875 3385 970 3432 apta
987 3380 1041 3420 ad
1056 3380 1200 3420 confa-

163 3439 411 3489 bulandum,
431 3441 543 3492 quod
570 3441 613 3480 in
633 3440 694 3480 eis
719 3446 817 3480 tune
837 3441 927 3480 fieri
947 3441 1122 3490 solebat,
1147 3442 1200 3481 si-

165 3506 235 3543 cut
258 3506 300 3542 et
326 3514 436 3542 nunc
451 3502 499 3542 fit
515 3502 565 3541 ⁴in
589 3501 694 3542 floro.
718 3501 834 3543 Unde
852 3503 1026 3554 perinde
1045 3503 1126 3545 tuit
1139 3502 1200 3543 di-

166 3574 290 3604 00101
315 3564 547 3606 &mato
558 3575 678 3618 super
696 3567 811 3611 taem,
831 3575 896 3612 ae,
918 3562 1138 3604 praedicata
1153 3563 1197 3603 in

165 3623 256 3665 foro
275 3629 319 3666 et
342 3626 524 3677 ubique;
548 3630 591 3667 et
619 3628 717 3666 ante
750 3625 957 3665 Christum
975 3626 1199 3665 Dominum

166 3684 280 3727 idem
302 3685 483 3739 legimns
506 3685 563 3729 (10
585 3687 751 3731 «Ioanne
768 3687 969 3740 Baptista,
989 3687 1133 3728 Matth.
1155 3687 1198 3736 3,

499 289 577 326 Lm.
600 289 656 326 ¹1.
677 290 733 326 m:
750 289 901 333 HEDHS,
922 289 1001 325 SEU
1020 289 1274 332 mms‘rEmls,
1295 286 1444 332 QUIBUS
1463 287 1520 324 An
1539 286 1818 330 Pnoxmonuu.
1839 285 1939 325 8¹1⁰ss-

2186 318 2331 344 ······

1245 359 1288 399 et
1301 355 1399 398 Luc.
1421 355 1464 405 1,
1483 357 1527 396 et
1541 358 1640 397 ante
1657 353 1775 398 illum
1790 353 1860 397 alii
1880 353 2110 406 Prophetes
2121 339 2286 425 RQ
2279 361 2310 406 {C

1244 419 1384 470 ligitur
1402 416 1529 458 Amos
1547 417 1600 458 5.
1619 417 1680 457 Et
1699 416 1784 460 odio
1811 416 2031 460 habuerim&
2047 411 2306 475 corripi—'Q‘

1245 485 1320 523 tem
1338 481 1380 521 in
1392 480 1479 528 via,
1493 479 1564 519 ubi
1582 480 1661 520 11οο
1680 491 1731 521 ex
1749 479 2000 530 Hieronymo
2016 482 2131 522 notat
2145 466 2310 549 Rith}

1244 555 1305 590 ra,
1324 541 1420 581 inde
1441 541 1641 593 colligens
1659 541 1872 591 antiquam
1903 552 1994 582 esse
2025 540 2301 596 Sanctorunl

1245 603 1602 652 consuetudinem,
1623 607 1666 644 et.
1682 615 1707 644 a
1730 601 1981 653 Propheticis
1999 612 2132 652 usque
2145 599 2296 655 repa-t

1243 667 1359 707 titam
1385 665 1662 716 temporibus,
1689 663 1963 705 concionandi
1980 663 2021 702 in
2041 663 2201 714 plateis,
2222 666 2265 715 a}
2283 692 2296 711 -,

1243 728 1496 777 ubicumque
1513 727 1732 770 multitudo
1754 726 1969 767 hominum
1991 725 2135 765 audire
2155 718 2293 778 potqjj(

1240 794 1316 830 rat.
1333 790 1404 833 Cui
1423 789 1546 831 etiam
1567 789 1722 840 optime
1741 791 1942 828 consonat
1963 787 2134 827 historia
2149 786 2311 842 librssst

1240 851 1393 899 Esdree,
1409 863 1502 902 cap.
1524 855 1683 896 octavo,
1699 849 1770 888 ubi
1789 849 1951 896 dicitur,
1972 842 2268 899 congregatum
2288 871 2303 906 -3
2345 860 2352 904 2

1241 913 1366 952 fuisse
1401 924 1568 952 omnem
1599 911 1801 964 populum
1829 911 1948 963 quasi
1974 910 2110 952 virum
2138 921 2270 958 unum
2288 927 2299 942 τ
2343 917 2352 948 t

1244 974 1299 1014 ad
1328 974 1524 1025 plateam,
1547 985 1638 1025 quae
1659 977 1721 1013 est
1742 973 1838 1012 ante
1858 977 2020 1024 portam
2049 983 2269 1029 aquai-amq,
2343 954 2352 1038 ε

1244 1041 1285 1078 et
1304 1036 1363 1075 ihi
1383 1049 1434 1075 ex
1454 1036 1653 1076 eminenti
1673 1036 1763 1076 loco
1783 1034 1956 1077 Esdram
1980 1035 2116 1085 legem
2136 1035 2270 1076 Domi*
2343 1039 2352 1099 fl

1243 1099 1288 1138 ni
1301 1098 1452 1148 legisse
1472 1102 1514 1137 et
1532 1097 1738 1139 docuisse.
1756 1097 1991 1136 Consonant
2004 1097 2125 1137 etiam
2146 1095 2270 1139 verbs
2292 1120 2294 1146 ;
2306 1099 2309 1146 [
2343 1103 2352 1163 j

1242 1160 1311 1200 illa
1330 1161 1448 1200 Prov.
1469 1161 1489 1200 1
1507 1172 1515 1199 ε
1538 1159 1752 1210 Sapientia
1771 1160 1876 1206 forie
1896 1160 2103 1210 proedicat,
2123 1160 2168 1200 in
2182 1159 2271 1209 plo-
2342 1170 2352 1237 t

1242 1223 1316 1263 teis
1337 1224 1405 1262 dat
1422 1233 1551 1262 vocem
1574 1233 1703 1269 suam,
1723 1221 1768 1262 in
1795 1222 1924 1274 capite
1952 1222 2161 1262 turbarum
2188 1220 2272 1262 ola·-
2349 1236 2352 1239 ⁴

1240 1285 1377 1332 mitat,
1394 1285 1439 1325 in
1456 1284 1613 1333 foribus
1630 1287 1839 1336 portarum
1857 1283 1969 1325 urbis
1980 1287 2142 1338 profert
2155 1283 2272 1326 verbe
2306 1274 2308 1278 ⁸
2341 1261 2352 1306 Ι

1240 1358 1320 1388 aaa
1337 1375 1347 1394 ‚
1377 1346 1532 1387 dicens:
1566 1346 1784 1396 [ss-quoquo,
1803 1345 1982 1396 parvuli,
2012 1342 2183 1398 diliyilis
2208 1345 2271 1386 im·
2300 1347 2307 1358 ·“
2341 1345 2352 1397 ξ

1242 1409 1430 1455 fantiam,
1457 1411 1533 1447 etc.
1557 1406 1654 1452 Quae
1672 1407 1802 1445 verba
1823 1406 1919 1445 licet
1945 1407 2096 1456 exponi
2113 1405 2273 1458 possint
2308 1415 2313 1453 J
2340 1399 2352 1456 ἓ

1241 1470 1296 1509 (10
1316 1469 1487 1509 internis
1503 1469 1844 1519 inspirationibus
1866 1468 1958 1515 Dei,
1982 1471 2123 1507 tamen
2146 1469 2272 1508 verba
2304 1487 2315 1514 χ
2341 1463 2352 1506 i

1242 1531 1333 1582 ipsa
1350 1531 1563 1570 declarant
1581 1530 1706 1568 etiam
1721 1529 2077 1580 comprehendere
2094 1530 2274 1570 vocatio·
2316 1582 2317 1585 Ἴ
2339 1511 2352 1585 ἐ

1243 1603 1343 1633 110111
1365 1594 1579 1631 externam
1600 1603 1675 1643 per
1697 1604 1819 1631 voces
1839 1591 2156 1642 Prophetarum,
2175 1604 2274 1633 nam
2341 1620 2352 1631 .

1242 1653 1288 1694 111
1321 1653 1382 1693 eis
1414 1653 1524 1692 clara
1556 1652 1604 1694 fit
1636 1652 1763 1693 illatio
1794 1652 1849 1692 ad
1874 1664 2034 1691 morem
2058 1655 2274 1705 antiquum
2310 1647 2352 1705 ’Ξ

1242 1715 1499 1768 praedicandi
1514 1714 1556 1752 in
1573 1714 1735 1766 plateis,
1756 1718 1795 1753 et
1814 1713 1857 1753 in
1871 1714 2031 1754 foribus
2045 1715 2270 1756 civitatum.
2307 1731 2311 1734 ·
2336 1724 2339 1725 ’

1244 1779 1362 1819 Unde
1378 1777 1614 1825 Abulensis,
1629 1777 1656 1817 l.
1673 1779 1697 1816 Ξ
1715 1776 2072 1829 Paralipomenon,
2093 1790 2184 1830 cap.
2204 1777 2277 1819 de·

1244 1841 1351 1882 eimo
1372 1840 1530 1891 quinto,
1550 1850 1592 1891 q.
1611 1839 1653 1887 5,
1674 1839 1864 1886 advertit,
1883 1839 1926 1878 in
1946 1839 2071 1879 veteri
2092 1838 2185 1890 lege
2215 1838 2276 1879 in-

1244 1907 1306 1943 tra
1342 1902 1547 1953 templum
1583 1912 1676 1940 esse
1710 1901 2034 1940 determinatum
2058 1901 2197 1942 locum
2220 1901 2276 1942 ad
2339 1895 2343 1899 ’

1245 1964 1463 2011 sacrificia,
1484 1975 1570 2002 non
1598 1966 1740 2002 tamen
1767 1962 1820 2001 ad
1842 1963 2166 2013 praedicandum,
2196 1962 2276 2002 hoe

1246 2027 1358 2065 enim
1372 2024 1463 2063 fieri
1481 2028 1643 2077 poterat
1654 2023 1696 2063 in
1712 2023 1822 2062 omni
1839 2023 1945 2063 1000.
1962 2025 2008 2063 111
2024 2023 2116 2075 lege
2135 2028 2285 2065 autem·
2335 2036 2352 2042 ·’

1245 2098 1355 2127 nova
1377 2086 1507 2125 multo
1527 2087 1667 2124 minus
1693 2085 1837 2124 datum
1855 2089 1919 2124 est
1937 2085 1989 2124 de
2012 2087 2087 2125 hac
2107 2099 2151 2125 re
2181 2098 2276 2138 spe·-
2339 2114 2343 2115 ν

1246 2148 1350 2188 ciale
1373 2153 1415 2187 et
1436 2147 1557 2198 quasi
1572 2147 1858 2186 caeremoniale
1876 2152 2141 2198 praeceptum.
2157 2146 2277 2189 Unde
2335 2155 2350 2158 “

1246 2211 1370 2250 etiam
1386 2215 1481 2262 post
1493 2214 1681 2261 tempora
1697 2209 1987 2260 Apostolorum
2002 2209 2120 2247 multi
2138 2208 2277 2250 Sancti
2303 2228 2306 2235 ·

1246 2276 1552 2314 consueverunt
1571 2271 1796 2323 praedicare
1815 2271 1978 2323 populis
1996 2272 2036 2309 in
2058 2271 2219 2322 plateiS,
2235 2274 2279 2312 et
2335 2318 2338 2319 ⁷

1245 2334 1287 2373 in
1310 2333 1435 2385 agris,
1463 2337 1508 2373 ut
1527 2338 1624 2372 sunt
1641 2333 1838 2383 vulgares
1858 2332 2036 2371 historiae
2058 2332 2108 2372 (10
2127 2333 2167 2372 S.
2190 2335 2278 2373 An-

1246 2396 1360 2437 tonio
1388 2395 1601 2440 Paduano,
1630 2394 1849 2434 Vincentio
1882 2394 2056 2442 Ferrer.,
2087 2394 2131 2437 8„
2156 2392 2278 2436 Petro
2303 2402 2310 2437 ἴ

1246 2456 1443 2508 martyre,
1475 2460 1518 2496 et
1547 2455 1761 2496 similibus.
1791 2456 1909 2496 Ratio
1939 2456 2121 2507 denique
2144 2455 2278 2495 mani⁴
2304 2480 2306 2483 v

1247 2518 1351 2559 festa
1373 2523 1449 2564 est,
1472 2518 1569 2570 quia
1590 2518 1669 2556 hoc
1701 2528 1780 2556 nec
1811 2516 1950 2557 divina
1980 2518 2072 2569 lege
2104 2515 2302 2570 positiva'
2334 2539 2342 2542 -

1248 2580 1501 2633 prohibitum
1520 2582 1597 2627 est,
1621 2583 1663 2619 ut
1684 2579 1953 2629 ostendimus,
1969 2590 2047 2619 nec
2063 2578 2310 2619 00010010οι--.-
2328 2604 2339 2611 -

1248 2643 1358 2688 tica3
1383 2640 1454 2680 ubi
1486 2641 1597 2680 enim
1631 2645 1694 2680 est
1721 2641 1933 2682 decretum
1952 2644 2023 2680 aut
2040 2652 2173 2680 canon
2197 2627 2302 2684 hotrss‘
2330 2678 2338 2681 .

1248 2703 1474 2756 prohibens
1487 2702 1508 2742 ⁴?
1528 2703 1612 2742 Nec
1631 2702 1812 2754 denique
1831 2706 1894 2741 est
1912 2713 1988 2753 per
2006 2713 2052 2740 se
2073 2706 2113 2740 et
2132 2696 2307 2747 intrinz*
2328 2697 2352 2741 3²}

1250 2777 1343 2805 sece
1377 2765 1551 2811 malum,
1575 2767 1619 2802 ut
1644 2763 1791 2802 eadem
1813 2763 1979 2802 traditio
2009 2761 2202 2813 ostendit,
2235 2755 2342 2808 ab*
2327 2765 2350 2782 “

1248 2825 1407 2879 patebit
1425 2823 1718 2875 respondendo
1743 2823 1796 2863 ad
1821 2824 2016 2863 rationes.
2272 2811 2305 2861 Ξ(
2325 2812 2335 2869 i

1301 2888 1367 2926 26.
1386 2885 1555 2939 Replica
1573 2889 1804 2925 removetur.
1817 2885 2020 2924 -Diees.
2043 2885 2077 2925 si
2097 2886 2175 2926 hoc
2190 2881 2303 2947 nouit
2326 2876 2336 2900 ¹

1250 2953 1339 2990 erat
1366 2947 1640 2998 prohibitum,
1673 2946 1771 2998 quid
1798 2957 1970 2987 necesse
2004 2952 2093 2988 erat
2114 2934 2299 3007 privile-t

1250 3011 1365 3064 gium
1383 3009 1436 3049 (10
1457 3010 1535 3049 hac
1556 3022 1601 3049 re
1621 3008 1865 3050 concedere.
1884 3021 1980 3049 nam
1999 3010 2086 3049 sine
2103 3010 2171 3050 1110
2187 2999 2299 3052 flesti&

1250 3075 1437 3125 poterat,
1476 3071 1687 3123 supposita
1723 3070 1916 3110 facultate
1963 3070 2234 3111 concionandi

1248 3133 1551 3186 Respondetur‚
1566 3145 1651 3172 non
1672 3143 1836 3184 semper
1852 3132 2108 3184 privilegium
2125 3061 2302 3247 deri'3
2322 3159 2341 3167 .,

1249 3209 1327 3248 per
1344 3195 1445 3234 illud
1462 3195 1726 3246 dispensetur
1743 3194 1785 3232 in
1806 3194 2068 3246 aliqua10399
2084 3193 2159 3234 sed
2181 3205 2209 3245 p
2337 3247 2341 3250 Δ

1249 3261 1342 3309 pter
1367 3257 1469 3296 alios
1502 3257 1627 3296 etiam
1659 3255 1790 3303 fines,
1819 3259 1866 3295 ut
1896 3265 2004 3307 saepe
2023 3255 2178 3296 dietam
2196 3265 2233 3294 0
2256 3268 2283 3303 ·,,
2322 3246 2331 3265 ⁷

1251 3319 1339 3358 Hoc
1359 3330 1459 3371 ergo
1483 3317 1743 3370 privilegium
1775 3316 1859 3357 duo
1887 3317 2094 3369 proeeipue
2114 3321 2192 3368 ope
2221 3334 2225 3349 -·
2302 3351 2306 3354 .

1251 3384 1401 3433 potest.
1424 3380 1559 3420 Unum
1589 3382 1671 3425 est,
1701 3381 1746 3418 ut
1764 3390 1850 3418 non
1868 3379 2002 3418 solum
2021 3377 2218 3433 societati
2239 3391 2276 3434 μ’»

1252 3446 1358 3490 cent,
1387 3441 1462 3481 sed
1496 3441 1620 3480 etiam
1653 3440 1813 3480 ratione
1847 3439 1971 3492 hujus
2000 3438 2238 3480 concessi-1·
2265 3469 2280 3497 α,

1253 3503 1405 3542 habeat
1425 3501 1592 3553 aliquod
1609 3501 1679 3553 jus
1701 3500 1951 3553 praedicandi
1970 3499 2242 3551 inhujusm
2268 3551 2270 3553 ‚

1250 3562 1366 3611 locis,
1394 3564 1450 3603 ita
1477 3567 1565 3602 uta
1584 3562 1898 3614 nemine'poesit
1929 3561 2018 3601 sine
2041 3559 2218 3600 ration
2237 3563 2255 3583 ¹·
2270 3567 2286 3590 -’“

1251 3638 1377 3666 causa
1392 3626 1503 3677 juste
1522 3624 1726 3676 impediri,
1751 3626 1872 3664 etiam
1894 3623 1948 3663 ab
1963 3622 2028 3663 his
2046 3621 2116 3674 qui
2143 3614 2277 3679 donn-‘T¹

1251 3689 1368 3728 nium
1384 3687 1554 3740 aliquod
1572 3686 1637 3728 vel
1653 3685 1980 3739 jurisdictionem
2000 3681 2215 3736 temporat
2259 3714 2289 3747 ‹.‘
