2352 3880
134 251 291 293 ibidem
312 250 476 293 dicitur.
494 250 626 298 Quam
643 249 920 291 conditionem
935 250 1074 300 latius,
1093 261 1163 291 ea-

134 313 220 366 pite
236 311 443 365 sequenti,
462 323 491 352 a
505 323 550 350 n.
571 311 611 359 3,
628 310 869 364 explicaturi
887 323 1047 353 sumus»

523 438 692 482 CAPUT
718 441 768 482 11.

135 559 396 597 mthumrmt
419 561 577 594 norrun
602 560 652 592 Ac
679 559 858 593 sANcrtm
895 558 989 593 Essa·
1023 554 1166 592 ancar-

189 625 319 655 ‘morus
352 625 489 656 11001111
524 625 598 660 ouo
628 625 871 655 scnotssrmi
905 624 947 654 m
983 623 1165 655 somnu-

186 686 270 716 'rnn
290 687 584 726 *nmirum-en,
616 685 666 716 Ac
697 686 930 716 nuiomnus
957 685 1163 716 »omnim

188 747 228 779 m
254 748 508 782 comminuti
534 747 720 778 suisrir.

189 864 227 902 1.
259 862 405 903 Prima
424 858 636 903 conclusio.
650 884 700 889 —
720 861 780 900 Ex
799 857 863 900 his
883 869 981 912 ergo
1010 860 1165 913 colligi-

135 935 231 964 mus
255 922 456 975 imprimis
481 922 719 974 possibilem
738 922 865 962 fuisse
891 923 933 961 in
963 922 1165 963 Societate

134 986 307 1024 modum
329 986 511 1036 aliquem
530 984 770 1024 admittendi
791 984 1027 1036 hujusmodi
1047 986 1167 1024 scho—

133 1047 243 1087 lares
264 1048 307 1086 in
330 1058 479 1097 corpus
499 1057 636 1093 suum,
662 1057 744 1096 quo
765 1057 860 1085 vere
886 1046 943 1085 illi
971 1046 1165 1086 uniantur

134 1113 333 1160 tanquam
352 1120 449 1146 vera
473 1107 661 1146 membra
680 1107 785 1159 ejus,
808 1107 992 1147 medium
1013 1110 1164 1147 statum

137 1170 332 1211 habentia
356 1170 460 1208 inter
479 1168 724 1208 novitiatum
751 1172 792 1208 et
815 1169 991 1220 gradum
1010 1170 1167 1221 profes-

137 1244 290 1272 sorum.
315 1231 416 1277 Ouia
438 1231 523 1270 haec
542 1235 651 1279 vota,
675 1241 766 1281 quae
784 1231 1070 1282 explicuimus,
1092 1244 1167 1271 seu

135 1294 332 1344 receptio,
358 1303 450 1342 quae
473 1304 547 1343 per
575 1292 644 1331 illa
674 1291 733 1342 fit,
762 1293 938 1332 extrahit
966 1305 1167 1343 personas

136 1366 160 1394 a
185 1354 317 1406 gradu
338 1353 611 1400 novitiorum3
645 1365 743 1392 nam
777 1354 818 1392 hi
854 1354 1041 1393 nondum
1072 1359 1169 1395 sunt

135 1415 323 1454 membra
355 1415 517 1466 corpori
536 1415 749 1466 religionis
769 1427 865 1455 vere
886 1415 1022 1463 unita3
1048 1417 1169 1456 scho-

132 1476 246 1516 ὁ1111·οε
267 1481 406 1516 autem
427 1489 501 1528 per
519 1476 628 1516 hanc
647 1476 942 1516 admissionem
961 1489 1058 1517 vere
1082 1478 1170 1518 effi-

137 1539 301 1577 ciuntur
327 1538 528 1586 membra,
558 1550 652 1577 eum
677 1543 818 1578 tamen
844 1543 1004 1579 constet
1033 1552 1083 1579 ex
1103 1551 1170 1579 eo·

137 1600 233 1639 dem
255 1599 379 1638 modo
397 1629 406 1647 ,
430 1612 512 1650 quo
539 1599 824 1648 admittuntur,
858 1601 948 1639 illos
970 1613 1055 1639 non
1078 1613 1168 1640 esse

135 1660 359 1712 professos,
377 1672 513 1710 neque
533 1661 718 1700 ultimate
733 1662 745 1710 (
758 1664 802 1700 ut
821 1661 878 1700 sie
899 1662 1056 1712 dicam)
1075 1673 1171 1701 con-

133 1725 299 1772 J'unctos
310 1726 351 1761 et
371 1722 508 1761 unitos
525 1722 733 1770 Societati,
751 1726 873 1773 prout
893 1722 952 1760 illi
972 1722 1170 1773 conjungi

137 1788 325 1834 possunt.
352 1784 486 1832 Atque
510 1783 555 1822 in
575 1784 652 1822 hoc
671 1783 850 1822 fatemur
872 1795 962 1822 esse
980 1783 1172 1823 differen-

137 1845 238 1884 tiam
271 1845 377 1883 inter
402 1844 645 1883 Societatem
668 1847 708 1883 et
731 1845 833 1884 alias
864 1845 1097 1896 religiones.
1125 1846 1173 1886 Id

140 1906 250 1945 enim
271 1916 464 1956 expresse
485 1905 584 1944 dixit
604 1905 825 1956 Gregorius
853 1906 955 1953 XIII,
987 1906 1031 1945 in
1060 1906 1169 1945 dicta

139 1966 437 2008 Constitutione
470 1967 709 2007 Ascendente
742 1966 939 2006 Domino:
975 1966 1169 2014 Quoniam

135 2028 324 2070 ‘Societas
345 2028 449 2079 (ait)
466 2038 543 2068 non
563 2027 657 2067 solis
677 2026 840 2068 novitiis
853 2031 889 2068 et
900 2028 1110 2078 professis,
1123 2032 1170 2070 ut

139 2090 302 2142 reliquae
319 2089 541 2141 requiam,
558 2091 727 2129 constat.
760 2090 892 2139 Atque
914 2089 970 2127 ita
1000 2101 1169 2140 respon-

141 2163 234 2191 sum
253 2155 315 2190 est
336 2151 389 2189 ad
407 2150 584 2201 primam
601 2150 804 2189 rationem
824 2149 1054 2189 dubitandi.
1071 2151 1172 2190 Con-

139 2211 326 2252 cedimus
345 2211 456 2250 enim
474 2211 518 2250 in
554 2212 632 2250 hoc
663 2223 818 2262 genere
840 2211 1005 2251 unionis
1031 2223 1171 2262 perso-

140 2277 466 2323 nam,quantum
487 2276 549 2311 est
573 2285 623 2311 ex
646 2273 895 2323 se‚perfecte
919 2285 963 2312 se
983 2273 1166 2321 tradere;

140 2334 301 2375 admitti
331 2345 446 2381 vero,
474 2344 559 2372 non
591 2334 844 2384 simpliciter,
879 2334 954 2373 sed
984 2346 1078 2374 cum
1101 2335 1169 2374 illo

141 2395 306 2444 addito,
334 2399 375 2435 et
409 2394 642 2434 conditione
675 2395 984 2444 subintellecta,
1007 2395 1062 2437 Si·
1095 2396 1171 2437 So·

141 2459 262 2499 cietas
291 2457 485 2508 ejusmodi
512 2468 724 2510 personam
745 2456 993 2499 retinendam
1008 2457 1172 2507 judica-

142 2518 258 2560 verit.

193 2581 234 2619 2.
268 2579 457 2622 Secunda
492 2580 686 2621 conclusio
721 2580 945 2621 bimembris
978 2576 1172 2633 probatur

141 2654 190 2684 em
208 2640 740 2694 Pontificibus—Secundo
756 2654 852 2681 vero
867 2641 1073 2691 addimus,
1092 2643 1172 2684 hoc

142 2715 276 2756 genus
301 2703 549 2754 receptionis
577 2703 735 2742 licitum
770 2707 811 2743 et
842 2708 1031 2744 sanctum
1061 2716 1166 2753 esse,

140 2768 227 2805 tam
252 2776 302 2803 ex
319 2769 437 2812 parte
454 2764 633 2815 religiosi
654 2776 779 2814 quam
799 2775 848 2802 ex
867 2768 983 2815 parte
1004 2765 1172 2815 religio-

138 2819 220 2867 nis.
245 2825 309 2865 Ad
331 2826 455 2876 hujus
472 2825 654 2866 veritatis
674 2825 976 2876 probationem,
996 2826 1170 2866 sufficie-

140 2886 214 2928 bat
230 2886 309 2925 hoc
330 2899 459 2938 genus
478 2887 725 2938 receptionis
746 2899 836 2926 esse
854 2888 1128 2939 approbatum
1146 2899 1171 2927 a

139 2942 283 2990 multis
303 2949 483 2988 Summis
501 2949 777 2997 Pontificibus,
797 2961 877 2988 non
897 2949 1028 2988 solum
1047 2961 1171 3001 gene-

140 3011 266 3051 ratim
289 3014 330 3049 et
357 3010 477 3059 quasi
496 3011 682 3059 confuse,
705 3015 908 3062 quatenus
939 3012 1172 3062 approban-

141 3071 558 3120 turConstitutiones,
579 3072 651 3111 sed
668 3072 857 3112 distincte
878 3076 918 3112 et
937 3073 979 3111 in
998 3073 1172 3124 particu-

141 3133 220 3174 lari
233 3133 502 3182 declaratum,
523 3133 632 3174 inter
650 3145 699 3172 ea
713 3145 806 3183 quae
828 3134 880 3173 ad
902 3134 1173 3174 substantiam

144 3195 322 3236 instituti
340 3194 515 3234 multum
534 3195 760 3245 pertinent,
779 3199 825 3236 ut
844 3195 983 3236 videre
1004 3196 1098 3236 licet
1127 3196 1172 3235 in

144 3255 259 3298 hulla
294 3255 616 3295 confirmationis
643 3255 740 3294 Julii
773 3257 840 3305 111,
877 3257 951 3296 ubi
985 3257 1037 3297 de
1067 3258 1174 3296 votis

146 3317 396 3358 scholarium
417 3316 596 3356 dicitur:
618 3317 769 3364 Quibus
797 3321 1017 3366 teneantur,
1039 3330 1175 3370 quam-

148 3380 218 3421 diu
234 3378 485 3430 Proeposuue
503 3376 708 3420 Generalis
722 3379 767 3418 in
785 3378 984 3420 Societate
1001 3379 1176 3420 retinen·-

150 3439 217 3482 dos
235 3451 316 3481 esse
334 3439 544 3481 censuerit.
571 3438 712 3478 Latius
732 3451 831 3478 vero
850 3439 895 3479 id
924 3440 1102 3481 habetur
1131 3441 1175 3480 in

149 3499 257 3543 dicta
274 3500 566 3540 Constitutione
585 3499 770 3552 Gregorii
783 3499 1024 3542 Ascendente
1042 3502 1176 3543 Domi-

151 3572 211 3610 no,
227 3561 346 3613 cujus
359 3562 484 3604 verba
497 3573 550 3602 ex
563 3565 679 3613 parte
695 3561 912 3602 retulimus
924 3563 1058 3614 capite
1074 3574 1176 3615 pree-

521 186 599 222 UB.
621 185 676 222 111.
700 185 755 220 1>ss
772 183 1016 220 Anmsstonss
1035 184 1298 221 scnommnu
1317 186 1373 220 AD
1393 185 1504 223 VOTA
1522 185 1738 229 Sturum,
1755 188 1847 229 E'rc.

1218 249 1394 299 cedenti,
1414 261 1588 306 numero
1605 253 1800 305 septimo,¹
1811 258 1855 295 et
1870 254 1990 307 plura
2011 258 2150 301 stetim
2171 270 2245 301 re·

1214 310 1412 353 feremus
1434 308 1707 354 Nihilominus
1725 319 1866 356 tamen
1885 319 2244 366 necessariumest

1214 371 1375 414 ratione
1395 373 1474 413 hoc
1491 374 1725 423 ostendam,
1747 380 1790 416 et
1809 376 2030 428 obJectioni
2045 381 2239 423 secundae

1214 433 1259 474 in
1277 434 1412 486 capite
1431 435 1677 486 praecedenti
1701 437 1957 478 satisfacere.
1976 440 2158 483 Primum
2175 455 2244 484 er-

1216 506 1284 547 go,
1303 495 1416 546 quod
1436 506 1486 534 ex
1503 501 1620 548 parte
1649 498 1778 550 ipsius
1806 499 1985 552 religiosi
2018 501 2115 541 talis
2142 514 2247 545 aon-

1216 560 1370 596 tractus
1387 569 1463 597 seu
1489 557 1640 599 oblatio
1660 560 1769 600 licita
1789 560 1854 608 sit,
1877 563 2142 603 manifestum
2162 565 2254 615 ests

1216 630 1353 668 neque
1377 631 1427 658 ex
1446 619 1523 659 hac
1550 624 1666 672 parte
1691 622 1848 672 aliquid
1867 627 2009 663 contra
2038 625 2150 664 illam
2169 625 2249 666 ob·-

1212 679 1373 732 jicitur;
1409 681 1508 732 quia
1539 682 1757 735 religiosus
1786 684 1888 723 nulli
1915 685 2012 725 facit
2030 686 2241 737 injuriam,

1189 753 1354 793 *neque
1388 743 1430 781 in
1462 742 1644 794 aliquem
1681 745 1808 785 alium
1829 749 1969 786 contra
2001 746 2247 789 charitatem

1217 807 1288 843 aut
1309 804 1432 843 aliam
1450 804 1643 847 virtutem
1662 811 1871 859 operatur,
1891 820 2028 860 neque
2056 809 2182 848 etiam
2199 810 2246 849 in

1220 877 1265 904 se
1284 865 1434 916 ipsum,
1452 868 1542 905 tum
1561 867 1658 916 quia
1678 873 1739 908 est
1762 869 1826 908 sui
1839 869 1958 920 juris,
1981 874 2021 910 et
2037 874 2173 922 potest
2190 870 2247 911 de

1220 938 1296 966 sua
1306 927 1495 966 libertate
1514 927 1751 978 disponere,
1770 934 1817 969 ut
1828 930 2016 981 voluerit,
2034 943 2127 970 cum
2148 931 2247 970 alio-

1220 988 1289 1039 qui
1303 992 1472 1039 propter
1491 989 1648 1028 bonum
1667 988 1809 1036 finem,
1828 991 1925 1029 etin
1941 992 2120 1031 officium
2134 992 2186 1031 de
2199 1002 2248 1032 se

1221 1052 1425 1101 sanctum,
1458 1053 1498 1088 et
1518 1050 1560 1088 in
1585 1049 1742 1088 cultum
1766 1050 1840 1089 Dei
1872 1062 1916 1090 se
1950 1052 2107 1092 offerat.
2141 1054 2250 1092 Tum

1220 1110 1346 1150 etiam
1364 1111 1474 1161 quia,
1493 1111 1588 1150 licet
1607 1110 1831 1162 quamdam
1851 1112 1912 1149 sui
1932 1112 2197 1152 traditionem
2207 1117 2252 1154 et

1222 1172 1471 1211 oblationem
1500 1172 1621 1211 nimis
1648 1172 1862 1211 liberalem
1883 1171 2021 1212 facere
2044 1174 2251 1221 videatur,

1221 1238 1350 1274 totam
1369 1234 1482 1273 illam
1501 1234 1600 1273 facit
1619 1234 1662 1272 in
1682 1234 1928 1285 obsequium
1947 1234 2036 1282 Dei,
2057 1239 2253 1286 respectu

1221 1297 1339 1347 cujus
1356 1296 1470 1335 nulla
1490 1295 1715 1335 liberalitas
1735 1299 1869 1346 potest
1898 1307 1989 1335 esse
2009 1295 2151 1334 nimia.
2169 1297 2252 1337 Un-

1221 1357 1273 1397 de
1302 1361 1463 1397 tantum
1483 1357 1599 1396 abest
1629 1361 1674 1395 ut
1702 1368 1753 1396 ex
1780 1357 1858 1395 hac
1879 1359 1997 1408 parte
2018 1357 2108 1396 haec
2137 1356 2255 1397 obla-

1222 1418 1278 1457 tio
1303 1418 1355 1457 sit
1372 1418 1513 1457 illicita
1533 1418 1587 1466 ei,
1623 1417 1693 1468 qui
1727 1429 1774 1458 se
1805 1418 1938 1464 offert,
1961 1421 2007 1458 ut
2038 1418 2173 1469 potius
2199 1430 2254 1458 ex

1223 1479 1373 1519 eodem
1401 1479 1533 1530 eapite
1562 1478 1752 1518 videatur
1785 1479 1984 1518 excedere
2005 1479 2125 1518 aliam
2159 1491 2255 1531 pro·

1223 1541 1463 1590 sessionem,
1497 1552 1588 1591 quae
1616 1541 1824 1591 reciproca
1852 1544 1916 1580 est
1928 1553 1945 1586 ;.
1975 1552 2073 1579 nam
2107 1540 2150 1580 in
2183 1541 2256 1580 illa

1225 1603 1530 1653 quodammodo
1549 1602 1686 1640 minus
1707 1606 1768 1640 est
1780 1602 1962 1641 liberalis
1978 1603 2144 1651 oblatio,
2158 1614 2255 1642 cum

1226 1675 1277 1702 ex
1293 1665 1371 1702 alia
1391 1668 1505 1714 parte
1526 1663 1718 1713 quaedam
1738 1664 2065 1714 recompensatio
2083 1662 2266 1715 respon-⁴

1227 1724 1327 1764 dere
1360 1724 1570 1771 videatur;
1601 1736 1685 1764 non
1720 1727 1862 1764 tamen
1892 1728 2112 1776 propterea
2147 1725 2258 1766 hano

1227 1786 1426 1825 unionem
1470 1786 1642 1824 solemni
1685 1785 1933 1836 professioni
1965 1785 2256 1838 praeferimus,

1227 1847 1323 1897 quia
1334 1850 1484 1885 caetera
1501 1859 1586 1885 non
1599 1850 1693 1884 sunt
1709 1846 1839 1896 paria,
1862 1847 1935 1886 sed
1956 1847 2087 1886 solum
2107 1848 2258 1887 adver-

1226 1907 1352 1947 timus
1367 1919 1417 1946 ex
1428 1907 1505 1946 hac
1517 1911 1633 1958 parte
1644 1906 1799 1947 habere
1815 1908 2100 1948 excellentiam
2111 1920 2258 1960 quam-

1224 1967 1321 2007 dam
1343 1969 1610 2020 singularem.

1277 2030 1315 2069 3.
1349 2028 1579 2070 Ostendetur
1600 2030 1734 2071 deinde
1762 2028 1956 2082 posterius
1975 2031 2188 2072 membrum
2207 2039 2258 2073 om

1224 2091 1508 2140 Pontificibus.
1524 2110 1577 2122 -—
1593 2093 1697 2133 Item
1714 2104 1761 2133 exc
1775 2093 1932 2132 ratione
1951 2092 2178 2146 tripartita.
2202 2113 2256 2123 -

1225 2153 1286 2190 Ex
1305 2157 1421 2203 parte
1439 2165 1537 2192 vero
1557 2154 1767 2205 religionis
1790 2153 1915 2192 etiam
1938 2154 2016 2193 hoc
2040 2165 2133 2194 esse
2167 2154 2259 2195 lici-

1225 2217 1330 2261 tum,
1363 2213 1429 2253 his
1459 2214 1595 2253 verbis
1629 2215 1808 2254 breviter
1839 2215 2036 2265 probatur
2072 2215 2115 2254 in
2146 2215 2257 2256 dicta

1226 2274 1520 2314 Constitutione
1556 2275 1800 2318 Ascendente
1827 2276 1996 2316 Domino
2018 2292 2033 2314 .·
2065 2276 2175 2324 Quod
2201 2277 2260 2319 ad

1228 2336 1444 2377 Societatis
1475 2338 1766 2378 conservatione
1793 2338 1962 2379 mammo
1993 2340 2054 2378 est
2078 2345 2259 2379 necessa-

1225 2399 1349 2447 rium,
1371 2399 1485 2451 idque
1504 2399 1550 2439 ab
1576 2399 1691 2439 illius
1708 2399 1866 2440 exordio
1879 2398 2098 2450 provisum,
2112 2401 2256 2451 etpost

1225 2460 1491 2513 experimento
1508 2461 1799 2512 comprobatum
1827 2464 1901 2508 est,
1921 2460 2036 2512 idque
2058 2459 2177 2500 initio
2193 2460 2259 2501 in·

1223 2533 1401 2576 gressus,
1422 2521 1509 2561 illis
1528 2522 1713 2572 (implicite
1726 2522 2028 2571 manifestatur,
2049 2520 2255 2572 atqueipsi

1225 2584 1482 2624 conditionem
1507 2583 1610 2624 lianc
1637 2583 1944 2634 amplectuntur,
1978 2592 2063 2632 quoe
2091 2580 2150 2620 eis
2185 2579 2254 2630 (si

1223 2658 1320 2698 quos
1350 2645 1548 2686 dimittere
1566 2644 1762 2694 oporteat)
1783 2642 1904 2682 multo
1923 2644 1983 2681 est
2000 2641 2251 2692 commodior,

1222 2710 1269 2745 ut
1287 2705 1403 2744 liberi
1423 2703 1562 2754 potius
1587 2713 1706 2753 quam
1733 2702 1837 2742 votis
1859 2701 2025 2753 obliyati
2046 2703 2253 2743 dimittan-

1224 2767 1380 2812 tantur,
1402 2763 1569 2814 aliisque
1579 2761 1707 2814 justis
1727 2765 1764 2803 et
1780 2762 2089 2803 rationabilibus
2103 2764 2146 2803 de
2161 2774 2254 2805 cau-

1223 2827 1293 2867 sis.
1314 2827 1361 2865 In
1375 2824 1524 2875 quibus
1537 2824 1673 2863 verbis
1693 2823 1832 2875 plures
1844 2823 2025 2863 rationes
2042 2824 2252 2863 insinuan-

1222 2892 1303 2936 tur,
1332 2898 1435 2937 quas
1455 2897 1601 2926 omnes
1617 2886 1670 2925 ad
1692 2896 1818 2924 unam
1841 2884 1919 2924 sub
1938 2885 2015 2924 hac
2034 2885 2168 2924 forma
2184 2896 2251 2926 re·

1224 2948 1376 2988 ducere
1397 2958 1643 2998 possumus:
1666 2945 1699 2984 si
1718 2946 1796 2985 hoc
1824 2949 1933 2984 esset
1960 2945 2147 2986 illicitum
2177 2945 2251 2986 So-

1225 3008 1376 3057 cietati,
1397 3011 1468 3047 aut
1501 3010 1609 3047 esset
1639 3010 1780 3046 contra
1801 3006 2003 3057 justitiam
2023 3007 2253 3047 commuta·

1225 3070 1350 3109 tivam
1382 3072 1574 3120 respectu
1593 3067 1790 3120 religiosi,
1813 3071 1883 3107 aut
1907 3071 2048 3107 contra
2073 3067 2254 3107 charita-

1224 3135 1324 3178 tem,
1343 3134 1415 3170 aut
1434 3134 1576 3169 contra
1602 3140 1821 3170 commune
1841 3129 2012 3176 honum,
2034 3129 2143 3180 quod
2163 3139 2253 3168 res-

1225 3192 1323 3245 picit
1345 3191 1467 3231 etiam
1496 3191 1673 3231 charitas
1691 3191 1759 3231 vel
1779 3190 1938 3242 justitia
1961 3190 2128 3241 legalis·
2149 3188 2254 3230 1111111

1226 3255 1374 3292 horum
1393 3252 1473 3292 diei
1491 3256 1640 3304 potest,
1661 3251 1728 3292 vel
1746 3263 1841 3291 cum
1859 3251 2031 3290 minima
2059 3250 2253 3303 probabi-

1227 3315 1365 3364 litate3
1387 3326 1501 3365 ergo.
1524 3314 1655 3365 Major
1674 3314 1855 3354 continet
1865 3312 2144 3352 sufficientem
2158 3322 2255 3364 par-

1228 3377 1431 3423 titionem,
1448 3387 1527 3415 nec
1540 3375 1661 3416 video
1677 3375 1791 3416 aliud
1806 3374 2042 3416 membrum
2059 3372 2179 3427 quod
2182 3381 2262 3412 ex·

1229 3437 1398 3490 cogitari
1417 3436 1560 3488 possit.
1903 3456 1906 3465 ι

1281 3501 1323 3540 4.
1352 3499 1499 3540 Prima
1527 3509 1630 3552 pars
1663 3497 1785 3550 husus
1817 3495 2007 3540 rationis.
2035 3513 2088 3525 --
2119 3489 2260 3535 Minor

1230 3559 1370 3613 quoad
1397 3559 1576 3612 primam
1601 3563 1766 3612 partem
1786 3558 1841 3600 de
1866 3555 2024 3611 justitia
2054 3554 2262 3606 probam
