2352 3880
158 355 242 396 que
264 342 374 382 enim
405 338 523 379 deest
554 338 785 378 extrinseca
821 350 896 379 seu
931 339 1195 379 accidentalis

158 403 416 449 solemnitas,
446 411 526 440 nec
556 399 618 440 vis
648 399 900 452 impediendi
935 399 1195 452 subsequens

157 462 488 510 matrimonium,
517 460 591 501 sed
624 461 742 501 deest
773 462 962 501 absoluta
985 462 1195 514 perpetui-

158 531 237 574 tas,
257 536 350 576 quae
369 535 421 563 ex
434 526 609 574 utraque
627 527 760 573 parte,
777 523 1004 575 religionis,
1024 524 1190 571 scilicet,

155 590 196 627 et
215 585 413 637 religiosi,
435 585 628 624 nascitur.
658 585 708 624 Et
741 586 819 624 hoc
838 585 996 624 confert
1015 585 1194 625 multum

155 647 210 688 ad
229 650 475 699 praesentem
502 647 711 694 effectum,
736 646 849 698 quia,
869 648 916 685 ut
935 659 1059 698 supra
1079 647 1193 688 dice-

154 709 270 757 bam,
289 708 518 748 absurdum
546 712 654 747 esset
685 711 728 747 ut
759 707 1005 746 liberaretur
1044 707 1136 758 quis
1167 718 1196 746 a

154 769 318 810 vinculo
343 769 594 808 matrimonii
629 781 705 820 per
733 772 991 807 transactum
1023 768 1077 807 ad
1097 768 1192 807 reli-

154 832 339 883 gionem,
368 844 392 870 a
411 843 493 881 qua
513 832 654 881 posset
675 830 908 880 Superioris
927 829 1191 876 auctoritate,

154 897 324 944 propter
342 892 582 943 frequentes
601 895 641 930 et
661 891 890 930 ordinarias
907 903 1067 939 causas,
1088 891 1192 931 liber

155 954 318 994 dimitti.
348 955 397 992 Et
432 958 602 1004 propter
633 954 742 992 hanc
773 953 977 992 rationem
1010 965 1095 992 non
1129 956 1192 992 est

155 1015 303 1062 simile,
328 1014 440 1065 quod
467 1015 507 1052 in
534 1014 665 1065 prima
687 1013 1000 1053 confirmatione
1021 1015 1192 1053 affertur

154 1076 206 1116 de
238 1076 442 1126 religiosis
478 1075 679 1114 militibus
714 1075 756 1115 S.
786 1075 982 1124 Joannis3
1003 1075 1059 1113 illi
1081 1075 1193 1114 enim

152 1150 250 1179 vere
265 1137 526 1189 profitentur,
540 1142 766 1188 votumque
780 1138 964 1177 solemne
984 1134 1187 1185 emittunt,

152 1213 177 1238 a
195 1211 277 1250 quo
298 1198 465 1236 liberari
482 1210 566 1237 non
582 1203 771 1250 possunt,
798 1199 876 1238 nisi
896 1199 938 1237 in
960 1210 1059 1237 casu
1077 1209 1188 1245 raro,

152 1260 399 1299 auctoritate
428 1263 502 1300 aut
521 1259 830 1311 dispensatione
865 1259 1023 1300 Summi
1055 1258 1190 1298 Ponti-

150 1320 254 1361 ficis.

204 1385 270 1423 211.
302 1382 370 1423 An
386 1383 596 1431 secundam
629 1382 979 1433 confirmationem.
997 1398 1050 1409 —-
1067 1378 1191 1418 Dabit

149 1444 360 1485 incidentis
396 1442 585 1482 resolutio
625 1441 836 1494 bipartita.
867 1462 921 1470 ·-—
948 1439 1193 1482 Declaratur

145 1507 262 1556 prior
279 1517 396 1557 pars.
417 1524 471 1532 —-
489 1503 552 1542 Ad
574 1503 802 1542 secundam
823 1502 947 1542 etiam
969 1502 1191 1541 confirma-

147 1568 304 1606 tionem
339 1578 390 1605 ex
427 1564 576 1604 eodem
609 1563 812 1615 principio
848 1563 1188 1615 respondendum

147 1632 236 1677 est,
270 1627 399 1666 multa
438 1638 530 1665 esse
561 1626 603 1664 in
627 1626 841 1665 Societatis
862 1624 1073 1672 instituto,
1096 1636 1190 1675 quae

145 1689 242 1728 huic
257 1689 422 1728 effectui
443 1691 693 1739 repugnant.
719 1686 917 1735 Primum,
933 1686 1044 1738 quod
1061 1686 1103 1724 in
1117 1685 1187 1725 illo

147 1752 295 1802 saepius
316 1750 566 1796 declaratur,
586 1749 678 1787 haec
708 1752 805 1788 vota
841 1759 930 1787 esse
967 1746 1187 1798 simplicia.

143 1812 318 1857 Deinde,
340 1811 452 1860 quod
476 1810 590 1848 nulla
616 1809 661 1848 fit
685 1810 774 1860 ejus
795 1809 949 1848 mentio
980 1809 1024 1847 in
1056 1808 1184 1847 Bullis

147 1872 367 1911 Pontificiis
384 1875 454 1910 aut
472 1871 848 1910 constitutionibus.
870 1870 1054 1920 Denique
1072 1869 1185 1919 quod

143 1938 238 1973 vota
259 1946 345 1972 non
370 1934 525 1971 habent
545 1944 638 1971 eam
669 1933 901 1971 absolutam
931 1931 1184 1983 perpetuita-

143 2000 227 2035 tem
245 1995 288 2033 in
310 1998 487 2044 utroque
509 1994 657 2044 capite,
673 2005 765 2044 quae
789 1993 967 2032 adhunc
988 1994 1181 2032 effectum

145 2055 374 2096 secundum
403 2067 563 2093 morem
599 2055 794 2093 Ecclesiae
831 2055 1068 2093 necessaria
1102 2058 1179 2093 est.

143 2117 207 2156 An
227 2129 325 2155 vero
346 2116 558 2155 vinculum
575 2116 831 2154 matrimonii
845 2116 921 2155 rati
941 2116 991 2154 sit
1008 2116 1184 2166 impedi-

143 2182 331 2217 mentum
353 2177 628 2216 essentialiter
648 2177 880 2228 impediens
900 2178 1181 2228 receptionem

145 2239 320 2289 alicujus
339 2239 383 2277 in
414 2239 493 2277 hac
528 2238 728 2289 religione
762 2239 889 2278 invita
924 2239 1117 2289 conjuge,
1138 2238 1183 2276 in

143 2301 318 2341 dubium
351 2301 454 2340 verti
488 2305 637 2351 potest,
661 2306 829 2351 propter
859 2313 907 2340 ea
939 2312 1030 2351 quae
1049 2301 1091 2338 in
1109 2300 1182 2339 illa

142 2361 458 2402 confirmatione
479 2366 720 2413 tanguntur.
743 2362 842 2401 Mihi
862 2364 1004 2400 tamen
1029 2361 1182 2413 proba-—

142 2423 264 2462 bilius
288 2423 450 2462 videtur
472 2424 661 2463 absolute
682 2435 766 2462 non
795 2435 885 2464 esse
907 2423 1182 2474 impedimen-

142 2488 244 2532 tum,
268 2489 461 2535 oportere
494 2489 635 2524 autem
667 2489 712 2524 ut
747 2485 930 2525 Societas
962 2484 1006 2524 in
1040 2486 1178 2536 aliquo

138 2547 231 2598 jure
249 2558 323 2585 suo
345 2546 586 2596 dispensare
610 2546 720 2586 velit.
743 2547 986 2586 Declaratur
1003 2551 1179 2597 utraque

143 2619 238 2658 pars
260 2619 308 2646 ex
334 2608 494 2646 ratione
519 2607 649 2655 facta3
681 2618 764 2645 non
787 2607 899 2646 enim
933 2612 1070 2659 potest
1091 2608 1174 2656 ille,

142 2668 212 2718 qui
230 2668 482 2706 matrimonii
504 2668 580 2706 rati
602 2668 766 2707 vinculo
787 2668 939 2719 ligatus
961 2673 1035 2716 est,
1059 2681 1178 2708 assu·-

142 2741 255 2768 mere
276 2733 429 2767 statum
450 2729 723 2779 postulantem
747 2729 1001 2776 coelibatum,
1021 2730 1098 2768 nisi
1115 2734 1178 2769 ta-

141 2791 190 2828 lis
217 2790 269 2828 sit
298 2790 366 2828 ille
391 2793 536 2836 status,
576 2788 646 2838 qui
679 2789 845 2828 dirimat.
865 2789 1177 2829 matrimonium

140 2853 292 2894 ratum,
314 2853 361 2888 ut
379 2854 592 2888 ostensum
613 2852 696 2896 est;
719 2860 818 2900 ergo
843 2860 965 2888 nemo
983 2854 1118 2900 potest
1134 2850 1177 2889 in

141 2911 347 2950 Societate
362 2910 489 2961 recipi
503 2910 555 2948 ad
574 2910 691 2948 illum
711 2914 864 2949 statum
879 2909 1174 2961 profitendum,

141 2971 250 3010 dicto
269 2971 432 3010 vinculo
453 2971 706 3010 matrimonii
722 2971 888 3023 ligatus,
905 2983 986 3010 non
1006 2972 1175 3012 obtento

141 3033 255 3084 prius
290 3045 497 3071 consensu
517 3032 672 3080 uxoris,
696 3036 736 3072 et
768 3033 942 3073 servatis
973 3034 1064 3072 aliis
1098 3035 1176 3074 cir-

139 3095 397 3133 cumstantiis
417 3094 524 3132 circa
550 3094 680 3143 illam,
706 3106 810 3145 quas
825 3095 921 3146 jura
940 3095 1170 3147 requirunt.

140 3155 284 3203 Unde,
322 3166 419 3195 cum
441 3155 649 3195 ordinario
679 3155 773 3207 jure
795 3157 1010 3197 Societatis
1048 3169 1172 3197 nemo

139 3216 363 3268 recipiatur
386 3217 439 3256 ad
462 3217 750 3268 probationem
773 3219 883 3270 ejus,
906 3219 987 3257 nisi
1006 3218 1048 3257 in
1066 3217 1174 3258 ordi-

140 3289 195 3318 ne
213 3278 269 3318 ad
286 3278 397 3317 hunc
411 3282 561 3317 statum
581 3279 695 3329 prius
716 3280 1009 3330 profitendum,
1025 3280 1173 3319 multo-

141 3351 223 3392 que
242 3343 430 3391 tempore
456 3340 789 3391 permanendum
804 3371 816 3389 ,
838 3341 952 3392 prius
973 3353 1096 3392 quam
1119 3341 1174 3382 ad

141 3400 370 3440 solemnem
388 3401 690 3452 professionem
707 3403 936 3454 perveniat,
952 3402 998 3442 fit
1012 3407 1068 3452 ut,
1087 3415 1172 3443 ser—

140 3465 235 3502 vato
253 3462 398 3502 eodem
405 3462 517 3514 jure,
533 3475 655 3503 nemo
671 3464 798 3515 possit
817 3464 943 3516 recipi
962 3476 1057 3503 cum
1070 3476 1173 3516 prae-

141 3521 251 3562 dicto
270 3523 581 3575 impedimento.
597 3525 731 3575 Major
750 3525 929 3576 (reliqua
946 3526 1057 3565 enim
1077 3529 1172 3566 sunt

141 3582 272 3635 clara)
290 3590 417 3635 patet,
433 3590 520 3625 tum
535 3586 740 3638 exemplo,
757 3586 810 3626 ob
822 3586 932 3626 hanc
950 3588 1061 3626 enim
1075 3599 1171 3628 cau-

141 3654 234 3684 sam
249 3656 335 3685 non
350 3651 486 3698 potest
501 3647 594 3700 quis
613 3659 708 3689 cum
726 3659 776 3689 eo
793 3647 1092 3704 impedimento
1106 3661 1170 3691 sa·

517 273 593 308 LlB.
617 271 671 306 IV.
697 271 751 306 DE
771 271 891 307 vorls
913 271 1163 307 SIMPLICIBUS
1183 271 1424 309 CASTITATIS
1445 271 1499 306 ET
1521 270 1816 313 murmuris,
1840 272 1930 309 E'l'ss.

1250 350 1367 380 crum
1388 337 1584 378 Ordinem
1606 339 1818 390 recipere;
1843 342 1885 380 et
1903 339 1938 379 si
1966 337 2020 380 de
2034 339 2145 383 facto
2175 341 2285 384 ordi-

1250 406 1389 448 netur,
1412 400 1510 440 licet
1530 400 1638 440 Ordo
1671 403 1815 440 teneat
1850 403 2022 453 propter
2054 403 2282 446 efficaciam

1250 460 1525 510 sacramenti,
1549 473 1778 513 suspensus
1798 465 1941 502 tamen
1972 465 2014 503 et
2046 463 2284 516 irregularis

1248 525 1405 570 manet,
1429 525 1469 561 et
1491 521 1545 562 ad
1563 522 1942 562 consummandum
1961 524 2281 567 matrimonium.

1247 582 1523 634 compellitur,
1543 583 1576 622 si
1590 597 1695 623 uxor
1710 584 1812 624 nolit
1831 584 1981 624 cedere
1998 586 2083 636 juri
2104 598 2195 635 suo,
2212 598 2284 627 ne-

1244 656 1330 696 que
1355 644 1441 695 ipse
1465 644 1711 696 religionem
1737 645 1922 696 ingredi;
1952 650 2040 686 tum
2062 647 2187 686 etiam
2216 657 2284 687 ra-

1244 706 1372 753 tione,
1399 704 1495 756 quia
1516 706 1651 756 gravis
1671 706 1822 757 injuria
1840 706 2153 756 [ieretmulieri3
2174 719 2286 747 com-

1245 768 1471 819 pelleretur
1501 767 1613 806 enim
1635 768 1767 808 multo
1788 772 1975 820 tempore
2009 770 2164 809 coelebs
2195 781 2286 809 ma-

1246 841 1367 878 nere,
1393 842 1475 868 non
1500 830 1587 868 sine
1609 831 1807 881 periculo,
1832 836 1903 870 aut
1922 832 2085 883 ingredi
2115 832 2285 884 reiigio-

1246 902 1359 937 nem,
1381 891 1444 929 vel
1468 890 1548 929 alio
1568 891 1691 930 modo
1720 892 1951 932 castitatem
1971 893 2172 945 profiteri.

1301 953 1366 992 12.
1399 952 1644 992 Declaratur
1676 954 1890 1003 posterior.
1908 975 1960 983 —
1986 955 2074 994 Duo
2111 954 2199 994 loca
2233 963 2284 996 ew

1237 1014 1335 1063 jare
1356 1011 1572 1054 Societatz's
1591 1015 1634 1053 in
1654 1014 1785 1054 eadem
1805 1015 1972 1054 secunda
1991 1015 2286 1066 confirmatione

1245 1075 1376 1114 allata
1397 1075 1881 1114 conciliantur-Altera
1902 1086 2000 1114 vero
2026 1088 2121 1126 pars
2144 1087 2220 1115 seu
2237 1075 2283 1114 li-

1244 1136 1402 1174 mitatio
1424 1136 1660 1175 declaratur
1674 1166 1683 1184 ,
1703 1136 1800 1187 quia
1813 1136 1988 1175 liberum
2010 1142 2071 1175 est
2090 1137 2283 1178 Societati

1244 1197 1485 1237 immediate
1519 1203 1612 1249 post
1649 1198 1937 1249 probationem
1967 1199 2189 1238 novitiatus
2210 1199 2284 1238 ali-

1244 1270 1372 1309 quem
1392 1259 1445 1298 ad
1467 1260 1696 1298 solemnem
1717 1260 2020 1309 professionem
2038 1260 2280 1309 admittere;

1247 1331 1362 1369 ergo,
1377 1321 1409 1357 si
1423 1320 1520 1357 velit
1538 1320 1718 1370 aliquem
1739 1320 1939 1371 recipere,
1956 1322 2073 1371 quasi
2091 1322 2168 1360 sub
2188 1334 2284 1373 pac·

1243 1381 1303 1426 to,
1317 1384 1357 1418 et
1379 1380 1647 1431 obligatione,
1663 1381 1727 1420 vel
1747 1381 1972 1432 recipiendi
1988 1382 2104 1420 illum
2120 1383 2172 1421 ad
2187 1395 2284 1434 pro-

1242 1440 1468 1481 fessionem
1481 1443 1710 1482 solemnem
1719 1443 1856 1482 statim
1871 1448 1964 1496 post
1975 1445 2282 1495 probationem,

1243 1501 1279 1542 si
1298 1504 1341 1542 in
1369 1516 1418 1543 ea
1437 1508 1548 1544 recte
1571 1516 1615 1543 se
1638 1505 1828 1555 gesserit,
1857 1505 1923 1544 vel
1944 1505 2177 1545 dimittendi
2200 1509 2282 1545 sta-

1242 1565 1317 1604 tim
1338 1566 1532 1614 liberum,
1555 1566 1659 1604 nihil
1679 1566 1877 1617 impediet
1903 1567 2129 1617 queminus
2152 1567 2282 1618 possit

1242 1627 1359 1666 illum
1391 1627 1592 1677 recipere,
1617 1627 1714 1666 licet
1737 1628 1988 1667 matrimonii
2014 1630 2091 1668 rati
2115 1628 2281 1670 vinculo

1242 1687 1394 1740 ligatus
1422 1688 1487 1726 sit.
1515 1688 1616 1733 Quia
1648 1692 1747 1726 tunc
1778 1693 1914 1728 cessat
1944 1690 2047 1729 ratio
2082 1690 2205 1738 facta,
2238 1694 2283 1732 et

1240 1751 1356 1789 nulla
1379 1762 1430 1790 ex
1451 1754 1568 1801 parte
1591 1750 1636 1789 fit
1656 1751 1805 1802 injuria
1822 1749 1955 1800 uxori,
1978 1764 2055 1791 nec
2072 1750 2278 1802 religioni,

1241 1824 1336 1851 cum
1352 1812 1406 1851 ad
1428 1812 1538 1850 hunc
1560 1812 1731 1850 modum
1752 1812 1978 1863 recipiendi
2001 1814 2052 1852 sit
2073 1814 2112 1852 in
2139 1827 2188 1853 ea
2208 1824 2280 1865 po-

1238 1877 1381 1919 testas,
1404 1876 1445 1910 et
1464 1877 1634 1922 propter
1653 1873 1754 1911 alias
1773 1885 1920 1923 graves
1942 1887 2087 1913 causas
2102 1875 2191 1914 fieri
2213 1885 2281 1915 so-

1238 1933 1334 1973 leat.
1360 1934 1408 1971 Et
1439 1933 1614 1972 fortasse
1634 1933 1713 1971 hoc
1735 1934 2012 1983 significatum
2034 1937 2095 1974 est
2127 1936 2169 1973 in
2199 1934 2279 1975 illis

1238 1994 1403 2034 duobus
1434 1993 1535 2033 locis
1555 1994 1598 2032 in
1627 1994 1720 2045 ipsa
1742 1995 1926 2034 secunda
1961 1996 2277 2037 confirmatione

1237 2055 1393 2103 citatis,
1418 2068 1508 2106 quae
1531 2056 1610 2094 hoc
1630 2055 1753 2095 modo
1775 2057 1967 2096 videntur
1987 2059 2274 2106 concilianda;

1234 2129 1349 2165 nam,
1369 2117 1556 2156 absolute
1569 2118 1794 2168 loquendo,
1811 2119 1946 2157 solum
1964 2118 2275 2160 matrimonium

1235 2183 1571 2219 consummatum
1600 2182 1660 2218 est
1689 2179 2046 2230 impedimentum,
2073 2192 2167 2219 cum
2188 2192 2272 2232 quo

1236 2252 1360 2280 nemo
1381 2240 1508 2291 recipi
1529 2240 1655 2291 possit
1680 2240 1808 2280 invita
1828 2241 2004 2293 conjuge
2026 2242 2109 2282 ullo
2130 2242 2272 2292 modo,

1235 2314 1312 2342 nec
1334 2301 1634 2341 interveniente
1656 2301 1968 2353 dispensatione
1992 2303 2120 2354 ipsius
2139 2302 2274 2344 Socie-

1234 2364 1344 2404 tatis.
1367 2365 1415 2402 Et
1440 2364 1534 2402 ideo
1555 2363 1680 2414 priori
1710 2363 1800 2403 loco
1828 2364 2052 2411 Emminis,
2082 2375 2274 2403 consum-

1233 2426 1335 2465 mati
1362 2425 1613 2464 matrimonii
1641 2426 1796 2464 mentio
1817 2425 1924 2464 facta
1952 2430 2026 2464 est.
2051 2424 2152 2471 Quia
2172 2436 2272 2466 vero

1233 2486 1545 2526 matrimonium
1560 2490 1697 2525 ratum
1711 2487 1849 2537 aliquo
1862 2487 1985 2527 modo
2000 2487 2171 2539 impedit
2186 2497 2273 2527 ser-

1232 2549 1438 2598 vatojure
1470 2548 1692 2597 ordinario,
1717 2548 1810 2587 ideo
1843 2548 1946 2588 forte
1979 2548 2031 2587 ad
2063 2548 2142 2587 hoc
2173 2547 2273 2588 insi·

1232 2610 1447 2649 nuandum
1480 2610 1524 2647 in
1559 2609 1741 2648 secunda
1773 2613 1894 2659 parte
1923 2609 2270 2648 constitutionum

1231 2671 1419 2710 absolute
1440 2670 1749 2708 matrimonium
1770 2668 1949 2719 positum
1971 2672 2048 2708 est.

1284 2732 1348 2770 13.
1400 2731 1604 2771 Uxoratus
1648 2729 1873 2781 inqredieas
1910 2728 2151 2771 Societatem
2188 2740 2268 2771 uno

1229 2795 1386 2833 tantum
1419 2801 1523 2832 anno
1552 2791 1721 2840 probari
1744 2791 1862 2831 debet.
1883 2812 1934 2819 —
1953 2791 2094 2843 IIuJ‘as
2120 2792 2269 2833 asserti

1227 2853 1351 2894 ratio.
1369 2872 1421 2881 —-
1444 2851 1733 2899 Confirmatur.
1751 2872 1803 2880 —
1822 2851 1938 2891 Addo
1958 2864 2056 2891 vero
2078 2853 2273 2905 insuper,

1230 2916 1276 2952 ut
1301 2913 1380 2952 hoo
1406 2913 1610 2963 posterius
1633 2912 1767 2965 magis
1783 2917 1964 2961 constet,
1995 2914 2094 2964 quia
2125 2914 2268 2967 singu·

1229 2974 1316 3013 lare
1338 2977 1399 3013 est
1418 2974 1459 3012 in
1481 2974 1685 3014 Societate
1708 2978 1752 3013 ut
1771 2979 1934 3026 tempus
1955 2974 2176 3015 novitiatus
2190 2987 2269 3029 per

1228 3034 1447 3074 biennium
1464 3035 1600 3083 duret,
1621 3036 1715 3075 ideo
1733 3048 1816 3075 non
1833 3037 1968 3076 solum
1983 3036 2111 3075 videri
2126 3037 2168 3075 in
2186 3036 2266 3077 hoc

1227 3097 1396 3148 negotio
1438 3097 1718 3136 necessariam
1760 3097 2113 3149 dispensationem
2157 3097 2266 3138 reci·

1225 3158 1366 3210 piendi
1399 3159 1578 3210 aliquem
1600 3159 1653 3198 ad
1679 3159 1978 3211 professionem
2011 3159 2262 3209 solemnem,

1227 3220 1464 3259 immediate
1483 3225 1575 3271 post
1595 3221 1812 3260 biennium
1833 3221 1952 3271 (licet
1975 3232 2059 3259 non
2079 3223 2166 3260 tam
2183 3219 2266 3260 dis-

1225 3282 1415 3333 pensatio
1438 3294 1565 3333 quam
1584 3295 1701 3322 rarus
1720 3294 1820 3322 usus
1841 3280 2039 3322 ordinarii
2058 3282 2164 3333 juris
2191 3293 2262 3332 ap-

1225 3343 1372 3394 pellari
1386 3345 1552 3394 possit),
1570 3344 1645 3383 sed
1665 3344 1790 3384 etiam
1811 3343 2048 3384 immediate
2067 3346 2162 3394 post
2177 3342 2267 3403 pri-¹
2310 3358 2322 3387 ν,

1226 3416 1342 3443 mum
1372 3405 1626 3456 probationis
1649 3418 1807 3445 annum
1838 3405 2103 3456 completum.
2136 3404 2258 3452 Nam,
2312 3396 2327 3447 ἱ

1226 3469 1273 3505 ut
1303 3466 1480 3517 amplius
1513 3471 1766 3518 expectetur,
1786 3479 1838 3506 ne
1862 3466 1980 3505 uxori
2012 3464 2168 3516 petenti
2187 3464 2260 3515 jus

1226 3539 1348 3567 suum
1368 3529 1506 3568 statim
1537 3529 1755 3580 reddatur,
1784 3526 2046 3568 necessarius
2071 3529 2134 3566 est
2160 3537 2260 3566 con-

1225 3601 1372 3629 sensus
1392 3591 1503 3642 ejus,
1525 3603 1603 3631 nec
1621 3595 1756 3643 potest
1773 3589 1901 3628 invita
1921 3588 2013 3639 cogi
2044 3599 2121 3639 per
2153 3587 2257 3627 inte-

1223 3662 1345 3703 grum
1365 3663 1524 3693 annum
1541 3655 1776 3706 expectare.
1796 3649 1914 3692 Ratio
1931 3652 2006 3699 est,
2026 3649 2126 3702 quia
2143 3659 2257 3690 com-

2320 3311 2322 3313 ,
2334 3296 2352 3310 1
