2352 3880
106 0 197 13 fvt:
233 0 292 19 „s
350 8 354 17 r

79 19 157 46 „Ua
245 26 290 39 t«

67 55 71 58 .
139 49 150 59 Α

0 0 26 151 '⁴

2 174 7 182 ι

0 202 14 219 Β,

0 246 6 254 »

586 332 678 371 CAP-
699 332 758 369 m.
776 331 836 371 AN
855 330 952 369 imo
966 297 1335 369 {GHOLAS'ricunuu
1354 328 1624 371 Abascanto,
1647 331 1739 366 me.

484 467 650 511 cAPU'r
674 469 743 509 111.

2149 327 2228 368 659

1186 409 1287 436 nem
1319 396 1391 436 illa
1422 399 1520 435 vota
1552 395 1806 447 admitter03
1841 407 1942 449 orgo
1969 407 2056 436 non
2091 400 2232 448 potest

1187 458 1259 498 illa
1286 470 1379 498 esse
1411 469 1511 496 vera
1543 456 1746 508 professio
1769 458 1990 509 religiosae
2010 470 2110 498 nam
2137 458 2232 499 haeo

1189 520 1416 560 consistere
1448 530 1534 557 non
1555 521 1705 570 potest,
1724 517 1804 555 nisi
1830 519 1873 556 in
1893 520 2087 559 manibus
2103 520 2232 560 alicu-

106 595 240 630 amm
251 593 338 625 mc
355 592 689 624 senousrlconuu
702 593 884 623 Amsssslo
898 594 940 624 m
958 591 1136 623 scomm-
1185 582 1257 634 jus
1276 581 1454 620 hominis
1471 579 1557 619 fiat.
1587 579 1703 618 Circa
1724 579 1804 617 hoc
1823 585 2023 629 punctum
2043 582 2231 621 nonnulli

230 657 317 689 ’ΚΕΗ
333 656 472 686 viuum
489 655 720 686 mmmosmt
738 645 1005 685 cONSTITuAT‘!

156 768 197 808 1.
218 765 340 808 Ratio
371 764 592 807 dubitandi.
615 784 668 796 -—
682 762 960 813 Confirmatar
984 763 1132 815 primo.

102 852 155 861 -
166 827 433 879 confirmatur
444 827 681 869 seeund0.—
690 826 807 866 Ratio
826 825 1043 866 dubitandi
1056 828 1135 873 est,

103 891 201 944 quia
217 901 267 931 ex
283 890 484 929 hactenus
498 888 633 937 dictis,
648 889 812 928 videtur
824 888 1042 928 manifeste
1057 886 1138 927 col-

102 953 189 1005 ligi,
209 951 318 990 hanc
349 962 435 990 non
451 962 540 990 esse
560 962 703 991 veram
723 949 1023 1002 professionem
1043 949 1139 988 reli-

103 1013 254 1067 gionis,
274 1013 372 1064 quia
391 1013 444 1053 de
465 1013 625 1052 ratione
643 1011 912 1064 professionis
931 1014 1008 1058 est,
1029 1014 1074 1050 ut
1086 1011 1138 1050 sit

101 1076 206 1116 votis
225 1074 483 1115 solemnibus
509 1074 676 1113 omnino
697 1073 897 1112 absolutis
919 1076 960 1112 et
987 1072 1140 1111 immu-

105 1139 300 1181 tabilibus
316 1138 494 1185 firmata,
514 1140 562 1175 ut
578 1136 700 1186 plane
724 1135 848 1175 sentit
863 1136 911 1174 D.
940 1136 1136 1186 Thomas,

104 1200 145 1241 2.
168 1202 209 1248 2,
227 1211 269 1250 q.
291 1200 358 1247 88,
379 1200 454 1237 art.
477 1200 499 1236 7
519 1200 560 1236 et
583 1198 648 1244 11,
667 1196 739 1248 qui
760 1197 837 1236 hac
859 1197 1021 1236 ratione
1041 1208 1140 1236 con-

106 1261 233 1302 cludit
249 1264 389 1300 votum
421 1260 605 1299 solemne
626 1271 717 1298 esse
734 1258 1077 1310 indispensabile,
1099 1263 1140 1300 et

104 1321 195 1363 fieri
224 1333 309 1360 non
334 1332 456 1372 posse
490 1325 536 1360 ut
565 1320 693 1359 semel
724 1319 943 1370 religiosus
976 1320 1142 1360 desinat

105 1394 196 1424 esse
213 1383 446 1434 religiosus.
471 1382 682 1431 Similiter,
713 1392 755 1432 q.
778 1383 871 1430 184,
893 1386 968 1422 art.
994 1384 1035 1432 4,
1068 1382 1141 1423 ad-

102 1444 179 1495 dit,
210 1445 264 1485 de
295 1445 456 1484 ratione
489 1448 619 1484 status
651 1443 917 1495 perfectionis
952 1454 1043 1484 esse
1060 1474 1069 1492 ‚
1094 1449 1141 1485 ut

103 1506 280 1547 solemni
313 1510 408 1546 voto
443 1505 632 1545 firmatus
672 1506 735 1545 sit.
777 1506 960 1545 Diximus
998 1509 1141 1547 autem

102 1569 211 1608 hano
230 1568 514 1620 receptionem
533 1579 617 1607 non
637 1567 791 1606 firmari
807 1569 913 1608 votis
941 1568 1141 1609 absolutis

105 1634 146 1670 et
159 1630 507 1679 immutabilibus3
523 1642 607 1668 non
622 1634 683 1668 est
698 1641 796 1680 ergo
807 1641 906 1669 vera
919 1631 1135 1682 professio.

104 1691 238 1731 Verus
255 1696 395 1731 autem
414 1693 546 1730 status
572 1691 793 1741 religiosus
823 1692 958 1730 solum
977 1704 1053 1743 per
1070 1704 1142 1731 ve-

104 1765 195 1793 ram
213 1752 514 1804 professionem
532 1752 806 1800 constituit-ur,
834 1757 880 1794 ut
904 1757 1018 1793 tomo
1039 1765 1142 1805 prae-

105 1815 266 1855 cedenti
280 1815 362 1854 late
382 1814 654 1862 ostendimus,
677 1816 719 1852 et
736 1818 898 1853 constat
917 1826 968 1853 ex
997 1816 1142 1854 multis

103 1875 379 1916 locutionibus
397 1876 519 1926 juris,
541 1887 633 1926 quae
653 1875 696 1914 in
715 1885 879 1914 summa
908 1876 1136 1924 continent,

103 1938 282 1979 habitum
302 1947 380 1977 non
398 1939 526 1986 facere
551 1938 804 1986 monacham,
833 1939 904 1978 sed
918 1940 1141 1991 professio-

102 2010 204 2048 nem,
226 2011 316 2051 cap.
341 2000 587 2048 Porreotnm,
611 1999 662 2038 de
688 1999 944 2050 Regularib.‚
966 2000 1077 2039 unde
1096 2000 1140 2039 in

104 2073 140 2101 e.
159 2062 377 2116 Reliqioeo,
400 2061 452 2102 de
472 2060 683 2101 Sententia
711 2072 891 2109 excom„
913 2062 956 2100 in
979 2063 1019 2108 6,
1041 2062 1140 2101 dici-

102 2127 196 2165 tur:
226 2124 288 2171 Ie‚
313 2124 383 2177 qne·
400 2123 629 2175 reliyionem
654 2124 899 2178 tayo-editur,
924 2123 1142 2176 religiosas

104 2185 254 2228 censeri
271 2196 357 2226 cum
378 2187 526 2237 effecta
540 2196 620 2224 non
636 2188 782 2235 potest,
803 2185 922 2225 donee
940 2185 996 2225 sit
1018 2187 1142 2227 tacite

103 2247 165 2288 vel
184 2256 364 2300 expresse
377 2249 598 2298 professus.
628 2246 676 2285 Et
696 2246 837 2286 Sixtus
856 2246 905 2294 V,
925 2246 971 2285 in
1001 2246 1139 2288 decla-

106 2308 264 2348 ratione
278 2308 342 2347 sui
354 2307 488 2348 Motus
502 2307 673 2359 proprii,
691 2307 742 2347 de
762 2307 1012 2359 Illegitimis:
1038 2309 1143 2357 Quia:

107 2373 201 2410 tunc
220 2368 306 2420 (ait)
323 2379 410 2409 vere
426 2372 463 2409 et
473 2369 639 2422 proprie
654 2370 836 2423 reziyiosi
849 2380 932 2411 esse
950 2372 1144 2412 dicantur

107 2442 196 2473 owm
215 2430 498 2484 professionem
512 2431 710 2471 emittant.
729 2431 771 2470 Si
789 2442 888 2485 ergo
906 2433 1140 2474 scholastici

107 2492 322 2535 Societatis
335 2504 428 2533 eam
438 2504 522 2533 non
539 2493 744 2542 emittunt,
759 2494 846 2534 veri
855 2495 1037 2546 religiosi
1054 2509 1141 2537 non

107 2559 217 2597 sunt.
244 2556 292 2595 Et
321 2555 589 2595 confirmatur
607 2567 658 2594 ex
676 2555 824 2603 forma,
845 2568 972 2608 quam
997 2556 1041 2596 in
1068 2570 1142 2597 vo-

106 2617 241 2657 vendo
259 2621 442 2664 servant,
463 2628 555 2666 quae
574 2617 752 2657 habetur
773 2618 797 2655 ὃ
815 2629 858 2668 p.
877 2619 1142 2659 Constitutio-

105 2691 222 2729 num,
234 2692 269 2720 c.
283 2682 324 2727 4,
339 2680 379 2719 in
394 2691 474 2731 qua
486 2680 687 2731 imprimis
698 2679 810 2718 nulla
825 2680 868 2719 fit
881 2682 1034 2721 mentio
1046 2695 1141 2733 pro-

105 2741 311 2790 fessionis,
344 2741 591 2789 traditionis,
627 2745 699 2781 aut
722 2742 1009 2793 promissionis
1045 2756 1141 2795 quae

105 2803 261 2842 homini
279 2803 366 2852 fiat,
382 2803 456 2843 sed
481 2799 719 2855 simpliciter
741 2805 916 2845 dicitur:
943 2805 1062 2849 Voveo
1082 2819 1142 2848 eo-

105 2877 195 2907 ram
211 2865 487 2907 sacratissima
514 2866 678 2918 Vimine
702 2867 858 2916 Maria,
878 2869 917 2909 et
935 2869 1050 2910 ouria
1071 2873 1144 2910 tna

108 2927 255 2968 calesti
264 2929 469 2973 universa,
483 2927 645 2968 Divina·
655 2928 871 2974 Maiestati
883 2933 962 2970 tnoe
969 2941 1141 2982 pauper-

109 2990 228 3030 tatem
243 3017 254 3037 ‚
287 2990 528 3036 castitatem,
546 2993 583 3030 et
620 2990 881 3031 obedientiam
906 2996 1142 3042 perpetuam

108 3048 154 3089 in
179 3047 380 3092 societate
406 3052 519 3092 Jesu,
546 3051 704 3091 Deinde
732 3064 831 3091 vero
864 3052 1057 3093 additur:
1080 3055 1144 3095 Et

107 3112 294 3162 promitto
321 3112 492 3154 eamdem
511 3112 753 3155 Societatem
766 3126 827 3155 me
843 3113 1138 3168 ingressurum.

109 3172 218 3224 Ergo
250 3173 320 3214 ina
353 3178 544 3214 votorum
578 3176 742 3216 emissio
771 3187 855 3215 non
888 3179 951 3216 est
984 3177 1143 3229 ingres-

111 3245 183 3273 sus
203 3233 250 3273 in
267 3235 536 3284 Societatem
560 3248 659 3277 nem
687 3237 800 3289 quod
817 3240 962 3289 postea
989 3238 1143 3279 facien-

110 3295 210 3335 dum
238 3295 502 3347 promittitur,
531 3302 632 3339 tune
650 3302 735 3339 'non
759 3298 832 3346 fitz
854 3308 940 3339 non
959 3306 1022 3340 est
1041 3312 1142 3353 ergo

110 3358 180 3398 ille
206 3366 306 3398 vera
333 3357 534 3417 professio
556 3361 764 3414 reiigiosae
791 3362 1024 3402 Praesertim
1043 3363 1142 3415 quia

111 3419 250 3459 statim
272 3418 464 3478 additui-2
491 3418 636 3463 Omnia
653 3420 913 3477 &tangendo
931 3424 1060 3476 juaeta
1077 3426 1143 3480 ip*

110 3482 199 3523 siu
226 3479 444 3523 societatis
468 3477 781 3524 sanctitatem&
811 3483 864 3524 At
882 3496 980 3525 vero
998 3485 1042 3525 in
1063 3486 1144 3526 eis-

28 3539 39 3586 '3
112 3541 211 3582 dem
250 3542 619 3583 Constitutionibus
653 3542 907 3588 declaratum
939 3551 1002 3588 est
1017 3577 1029 3596 ,
1071 3548 1142 3588 illa

112 3606 208 3644 vota
225 3615 312 3644 non
329 3605 460 3646 emitti
485 3604 529 3644 in
546 3604 741 3645 manibus
760 3605 950 3659 aliquD5
970 3609 1046 3650 sed
1064 3611 1143 3651 soli

113 3666 199 3705 Deo
218 3665 323 3716 fleri,
343 3671 390 3706 ut
403 3669 515 3718 patet
543 3667 587 3706 in
605 3667 753 3707 eodem
777 3671 868 3720 cap:
890 3667 932 3718 4,
946 3668 974 3722 9
987 3660 1028 3719 8,
1047 3675 1143 3711 cum

76 3764 92 3780 ,
114 3725 393 3770 declaratione
412 3728 458 3768 in
474 3729 534 3769 lit.
561 3729 608 3778 D,
636 3729 680 3769 in
699 3741 782 3779 qua
801 3728 980 3778 additur,
1011 3731 1146 3772 nemi-

1189 642 1380 682 moderni
1405 640 1606 692 Theologi
1629 639 1639 665 ¹
1661 639 1757 679 totis
1790 639 1945 678 viribus
1966 643 2101 682 conati
2135 645 2234 686 sunt

1191 703 1385 751 suadere,
1406 715 1481 753 per
1502 703 1594 740 haec
1613 705 1709 741 vota
1741 712 1827 739 non
1851 701 2047 740 constitui
2066 705 2234 756 religio.-

1190 775 1284 804 sum
1304 769 1471 804 statum.
1492 763 1675 810 Quorum
1694 761 2014 800 fundamentum
2031 764 2233 804 sufficien-

1190 832 1256 868 ter
1272 831 1425 867 tactum
1448 828 1512 865 est
1536 826 1578 864 in
1597 826 1759 864 ratione
1789 824 2020 863 dubitandi.
2053 825 2232 866 Maxime

1194 889 1306 931 enim
1336 889 1480 927 nititur
1512 888 1554 926 in
1590 886 1804 926 communi
1830 898 1910 925 usu
1937 886 2114 925 aliarum
2140 888 2234 927 reli-

1194 952 1382 1004 gionum,
1404 960 1529 1001 quem
1549 952 1700 1000 putant
1724 947 1854 987 fuisse
1877 948 2048 986 unicum
2068 961 2116 987 ac
2138 961 2237 1000 per·-

1193 1015 1366 1064 petuum
1383 1012 1426 1050 in
1454 1010 1662 1056 Ecclesia3
1685 1022 1736 1049 ex
1756 1021 1839 1059 quo
1862 1009 2007 1048 volunt
2025 1009 2236 1052 deducere

1194 1085 1279 1112 non
1296 1084 1420 1124 posse
1439 1072 1546 1120 fieri,
1563 1072 1691 1111 etiam
1710 1083 1786 1123 per
1806 1075 2053 1122 potestatem
2074 1073 2236 1114 Summi

1196 1135 1418 1182 Pontificis,
1439 1142 1485 1174 ut
1504 1134 1654 1185 aliquis
1677 1134 1728 1173 sit
1746 1144 1871 1173 verus
1889 1133 2110 1185 religiosus
2139 1146 2236 1174 cum

1195 1197 1438 1248 hujusmodi
1456 1201 1619 1236 tantum
1635 1196 1756 1236 votis.

1248 1261 1289 1299 Ξ.
1323 1258 1532 1300 Conclusio
1553 1259 1861 1299 certissima.—
1874 1258 2082 1299 Probatur
2102 1258 2237 1309 primo

1196 1332 1244 1362 σω
1256 1321 1385 1361 verbis
1395 1319 1711 1372 Pontificum.-
1722 1319 1998 1359 Nihilominus
2012 1318 2238 1359 dicendum

1197 1387 1260 1423 est
1279 1395 1354 1433 per
1382 1382 1492 1422 hanc
1519 1381 1803 1433 receptionem
1834 1385 1874 1420 et
1898 1385 2090 1421 votorum
2112 1381 2239 1420 emis-

1197 1444 1383 1491 sionem,
1409 1453 1632 1494 personam
1662 1442 1856 1481 constitui
1879 1443 1922 1481 in
1950 1454 2048 1481 vero
2075 1454 2124 1481 ac
2143 1454 2239 1494 pro-

1196 1507 1287 1558 prio
1322 1506 1514 1557 religioso
1555 1507 1677 1544 statu.
1717 1505 1850 1550 Quam
1879 1504 2153 1544 assertionem
2181 1505 2239 1544 ita

1199 1573 1354 1608 certam
1374 1568 1580 1614 existimo,
1602 1571 1650 1606 ut
1670 1567 1757 1605 sine
1775 1579 1929 1617 magna
1950 1568 2181 1606 temeritate
2198 1571 2240 1607 et

1199 1642 1339 1670 errore
1360 1630 1502 1681 negari
1517 1641 1601 1668 non
1619 1629 1762 1679 possit.
1778 1629 1880 1667 Nam
1901 1641 1950 1667 ex
1963 1628 2150 1678 professo
2166 1627 2239 1668 dea

1197 1692 1329 1740 finita,
1346 1692 1556 1731 declarata
1573 1694 1613 1729 et
1627 1690 1801 1740 probata
1813 1694 1872 1728 est
1886 1690 2119 1739 aGrogorio
2130 1689 2236 1738 XIII,

1197 1755 1312 1805 prius
1330 1754 1372 1792 in
1393 1753 1506 1792 bulla
1530 1752 1628 1791 anni
1661 1753 1763 1790 1582
1786 1763 1877 1802 quae
1902 1752 2061 1801 incipit,
2082 1752 2240 1798 Quanto

1196 1817 1477 1865 fructuosius;
1500 1817 1540 1852 et
1561 1817 1704 1863 postea
1723 1812 1893 1850 uberius
1914 1816 2055 1851 contra
2075 1812 2238 1862 aliquos

1195 1877 1322 1915 falsos
1357 1877 1622 1926 interpretes,
1650 1875 1716 1913 vel
1749 1874 1886 1924 potius
1922 1874 2238 1925 impugnatores

1196 1938 1420 1978 Pontificiae
1453 1937 1668 1983 doctrinae,
1695 1936 1736 1974 in
1761 1935 2061 1974 Constitutione
2090 1936 2244 1976 Ascenss

1196 2001 1307 2041 dente
1329 2000 1514 2048 Domino,
1545 2008 1641 2038 ann.
1673 1999 1789 2037 1584.
1827 1998 1871 2036 In
1907 1998 2056 2047 quibus
2090 1999 2239 2048 saepius

1197 2063 1332 2110 docet,
1355 2074 1439 2110 eos,
1460 2062 1531 2112 qui
1549 2061 1591 2099 in
1613 2060 1816 2099 Societate
1831 2060 1929 2099 Jesu
1951 2060 2028 2098 tria
2046 2060 2244 2099 substan-

1195 2124 1311 2164 tialia
1331 2128 1425 2163 vota
1446 2124 1689 2170 emiserunt,
1710 2133 1809 2161 vere
1825 2133 1872 2159 ac
1888 2122 2053 2171 proprie
2074 2122 2239 2172 religio-

1197 2198 1265 2226 sos
1288 2197 1396 2234 esse,
1422 2184 1584 2224 etiamsi
1614 2185 1682 2222 illa
1704 2187 1799 2222 vota
1833 2183 2037 2233 simplicia
2066 2183 2161 2226 sint,
2199 2186 2240 2223 et

1196 2259 1282 2288 non
1316 2247 1534 2287 solemnia.
1558 2246 1636 2286 Ubi
1660 2252 1755 2284 ante
1792 2244 1933 2283 omnia
1964 2245 2239 2296 expendenda

1199 2313 1263 2349 est
1282 2310 1352 2348 illa
1371 2308 1573 2361 particula
1598 2319 1684 2348 vere
1704 2319 1751 2347 ao
1773 2308 1953 2360 proprie,
1977 2319 2076 2345 nam
2100 2319 2150 2345 ex
2170 2306 2240 2346 illa

1197 2372 1401 2424 imprimis
1420 2371 1627 2421 colligitur
1647 2382 1739 2409 esse
1767 2370 1811 2407 in
1831 2369 2072 2420 hujusmodi
2095 2380 2245 2420 perso—¹

1197 2436 1263 2474 nis
1283 2434 1485 2487 quidquid
1505 2433 1558 2473 ad
1575 2432 1852 2472 substantiam
1875 2436 1915 2471 et
1932 2433 2157 2471 essentiam
2176 2444 2245 2476 re-¹

1196 2498 1333 2549 ligiosi
1354 2501 1482 2537 status
1501 2496 1704 2547 pertinet;
1722 2495 1836 2533 nulla
1853 2495 1965 2533 enim
1983 2507 2052 2534 res
2069 2495 2150 2534 dici
2166 2496 2245 2545 po··‚'

1197 2563 1278 2599 test
1298 2571 1396 2599 vere
1415 2562 1456 2597 et
1475 2559 1642 2609 proprie
1665 2558 1772 2604 talis,
1796 2556 1910 2595 verbi
1931 2557 2080 2608 gratia,
2109 2554 2245 2596 homo}

1198 2625 1271 2660 aut
1291 2632 1438 2671 equus,
1459 2617 1537 2658 nisi
1557 2618 1709 2658 habeat
1728 2630 1872 2657 veram
1894 2619 2168 2657 substantiam
2197 2610 2246 2666 et{

1199 2682 1424 2723 essentiam
1438 2681 1619 2720 hominis
1629 2681 1695 2720 vel
1713 2680 1808 2731 equi
1819 2695 1830 2728 ;
1847 2684 1888 2719 et
1907 2691 1929 2719 e
1951 2691 2168 2725 converso,
2185 2669 2247 2726 eo}

1198 2745 1288 2796 ipso
1308 2743 1421 2795 quod
1444 2743 1495 2782 de
1526 2742 1609 2781 fide
1635 2741 1842 2781 credimus
1870 2742 2077 2781 Christum
2109 2741 2246 2780 fuisse'

1197 2817 1293 2845 vere
1315 2818 1363 2844 ac
1388 2805 1553 2855 proprie
1571 2803 1798 2851 hominem,
1821 2804 1968 2842 eadem
1988 2803 2246 2864 certitudine)

1199 2867 1407 2908 credimus
1429 2866 1582 2906 babere
1599 2869 1733 2906 totum
1749 2865 1793 2905 id
1809 2865 1922 2916 quod
1942 2869 2004 2905 est
2023 2865 2075 2905 de
2096 2876 2236 2905 essen-

1193 2924 1254 2969 'tia
1273 2928 1467 2968 hominis.

1252 2992 1290 3030 3.
1335 2991 1483 3031 Prima
1513 2991 1837 3031 adversariorum
1871 2989 2154 3040 interpretatio
2184 2989 2245 3029 ad*

1198 3053 1305 3095 diota
1329 3053 1445 3093 verba
1479 3052 1704 3093 eaeladz‘tnr
1735 3052 1883 3105 primo.
1901 3072 1956 3080 -
1981 3051 2244 3091 Emoludz'tar]

1197 3114 1604 3156 secunda—Deinde
1626 3127 1677 3154 ex
1695 3114 1735 3153 vi
1752 3113 1993 3153 eorumdem
2013 3112 2245 3151 verborum!

1200 3177 1475 3217 excluduntur
1511 3177 1653 3228 plures
1689 3176 1802 3215 falsae
1844 3174 2207 3226 interpretationes
2218 3191 2244 3219 ,ε
2266 3181 2276 3217 ,’

1199 3251 1292 3291 quoe
1315 3238 1520 3279 Pontificis
1540 3251 1711 3279 sensum
1732 3238 1868 3290 potius
1888 3240 2081 3276 evertunt
2107 3242 2234 3286 quam
2261 3229 2268 3265 ἑ

1199 3303 1426 3352 exponunt,
1450 3300 1586 3340 Prima
1608 3301 1685 3350 est,
1706 3301 1786 3339 hoc
1806 3299 1932 3338 fuisse
1952 3297 2130 3349 speciale
2150 3235 2244 3393 ¹³¹3]

1196 3361 1393 3414 vilegium
1414 3361 1636 3412 Pontificis,
1660 3366 1786 3413 atque
1804 3362 1862 3402 ita
1883 3357 2118 3411 hujusmodi
2141 3365 2194 3405 pe
2223 3367 2228 3373 ’

1197 3429 1322 3464 sonas
1341 3435 1466 3474 posse
1481 3424 1621 3464 vocari
1637 3423 1854 3476 religiosas
1872 3435 1922 3462 ex
1938 3417 2153 3472 privilegio
2166 3410 2241 3454 vel*

1252 3542 1327 3590 ¹1².
1351 3549 1531 3590 Didacus
1547 3549 1722 3596 Peredo,
1751 3543 1987 3594 Theologiae
2005 3541 2241 3594 professo&

1197 3610 1242 3652 in
1260 3622 1338 3651 suo
1359 3614 1565 3652 conventu
1591 3607 1806 3654 Abulensi,
1830 3615 1926 3644 ann.
1956 3603 2076 3654 1584,
2100 3606 2141 3644 et
2162 3601 2242 3668 alii}

1199 3673 1388 3725 ejusdem
1413 3672 1597 3720 familiae,
1617 3682 1721 3721 quos
1737 3667 1860 3707 etiam
1884 3666 2103 3718 impugnat
2130 3665 2240 3707 Sana·

1199 3734 1314 3782 chez,
1339 3734 1411 3774 lib.
1436 3735 1459 3771 7
1479 3733 1531 3772 de
1545 3731 1742 3778 Matrim.,
1757 3728 1833 3768 dis.
1857 3729 1924 3778 ⁶25,
1945 3740 1986 3769 n.
2007 3728 2071 3768 15.
