2352 3880
0 223 21 322 ἒ
108 280 208 335 m

597 198 694 243 car.
718 199 773 242 ιιι.
795 198 852 235 ΑΝ
871 197 966 239 ω
985 196 1347 238 soacensi-iconum
1368 198 1637 243 Arraom‘no,
1659 200 1750 236 arc.

2152 192 2224 243 662

96 310 101 314 ,
233 269 287 318 ad
311 269 550 324 religiosum
584 273 749 316 statum.
769 266 888 317 Quod
913 266 1049 320 primo
1077 277 1145 307 os-
1195 264 1308 308 todia
1329 265 1550 315 castitatis,
1571 269 1663 310 adeo
1682 271 1740 310 est
1764 277 1918 311 annena
1931 261 2082 327 reyuloe
2096 276 2226 310 mona-

0 320 23 384 f*
74 311 226 382 ¹“tendi
245 335 381 386 potest
398 344 449 373 ex
466 330 653 384 generali
670 329 831 370 ratione
861 331 991 370 status
1017 328 1143 368 servi-

110 394 234 445 tuti53
266 405 366 441 nam
393 393 447 438 ad
478 393 596 434 illum
627 391 964 433 constituendum
991 388 1142 432 sufficit

109 454 254 501 similis
280 455 445 501 traditio
473 467 525 499 ex
552 458 669 511 parte
697 453 820 503 servi,
842 457 884 496 et
911 451 1139 504 acceptatio

110 529 162 561 ex
189 521 305 573 parte
331 516 516 566 domini,
546 514 734 568 quamvis
761 514 955 558 dominus
979 524 1064 555 non
1095 523 1140 552 se

110 579 266 632 obliget
283 578 338 619 ad
355 582 556 635 perpetuo
583 576 849 619 retinendum
873 586 1037 619 servum
1062 573 1140 615 sub

110 640 292 683 dominio
311 652 387 680 suo
398 654 412 689 ς
433 651 509 683 cur
534 651 633 691 ergo
650 638 798 680 similis
815 637 980 681 traditio
1010 641 1052 677 et
1072 648 1140 676 ac-

110 700 286 754 ceptatio
306 713 390 740 non
409 699 597 750 sufficiet,
612 705 773 741 servata
790 700 1072 752 proportione,
1087 697 1142 737 ad

109 767 262 804 statum
294 763 533 815 religiosum
570 762 904 806 constituendum
922 792 935 811 ,
970 761 1044 811 qui
1079 764 1140 799 est

109 826 239 868 status
258 826 491 869 servitutis?
505 826 725 875 Praeterea,
742 825 784 865 in
803 823 1004 876 superiori
1027 826 1139 863 tomo

109 892 321 931 ostensum
339 892 415 937 est,
433 899 517 927 non
547 899 638 928 esse
656 887 708 927 de
737 886 896 927 ratione
913 889 1058 933 status,
1073 884 1140 927 vel

107 950 151 992 in
167 962 336 1003 genere,
351 949 418 990 vel
437 948 718 1002 perfectionis,
736 953 781 988 ut
797 949 850 988 sit
870 947 1039 990 omnino
1067 946 1141 987 im-

106 1012 329 1060 mutabilis,
350 1011 424 1053 sed
439 1011 628 1052 sufficere
645 1010 756 1062 quod
773 1010 922 1050 habeat
939 1007 1140 1050 moralem

107 1072 360 1122 firmitatem,
396 1077 436 1113 et
459 1076 703 1125 perpetuam
717 1100 729 1118 ,
762 1074 964 1121 quantum
996 1073 1058 1110 est
1089 1081 1141 1110 ex

108 1140 226 1188 parte
241 1135 489 1175 assumentis
506 1126 672 1180 statum,
684 1133 742 1172 ita
759 1135 903 1173 utnon
918 1144 992 1173 sua
1007 1131 1140 1183 priva·

108 1201 166 1246 ta,
187 1198 261 1238 sed
278 1197 331 1237 ad
359 1206 567 1237 summum
587 1194 752 1246 publica
779 1197 1001 1245 potestate,
1021 1197 1061 1233 et
1088 1203 1141 1236 ex

110 1258 337 1300 rationabili
362 1269 487 1296 causa
508 1259 660 1297 statum
685 1257 818 1295 mutet
827 1270 839 1303 3
868 1254 942 1294 sed
960 1254 1027 1294 ille
1048 1265 1139 1295 mo-

110 1319 186 1360 dus
213 1318 441 1360 traditionis
474 1318 531 1357 sic
564 1317 753 1357 admissae
783 1329 808 1357 a
843 1316 1043 1368 religione
1078 1319 1141 1356 est

108 1381 313 1422 sufficiens
334 1380 388 1421 ad
420 1380 660 1432 hujusmodi
686 1379 946 1427 firmitatem3
969 1390 1067 1432 ergo
1089 1391 1141 1419 ex

107 1441 183 1486 hac
202 1446 316 1494 parte
337 1446 398 1482 est
418 1443 542 1482 etiam
564 1442 774 1482 sufficiens
794 1441 848 1481 ad
873 1444 1025 1481 statum
1046 1441 1141 1482 reli-

106 1504 252 1556 gionis.
273 1504 322 1543 Et
341 1504 461 1543 simili
492 1504 683 1544 discursu
708 1503 866 1544 ibidem
886 1503 1140 1543 ostendimus

107 1569 189 1606 'non
210 1578 300 1606 esse
320 1567 616 1616 necessarium,
639 1566 691 1606 ad
711 1570 863 1606 statum
885 1566 1138 1618 religiosum,

107 1632 246 1668 votum
263 1628 463 1675 solemne,
482 1628 556 1668 sed
587 1628 776 1667 sufficere
797 1627 999 1680 simplicia
1018 1628 1063 1667 in
1090 1640 1140 1668 eo

107 1690 237 1744 gradu
256 1694 468 1742 acceptata
487 1690 541 1729 ab
573 1691 784 1737 Ecclesia,
813 1692 1015 1742 tanquam
1044 1690 1141 1730 sub-

108 1752 309 1793 stantialia
329 1752 538 1803 religionis
558 1756 669 1791 vota.

161 1816 225 1854 11.
257 1813 462 1855 Suadetur
479 1814 572 1865 jam
604 1814 876 1866 consequentia
903 1813 1142 1867 principalis

107 1876 277 1917 rationis
295 1877 339 1916 in
356 1888 397 1915 n.
425 1875 873 1916 9.-Adversarz·orum
901 1875 1066 1928 replica.
1089 1896 1142 1909 -—

107 1938 239 1989 Atque
260 1937 356 1977 hinc
370 1937 539 1989 probata
556 1941 699 1978 manet
718 1938 1014 1989 consequentia
1030 1937 1142 1989 prin-

106 1999 248 2051 cipalis
267 1998 436 2039 rationis
459 1999 648 2050 superius
669 1999 799 2039 factae.
821 1999 926 2048 Quid
954 2001 1064 2039 enim
1084 1999 1143 2039 af-

107 2060 201 2102 ferri
212 2065 346 2112 potest
357 2061 639 2100 necessarium
651 2061 705 2100 ad
715 2062 954 2113 religiosum
970 2066 1139 2110 statum,

107 2123 219 2178 quod
234 2123 296 2162 his
316 2123 518 2174 religiosis
538 2123 658 2171 desit,
682 2135 775 2162 cum
798 2124 1027 2163 essentialis
1048 2136 1141 2178 pro·

109 2185 229 2224 fessio
253 2185 322 2225 illa
338 2185 420 2224 duo
449 2189 612 2224 tantum
637 2186 836 2236 requirat,
860 2186 1140 2231 traditionem,

110 2246 276 2295 scilicet,
301 2251 342 2287 et
357 2244 441 2287 'tria
462 2252 573 2297 vota;
605 2251 647 2287 et
671 2248 824 2299 alioqui
848 2252 1061 2288 ostensum
1093 2248 1144 2288 sit

111 2320 194 2347 non
211 2320 300 2347 esse
320 2309 371 2347 de
392 2310 584 2358 essentia,
612 2309 725 2360 quod
742 2309 839 2349 talia
862 2314 956 2349 vota
977 2310 1058 2349 sint
1078 2321 1144 2348 so-

112 2368 262 2408 lemnia
281 2370 539 2409 solemnitate
558 2371 683 2422 legali
695 2385 705 2419 3
728 2383 806 2410 nec
827 2372 939 2424 quod
958 2375 1144 2424 accepta-

112 2430 169 2468 tio
187 2430 414 2470 traditionis
429 2432 480 2470 sit
499 2444 669 2484 prorsus
688 2432 985 2479 irrevocabilis,
1005 2437 1075 2472 aut
1087 2433 1144 2471 ita

113 2491 300 2531 absoluta
315 2496 359 2531 ut
373 2493 526 2532 nullam
545 2494 826 2533 conditionem
839 2494 1048 2534 includat?
1064 2494 1144 2534 Sed

113 2553 248 2592 adhuc
276 2558 410 2604 potest
438 2555 703 2604 responderi,
738 2567 789 2596 ex
807 2560 925 2607 parte
954 2560 1144 2595 votorum

113 2613 265 2664 aliquid
279 2614 424 2654 deesse
442 2616 727 2655 necessarium
746 2616 798 2655 ad
814 2621 963 2656 statum
984 2617 1145 2668 religio·

112 2675 177 2714 nis
197 2675 452 2727 simpliciter,
475 2677 597 2728 quale
631 2681 692 2716 est
724 2677 766 2716 in
800 2682 894 2717 voto
932 2678 1142 2726 castitatis,

112 2737 239 2776 virtus
256 2737 308 2777 ad
322 2738 566 2778 irritandum
589 2739 896 2778 matrimonium
917 2740 1031 2791 prius
1050 2752 1144 2779 con-

112 2802 302 2846 tractum,
326 2803 366 2838 et
385 2811 468 2839 non
503 2805 860 2848 consummatum3
899 2806 939 2840 et
973 2802 1015 2840 in
1049 2806 1143 2840 voto

112 2861 380 2912 paupertatis,
402 2861 462 2901 vis
483 2861 536 2901 ad
561 2861 818 2906 reddendam
847 2875 1069 2914 personam
1088 2863 1146 2903 in-

113 2920 294 2964 habilem
312 2926 383 2966 aut
400 2923 642 2973 incapacem
658 2923 843 2972 dominii,
867 2937 940 2964 seu
959 2925 1146 2977 proprie-

114 2983 230 3031 tatis;
252 2983 317 3024 vel
331 2984 457 3039 (quod
477 2986 641 3036 gravius
666 2998 712 3024 ac
732 2986 937 3025 difficilius
966 2987 1042 3036 est)
1065 2987 1147 3026 tale

94 3086 99 3090 ,
116 3057 207 3086 esse
228 3049 384 3099 votum,
405 3051 449 3088 ut
467 3059 553 3087 non
579 3047 733 3100 obliget
754 3048 807 3087 ad
824 3048 1147 3100 relinquendum

112 3108 254 3149 statim
265 3119 386 3148 omne
399 3109 642 3159 dominium,
660 3111 772 3160 qnod
789 3111 950 3150 videtur
961 3123 1149 3162 pugnare

1197 325 1321 375 oleati,
1351 329 1398 367 ut
1431 325 1570 368 contra
1600 340 1686 370 eam
1712 342 1782 372 mo
1811 328 2009 373 Summus
2038 329 2227 385 Ponttfn

1191 388 1321 445 possit
1341 387 1540 430 licentiam
1559 387 1778 443 inantque.
1800 391 1905 433 Nam
1924 403 1978 432 ex
2003 389 2070 431 his
2093 388 2227 438 ‘verbis

1196 452 1356 491 constat
1364 449 1659 506 proprietatem
1676 455 1717 490 et
1733 451 1962 494 dominium
1972 450 2142 496 omuino
2153 464 2226 512 pn-

1196 523 1324 568 gnare
1345 522 1440 551 cum
1459 510 1654 564 religioso
1674 515 1796 554 statu.
2170 509 2174 512 ⁴

1248 573 1314 613 12.
1345 571 1596 616 Emonam,
1611 593 1665 606 --
1675 573 1759 616 Sed
1777 574 1832 617 de
1848 576 1916 619 his
1932 577 2038 619 votis
2051 578 2227 632 particu-

1192 631 1365 681 laribus,
1390 634 1432 675 et
1448 633 1706 685 perfectione
1722 646 1868 676 eorum
1889 649 1941 677 ex
1956 644 2073 690 parte
2105 645 2229 683 mate-

1195 695 1283 745 riae,
1303 695 1450 735 dicturi
1469 707 1615 737 sumus
1634 696 1739 737 libro
1762 699 1967 750 sequenti.
1989 701 2105 741 Nunc
2132 715 2232 758 ergo

1196 757 1249 797 ad
1268 758 1448 810 priorem
1472 763 1632 809 partem
1655 758 1707 800 de
1727 763 1822 800 voto
1842 761 2042 800 castitatis
2060 776 2228 816 respou-

1194 818 1330 869 detur,
1353 825 1424 862 aut
1440 821 1552 861 illam
1582 822 1663 861 vim
1683 822 1904 866 dirimendi
1924 824 2231 867 matrimonium

1194 887 1331 923 ratum
1350 883 1594 935 praecedens
1621 896 1705 924 non
1729 896 1821 925 esse
1852 885 1905 926 de
1924 885 2149 927 intrinseca
2167 901 2231 929 ra-

1193 945 1307 984 tione
1340 948 1470 984 status
1498 945 1696 996 religiosi,
1718 950 1791 985 aut
1811 946 1908 987 huic
1937 951 2031 987 voto
2060 948 2231 999 inesse3

1194 1006 1296 1057 quid
1321 1011 1461 1046 autem
1481 1007 1631 1047 horum
1655 1008 1793 1048 verius
1821 1009 1899 1057 sit,
1934 1009 2082 1050 eodem
2111 1011 2232 1061 libro,

1196 1080 1232 1108 c.
1253 1069 1295 1117 2,
1316 1069 1516 1110 dicemus
1549 1069 1667 1116 Quod
1695 1081 1792 1110 vero
1826 1070 1974 1112 attinet
2005 1072 2060 1111 ad
2092 1077 2233 1113 votum

1194 1131 1463 1182 paupertatis,
1478 1131 1608 1171 multo
1627 1131 1777 1171 certius
1797 1137 1960 1172 estnon
1978 1144 2072 1173 esse
2091 1146 2234 1174 neces⁴

1196 1193 1364 1240 sarium,
1379 1192 1491 1244 quod
1508 1193 1654 1232 reddat
1668 1206 1891 1245 personam
1906 1193 2147 1246 incapacem
2161 1197 2234 1236 d0⁴

1195 1254 1327 1301 minii,
1349 1258 1394 1293 ut
1414 1256 1542 1305 possit
1566 1266 1656 1294 esse
1678 1259 1819 1294 votum
1849 1256 2119 1296 substantiale
2140 1258 2234 1297 reli-

1196 1314 1344 1367 gioniS,
1368 1318 1464 1367 quia
1487 1317 1566 1357 hoc
1596 1329 1680 1356 non
1711 1317 1763 1356 ad
1789 1318 2063 1358 substantiam
2089 1320 2155 1359 vel
2182 1320 2235 1360 ad

1194 1378 1427 1426 materiam,
1464 1379 1539 1418 sed
1576 1379 1630 1418 ad
1663 1380 1969 1420 solemnitatem
2005 1381 2114 1419 illius
2151 1383 2235 1421 voti

1196 1440 1388 1491 pertinet.
1413 1440 1530 1486 Quod
1561 1453 1660 1480 vero
1681 1441 1734 1480 ad
1757 1442 1933 1481 alteram
1953 1446 2115 1493 partem
2143 1455 2234 1494 spe»-

1197 1505 1302 1549 ctat,
1333 1502 1609 1552 respondetur
1642 1507 1929 1554 paupertatem
1966 1516 2049 1542 non
2080 1507 2235 1544 consis-

1196 1566 1284 1601 tere
1316 1563 1357 1601 in
1380 1563 1641 1612 indivisibili,
1671 1569 1717 1604 ut
1744 1565 1801 1604 sic
1836 1565 1994 1613 dicam,
2026 1566 2131 1604 sicut
2159 1579 2236 1606 nec

1197 1623 1502 1671 obedientiam3
1533 1625 1711 1676 ideoque
1740 1638 1825 1664 non
1846 1639 1937 1666 esse
1962 1628 2165 1678 aequalem
2194 1629 2236 1668 in

1196 1686 1388 1724 omnibus
1408 1686 1694 1737 religionibus,
1727 1688 1798 1726 sed
1818 1688 1860 1726 in
1879 1701 2131 1740 unaquaque
2143 1703 2237 1741 pro-

1196 1746 1301 1785 mitti
1331 1751 1372 1786 et
1400 1748 1569 1795 servari,
1594 1748 1712 1800 juxta
1738 1748 1949 1800 propriam
1974 1751 2164 1802 regulam
2185 1751 2238 1791 ab

1196 1808 1380 1847 Ecclesia
1399 1809 1688 1859 approbatam.
1719 1809 1836 1850 Unde
1859 1814 2018 1850 certum
2049 1823 2140 1851 esse
2169 1812 2238 1852 de-

1195 1867 1266 1907 bet
1285 1869 1398 1908 illam
1416 1874 1720 1921 paupertatem,
1744 1883 1869 1922 quam
1889 1872 2072 1912 Ecclesia
2093 1885 2238 1926 appro-

1196 1930 1308 1969 bavit
1337 1934 1382 1970 ut
1413 1931 1690 1971 sufficientem
1721 1932 1774 1971 ad
1800 1933 2041 1985 religiosum
2069 1939 2239 1985 statum,

1197 1993 1386 2032 sufficere
1406 1994 1637 2032 secundum
1655 1995 1895 2046 generalem
1909 1996 2114 2036 rationem
2132 1999 2238 2049 ejus,

1198 2059 1321 2106 atque
1343 2054 1447 2096 adeo
1467 2056 1697 2095 secundum
1720 2056 1902 2109 aliquam
1923 2058 2105 2110 speciem
2131 2059 2239 2099 illius

1197 2121 1350 2163 status;
1385 2117 1477 2156 talis
1509 2122 1651 2157 autem
1686 2122 1748 2157 est
1778 2124 2018 2170 paupertas,
2050 2133 2141 2172 quse
2167 2131 2239 2173 per

1198 2179 1278 2217 hoc
1310 2182 1453 2218 votum
1485 2180 1758 2231 promittitur;
1782 2193 1881 2219 nam
1911 2185 1973 2221 est
2004 2194 2103 2222 vera
2124 2183 2222 2223 abdi

1199 2240 1304 2280 catio
1326 2253 1468 2280 rerum
1497 2242 1681 2280 omnium
1702 2243 2010 2293 temporalium,
2034 2245 2173 2295 quoad
2193 2245 2239 2284 li-

1198 2302 1346 2346 berum
1384 2315 1507 2342 usum
1538 2316 1709 2351 earum,
1741 2305 1959 2356 solumque
1993 2307 2109 2346 illum
2141 2319 2240 2348 con-

1198 2364 1307 2406 cedit
1327 2365 1613 2417 dependenter
1632 2366 1684 2405 ab
1706 2367 1876 2406 alterius
1897 2367 2080 2409 arbitrio.
2102 2370 2240 2423 Etjeo-

1199 2427 1295 2467 dem
1324 2427 1464 2475 modo,
1497 2427 1593 2468 licet
1618 2441 1703 2467 non
1736 2430 1873 2469 statim
1898 2432 2133 2472 necessario
2169 2445 2240 2473 au-

1198 2488 1306 2529 ferat
1319 2489 1566 2538 dominium,
1585 2490 1689 2531 tollit
1706 2492 1974 2533 nihilominus
1990 2493 2166 2538 liberam
2180 2495 2240 2536 fa-

1200 2551 1395 2591 cultatem
1411 2552 1617 2591 retinendi
1632 2551 1748 2600 illud,
1765 2565 1899 2603 eoque
1921 2556 2063 2598 utendi
2083 2558 2241 2608 absque

1201 2613 1434 2663 Superioris
1464 2612 1662 2660 arbitrio;
1686 2618 1727 2654 et
1761 2614 1853 2654 ideo
1882 2615 2115 2663 dominium
2139 2619 2241 2660 illud

1200 2676 1320 2729 quasi
1341 2674 1610 2717 materialiter
1626 2675 1685 2715 ibi
1703 2681 1857 2725 manet,
1887 2690 1961 2717 seu
1981 2679 2034 2719 de
2053 2679 2180 2728 facto,
2201 2685 2241 2723 et

1200 2749 1284 2776 non
1308 2736 1359 2775 de
1385 2734 1478 2787 jure
1508 2749 1558 2776 ac
1585 2737 1624 2776 vi
1652 2737 1782 2788 ipsius
1810 2739 1908 2788 voti,
1938 2740 2124 2792 nihilque
2148 2755 2241 2795 pro-

1200 2798 1296 2838 inde
1315 2798 1437 2837 statui
1452 2797 1719 2849 perfectionis
1730 2799 1880 2839 obstat.
1901 2801 2014 2841 Sicut
2030 2803 2241 2846 vinculum

1199 2860 1467 2909 matrimonii,
1487 2860 1599 2912 quod
1616 2866 1760 2901 manet
1775 2862 1818 2901 in
1838 2865 2077 2917 conjugato,
2101 2868 2172 2919 qui
2191 2880 2241 2909 ex

1199 2923 1383 2974 legitimo
1408 2934 1615 2962 consensu
1641 2925 1830 2976 conjugis
1858 2932 1954 2977 post
1975 2940 2241 2972 consumma-

1200 2988 1288 3026 tum
1307 2984 1617 3024 matrimonium
1635 2985 1846 3037 professus
1872 2992 1949 3036 est,
1983 2989 2086 3032 nihil
2106 2991 2241 3032 obstat

1202 3045 1324 3086 statui
1358 3045 1649 3097 perfectionis;
1685 3046 1783 3098 quia
1813 3048 1939 3089 veluti
1973 3053 2241 3093 materialiter

1200 3111 1376 3154 tantum,
1395 3112 1435 3147 et
1453 3121 1539 3148 non
1556 3120 1607 3148 ex
1622 3109 1663 3149 vi
1683 3111 1898 3161 assumpti,
1919 3111 1977 3151 ibi
1996 3119 2152 3162 manet,
2170 3127 2240 3154 ne-

115 3161 216 3210 'cum
226 3169 305 3208 illis
318 3170 454 3213 verbis
464 3172 626 3218 Christi,
650 3172 792 3212 Matth.
816 3174 893 3212 19:
917 3172 970 3214 Si
989 3173 1050 3213 vis
1070 3184 1150 3215 esso
1203 3182 1286 3223 que
1306 3170 1488 3220 aliquem
1520 3182 1643 3210 usum
1673 3171 1855 3222 postulat
1886 3174 1956 3225 qui
1975 3174 2240 3228 perfectionis

132 3219 338 3277 perfectam.
357 3225 466 3270 vade,
487 3231 522 3266 et
547 3225 666 3269 vende
697 3228 829 3267 omnia
848 3240 936 3281 quoe
967 3227 1092 3278 habes,
1126 3233 1162 3268 et
1215 3232 1369 3272 statum
1388 3230 1600 3281 impediat.
1624 3232 1765 3283 Neque
1785 3233 1912 3275 verba
1930 3235 2158 3277 Innocentii
2177 3233 2248 3273 ob-

135 3282 187 3325 da
212 3286 464 3338 pauperibus,
486 3293 520 3330 et
547 3302 701 3342 sequere
724 3304 796 3330 me.
834 3291 1007 3331 Videtur
1038 3291 1163 3331 etiam
1216 3294 1340 3339 stant,
1363 3292 1459 3342 quia
1478 3304 1563 3331 non
1583 3292 1767 3344 loquitur
1785 3294 1836 3334 de
1855 3299 1964 3337 statu
1977 3296 2188 3347 religionis
2201 3295 2247 3339 in

133 3358 220 3386 esse
235 3349 378 3386 contra
394 3347 675 3394 Innocentium
694 3353 763 3395 ΙΙΙ,
784 3352 829 3390 in
856 3364 945 3404 cap.
983 3351 1078 3392 Cum
1109 3351 1163 3392 ad
1216 3354 1452 3402 communi3
1476 3354 1609 3393 sedin
1637 3356 1877 3406 particulari
1902 3358 1951 3396 de
1982 3356 2243 3402 monachatu,

131 3408 423 3458 monasterium,
444 3408 495 3448 de
522 3409 640 3453 Statu
663 3414 871 3459 monach„
905 3414 978 3453 ubi
1008 3415 1065 3456 sic
1091 3414 1157 3455 in·
1212 3414 1263 3454 de
1281 3415 1398 3466 cujus
1416 3415 1582 3468 speciali
1599 3417 1759 3457 ratione
1791 3422 1851 3457 est
1877 3419 1946 3457 ille
1979 3417 2127 3456 modus
2142 3429 2245 3470 pau·

132 3471 221 3523 quit
238 3485 246 3510 :
268 3469 350 3510 Nec
373 3469 534 3510 <estimet
559 3470 696 3523 Abbas,
717 3475 821 3528 quod
837 3489 954 3530 super
978 3475 1154 3517 habenda
1206 3478 1393 3532 pertatis,
1414 3479 1498 3517 imo
1518 3480 1643 3519 etiam
1662 3484 1723 3519 est
1742 3481 1791 3520 de
1810 3481 1969 3520 ratione
1988 3480 2073 3519 voti
2092 3480 2244 3523 solem-

125 3533 370 3587 proprietate
392 3534 518 3587 possit
536 3546 622 3573 cum
640 3534 776 3588 aliquo
792 3538 979 3579 monacho
998 3538 1156 3592 dz'spen-
1210 3540 1275 3579 nis
1299 3541 1572 3593 paupertatis;
1595 3554 1680 3581 non
1697 3546 1837 3581 tamen
1854 3544 2073 3592 propterea
2099 3555 2240 3584 neces·

131 3606 232 3639 aare,
253 3595 352 3648 quia
369 3592 566 3636 abdicatio
596 3596 867 3649 proprietatis,
885 3600 986 3642 sieut
1009 3607 1044 3640 et
1074 3614 1160 3640 ous-
1213 3602 1371 3642 sarium
1389 3606 1451 3642 est
1465 3607 1512 3642 ut
1529 3604 1581 3642 sit
1598 3603 1648 3642 de
1666 3604 1826 3642 ratione
1844 3605 1974 3642 status
1996 3604 2180 3655 religiosi
2194 3606 2240 3646 in
