2352 3880
0 3470 3 3547 ἱ

0 3578 3 3655 t

0 3657 3 3686 Ι

0 3689 4 3711 Ι
34 3672 39 3682 i

0 3707 66 3880 tt,

160 295 231 340 Qui
251 303 328 331 non
347 295 425 331 vult
442 294 591 330 obedire
611 293 761 329 Praelato
779 295 822 328 ut
838 292 1054 328 ostendum
1065 299 1150 326 eum

111 367 114 370 -
165 345 272 382 nihili
285 345 415 387 facere,
436 348 558 389 peccat
577 343 786 385 mortaliter,
799 345 847 376 tr.
868 345 900 384 8,
914 341 939 376 1.
954 345 987 385 1,
1009 349 1041 376 c.
1054 343 1087 376 4.

120 394 345 439 medientioe
360 400 461 431 actus
479 398 521 430 ut
548 394 678 428 habeat
702 393 925 428 honestatem
951 389 1149 434 religionis,

164 445 205 482 id
222 450 286 488 est,
303 445 566 481 observationis
577 443 651 479 voti
662 443 888 487 ,necessario
906 440 1152 486 praesupponit

164 500 384 540 praeceptum
397 494 612 539 Superioris,
625 496 670 528 tr.
685 495 739 536 1⁰,
754 492 780 526 1.
797 495 829 535 4,
845 501 876 527 c.
894 494 948 527 14.

119 547 179 584 'An
197 556 282 583 vero
298 551 338 582 ut
353 548 482 582 habeat
494 547 715 580 honestatem
733 544 962 586 obedientiae,
980 544 1155 586 quatenus

163 601 222 633 est
240 597 404 641 specialis
422 597 549 639 virtus,
573 596 660 630 satis
679 594 725 628 sit
741 594 962 629 voluntatem
985 590 1156 636 Superio-

165 647 218 682 ris
227 647 369 690 exequi,
382 647 547 690 quamvis
556 646 697 680 nullum
715 644 912 679 intercedat
927 646 1154 686 praeceptum3

166 700 203 733 et
219 702 339 732 utrum
355 697 475 731 omnis
490 697 657 730 voluntas
672 694 877 737 Superioris
896 694 1025 728 habeat
1044 691 1156 727 ratio-

165 746 497 790 nempraecepti,tr.
513 749 544 788 8,
564 745 590 780 l.
614 749 647 786 a,
662 753 693 779 c.
714 748 748 779 9.

166 795 208 832 In
227 797 359 839 quibus
376 795 536 829 materiis
547 795 711 838 expediat
723 796 942 837 praeceptum
955 790 1156 835 superioris

165 851 352 889 expectare
370 874 378 889 ,
411 850 447 881 et
477 846 516 880 in
545 846 678 888 quibus
707 844 907 888 praevenire
921 870 932 887 ,
961 843 1008 878 ad
1029 844 1157 876 nutum

167 900 331 939 prompte
347 896 555 938 obediendi,
571 899 616 930 tr.
634 898 686 937 10,
704 895 729 928 l.
746 898 778 936 4,
799 903 830 929 c.
849 897 903 928 14.

125 945 340 982 obedientia
361 947 488 990 purior
510 950 545 981 et
558 946 720 981 securior
734 948 787 979 est
800 945 874 986 illa,
894 950 976 986 quae
997 940 1160 984 sequitur

170 997 366 1040 imperium
385 997 531 1031 alterius
544 1001 667 1031 contra
681 995 863 1039 propriam
872 992 1159 1033 inclinationem,

168 1048 368 1090 praesertim
388 1048 485 1081 cirea
502 1047 612 1081 vitam
630 1047 686 1081 vel
709 1047 897 1087 honorem,
922 1044 972 1078 ib.

125 1094 375 1132 obedientiam
401 1097 551 1131 facilitat
563 1105 675 1139 amor,
691 1100 766 1130 tum
783 1096 822 1129 in
836 1102 912 1128 rem
931 1095 1161 1138 praeceptam,

164 1149 242 1181 tum
263 1148 299 1181 in
317 1148 545 1190 Superiorem
562 1147 848 1189 praecipientem,
863 1145 912 1178 ib.

125 1195 340 1232 obedientia
360 1198 398 1231 in
418 1198 608 1240 Superiore
638 1197 818 1231 Christum
842 1198 1041 1237 agnoscens
1054 1201 1076 1228 a
1093 1192 1160 1228 Pa-

167 1247 285 1281 tribus
303 1249 589 1289 commendatur,
612 1255 645 1281 c.
665 1250 718 1280 15.

168 1297 373 1340 Explicatur
392 1301 425 1331 et
446 1298 664 1340 approbatur
677 1295 827 1335 ratione,
847 1293 899 1328 ib.

127 1344 342 1382 obedientia
364 1355 458 1381 caeca
475 1347 682 1381 auctoritate
700 1344 984 1385 commendatur,
1006 1342 1056 1376 ib.

169 1398 374 1432 Declaratur
390 1398 530 1431 ratione
551 1397 591 1430 in
615 1404 775 1441 quonam
792 1394 964 1428 consistat
983 1393 1062 1435 ejus
1077 1399 1160 1437 per-

169 1447 290 1487 sectio,
316 1448 365 1481 ib.

124 1496 350 1532 obedientiae
371 1497 580 1539 perelegans
602 1494 809 1536 descriptio,
831 1492 882 1528 ih.

168 1547 292 1580 Utrum
308 1547 346 1580 in
362 1547 462 1581 omni
479 1546 591 1580 dubio
613 1554 660 1580 an
683 1553 740 1578 res
766 1546 943 1586 praecepta
972 1546 1018 1577 sit
1034 1550 1164 1585 pecca-

167 1598 259 1639 tum,
279 1598 390 1640 possit
420 1597 586 1633 subditus
613 1595 796 1638 Superiori
819 1593 1044 1638 praecipienti
1073 1592 1165 1629 ohe·

168 1647 262 1687 dire,
280 1647 331 1680 ib.

169 1699 223 1732 An
239 1698 347 1731 etiam
366 1696 508 1740 debeat,
524 1696 577 1731 ib.

79 1780 82 1784 .
130 1748 356 1783 obedientiae
372 1748 505 1791 gradus
524 1757 566 1781 ex
584 1748 623 1781 D.
646 1746 909 1787 Bonaventura,
928 1750 978 1779 ib.

130 1799 354 1834 obedientiae
373 1801 535 1843 exempla
555 1799 768 1833 admiranda
789 1803 822 1831 et
843 1797 1072 1838 miraculosa,
1087 1795 1139 1830 ib.

173 1850 266 1890 Quid
295 1858 359 1893 per
381 1850 443 1883 illa
475 1850 671 1883 intenderit
686 1849 839 1891 Spiritus
859 1849 1019 1886 Sanctus,
1041 1850 1076 1879 et
1097 1853 1168 1888 qua

168 1899 309 1933 ratione
335 1909 357 1935 a
378 1900 518 1934 Sanctis
544 1903 793 1942 proponantur
820 1902 861 1932 ut
883 1897 1070 1938 imitanda,
1089 1895 1114 1928 l.
1134 1898 1165 1938 1,

172 1956 204 1983 c.
228 1952 260 1982 2.

128 1997 352 2034 obedientiae
374 1998 596 2041 perfectione
618 1997 775 2030 maxime
789 1995 947 2030 Societas
965 1993 1113 2036 eminet,
1132 1994 1169 2028 et

171 2049 217 2082 ab
238 2048 320 2081 aliis
334 2048 570 2090 distinguitur
584 2046 836 2089 religionibus,
858 2045 907 2078 ib.

131 2098 354 2134 Obedientiae
374 2102 498 2131 votum
530 2097 568 2130 in
591 2096 765 2130 societate
786 2104 859 2129 non
876 2093 1059 2136 obligatin
1076 2101 1168 2135 qua-

170 2156 328 2189 cumque
349 2147 497 2181 materia
515 2149 711 2189 praecepta,
733 2146 816 2178 licet
846 2146 994 2178 honesta
1024 2143 1081 2184 sit,
1106 2142 1170 2176 sed

170 2202 311 2233 tantum
327 2198 364 2230 in
387 2197 535 2231 materia
550 2196 727 2230 conformi
744 2196 788 2229 ad
803 2195 912 2228 tinem
930 2195 1090 2236 ejusdem
1105 2193 1172 2226 So-

175 2249 337 2289 cietatis3
362 2252 397 2281 et
415 2256 584 2289 quaenam
607 2255 649 2280 ea
665 2246 846 2279 censenda
862 2245 920 2284 sit,
940 2245 963 2276 l.
983 2247 1014 2284 4,
1033 2252 1063 2276 c.
1086 2246 1136 2276 12.

175 2301 229 2335 An
251 2307 293 2332 ex
313 2299 348 2331 vi
366 2298 464 2331 illius
481 2297 632 2339 obligari
648 2296 786 2339 possint
803 2295 910 2327 etiam
931 2302 1005 2327 non
1020 2292 1170 2336 professi

169 2350 221 2384 ad
250 2348 525 2391 praedicandum
549 2348 642 2380 inter
677 2345 841 2379 infideles
876 2344 1003 2384 Indos,
1025 2344 1170 2384 TurcaS,

172 2403 254 2440 etc,
279 2400 329 2433 ib.

171 2449 301 2483 Votum
324 2447 541 2483 obedientiae
557 2447 603 2481 ad
627 2447 815 2480 Summum
829 2444 1050 2485 Pontificem,
1069 2442 1168 2486 quod

174 2500 325 2544 professi
349 2498 532 2533 societatis
547 2498 748 2541 specialiter
765 2496 943 2535 emittunt,
968 2495 1102 2537 obligat.
1122 2493 1169 2528 ad

174 2550 314 2592 aliquid
329 2549 486 2591 amplius
504 2558 612 2591 quam
631 2551 753 2581 votum
768 2545 997 2587 obedientiae,
1018 2544 1116 2587 quod
1129 2543 1169 2577 in

174 2600 259 2636 aliis
274 2599 513 2642 religionibus
535 2598 722 2638 emittitur,
743 2597 765 2629 l.
788 2601 820 2637 6,
838 2604 869 2630 c.
885 2599 918 2629 4.

173 2651 226 2685 Ad
257 2650 432 2692 quidnam
461 2649 595 2691 obliget
621 2647 690 2682 tale
717 2650 853 2686 votum,
877 2648 913 2680 et
933 2652 1103 2688 quaenam
1123 2642 1171 2678 sit

172 2700 324 2734 materia
343 2699 452 2740 illius,
472 2699 521 2732 ib.

172 2749 248 2783 Boe
268 2753 391 2783 votum
414 2748 515 2782 addit
535 2746 793 2789 obligationem
815 2744 1033 2779 intensivam
1061 2751 1171 2786 supra

174 2807 368 2834 commune
390 2803 513 2832 votum
534 2796 752 2832 obedientiae
771 2823 779 2838 ,
810 2796 909 2839 quod
938 2795 976 2828 in
997 2794 1172 2828 societate

176 2848 230 2890 fit,
246 2849 295 2882 ib.

174 2898 301 2932 Utrum
317 2898 426 2932 addat
444 2898 554 2931 etiam
565 2897 799 2938 extensivam‚
814 2894 937 2939 quoad
948 2901 1080 2930 novam
1090 2899 1170 2928 ma-

114 2963 120 2995 ,³
177 2947 318 2988 teriam,
339 2947 388 2980 ib.

112 2997 126 3045 ζ
177 2997 251 3032 Hoc
272 3001 394 3030 votum
414 2999 466 3029 est
485 2995 656 3038 solemne,
677 2996 728 3030 ib.

111 3056 114 3060 ·
177 3047 220 3081 ln
239 3054 312 3089 quo
331 3046 409 3088 ejus
425 3045 635 3079 solemnitas
653 3045 835 3088 consistat,
855 3044 914 3084 iba

572 3130 736 3156 officiun-

139 3193 302 3228 Officium
333 3192 482 3235 aliquod
502 3192 783 3226 ecclesiasticum
805 3197 1054 3236 assumpturus
1077 3191 1172 3228 seire

171 3242 274 3286 prius
298 3242 403 3276 debet
431 3241 529 3275 illius
547 3242 797 3284 obligationes,
818 3250 860 3276 ac
886 3243 1086 3278 deliberare
1114 3251 1163 3278 an

175 3292 287 3335 possit
306 3292 378 3325 illis
396 3291 612 3334 satisfacere,
628 3295 670 3326 tr.
689 3295 740 3334 10,
756 3293 780 3326 l.
797 3295 829 3335 2,
846 3300 877 3327 c.
891 3295 924 3327 8.

128 3341 295 3376 ‘officium
307 3341 384 3376 sive
402 3350 546 3383 munus,
569 3341 653 3376 vide
665 3343 804 3376 Eunus.

135 3392 298 3427 Officium
312 3392 542 3434 canonicum,
558 3392 634 3427 sive
649 3392 829 3435 divinum,
843 3391 928 3427 vide
938 3393 1040 3427 1101·ae
1052 3392 1165 3428 cano-

175 3450 281 3478 nicae.

148 3489 166 3509 ‘l

587 3526 710 3553 Om-

131 3589 355 3636 :omnionum
365 3590 554 3626 diversitas
562 3600 609 3625 an
621 3592 668 3626 sit
678 3592 859 3628 contraria
870 3591 1048 3636 charitati,
1062 3591 1167 3630 illive

155 3639 318 3683 ‘tonent
333 3643 379 3675 tr.
394 3643 448 3683 ιο,
465 3641 491 3675 1.
516 3643 548 3682 s,
571 3649 603 3676 ο.
618 3644 650 3675 ⁷.

1024 225 1152 263 mm
1170 221 1324 263 minim-⁴
2130 226 2239 299 {10³

1242 292 1336 334 Quid
1354 293 1422 328 boc
1435 293 1477 328 in
1497 303 1537 330 re
1562 296 1602 330 in
1624 295 1797 331 societate
1815 293 2062 339 praecipiatur,
2089 302 2172 329 cum
2194 295 2239 330 in·

1243 342 1322 384 ejus
1356 344 1478 385 regula
1505 346 1718 388 prohibetur
1747 353 1794 380 ne
1824 344 2000 380 doctrinm
2030 342 2239 383 differ-enus·

1244 392 1489 436 admittantur,
1509 395 1559 428 ib.
2199 418 2202 424 ·

1243 441 1390 486 caetera,
1406 443 1493 479 vide
1502 445 1705 481 contentio.

1653 531 1785 559 ourio-

1208 586 1315 622 orare
1341 591 1481 624 tantum
1502 600 1570 633 pro
1595 594 1707 628 salute
1734 593 1994 637 proximorum,
2021 593 2161 637 absque
2177 601 2242 629 ex-

1249 642 1353 672 terna
1368 639 1509 674 actione
1525 650 1596 683 qua
1610 643 1679 684 ipsi
1699 644 1905 678 immediate
1917 645 2088 686 juventur
2109 647 2144 678 et
2161 641 2244 679 mo-'

1247 691 1414 743 veantur,
1442 690 1489 725 ad
1518 681 1714 734 perfectam
1741 693 1895 736 proximi
1929 694 2138 728 charitatem
2167 702 2243 731 non

1247 737 1390 779 sufficit,
1405 741 1449 773 tr.
1464 743 1496 782 9,
1510 738 1534 774 1.
1554 744 1585 781 1,
1602 749 1632 775 c.
1652 746 1683 776 6.

1208 786 1387 822 Orationis
1422 792 1456 823 et
1498 791 1815 834 contemplationis
1855 792 2069 834 interruptio
2100 795 2244 836 propter

1250 839 1410 873 actiones
1438 840 1485 875 ad
1515 841 1857 885 bonumASpirituale
1888 842 2040 884 proximi
2070 850 2143 876 non
2172 842 2246 876 mi-

1250 889 1344 931 nuit,
1365 890 1427 924 sed
1446 891 1564 932 potius
1580 896 1685 934 auget
1706 892 1890 935 propriam
1909 892 2177 934 perfectionem,
2194 892 2244 926 ib.

1209 937 1328 975 Oratio
1354 944 1406 974 est
1427 942 1588 975 medium
1611 942 1732 976 efficax
1761 942 1806 976 ad
1831 941 2115 976 conservandam
2138 942 2248 977 casti-

1251 992 1337 1031 tem,
1359 994 1402 1024 tr.
1416 994 1468 1033 10,
1485 991 1510 1024 1.
1526 994 1557 1031 4,
1573 1000 1604 1026 c.
1619 996 1649 1025 3.

1208 1039 1252 1075 In
1279 1041 1440 1075 oratione
1468 1046 1603 1083 quanta
1625 1042 1830 1085 requiratur
1855 1041 2070 1084 reverentia,
2090 1043 2127 1076 et
2149 1041 2249 1079 unde

1253 1097 1296 1123 ea
1314 1091 1401 1124 oriri
1425 1092 1548 1133 soleat,
1564 1093 1587 1125 l.
1607 1096 1637 1133 9,
1657 1101 1687 1126 e.
1705 1096 1734 1125 5.

1212 1137 1329 1174 Oratio
1346 1142 1511 1175 mentalis
1527 1151 1635 1184 quam
1650 1142 1821 1185 frequens
1838 1150 1913 1176 esse
1929 1141 2056 1175 debeat
2071 1138 2252 1184 religiosis

1253 1190 1450 1231 societatis,
1465 1193 1664 1234 praesertim
1680 1192 1862 1236 professis,
1878 1192 1902 1224 l.
1918 1195 1950 1228 8,
1965 1199 1996 1224 c.
2013 1194 2044 1224 1.

1254 1240 1377 1274 Utrum
1400 1242 1512 1275 aratio
1537 1242 1705 1276 mentalis
1733 1242 1779 1276 sit
1802 1241 1922 1284 potius
1937 1249 2027 1283 opus
2050 1239 2252 1275 intellectus

1255 1298 1303 1324 an
1322 1292 1526 1334 voluntatis,
1544 1293 1566 1325 l.
1590 1296 1622 1333 9,
1638 1301 1667 1326 c.
1684 1297 1714 1326 5.

1254 1340 1314 1375 Est
1341 1342 1477 1384 optima
1502 1342 1691 1384 dispositio
1717 1343 1762 1377 ad
1786 1341 2071 1375 illuminationes
2094 1339 2238 1375 divinas

1257 1391 1307 1424 ib.

1214 1440 1348 1479 Orandi
1369 1449 1410 1475 ac
1428 1442 1627 1476 meditandi
1652 1446 1764 1476 artem
1779 1470 1787 1484 ‚
1810 1445 1845 1476 et
1862 1441 2090 1476 utilissimam
2109 1447 2197 1481 esse,
2218 1441 2254 1474 et

1258 1490 1537 1534 prudentissime
1557 1501 1578 1525 a
1591 1493 1623 1525 S.
1648 1492 1802 1534 ignatio,
1819 1491 2003 1526 societatis
2018 1492 2099 1524 Jesu
2119 1490 2255 1523 funda-

1258 1543 1346 1582 tore,
1363 1541 1559 1583 inventam,
1581 1550 1612 1576 c.
1634 1547 1663 1575 6.

1217 1589 1395 1627 Orationis
1409 1595 1443 1625 et
1459 1592 1705 1626 meditationis
1722 1591 1907 1634 perfectio,
1923 1590 2030 1625 etiam
2047 1589 2255 1633 mediocris,

1259 1649 1334 1676 non
1367 1642 1436 1676 nisi
1470 1643 1582 1676 multo
1605 1652 1673 1676 usu
1705 1642 1846 1684 orandi,
1870 1641 2112 1683 exercitioque
2138 1640 2255 1675 virtu-

1259 1694 1336 1727 tum
1361 1697 1598 1734 comparatur,
1616 1701 1647 1725 c.
1668 1695 1699 1725 7.

1258 1742 1313 1778 Ad
1336 1743 1535 1776 orationem
1566 1743 1725 1784 aliquam
1755 1742 1915 1776 vocalem
1945 1741 2104 1782 quotidie
2133 1740 2258 1782 priva·

1261 1792 1327 1826 tim
1345 1793 1567 1826 recitandam
1592 1801 1664 1826 non
1689 1796 1856 1825 tenentur
1879 1791 2037 1833 religiosi
2058 1790 2256 1832 societatis,

1262 1842 1334 1876 nisi
1358 1843 1505 1876 aliunde
1538 1844 1584 1877 ad
1605 1843 1643 1877 id
1668 1843 1895 1884 obligentur,
1921 1845 1956 1876 et
1976 1841 2075 1883 quod
2099 1840 2257 1875 ordinati

1262 1892 1337 1926 sint
1356 1892 1394 1926 iu
1416 1892 1541 1932 sacris,
1560 1893 1585 1926 l.
1604 1897 1634 1933 8,
1655 1901 1684 1926 c.
1699 1896 1730 1925 2.

1260 1941 1443 1975 Tenentur
1459 1947 1578 1976 tamen
1599 1943 1644 1977 ad
1660 1942 1819 1976 Litanias
1841 1940 2002 1983 quotidie
2019 1940 2058 1973 in
2072 1938 2258 1973 communi

1262 1992 1406 2034 publice
1422 1992 1605 2032 dicendas,
1624 2001 1696 2025 non
1714 1996 1831 2024 tamen
1846 1991 1912 2023 sub
1926 1989 2148 2030 obligatione
2165 1995 2262 2031 prae·

1263 2044 1369 2082 cepti,
1387 2042 1450 2074 sed
1473 2045 1610 2074 tantum
1630 2041 1805 2082 simplicis
1824 2038 2077 2078 ordinationis,
2103 2038 2153 2071 ib.

1263 2090 1386 2126 Utrum
1409 2091 1475 2124 sub
1499 2092 1565 2124 hac
1585 2091 1842 2132 qualicumque
1866 2089 2084 2129 obligatione
2104 2097 2163 2121 eas
2182 2087 2263 2130 pri-.

1263 2141 1375 2174 vatim
1394 2141 1544 2174 recitare
1563 2144 1764 2181 teneantur,
1782 2139 1929 2181 quando
1942 2147 2002 2172 eas
2016 2138 2054 2171 in
2074 2137 2259 2180 communi

1265 2198 1339 2223 non
1360 2191 1499 2231 dicunt,
1518 2190 1565 2224 ib.

1226 2239 1410 2273 Orationes
1426 2241 1585 2280 vocales,
1615 2243 1687 2272 tam
1712 2238 1906 2272 ordinariae
1933 2246 2041 2279 quam
2061 2237 2261 2272 extraordi-

1266 2291 1392 2331 nariae,
1411 2299 1491 2332 quae
1513 2289 1689 2331 religiosis
1713 2288 1897 2322 Societatis
1922 2288 2175 2330 injunguntur,
2195 2295 2260 2331 pro

1267 2340 1459 2381 defunctis,
1489 2341 1545 2374 vel
1570 2339 1842 2376 fundatoribus.
1864 2338 1918 2372 vel
1942 2338 2021 2371 aliis
2044 2338 2152 2372 etiam
2173 2341 2264 2373 cau-¹

1268 2391 1330 2432 sis,
1347 2392 1413 2424 sub
1438 2400 1508 2433 qua
1529 2390 1747 2432 obligatione
1763 2389 1967 2429 recitandae,
1983 2389 2031 2421 ib.

1262 2442 1446 2482 Quomodo
1468 2442 1552 2475 huic
1575 2440 1789 2482 obligationi
1817 2439 2111 2472 satisfaciendum
2132 2438 2201 2476 sit,
2226 2439 2261 2472 et

1262 2500 1344 2534 quae
1369 2491 1648 2526 circumstantiae
1672 2490 1710 2524 in
1741 2489 1799 2523 his
1819 2489 2046 2523 orationibus
2060 2487 2262 2522 servandae*

1264 2541 1315 2576 ib.

1263 2594 1318 2626 An
1335 2592 1363 2624 si
1383 2601 1448 2634 pro
1471 2595 1567 2625 certo
1583 2595 1743 2632 tempore
1760 2587 1976 2632 praescriptae
1992 2587 2029 2620 in
2050 2595 2091 2620 co
2107 2595 2180 2620 non
2200 2586 2261 2620 di-

1263 2646 1390 2677 cantur
1407 2667 1415 2683 ,
1443 2646 1565 2685 postea
1598 2641 1664 2676 sub
1691 2639 1819 2674 eadem
1845 2637 2063 2679 obligatione
2095 2636 2259 2671 dicendae

1260 2691 1350 2734 sint,
1372 2691 1424 2728 ib.

1511 2773 1752 2801 onnmniousss
1773 2769 1967 2797 socinum,

1222 2855 1312 2892 Vide
1330 2855 1512 2891 Generalis
1537 2856 1645 2889 Ordo.

1222 2906 1266 2943 m
1281 2910 1345 2949 est,
1364 2906 1502 2950 religio,
1520 2906 1604 2940 vide
1619 2904 1686 2939 sub
1701 2902 1920 2947 specialibus
1935 2898 2133 2937 vocabulis.

1568 3014 1655 3041 ORDO
1677 3012 1925 3039 salmantinum.

1223 3086 1318 3126 ordo
1349 3096 1448 3122 sacer
1473 3094 1547 3120 non
1580 3085 1722 3120 dirimit
1743 3082 1960 3118 antecedens
1987 3077 2257 3114 matrimonium

1266 3142 1396 3179 ratum,
1409 3141 1454 3172 tr.
1467 3141 1502 3176 9,
1518 3137 1543 3170 l.
1561 3139 1594 3178 2,
1611 3143 1643 3170 c.
1664 3138 1694 3168 1.

1220 3188 1416 3224 ordinatus
1438 3188 1475 3220 in
1495 3186 1605 3220 saeris
1630 3188 1709 3228 post
1737 3180 2009 3217 matrimonium
2031 3181 2161 3223 ratum,
2180 3183 2256 3212 non

1265 3241 1577 3278 consummatum,
1604 3233 1856 3277 suspenditur,
1897 3229 1966 3263 nisi
1995 3226 2257 3271 professionem

1258 3290 1369 3325 faeiat
1392 3290 1430 3322 in
1451 3288 1576 3330 aliqua
1593 3286 1768 3327 religione
1791 3280 1985 3324 approbata
2002 3308 2010 3320 ,
2037 3285 2144 3318 Quam
2162 3283 2263 3331 com,
2292 3287 2293 3290 ¹

1258 3340 1435 3376 ditionem
1452 3347 1526 3372 non
1550 3337 1675 3379 implet
1694 3331 1890 3368 emittendo
1913 3332 2051 3364 tantum
2067 3330 2150 3361 vota
2160 3333 2252 3360 stm—

1257 3390 1370 3434 plicia
1382 3388 1676 3424 scholasticorum
1692 3381 1892 3422 societatis,
1904 3380 1928 3413 l.
1947 3383 1978 3418 3.
1993 3386 2023 3412 o,
2043 3381 2074 3411 5.

2001 3428 2007 3434 .
2065 3426 2072 3433 0

1258 3440 1378 3483 Aliqui
1396 3440 1543 3474 ordines
1558 3433 1715 3471 conferri
1733 3434 1882 3476 possunt
1896 3430 1942 3473 ab
1963 3424 2252 3470 aliquibusl'rae-

1257 3491 1342 3526 latis
1362 3489 1599 3534 regularibus,
1619 3489 1655 3520 et
1673 3484 1826 3527 quinam
1844 3481 1918 3516 sint
1939 3479 1978 3516 bi
1993 3474 2254 3530 Praelatbtstffi

1255 3541 1319 3626 ki?
1325 3545 1638 3633 ’ὴὲξῖὅιῖἰνίιοςὶιιω
1651 3580 1849 3619 ordinandi
1863 3555 2253 3624 communicationis

1257 3641 1428 3680 praelatis,
1451 3639 1501 3672 ib.
