2352 3880
399 353 579 387 rum-10,
600 347 636 380 et
655 350 838 379 rasurus.

102 422 239 460 Praelati
262 421 303 457 in
324 421 503 465 religione
515 422 617 464 quot,
628 422 665 455 et
681 418 834 463 quinam
851 419 937 461 sint,
954 419 1001 454 tr.
1015 419 1050 461 8,
1060 416 1089 452 l.
1101 418 1138 459 2,

139 479 177 508 e.
192 475 226 506 2.

143 521 227 563 Quae
245 529 371 556 eorum
393 521 548 563 potestas
568 518 616 554 ad
636 516 878 553 necessariam
903 514 1140 560 gubernatio-

147 580 233 607 nem
251 569 466 613 necessaria,
483 577 516 604 e.
539 571 574 604 1.

144 621 236 656 Vide
253 621 422 656 Potestas.

103 671 272 707 Praelatus
304 677 504 713 supremus.
528 675 592 702 seu
625 666 806 710 generalis
838 665 1026 708 religionis
1057 662 1140 707 quis

142 721 212 756 sit:
237 723 272 754 et
295 726 346 754 an
379 719 420 753 iu
450 717 579 753 eadem
604 716 782 759 religione
803 715 927 759 plures
954 714 1141 758 generales

143 777 222 805 esse
243 768 392 811 possint,
413 775 448 803 c.
465 769 497 802 2.

139 818 279 856 Praelati
300 817 432 860 medii,
451 824 517 851 seu
543 812 788 851 Provinciales
819 812 1020 858 religionis,
1052 810 1139 856 qui·-

141 875 227 903 nam
245 869 318 902 sint
334 871 369 902 et
387 877 433 902 an
449 871 576 911 praeter
584 866 802 910 generalem,
818 864 1091 908 provincialem,
1104 865 1140 897 et

142 918 348 961 superiores
365 918 495 952 locales
509 918 640 951 dentur
658 916 720 950 alii
742 914 950 950 intermedii
966 914 1140 948 habentes

147 968 257 1003 etiam
271 967 573 1010 jurisdictionem,
596 970 641 1001 tr.
659 970 692 1008 9,
716 965 740 1000 l.
763 968 795 1005 2,
813 973 843 1000 c.
862 968 893 998 2.

107 1017 250 1053 Proelati
272 1026 400 1052 omnes
418 1017 619 1060 religionis,
646 1017 755 1051 etiam
775 1015 907 1050 locales
927 1013 1063 1049 habent
1078 1013 1142 1056 ju-

91 1102 93 1104 .
147 1069 398 1104 risdietionem
413 1073 484 1103 tam
502 1069 540 1102 in
562 1068 639 1103 foro
656 1067 891 1110 poenitentiae,
909 1073 1018 1109 quam
1031 1065 1070 1098 in
1083 1071 1143 1100 ex-

84 1139 88 1155 J
150 1120 290 1162 teriori,
315 1124 357 1154 tr.
374 1123 405 1162 8,
428 1120 453 1153 l.
474 1122 507 1162 2,
525 1127 556 1154 c.
578 1122 611 1151 2.

147 1169 272 1204 Utrum
300 1178 379 1203 eam
399 1170 556 1204 habeant
580 1166 815 1207 ordinariam,
845 1165 903 1200 vel
929 1164 1139 1207 delegatam,

142 1218 196 1252 ib.

99 1267 242 1302 lPraelati
259 1267 446 1310 religionis
459 1267 593 1301 habent
609 1264 899 1308 jurisdictionem
919 1262 1142 1298 ordinariam

150 1318 254 1361 quasi
278 1318 540 1361 Episcopalem,
562 1317 610 1351 ib.

144 1366 317 1409 Quaenam
332 1372 367 1401 et
377 1371 512 1410 quanta
526 1367 573 1401 sit
583 1362 789 1409 hujusmodi
805 1362 1021 1407 jurisdictio,
1037 1362 1141 1407 quasi

145 1418 380 1462 Episcopalis,
405 1417 454 1451 ib.

100 1468 243 1504 tPraelati
268 1476 394 1502 ornnes
422 1465 621 1508 religionis,
646 1468 719 1499 tam
748 1461 910 1504 mediati,
933 1471 1044 1505 quam
1071 1462 1144 1497 im-

149 1518 322 1558 mediati,
342 1516 634 1560 jurisdictionem
664 1514 909 1548 immediatam
943 1514 1077 1547 habent
1104 1513 1143 1547 in

147 1575 274 1602 omnes
293 1567 480 1609 religiosos
494 1567 563 1600 sibi
579 1566 758 1607 subjectos
771 1575 779 1605 ς
795 1568 1008 1606 etquaenam
1019 1564 1066 1598 sit
1079 1565 1146 1599 hu-

142 1618 300 1660 jusmodi
319 1616 584 1659 jurisdictionis
599 1615 832 1651 immediatio,
851 1614 901 1647 ib.

108 1667 248 1702 Praelati
266 1668 422 1710 majores
443 1671 619 1709 quantum
641 1666 815 1699 excedant
834 1662 1024 1698 inferiores
1050 1670 1144 1706 prae-

148 1717 237 1752 latos
259 1718 328 1751 sibi
346 1717 622 1758 subordinatos,
640 1716 760 1758 quoad
774 1715 1019 1749 extensionem
1031 1714 1144 1756 Juris—

148 1767 332 1807 dictionis,
351 1768 400 1800 ib.

147 1815 232 1856 Quae
267 1820 302 1851 et
331 1820 466 1859 quanta
494 1815 542 1849 sit
570 1814 811 1858 dependentia
831 1814 870 1847 in
891 1811 1144 1856 iurisdictione

147 1867 377 1910 praelatorum
397 1866 613 1900 inferiorum
636 1876 656 1900 a
676 1866 935 1908 superioribus.
949 1866 991 1898 Et
1011 1872 1030 1897 e
1053 1872 1143 1898 con-

147 1918 202 1950 tra
212 1921 345 1958 quanta
364 1916 647 1958 independentia
661 1916 888 1958 superiorum
903 1914 948 1948 ab
962 1912 1144 1946 inferiori-

147 1964 217 1999 bus
232 1966 400 2008 praelatis,
423 1966 473 1999 ib.

107 2014 276 2050 uelatus
306 2015 472 2058 superior
498 2014 611 2050 variis
645 2015 764 2048 modis
784 2015 900 2057 potest
927 2011 1143 2054 restringere

146 2066 437 2108 jurisdictionem
467 2069 540 2099 tam
570 2065 793 2099 ordinariam
809 2072 919 2107 quam
945 2063 1143 2105 delegatam

149 2115 336 2149 inferioris
355 2115 503 2158 praelati,
528 2115 577 2148 ib.

147 2163 359 2208 Hujusmodi
383 2173 469 2199 vero
499 2162 676 2198 restrictio
698 2163 893 2199 ordinariae
920 2161 1143 2206 jurisdictio-

150 2215 209 2249 nis
230 2214 384 2258 requirit
403 2215 534 2257 justam
554 2220 712 2256 causam,
731 2216 773 2247 ut
785 2213 882 2247 licite
902 2213 973 2254 liat,
989 2212 1038 2246 ib.

149 2266 227 2299 Non
243 2268 360 2299 tamen
379 2268 418 2298 ut
434 2264 566 2305 valide,
582 2263 631 2296 ib.

110 2314 211 2356 Quod
242 2315 273 2349 si
308 2314 457 2349 aliunde
479 2314 663 2347 contineat
698 2311 960 2347 intolerabilem
986 2319 1145 2346 errorem

149 2369 274 2400 contra
291 2366 407 2399 bonos
419 2372 550 2406 mores,
566 2363 667 2397 nulla
684 2363 764 2403 erit,
782 2363 834 2398 ib.

150 2415 337 2449 Restrictio
357 2415 436 2448 sine
457 2415 552 2457 justa
571 2421 677 2447 causa
696 2412 789 2446 facta
809 2410 942 2455 quibus
953 2409 1145 2446 virtutibus

152 2465 371 2505 adversetur,
390 2465 441 2498 ib.

151 2515 338 2548 Restrictio
355 2513 622 2557 jurisdictionis
648 2512 818 2555 delegatae
838 2511 919 2546 sine
945 2510 1018 2545 ulla
1039 2518 1146 2544 causa

151 2565 249 2598 licite
264 2565 340 2598 fieri
362 2567 477 2607 potest
491 2572 512 2597 a
527 2562 725 2605 superiore,
741 2563 791 2596 ib.

112 2615 180 2648 Pro
214 2615 438 2650 restrictione
474 2613 656 2656 potestatis
683 2611 913 2655 privilegium
944 2620 966 2645 a
999 2611 1147 2645 Summo

152 2664 325 2698 Pontifice
344 2671 533 2698 concessae.
558 2662 645 2696 Vide
658 2662 904 2705 Privilegium.

112 2714 280 2748 Praelatus
298 2714 462 2757 superior
476 2722 522 2747 an
540 2712 652 2755 possit
670 2711 880 2746 inferiorem
895 2705 1080 2744 Praelatum
1094 2709 1149 2744 of-

154 2763 237 2799 ficio
259 2765 421 2807 privare:
437 2766 559 2806 etqua
574 2762 714 2796 ratione
742 2762 779 2796 id
807 2762 916 2803 licite,
945 2764 1007 2795 aut
1030 2759 1148 2795 valide

153 2813 234 2847 fleri
256 2814 379 2857 possit,
396 2813 444 2847 ib.

115 2862 252 2897 Praelati
279 2863 470 2897 inferiores
493 2861 659 2898 Generali
681 2864 833 2904 possunt
857 2869 921 2903 per
935 2859 1149 2894 electionem

158 2913 272 2947 creari
287 2923 294 2955 3
310 2921 384 2947 non
401 2918 521 2947 tamen
547 2913 586 2948 id
607 2916 660 2948 est
685 2911 734 2946 ita
756 2911 998 2946 necessarium
1028 2910 1067 2944 in
1096 2908 1150 2944 eis

157 2963 251 2998 sicut
265 2963 302 2996 in
317 2962 495 3005 Generali,
509 2970 541 2997 c.
558 2966 590 2997 6.

116 3013 360 3052 Praelatorum,
383 3012 446 3055 qui
463 3021 528 3055 per
549 3010 762 3047 electionem
774 3018 849 3046 non
867 3012 1046 3050 creantur,
1061 3017 1149 3053 pro-

161 3063 254 3098 visio
273 3070 364 3104 quas
383 3062 611 3096 conditiones
629 3061 790 3104 requirat
801 3061 840 3095 in
862 3069 1015 3104 persona
1040 3060 1152 3104 perii-

167 3113 318 3154 cienda;
336 3119 357 3145 a
378 3119 463 3154 quo,
479 3114 515 3145 et
534 3120 606 3154 qua
624 3111 740 3145 forma
758 3110 934 3151 facienda,
954 3111 1005 3145 ib.

119 3163 350 3198 Praelatorum
365 3161 584 3204 regularium
598 3161 726 3196 electio
738 3170 829 3204 quas
847 3160 1102 3202 solemnitates,
1116 3164 1152 3195 et

161 3212 390 3248 conditiones
417 3215 490 3245 tam
513 3211 552 3245 in
586 3220 741 3255 persona
773 3211 952 3254 eligenda,
971 3218 1080 3254 quam
1111 3210 1151 3245 in

161 3261 378 3298 electoribus
400 3262 571 3305 requirat.
585 3261 674 3296 Vide
687 3261 832 3296 Electio.

121 3311 289 3347 Praelatus
305 3311 459 3346 diversae
476 3311 672 3354 provinciae
688 3311 795 3346 debet
811 3318 850 3345 se
871 3309 1097 3344 conformare
1111 3309 1152 3344 in

163 3361 303 3403 habitu,
329 3361 455 3395 saltem
478 3361 658 3404 exteriori,
679 3370 762 3395 cum
782 3361 839 3401 iis,
857 3360 991 3403 quibus
1012 3363 1151 3403 praeest,

164 3411 215 3445 ib.

163 3461 268 3496 Nulla
281 3461 441 3504 praelatio
455 3461 494 3495 in
508 3460 667 3496 Ecclesia
678 3460 742 3496 Dei
756 3463 810 3495 est
825 3463 996 3503 perpetua
1004 3459 1086 3503 jure
1097 3459 1157 3494 di-

164 3511 265 3553 vino,
281 3511 330 3545 ita
347 3513 388 3545 ut
406 3518 480 3545 non
495 3510 608 3553 possit
623 3510 686 3554 qui
700 3509 835 3544 invitus
849 3519 891 3544 ea
903 3509 1050 3554 privari,
1064 3517 1158 3554 prte-

163 3560 220 3594 ter
241 3560 358 3595 solum
371 3560 560 3595 Summum
577 3559 838 3603 Pontificatum,
859 3560 910 3595 ib.

124 3608 264 3646 natan
274 3610 493 3654 religionum
506 3618 552 3644 an
561 3611 642 3654 jure
651 3610 836 3645 communi
851 3610 938 3654 sint,
951 3609 1011 3647 vel
1022 3610 1161 3654 possint

168 3667 245 3695 esse
263 3660 440 3704 perpetui,
461 3667 494 3695 c.
514 3663 547 3694 7.

1026 252 1157 293 m
1175 252 1330 292 nmm-

1230 316 1323 358 Quid
1339 315 1571 351 sentiendum
1589 315 1793 350 secundum
1804 313 1974 358 specialia
1986 313 2082 358 jura,
2095 312 2146 347 ib.

1229 367 1286 403 An
1300 365 1558 401 convenienter
1571 365 1818 401 introductum
1828 364 1950 408 fuerit,
1959 372 2008 399 ne
2020 363 2225 408 superiores

1231 416 1364 451 locales
1380 419 1502 451 essent
1519 416 1697 459 perpetui,
1710 416 1763 451 ib.

1229 466 1383 507 Quando
1403 466 1570 510 expediat
1589 466 1705 500 creari
1727 466 1847 509 potius
1866 465 2035 502 Pmlatos
2056 463 2107 499 ad
2131 466 2226 499 tem-

1233 524 1316 558 pus,
1339 524 1449 558 quam
1475 519 1679 559 perpetuos,
1693 515 1744 550 ib.

1231 563 1383 647 Quantil?
1402 565 1522 608 potius
1549 569 1760 608 perpetuos,
1791 564 1850 600 vel
1866 563 2063 600 admodum
2079 562 2226 599 diutur-

1232 621 1312 652 nos,
1334 623 1346 646 1
1378 641 1385 646 .

1236 664 1383 699 Praestet
1395 671 1443 697 ne
1457 663 1704 706 praelationem
1714 663 1949 706 temporalem
1960 670 2040 698 esse
2054 670 2120 705 pro
2132 665 2227 698 tem-

1234 722 1321 756 pore
1343 713 1567 755 definito,an
1581 713 1784 755 indefinito,
1804 713 1854 747 ib.

1188 762 1359 799 Praelatus
1373 763 1550 806 regularis
1567 766 1683 806 potest
1700 762 1860 804 obligare
1872 761 2058 796 subditum
2079 761 2118 796 in
2137 768 2228 797 con-

1229 815 1384 850 scientia
1412 822 1476 857 per
1499 815 1614 857 legem
1633 813 1690 848 vel
1718 815 1935 855 praeceptum
1962 820 2089 853 suum,
2118 811 2229 855 idque

1233 873 1309 900 non
1333 869 1472 900 tantum
1491 865 1596 899 titulo
1612 864 1684 899 voti
1706 863 1936 904 obedientiae,
1951 863 2018 899 sed
2034 862 2145 897 etiam
2164 863 2230 904 ju-

1234 915 1460 949 risdictionis
1485 913 1753 948 Ecclesiasticae.
1774 920 1806 946 c.
1824 915 1857 947 8.

1192 964 1332 999 Praelati
1352 973 1478 999 omnes
1500 965 1683 1007 regulares
1705 966 1855 1005 possunt
1868 961 2027 1004 obligare
2046 968 2111 1003 per
2134 967 2235 1003 praeq

1235 1018 1392 1059 ceptum,
1408 1023 1483 1050 non
1506 1019 1627 1048 tamen
1655 1020 1781 1048 omnes
1803 1012 1843 1046 id
1872 1013 2023 1055 possunt
2045 1018 2110 1053 per
2135 1009 2231 1052 leges

1237 1070 1298 1101 aut
1311 1069 1441 1101 statuta
1455 1065 1647 1100 condendo
1665 1064 1739 1105 illa,
1759 1063 1808 1098 ib.

1235 1116 1310 1157 Qua
1345 1115 1610 1150 consultatione
1638 1117 1672 1148 et
1704 1112 1857 1147 consilio
1894 1109 2156 1154 imponendum
2184 1109 2234 1146 sit

1237 1170 1470 1208 praeceptum,
1491 1168 1526 1199 et
1539 1173 1586 1199 an
1608 1167 1729 1207 peccet
1744 1162 1913 1196 Praelatus
1931 1160 2233 1196 consultationem

1234 1216 1452 1256 omittendo,
1475 1215 1524 1248 ib.

1235 1267 1290 1301 An
1314 1266 1504 1299 deficiente
1526 1263 1801 1303 consultatione,
1817 1260 1881 1295 ubi
1904 1269 1947 1295 ea
1964 1269 2006 1294 ex
2025 1259 2164 1294 statutis
2177 1266 2240 1305 re-v

1236 1315 1385 1358 ligionis
1400 1313 1685 1357 praerequiritur,
1716 1315 1935 1355 praeceptum
1956 1309 2166 1352 impositum
2185 1309 2234 1346 sit

1237 1366 1393 1406 nullum,
1415 1365 1466 1399 ib.

1236 1415 1370 1449 Caetera
1389 1422 1454 1457 pro
1470 1413 1691 1456 obligatione
1710 1420 1774 1455 per
1793 1413 2025 1454 praeceptum,
2040 1408 2124 1444 vide
2134 1407 2233 1444 Prae-

1238 1469 1394 1508 ceptum.

1237 1515 1303 1554 Qui
1322 1513 1459 1557 praelati
1483 1511 1672 1555 religionis
1686 1510 1824 1554 possint
1836 1511 1932 1553 leges
1949 1513 1984 1544 et
1996 1511 2125 1543 statuta
2142 1515 2233 1546 con-

1239 1565 1336 1606 dere,
1359 1568 1393 1597 et
1411 1572 1475 1607 per
1491 1572 1532 1597 ea
1553 1563 1725 1604 obligare,
1749 1562 1796 1594 ib.

1238 1614 1313 1655 Qua
1331 1613 1594 1648 consultatione
1610 1617 1645 1646 et
1668 1611 1822 1646 consilio
1841 1609 2007 1653 praelatus
2024 1608 2155 1651 possit,
2171 1608 2243 1643 aut:>

1239 1664 1367 1698 debeat
1386 1667 1514 1698 statuta
1537 1663 1707 1703 condere,
1728 1662 1777 1695 ib.

1197 1714 1335 1749 Praelati
1363 1713 1552 1757 religionis
1571 1714 1610 1746 in
1639 1721 1711 1755 qua
1739 1709 1887 1744 materia
1915 1708 2054 1751 possint
2074 1708 2235 1750 obligare

1239 1764 1403 1798 subditos
1419 1773 1483 1806 per
1495 1766 1702 1805 potestatem
1718 1758 1993 1803 jurisdictionis,
2011 1762 2046 1791 et
2059 1762 2235 1800 qnantum

1239 1814 1448 1856 hujusmodi
1470 1814 1615 1847 illorum
1634 1815 1786 1855 potestas
1804 1809 2027 1849 extendatur,
2049 1808 2099 1841 ib.

1239 1866 1293 1899 An
1323 1864 1396 1897 illis
1425 1863 1582 1906 potuerit
1603 1862 1761 1896 conferri
1785 1861 1899 1902 major
1930 1862 2083 1901 potestas
2111 1856 2235 1890 Eccle-

1238 1914 1381 1948 siastica
1404 1914 1442 1946 in
1458 1921 1543 1947 suos
1564 1912 1738 1951 subditos,
1764 1919 1873 1953 quam
1896 1907 2060 1951 Episcopi
2079 1907 2236 1940 habeant

1238 1963 1278 1996 in
1301 1971 1398 2003 suos,
1420 1963 1470 1996 ib.

1196 2013 1334 2046 Praelati
1362 2011 1550 2054 religionis
1577 2020 1637 2052 an,
1656 2014 1691 2044 et
1712 2008 1896 2051 quomodo
1926 2006 2132 2049 obligentur
2159 2004 2234 2039 suis

1238 2062 1389 2105 legibus,
1406 2066 1439 2095 et
1454 2060 1654 2103 praeceptis,
1679 2059 1728 2092 ib.

1195 2112 1332 2146 Praelati
1355 2111 1543 2153 religionis
1570 2113 1781 2153 potestatem
1806 2106 2009 2140 coercivam
2040 2105 2174 2139 habent
2195 2105 2234 2137 in

1238 2170 1322 2196 suos
1343 2161 1518 2198 subditos,
1537 2167 1568 2193 c.
1586 2163 1618 2192 9.

1198 2210 1335 2251 Quanta
1356 2210 1402 2244 sit
1424 2208 1630 2250 hujusmodi
1646 2209 1802 2250 potestas
1820 2205 1856 2238 in
1871 2204 2128 2248 superioribus,
2141 2211 2185 2237 ex
2196 2203 2248 2238 vil·

1237 2261 1310 2295 voti
1334 2260 1549 2294 obedienliae
1569 2258 1813 2298 subditorum,
1835 2256 1883 2289 ib.

1239 2312 1376 2350 Quanta
1392 2310 1499 2343 etiam
1523 2309 1569 2342 sit
1592 2312 1626 2342 et
1648 2307 1844 2350 quotuplex
1861 2306 1998 2339 ratione
2015 2303 2235 2347 jurisdictio-

1239 2360 1299 2394 nis
1313 2359 1583 2400 Ecclesiasticae,
1602 2358 1651 2391 ib.

1240 2412 1294 2445 An
1318 2409 1528 2444 extendatur
1547 2408 1594 2442 ad
1611 2405 1830 2441 coercendos
1848 2403 2010 2440 subditos
2026 2411 2090 2446 per
2103 2410 2234 2437 ceusu-

1240 2468 1312 2499 ras,
1337 2460 1386 2493 ib.
2234 2452 2242 2455 “

1241 2511 1308 2544 Per
1332 2518 1412 2544 eam
1442 2516 1517 2543 non
1548 2510 1662 2551 potest
1688 2504 1827 2548 imponi
1852 2503 2081 2538 interdictum
2108 2502 2235 2544 locale,

1241 2560 1292 2594 ib.

1242 2612 1296 2644 An
1320 2608 1459 2651 imponi
1475 2606 1612 2650 possint
1625 2613 1800 2646 censurae,
1816 2611 1898 2646 quae
1919 2600 2237 2637 communitatibus

1243 2660 1492 2702 imponuntur,
1507 2661 1549 2691 ut
1563 2655 1796 2690 interdictum
1806 2653 2005 2697 personale,
2018 2656 2238 2694 autsuspen-

1242 2710 1296 2745 sio
1312 2708 1473 2751 capituli,
1496 2707 1547 2741 ib.

1241 2761 1311 2800 An,
1323 2763 1359 2793 et
1370 2762 1505 2801 quanta
1519 2758 1672 2799 potestas
1684 2751 1905 2788 censurandi
1920 2751 2169 2795 superioribus
2178 2749 2238 2786 lo-

1243 2810 1383 2844 calibus
1405 2816 1574 2842 concessa
1594 2805 1650 2845 sit,
1675 2804 1727 2841 ib.

1242 2861 1297 2894 An
1311 2859 1400 2893 alias
1416 2865 1543 2900 poenas
1557 2854 1775 2898 spirituales,
1798 2855 1927 2896 praeter
1940 2859 2122 2891 censuras,
2142 2859 2238 2894 prae-

1246 2908 1307 2943 lati
1331 2907 1518 2950 religionis
1534 2913 1722 2948 imponere
1738 2903 1876 2947 possint
1892 2902 1966 2936 suis
1979 2901 2143 2936 subditis.
2166 2901 2215 2935 ib.

1242 2959 1414 2995 Praelatus
1432 2957 1621 3000 religionis
1633 2964 1694 2997 an,
1721 2958 1756 2989 et
1777 2953 1924 2997 quando
1946 2952 2074 2986 debeat
2094 2952 2235 2994 punire,

1243 3013 1280 3044 et
1295 3010 1458 3052 judicare
1482 3007 1646 3042 subditos
1665 3005 1865 3039 secundum
1882 3004 1942 3045 jus
1959 3010 2164 3043 commune,
2185 3002 2234 3035 ib.

1203 3061 1371 3094 Praelatus
1393 3057 1582 3101 religionis
1600 3064 1690 3098 quas
1711 3062 1839 3097 poenas
1873 3053 2085 3095 temporales
2116 3051 2235 3093 impo-

1246 3119 1332 3144 nere
1348 3109 1460 3152 possit
1471 3107 1547 3142 suis
1565 3105 1733 3140 subditis.
1750 3112 1782 3138 c.
1798 3107 1851 3138 10.

1245 3161 1322 3196 Non
1346 3162 1461 3202 potest
1478 3166 1540 3192 eos
1553 3157 1712 3191 relaxare
1733 3153 1883 3188 brachio
1901 3151 2066 3190 seculari,
2091 3148 2140 3184 ib.

1245 3212 1315 3246 Nec
1330 3209 1460 3253 punire
1478 3217 1586 3251 poena
1602 3205 1852 3244 mutilationis,
1869 3206 1931 3237 aut
1945 3201 2099 3245 publicae
2113 3198 2237 3243 flagel-

1247 3260 1394 3296 lationis
1415 3267 1480 3303 per
1495 3258 1643 3301 plateas,
1662 3256 1713 3289 ib.

1247 3310 1363 3346 Potest
1384 3314 1505 3344 tamen
1529 3315 1638 3350 poena
1660 3302 1873 3341 triremium,
1895 3301 1944 3335 ib.

1256 3362 1302 3395 ln
1325 3360 1408 3394 talis
1429 3368 1539 3403 poena
1560 3355 1762 3391 triremium
1785 3352 1832 3386 sit
1845 3349 2078 3390 conveniens,
2096 3348 2148 3383 ib.-

1250 3410 1366 3445 Potest
1377 3410 1485 3443 etiam
1504 3415 1614 3450 poena
1632 3403 1744 3442 exilii,
1764 3402 1858 3435 intra
1877 3401 1991 3444 ipsam
2014 3398 2237 3440 religionem,

1251 3460 1446 3503 relegando
1459 3456 1644 3492 subditum
1662 3453 1709 3487 ad
1722 3451 1882 3495 aliquam
1899 3450 2047 3484 domum
2064 3453 2139 3481 suae
2151 3445 2242 3480 reli-

1279 3510 1385 3544 'onis.
1411 3510 1461 3542 ib.

1251 3518 1329 3594 {lon
1344 3567 1430 3594 vero
1447 3560 1544 3591 extra
1568 3553 1793 3596 religionem,
1817 3548 1996 3593 ejiciendo
2016 3546 2118 3581 illum
2138 3554 2162 3580 a
2181 3553 2243 3580 re-

1253 3609 1403 3652 ligione,
1417 3611 1453 3642 et
1463 3604 1572 3640 simul
1588 3602 1794 3645 relegando,
1810 3599 1860 3633 ib.
2043 3617 2050 3621 -

1255 3658 1348 3700 Quas
1369 3657 1526 3698 denique
1540 3653 1629 3687 alias
1645 3649 1849 3694 corporales
1860 3654 1988 3692 poenas
1998 3644 2155 3681 subditis
2164 3642 2248 3693 suis,

2116 245 2223 288 εισι
2286 212 2342 218 ”
