<?xml version="1.0" encoding="UTF-8"?>
<!DOCTYPE html PUBLIC "-//W3C//DTD XHTML 1.0 Transitional//EN"
    "http://www.w3.org/TR/xhtml1/DTD/xhtml1-transitional.dtd">
<html xmlns="http://www.w3.org/1999/xhtml" xml:lang="en" lang="en">
 <head>
  <title>
</title>
<meta http-equiv="Content-Type" content="text/html;charset=utf-8" />
  <meta name='ocr-system' content='tesseract 3.04.00' />
  <meta name='ocr-capabilities' content='ocr_page ocr_carea ocr_par ocr_line ocrx_word'/>
</head>
<body>
  <div class='ocr_page' id='page_1' title='image "./operaomnia16suaauoft/operaomnia16suaauoft_0320.png"; bbox 0 0 2352 3880; ppageno 0'>
   <div class='ocr_carea' id='block_1_1' title="bbox 119 64 1444 146">
    <p class='ocr_par' dir='ltr' id='par_1_1' title="bbox 119 64 1444 146">
     <span class='ocr_line' id='line_1_1' title="bbox 119 64 1444 102; baseline -0.001 -10"><span class='ocrx_word' id='word_1_1' title='bbox 119 82 132 92; x_wconf 47' lang='grc' dir='ltr'>ι</span> <span class='ocrx_word' id='word_1_2' title='bbox 171 73 191 90; x_wconf 66' lang='lat'><em>..³</em></span> <span class='ocrx_word' id='word_1_3' title='bbox 299 69 341 93; x_wconf 57' lang='lat' dir='ltr'><em>i·</em></span> <span class='ocrx_word' id='word_1_4' title='bbox 543 79 556 87; x_wconf 80' lang='grc'><em>·-</em></span> <span class='ocrx_word' id='word_1_5' title='bbox 591 68 793 102; x_wconf 39' lang='lat' dir='ltr'><em>&#39;teme-pfl·</em></span> <span class='ocrx_word' id='word_1_6' title='bbox 894 80 964 90; x_wconf 90' lang='grc'><em>--</em></span> <span class='ocrx_word' id='word_1_7' title='bbox 1052 64 1260 99; x_wconf 42' lang='lat' dir='ltr'><em>§.Q-&gt;⁶-</em></span> <span class='ocrx_word' id='word_1_8' title='bbox 1298 71 1335 88; x_wconf 34' lang='lat'><em>&#39;¹</em></span> <span class='ocrx_word' id='word_1_9' title='bbox 1375 71 1392 91; x_wconf 82' lang='grc'><em>--.</em></span> <span class='ocrx_word' id='word_1_10' title='bbox 1438 68 1444 75; x_wconf 86' lang='grc'><em>“</em></span> 
     </span>
     <span class='ocr_line' id='line_1_2' title="bbox 1200 131 1326 146; baseline 0.008 -1"><span class='ocrx_word' id='word_1_11' title='bbox 1200 132 1205 145; x_wconf 76' lang='grc' dir='ltr'><strong><em>Δ</em></strong></span> <span class='ocrx_word' id='word_1_12' title='bbox 1320 131 1326 146; x_wconf 80' lang='lat' dir='ltr'><em>l</em></span> 
     </span>
    </p>
   </div>
   <div class='ocr_carea' id='block_1_2' title="bbox 810 101 1031 155">
    <p class='ocr_par' dir='ltr' id='par_1_2' title="bbox 810 101 1031 155">
     <span class='ocr_line' id='line_1_3' title="bbox 810 101 1031 155; baseline -0.005 -12.855"><span class='ocrx_word' id='word_1_13' title='bbox 810 112 860 142; x_wconf 60' lang='grc' dir='ltr'><em>«ι</em></span> <span class='ocrx_word' id='word_1_14' title='bbox 888 95 1039 155; x_wconf 56' lang='grc' dir='ltr'><em>ι»,”·</em></span> 
     </span>
    </p>
   </div>
   <div class='ocr_carea' id='block_1_3' title="bbox 0 123 1231 3641">
    <p class='ocr_par' dir='ltr' id='par_1_3' title="bbox 0 99 1229 2653">
     <span class='ocr_line' id='line_1_4' title="bbox 73 123 390 166; baseline -0.013 -1"><span class='ocrx_word' id='word_1_15' title='bbox 73 123 163 166; x_wconf 47' lang='lat'><em>‡&#39;&#39;&#39;·.&#39;·²‘</em></span> <span class='ocrx_word' id='word_1_16' title='bbox 184 124 270 162; x_wconf 53' lang='lat'><em>,²³³-</em></span> <span class='ocrx_word' id='word_1_17' title='bbox 366 134 390 157; x_wconf 55' lang='lat' dir='ltr'><em>a</em></span> 
     </span>
     <span class='ocr_line' id='line_1_5' title="bbox 0 267 1218 326; baseline -0.008 -9"><span class='ocrx_word' id='word_1_18' title='bbox 0 300 12 326; x_wconf 46' lang='grc' dir='ltr'><em>,ι</em></span> <span class='ocrx_word' id='word_1_19' title='bbox 44 271 49 283; x_wconf 88' lang='lat'>⁷</span> <span class='ocrx_word' id='word_1_20' title='bbox 190 269 429 326; x_wconf 72' lang='lat' dir='ltr'><em>exemplum</em></span> <span class='ocrx_word' id='word_1_21' title='bbox 451 268 587 312; x_wconf 81' lang='lat' dir='ltr'><em>simile</em></span> <span class='ocrx_word' id='word_1_22' title='bbox 622 267 735 322; x_wconf 77' lang='lat' dir='ltr'><em>apud</em></span> <span class='ocrx_word' id='word_1_23' title='bbox 767 268 1008 308; x_wconf 78' lang='lat' dir='ltr'><em>Cassianum</em></span> <span class='ocrx_word' id='word_1_24' title='bbox 1032 267 1218 316; x_wconf 77' lang='lat' dir='ltr'><em>invio,</em></span> 
     </span>
     <span class='ocr_line' id='line_1_6' title="bbox 174 328 1129 389; baseline -0.01 -13"><span class='ocrx_word' id='word_1_25' title='bbox 174 334 262 389; x_wconf 53' lang='lat' dir='ltr'><em>&#39;qui</em></span> <span class='ocrx_word' id='word_1_26' title='bbox 296 333 479 385; x_wconf 87' lang='lat' dir='ltr'><em>loquitur</em></span> <span class='ocrx_word' id='word_1_27' title='bbox 496 332 550 372; x_wconf 85' lang='lat' dir='ltr'><em>de</em></span> <span class='ocrx_word' id='word_1_28' title='bbox 569 329 811 372; x_wconf 82' lang='lat' dir='ltr'><em>charitativa</em></span> <span class='ocrx_word' id='word_1_29' title='bbox 840 328 1129 381; x_wconf 71' lang='lat' dir='ltr'><em>susceptione·</em></span> 
     </span>
     <span class='ocr_line' id='line_1_7' title="bbox 188 387 1223 444; baseline -0.011 -5"><span class='ocrx_word' id='word_1_30' title='bbox 188 402 300 439; x_wconf 84' lang='lat' dir='ltr'><em>trum</em></span> <span class='ocrx_word' id='word_1_31' title='bbox 319 395 373 434; x_wconf 84' lang='lat' dir='ltr'><em>ad</em></span> <span class='ocrx_word' id='word_1_32' title='bbox 403 405 482 434; x_wconf 90' lang='lat' dir='ltr'><em>nos</em></span> <span class='ocrx_word' id='word_1_33' title='bbox 509 393 783 440; x_wconf 85' lang='lat' dir='ltr'><em>venientium,</em></span> <span class='ocrx_word' id='word_1_34' title='bbox 803 402 896 444; x_wconf 79' lang='lat' dir='ltr'><em>quoe</em></span> <span class='ocrx_word' id='word_1_35' title='bbox 923 389 1134 430; x_wconf 84' lang='lat' dir='ltr'><em>interdum</em></span> <span class='ocrx_word' id='word_1_36' title='bbox 1161 387 1223 429; x_wconf 84' lang='lat' dir='ltr'><em>vi-</em></span> 
     </span>
     <span class='ocr_line' id='line_1_8' title="bbox 190 450 1222 508; baseline -0.008 -10"><span class='ocrx_word' id='word_1_37' title='bbox 190 457 277 499; x_wconf 87' lang='lat' dir='ltr'><em>deri</em></span> <span class='ocrx_word' id='word_1_38' title='bbox 313 459 451 508; x_wconf 81' lang='lat' dir='ltr'><em>potest</em></span> <span class='ocrx_word' id='word_1_39' title='bbox 478 456 664 496; x_wconf 77' lang='lat' dir='ltr'><em>nostram</em></span> <span class='ocrx_word' id='word_1_40' title='bbox 686 453 812 494; x_wconf 86' lang='lat' dir='ltr'><em>animi</em></span> <span class='ocrx_word' id='word_1_41' title='bbox 837 452 1144 493; x_wconf 82' lang='lat' dir='ltr'><strong>contentionem</strong></span> <span class='ocrx_word' id='word_1_42' title='bbox 1161 450 1222 490; x_wconf 89' lang='lat' dir='ltr'><em>in-</em></span> 
     </span>
     <span class='ocr_line' id='line_1_9' title="bbox 189 512 1218 569; baseline -0.008 -10"><span class='ocrx_word' id='word_1_43' title='bbox 189 523 448 569; x_wconf 89' lang='lat' dir='ltr'><em>terrumpere</em></span> <span class='ocrx_word' id='word_1_44' title='bbox 473 521 513 556; x_wconf 84' lang='lat' dir='ltr'><em>et</em></span> <span class='ocrx_word' id='word_1_45' title='bbox 527 515 744 568; x_wconf 89' lang='lat' dir='ltr'><em>impedire.</em></span> <span class='ocrx_word' id='word_1_46' title='bbox 764 516 815 556; x_wconf 86' lang='lat' dir='ltr'><em>Et</em></span> <span class='ocrx_word' id='word_1_47' title='bbox 832 519 988 563; x_wconf 78' lang='lat' dir='ltr'><em>tamen,</em></span> <span class='ocrx_word' id='word_1_48' title='bbox 1009 514 1053 553; x_wconf 93' lang='lat' dir='ltr'><em>in</em></span> <span class='ocrx_word' id='word_1_49' title='bbox 1081 512 1218 553; x_wconf 87' lang='lat' dir='ltr'><em>collat.</em></span> 
     </span>
     <span class='ocr_line' id='line_1_10' title="bbox 190 575 1221 630; baseline -0.007 -10"><span class='ocrx_word' id='word_1_50' title='bbox 190 580 257 628; x_wconf 65' lang='lat'><em>24,</em></span> <span class='ocrx_word' id='word_1_51' title='bbox 277 591 366 630; x_wconf 86' lang='lat' dir='ltr'><em>cap.</em></span> <span class='ocrx_word' id='word_1_52' title='bbox 393 578 611 630; x_wconf 85' lang='lat' dir='ltr'><em>vigesimo,</em></span> <span class='ocrx_word' id='word_1_53' title='bbox 637 578 698 618; x_wconf 87' lang='lat' dir='ltr'><em>sic</em></span> <span class='ocrx_word' id='word_1_54' title='bbox 721 577 781 617; x_wconf 85' lang='lat' dir='ltr'><em>ait</em></span> <span class='ocrx_word' id='word_1_55' title='bbox 811 576 1020 616; x_wconf 84' lang='lat' dir='ltr'><em>Abraham</em></span> <span class='ocrx_word' id='word_1_56' title='bbox 1052 575 1221 615; x_wconf 84' lang='lat' dir='ltr'><em>Abbas:</em></span> 
     </span>
     <span class='ocr_line' id='line_1_11' title="bbox 190 636 1222 692; baseline -0.007 -10"><span class='ocrx_word' id='word_1_57' title='bbox 190 641 276 682; x_wconf 90' lang='lat' dir='ltr'><em>Illa</em></span> <span class='ocrx_word' id='word_1_58' title='bbox 294 641 546 680; x_wconf 74' lang='lat' dir='ltr'><em>remissionis</em></span> <span class='ocrx_word' id='word_1_59' title='bbox 559 643 674 692; x_wconf 82' lang='lat' dir='ltr'><em>atque</em></span> <span class='ocrx_word' id='word_1_60' title='bbox 690 639 956 680; x_wconf 72' lang='lat' dir='ltr'><em>numanitatis</em></span> <span class='ocrx_word' id='word_1_61' title='bbox 973 636 1222 687; x_wconf 78' lang='lat' dir='ltr'><em>intercapedo</em></span> 
     </span>
     <span class='ocr_line' id='line_1_12' title="bbox 189 699 1222 754; baseline -0.006 -12"><span class='ocrx_word' id='word_1_62' title='bbox 189 702 444 754; x_wconf 72' lang='lat' dir='ltr'><em>qratissiina,</em></span> <span class='ocrx_word' id='word_1_63' title='bbox 460 713 547 754; x_wconf 87' lang='lat' dir='ltr'><em>quoe</em></span> <span class='ocrx_word' id='word_1_64' title='bbox 562 713 841 752; x_wconf 75' lang='lat' dir='ltr'><em>nonnunquam</em></span> <span class='ocrx_word' id='word_1_65' title='bbox 855 712 928 751; x_wconf 86' lang='lat' dir='ltr'><em>pro</em></span> <span class='ocrx_word' id='word_1_66' title='bbox 952 700 1121 739; x_wconf 72' lang='lat' dir='ltr'><em>adventu</em></span> <span class='ocrx_word' id='word_1_67' title='bbox 1129 699 1222 746; x_wconf 82' lang='lat' dir='ltr'><em>fra-</em></span> 
     </span>
     <span class='ocr_line' id='line_1_13' title="bbox 189 757 1220 810; baseline -0.005 -6"><span class='ocrx_word' id='word_1_68' title='bbox 189 767 296 804; x_wconf 86' lang='lat' dir='ltr'><em>trum</em></span> <span class='ocrx_word' id='word_1_69' title='bbox 316 763 557 803; x_wconf 81' lang='lat' dir='ltr'><em>intervenire</em></span> <span class='ocrx_word' id='word_1_70' title='bbox 573 763 784 810; x_wconf 80' lang='lat' dir='ltr'><em>consuevit,</em></span> <span class='ocrx_word' id='word_1_71' title='bbox 801 762 892 801; x_wconf 85' lang='lat' dir='ltr'><em>licet</em></span> <span class='ocrx_word' id='word_1_72' title='bbox 923 760 1085 799; x_wconf 84' lang='lat' dir='ltr'><em>molesta</em></span> <span class='ocrx_word' id='word_1_73' title='bbox 1112 757 1220 799; x_wconf 75' lang='lat' dir='ltr'><em>vobis</em></span> 
     </span>
     <span class='ocr_line' id='line_1_14' title="bbox 189 819 1222 876; baseline -0.008 -10"><span class='ocrx_word' id='word_1_74' title='bbox 189 835 237 866; x_wconf 83' lang='lat' dir='ltr'><em>ac</em></span> <span class='ocrx_word' id='word_1_75' title='bbox 250 824 443 876; x_wconf 71' lang='lat' dir='ltr'><em>fuyienda</em></span> <span class='ocrx_word' id='word_1_76' title='bbox 458 824 656 871; x_wconf 82' lang='lat' dir='ltr'><em>videatur,</em></span> <span class='ocrx_word' id='word_1_77' title='bbox 677 827 808 864; x_wconf 86' lang='lat' dir='ltr'><em>tamen</em></span> <span class='ocrx_word' id='word_1_78' title='bbox 827 833 945 873; x_wconf 87' lang='lat' dir='ltr'><em>quam</em></span> <span class='ocrx_word' id='word_1_79' title='bbox 964 821 1019 861; x_wconf 85' lang='lat' dir='ltr'><em>sit</em></span> <span class='ocrx_word' id='word_1_80' title='bbox 1038 819 1156 860; x_wconf 83' lang='lat' dir='ltr'><em>utilis</em></span> <span class='ocrx_word' id='word_1_81' title='bbox 1174 830 1222 859; x_wconf 88' lang='lat' dir='ltr'><em>ac</em></span> 
     </span>
     <span class='ocr_line' id='line_1_15' title="bbox 189 881 1220 935; baseline -0.006 -9"><span class='ocrx_word' id='word_1_82' title='bbox 189 885 367 926; x_wconf 82' lang='lat' dir='ltr'><em>salubris</em></span> <span class='ocrx_word' id='word_1_83' title='bbox 399 889 482 925; x_wconf 90' lang='lat' dir='ltr'><em>tam</em></span> <span class='ocrx_word' id='word_1_84' title='bbox 522 884 705 935; x_wconf 85' lang='lat' dir='ltr'><em>corpori,</em></span> <span class='ocrx_word' id='word_1_85' title='bbox 742 894 861 934; x_wconf 83' lang='lat' dir='ltr'><em>quam</em></span> <span class='ocrx_word' id='word_1_86' title='bbox 894 881 1061 935; x_wconf 82' lang='lat' dir='ltr'><em>spiritui</em></span> <span class='ocrx_word' id='word_1_87' title='bbox 1092 883 1220 921; x_wconf 81' lang='lat' dir='ltr'><em>vestro</em></span> 
     </span>
     <span class='ocr_line' id='line_1_16' title="bbox 185 941 1222 1000; baseline -0.009 -12"><span class='ocrx_word' id='word_1_88' title='bbox 185 948 330 1000; x_wconf 75' lang='lat' dir='ltr'><em>paucis</em></span> <span class='ocrx_word' id='word_1_89' title='bbox 356 945 536 997; x_wconf 86' lang='lat' dir='ltr'><em>accipite.</em></span> <span class='ocrx_word' id='word_1_90' title='bbox 557 945 675 996; x_wconf 81' lang='lat' dir='ltr'><em>Soepe</em></span> <span class='ocrx_word' id='word_1_91' title='bbox 690 944 851 991; x_wconf 76' lang='lat' dir='ltr'><em>accidit,</em></span> <span class='ocrx_word' id='word_1_92' title='bbox 869 955 947 983; x_wconf 90' lang='lat' dir='ltr'><em>non</em></span> <span class='ocrx_word' id='word_1_93' title='bbox 965 943 1092 982; x_wconf 86' lang='lat' dir='ltr'><em>dicam</em></span> <span class='ocrx_word' id='word_1_94' title='bbox 1112 941 1222 983; x_wconf 79' lang='lat' dir='ltr'><em>nom·-</em></span> 
     </span>
     <span class='ocr_line' id='line_1_17' title="bbox 188 1003 1222 1057; baseline -0.006 -8"><span class='ocrx_word' id='word_1_95' title='bbox 188 1007 274 1057; x_wconf 75' lang='lat' dir='ltr'><em>tiis,</em></span> <span class='ocrx_word' id='word_1_96' title='bbox 293 1011 331 1048; x_wconf 87' lang='lat' dir='ltr'><em>et</em></span> <span class='ocrx_word' id='word_1_97' title='bbox 347 1006 539 1055; x_wconf 77' lang='lat' dir='ltr'><em>infirmis,</em></span> <span class='ocrx_word' id='word_1_98' title='bbox 555 1006 623 1046; x_wconf 88' lang='lat' dir='ltr'><em>sed</em></span> <span class='ocrx_word' id='word_1_99' title='bbox 639 1004 757 1046; x_wconf 87' lang='lat' dir='ltr'><em>etiam</em></span> <span class='ocrx_word' id='word_1_100' title='bbox 777 1003 1143 1056; x_wconf 62' lang='lat' dir='ltr'><em>emperientissimis,</em></span> <span class='ocrx_word' id='word_1_101' title='bbox 1156 1006 1222 1043; x_wconf 91' lang='lat' dir='ltr'><em>at-</em></span> 
     </span>
     <span class='ocr_line' id='line_1_18' title="bbox 187 1065 1218 1123; baseline -0.005 -13"><span class='ocrx_word' id='word_1_102' title='bbox 187 1077 260 1123; x_wconf 83' lang='lat' dir='ltr'><em>que</em></span> <span class='ocrx_word' id='word_1_103' title='bbox 283 1069 484 1120; x_wconf 73' lang='lat' dir='ltr'><em>perfectis,</em></span> <span class='ocrx_word' id='word_1_104' title='bbox 505 1070 551 1106; x_wconf 86' lang='lat' dir='ltr'><em>ut</em></span> <span class='ocrx_word' id='word_1_105' title='bbox 579 1065 660 1105; x_wconf 85' lang='lat' dir='ltr'><em>nisi</em></span> <span class='ocrx_word' id='word_1_106' title='bbox 689 1066 834 1106; x_wconf 84' lang='lat' dir='ltr'><em>mentis</em></span> <span class='ocrx_word' id='word_1_107' title='bbox 868 1077 999 1107; x_wconf 84' lang='lat' dir='ltr'><em>eorum</em></span> <span class='ocrx_word' id='word_1_108' title='bbox 1038 1065 1218 1112; x_wconf 79' lang='lat' dir='ltr'><em>directio,</em></span> 
     </span>
     <span class='ocr_line' id='line_1_19' title="bbox 187 1127 1220 1182; baseline -0.005 -11"><span class='ocrx_word' id='word_1_109' title='bbox 187 1134 306 1182; x_wconf 72' lang='lat' dir='ltr'><em>atque</em></span> <span class='ocrx_word' id='word_1_110' title='bbox 315 1141 498 1176; x_wconf 77' lang='lat' dir='ltr'><em>censura,</em></span> <span class='ocrx_word' id='word_1_111' title='bbox 520 1127 753 1180; x_wconf 83' lang='lat' dir='ltr'><em>quibusdam</em></span> <span class='ocrx_word' id='word_1_112' title='bbox 773 1128 899 1174; x_wconf 78' lang='lat' dir='ltr'><em>fuerit</em></span> <span class='ocrx_word' id='word_1_113' title='bbox 918 1129 1079 1168; x_wconf 84' lang='lat' dir='ltr'><em>munita</em></span> <span class='ocrx_word' id='word_1_114' title='bbox 1101 1127 1220 1167; x_wconf 79' lang='lat' dir='ltr'><em>vicis-</em></span> 
     </span>
     <span class='ocr_line' id='line_1_20' title="bbox 188 1185 1222 1239; baseline -0.004 -7"><span class='ocrx_word' id='word_1_115' title='bbox 188 1191 413 1232; x_wconf 85' lang='lat' dir='ltr'><em>situdinum</em></span> <span class='ocrx_word' id='word_1_116' title='bbox 435 1188 692 1236; x_wconf 75' lang='lat' dir='ltr'><em>laxamentis,</em></span> <span class='ocrx_word' id='word_1_117' title='bbox 716 1191 788 1228; x_wconf 90' lang='lat' dir='ltr'><em>aut</em></span> <span class='ocrx_word' id='word_1_118' title='bbox 818 1188 863 1229; x_wconf 83' lang='lat' dir='ltr'><em>in</em></span> <span class='ocrx_word' id='word_1_119' title='bbox 896 1191 1065 1239; x_wconf 80' lang='lat' dir='ltr'><em>teporem</em></span> <span class='ocrx_word' id='word_1_120' title='bbox 1098 1185 1222 1238; x_wconf 85' lang='lat' dir='ltr'><em>spiri-</em></span> 
     </span>
     <span class='ocr_line' id='line_1_21' title="bbox 186 1249 1222 1302; baseline -0.005 -8"><span class='ocrx_word' id='word_1_121' title='bbox 186 1254 267 1300; x_wconf 78' lang='lat' dir='ltr'><em>tus,</em></span> <span class='ocrx_word' id='word_1_122' title='bbox 287 1254 359 1292; x_wconf 86' lang='lat' dir='ltr'><em>aut</em></span> <span class='ocrx_word' id='word_1_123' title='bbox 378 1254 480 1292; x_wconf 86' lang='lat' dir='ltr'><em>certe</em></span> <span class='ocrx_word' id='word_1_124' title='bbox 505 1251 548 1290; x_wconf 88' lang='lat' dir='ltr'><em>in</em></span> <span class='ocrx_word' id='word_1_125' title='bbox 564 1250 833 1302; x_wconf 73' lang='lat' dir='ltr'><em>perniciosam</em></span> <span class='ocrx_word' id='word_1_126' title='bbox 865 1250 1044 1301; x_wconf 86' lang='lat' dir='ltr'><em>corporis</em></span> <span class='ocrx_word' id='word_1_127' title='bbox 1070 1249 1222 1289; x_wconf 80' lang='lat' dir='ltr'><em>valetu-</em></span> 
     </span>
     <span class='ocr_line' id='line_1_22' title="bbox 187 1310 1223 1362; baseline -0.002 -9"><span class='ocrx_word' id='word_1_128' title='bbox 187 1311 315 1354; x_wconf 82' lang='lat' dir='ltr'><em>dinem</em></span> <span class='ocrx_word' id='word_1_129' title='bbox 331 1312 565 1352; x_wconf 82' lang='lat' dir='ltr'><em>collabatur.</em></span> <span class='ocrx_word' id='word_1_130' title='bbox 584 1311 644 1351; x_wconf 81' lang='lat' dir='ltr'><em>Et</em></span> <span class='ocrx_word' id='word_1_131' title='bbox 663 1311 749 1351; x_wconf 78' lang='lat' dir='ltr'><em>ideo</em></span> <span class='ocrx_word' id='word_1_132' title='bbox 768 1323 793 1350; x_wconf 83' lang='lat' dir='ltr'><em>a</em></span> <span class='ocrx_word' id='word_1_133' title='bbox 805 1310 1083 1362; x_wconf 79' lang='lat' dir='ltr'><em>prudentibus,</em></span> <span class='ocrx_word' id='word_1_134' title='bbox 1107 1313 1223 1361; x_wconf 82' lang='lat' dir='ltr'><em>atque</em></span> 
     </span>
     <span class='ocr_line' id='line_1_23' title="bbox 184 1371 1223 1426; baseline -0.003 -13"><span class='ocrx_word' id='word_1_135' title='bbox 184 1374 391 1426; x_wconf 81' lang='lat' dir='ltr'><em>perfectis,</em></span> <span class='ocrx_word' id='word_1_136' title='bbox 405 1384 491 1412; x_wconf 89' lang='lat' dir='ltr'><em>cum</em></span> <span class='ocrx_word' id='word_1_137' title='bbox 510 1371 779 1413; x_wconf 75' lang='lat' dir='ltr'><em>intercesserit</em></span> <span class='ocrx_word' id='word_1_138' title='bbox 794 1371 929 1411; x_wconf 80' lang='lat' dir='ltr'><em>crebra</em></span> <span class='ocrx_word' id='word_1_139' title='bbox 949 1372 1068 1412; x_wconf 82' lang='lat' dir='ltr'><em>etiam</em></span> <span class='ocrx_word' id='word_1_140' title='bbox 1080 1372 1223 1410; x_wconf 83' lang='lat' dir='ltr'><em>visita-</em></span> 
     </span>
     <span class='ocr_line' id='line_1_24' title="bbox 188 1431 1223 1485; baseline -0.006 -9"><span class='ocrx_word' id='word_1_141' title='bbox 188 1435 260 1483; x_wconf 74' lang='lat' dir='ltr'><em>tio,</em></span> <span class='ocrx_word' id='word_1_142' title='bbox 281 1446 357 1474; x_wconf 87' lang='lat' dir='ltr'><em>non</em></span> <span class='ocrx_word' id='word_1_143' title='bbox 385 1434 512 1474; x_wconf 87' lang='lat' dir='ltr'><em>solum</em></span> <span class='ocrx_word' id='word_1_144' title='bbox 535 1432 741 1474; x_wconf 87' lang='lat' dir='ltr'><em>toleranda</em></span> <span class='ocrx_word' id='word_1_145' title='bbox 768 1433 984 1485; x_wconf 84' lang='lat' dir='ltr'><em>patienter,</em></span> <span class='ocrx_word' id='word_1_146' title='bbox 1003 1433 1072 1471; x_wconf 87' lang='lat' dir='ltr'><em>sed</em></span> <span class='ocrx_word' id='word_1_147' title='bbox 1102 1431 1223 1472; x_wconf 87' lang='lat' dir='ltr'><em>etiam</em></span> 
     </span>
     <span class='ocr_line' id='line_1_25' title="bbox 186 1493 1223 1549; baseline -0.005 -13"><span class='ocrx_word' id='word_1_148' title='bbox 186 1499 400 1549; x_wconf 68' lang='lat' dir='ltr'><em>yratanter</em></span> <span class='ocrx_word' id='word_1_149' title='bbox 416 1498 474 1535; x_wconf 87' lang='lat' dir='ltr'><em>est</em></span> <span class='ocrx_word' id='word_1_150' title='bbox 494 1494 777 1546; x_wconf 79' lang='lat' dir='ltr'><em>amplectenda.</em></span> <span class='ocrx_word' id='word_1_151' title='bbox 794 1493 890 1539; x_wconf 82' lang='lat' dir='ltr'><em>Quae</em></span> <span class='ocrx_word' id='word_1_152' title='bbox 913 1493 1051 1532; x_wconf 89' lang='lat' dir='ltr'><em>omnia</em></span> <span class='ocrx_word' id='word_1_153' title='bbox 1065 1493 1109 1532; x_wconf 76' lang='lat' dir='ltr'><em>In</em></span> <span class='ocrx_word' id='word_1_154' title='bbox 1129 1504 1223 1532; x_wconf 90' lang='lat' dir='ltr'><em>nos-</em></span> 
     </span>
     <span class='ocr_line' id='line_1_26' title="bbox 186 1555 1224 1608; baseline -0.005 -11"><span class='ocrx_word' id='word_1_155' title='bbox 186 1560 293 1599; x_wconf 84' lang='lat' dir='ltr'><em>tram</em></span> <span class='ocrx_word' id='word_1_156' title='bbox 331 1556 618 1608; x_wconf 80' lang='lat' dir='ltr'><em>quotidianam</em></span> <span class='ocrx_word' id='word_1_157' title='bbox 646 1555 999 1606; x_wconf 81' lang='lat' dir='ltr'><em>intercapedinem</em></span> <span class='ocrx_word' id='word_1_158' title='bbox 1027 1567 1102 1606; x_wconf 89' lang='lat' dir='ltr'><em>per</em></span> <span class='ocrx_word' id='word_1_159' title='bbox 1131 1565 1224 1592; x_wconf 87' lang='lat' dir='ltr'><em>mu-</em></span> 
     </span>
     <span class='ocr_line' id='line_1_27' title="bbox 186 1616 1223 1668; baseline -0.004 -10"><span class='ocrx_word' id='word_1_160' title='bbox 186 1622 303 1658; x_wconf 86' lang='lat' dir='ltr'><em>tuam</em></span> <span class='ocrx_word' id='word_1_161' title='bbox 324 1618 497 1658; x_wconf 80' lang='lat' dir='ltr'><em>fratrum</em></span> <span class='ocrx_word' id='word_1_162' title='bbox 518 1617 832 1657; x_wconf 86' lang='lat' dir='ltr'><em>collocutionem</em></span> <span class='ocrx_word' id='word_1_163' title='bbox 871 1616 1041 1668; x_wconf 80' lang='lat' dir='ltr'><em>egregie</em></span> <span class='ocrx_word' id='word_1_164' title='bbox 1075 1627 1223 1655; x_wconf 86' lang='lat' dir='ltr'><em>conve-</em></span> 
     </span>
     <span class='ocr_line' id='line_1_28' title="bbox 187 1676 1225 1731; baseline -0.004 -12"><span class='ocrx_word' id='word_1_165' title='bbox 187 1680 323 1727; x_wconf 88' lang='lat' dir='ltr'><em>niunt,</em></span> <span class='ocrx_word' id='word_1_166' title='bbox 343 1691 441 1718; x_wconf 82' lang='lat' dir='ltr'><em>nam</em></span> <span class='ocrx_word' id='word_1_167' title='bbox 476 1691 646 1731; x_wconf 86' lang='lat' dir='ltr'><em>prorsus</em></span> <span class='ocrx_word' id='word_1_168' title='bbox 665 1678 835 1718; x_wconf 88' lang='lat' dir='ltr'><em>eosdem</em></span> <span class='ocrx_word' id='word_1_169' title='bbox 853 1677 960 1717; x_wconf 86' lang='lat' dir='ltr'><em>fines</em></span> <span class='ocrx_word' id='word_1_170' title='bbox 991 1681 1032 1716; x_wconf 88' lang='lat' dir='ltr'><em>et</em></span> <span class='ocrx_word' id='word_1_171' title='bbox 1053 1676 1225 1716; x_wconf 86' lang='lat' dir='ltr'><em>eosdem</em></span> 
     </span>
     <span class='ocr_line' id='line_1_29' title="bbox 187 1738 1226 1794; baseline -0.003 -13"><span class='ocrx_word' id='word_1_172' title='bbox 187 1741 346 1782; x_wconf 84' lang='lat' dir='ltr'><em>fructus</em></span> <span class='ocrx_word' id='word_1_173' title='bbox 365 1742 506 1791; x_wconf 84' lang='lat' dir='ltr'><em>habet,</em></span> <span class='ocrx_word' id='word_1_174' title='bbox 528 1753 633 1794; x_wconf 90' lang='lat' dir='ltr'><em>quos</em></span> <span class='ocrx_word' id='word_1_175' title='bbox 657 1741 794 1780; x_wconf 84' lang='lat' dir='ltr'><em>statim</em></span> <span class='ocrx_word' id='word_1_176' title='bbox 825 1743 1139 1787; x_wconf 81' lang='lat' dir='ltr'><em>commemorat,</em></span> <span class='ocrx_word' id='word_1_177' title='bbox 1163 1738 1226 1778; x_wconf 88' lang='lat' dir='ltr'><em>di-</em></span> 
     </span>
     <span class='ocr_line' id='line_1_30' title="bbox 190 1802 1224 1856; baseline -0.003 -12"><span class='ocrx_word' id='word_1_178' title='bbox 190 1816 288 1844; x_wconf 84' lang='lat' dir='ltr'><em>cens</em></span> <span class='ocrx_word' id='word_1_179' title='bbox 311 1815 321 1842; x_wconf 92' lang='lat'><strong>:</strong></span> <span class='ocrx_word' id='word_1_180' title='bbox 344 1804 555 1852; x_wconf 76' lang='lat' dir='ltr'><em>Primum,</em></span> <span class='ocrx_word' id='word_1_181' title='bbox 589 1803 692 1856; x_wconf 82' lang='lat' dir='ltr'><em>quod</em></span> <span class='ocrx_word' id='word_1_182' title='bbox 723 1805 911 1854; x_wconf 79' lang='lat' dir='ltr'><em>provocat</em></span> <span class='ocrx_word' id='word_1_183' title='bbox 956 1813 1027 1841; x_wconf 88' lang='lat' dir='ltr'><em>nos</em></span> <span class='ocrx_word' id='word_1_184' title='bbox 1063 1802 1224 1842; x_wconf 74' lang='lat' dir='ltr'><em>avidius</em></span> 
     </span>
     <span class='ocr_line' id='line_1_31' title="bbox 189 1864 1224 1917; baseline -0.005 -9"><span class='ocrx_word' id='word_1_185' title='bbox 189 1877 340 1917; x_wconf 75' lang='lat' dir='ltr'><em>semper</em></span> <span class='ocrx_word' id='word_1_186' title='bbox 372 1865 603 1906; x_wconf 77' lang='lat' dir='ltr'><em>solitudinis</em></span> <span class='ocrx_word' id='word_1_187' title='bbox 628 1864 851 1906; x_wconf 82' lang='lat' dir='ltr'><em>desiderare</em></span> <span class='ocrx_word' id='word_1_188' title='bbox 886 1867 1076 1904; x_wconf 84' lang='lat' dir='ltr'><em>secretum</em></span> <span class='ocrx_word' id='word_1_189' title='bbox 1089 1879 1107 1908; x_wconf 92' lang='lat'><em>,·</em></span> <span class='ocrx_word' id='word_1_190' title='bbox 1131 1874 1224 1903; x_wconf 89' lang='lat' dir='ltr'><em>nam</em></span> 
     </span>
     <span class='ocr_line' id='line_1_32' title="bbox 189 1925 1226 1982; baseline -0.001 -15"><span class='ocrx_word' id='word_1_191' title='bbox 189 1928 356 1982; x_wconf 76' lang='lat' dir='ltr'><em>quodam</em></span> <span class='ocrx_word' id='word_1_192' title='bbox 363 1927 467 1966; x_wconf 85' lang='lat' dir='ltr'><em>modo</em></span> <span class='ocrx_word' id='word_1_193' title='bbox 485 1937 645 1965; x_wconf 87' lang='lat' dir='ltr'><em>cursum</em></span> <span class='ocrx_word' id='word_1_194' title='bbox 658 1929 853 1972; x_wconf 86' lang='lat' dir='ltr'><em>nostrum,</em></span> <span class='ocrx_word' id='word_1_195' title='bbox 867 1925 960 1964; x_wconf 86' lang='lat' dir='ltr'><em>dum</em></span> <span class='ocrx_word' id='word_1_196' title='bbox 983 1925 1226 1978; x_wconf 82' lang='lat' dir='ltr'><em>interpolare</em></span> 
     </span>
     <span class='ocr_line' id='line_1_33' title="bbox 192 1986 1222 2039; baseline -0.004 -9"><span class='ocrx_word' id='word_1_197' title='bbox 192 1989 385 2036; x_wconf 77' lang='lat' dir='ltr'><em>creditur,</em></span> <span class='ocrx_word' id='word_1_198' title='bbox 423 1986 722 2039; x_wconf 62' lang='lat' dir='ltr'><em>infatigabilem</em></span> <span class='ocrx_word' id='word_1_199' title='bbox 758 1988 971 2039; x_wconf 58' lang='lat' dir='ltr'><em>jugemque</em></span> <span class='ocrx_word' id='word_1_200' title='bbox 1005 1989 1222 2034; x_wconf 83' lang='lat' dir='ltr'><em>conservat,</em></span> 
     </span>
     <span class='ocr_line' id='line_1_34' title="bbox 191 2047 1227 2102; baseline 0 -14"><span class='ocrx_word' id='word_1_201' title='bbox 191 2048 261 2102; x_wconf 83' lang='lat' dir='ltr'><em>qui</em></span> <span class='ocrx_word' id='word_1_202' title='bbox 286 2050 325 2088; x_wconf 88' lang='lat' dir='ltr'><em>si</em></span> <span class='ocrx_word' id='word_1_203' title='bbox 353 2047 459 2087; x_wconf 88' lang='lat' dir='ltr'><em>nullo</em></span> <span class='ocrx_word' id='word_1_204' title='bbox 481 2048 679 2087; x_wconf 88' lang='lat' dir='ltr'><em>interdum</em></span> <span class='ocrx_word' id='word_1_205' title='bbox 708 2047 809 2087; x_wconf 81' lang='lat' dir='ltr'><em>obice</em></span> <span class='ocrx_word' id='word_1_206' title='bbox 838 2048 1085 2094; x_wconf 83' lang='lat' dir='ltr'><em>tardaretur,</em></span> <span class='ocrx_word' id='word_1_207' title='bbox 1104 2058 1227 2099; x_wconf 82' lang='lat' dir='ltr'><em>usque</em></span> 
     </span>
     <span class='ocr_line' id='line_1_35' title="bbox 192 2109 1227 2159; baseline -0.001 -8"><span class='ocrx_word' id='word_1_208' title='bbox 192 2110 247 2151; x_wconf 84' lang='lat' dir='ltr'><em>ad</em></span> <span class='ocrx_word' id='word_1_209' title='bbox 275 2109 395 2158; x_wconf 79' lang='lat' dir='ltr'><em>finem</em></span> <span class='ocrx_word' id='word_1_210' title='bbox 422 2110 646 2148; x_wconf 73' lang='lat' dir='ltr'><em>contendere</em></span> <span class='ocrx_word' id='word_1_211' title='bbox 664 2109 866 2158; x_wconf 83' lang='lat' dir='ltr'><em>indefessa</em></span> <span class='ocrx_word' id='word_1_212' title='bbox 892 2109 1130 2159; x_wconf 80' lang='lat' dir='ltr'><em>pernicitate</em></span> <span class='ocrx_word' id='word_1_213' title='bbox 1148 2119 1227 2150; x_wconf 80' lang='lat' dir='ltr'><em>non</em></span> 
     </span>
     <span class='ocr_line' id='line_1_36' title="bbox 186 2170 1227 2223; baseline 0.001 -14"><span class='ocrx_word' id='word_1_214' title='bbox 186 2173 334 2223; x_wconf 88' lang='lat' dir='ltr'><em>posset.</em></span> <span class='ocrx_word' id='word_1_215' title='bbox 347 2171 510 2218; x_wconf 85' lang='lat' dir='ltr'><em>Deinde,</em></span> <span class='ocrx_word' id='word_1_216' title='bbox 521 2170 624 2222; x_wconf 80' lang='lat' dir='ltr'><em>quod</em></span> <span class='ocrx_word' id='word_1_217' title='bbox 635 2171 903 2209; x_wconf 83' lang='lat' dir='ltr'><em>necessitatem</em></span> <span class='ocrx_word' id='word_1_218' title='bbox 922 2171 1129 2210; x_wconf 85' lang='lat' dir='ltr'><em>recreandi</em></span> <span class='ocrx_word' id='word_1_219' title='bbox 1142 2181 1227 2210; x_wconf 92' lang='lat' dir='ltr'><em>cor—</em></span> 
     </span>
     <span class='ocr_line' id='line_1_37' title="bbox 188 2230 1227 2285; baseline -0.001 -13"><span class='ocrx_word' id='word_1_220' title='bbox 188 2232 348 2285; x_wconf 79' lang='lat' dir='ltr'><em>pusculi</em></span> <span class='ocrx_word' id='word_1_221' title='bbox 369 2243 455 2271; x_wconf 85' lang='lat' dir='ltr'><em>cum</em></span> <span class='ocrx_word' id='word_1_222' title='bbox 468 2231 607 2281; x_wconf 82' lang='lat' dir='ltr'><em>fructu</em></span> <span class='ocrx_word' id='word_1_223' title='bbox 633 2230 899 2271; x_wconf 74' lang='lat' dir='ltr'><em>humanitatis</em></span> <span class='ocrx_word' id='word_1_224' title='bbox 922 2231 1116 2283; x_wconf 69' lang='lat' dir='ltr'><em>indulyet,</em></span> <span class='ocrx_word' id='word_1_225' title='bbox 1138 2243 1227 2271; x_wconf 85' lang='lat' dir='ltr'><em>ma-</em></span> 
     </span>
     <span class='ocr_line' id='line_1_38' title="bbox 185 2292 1226 2346; baseline -0.002 -13"><span class='ocrx_word' id='word_1_226' title='bbox 185 2293 286 2346; x_wconf 78' lang='lat' dir='ltr'><em>jora</em></span> <span class='ocrx_word' id='word_1_227' title='bbox 301 2294 414 2333; x_wconf 72' lang='lat' dir='ltr'><em>nobis</em></span> <span class='ocrx_word' id='word_1_228' title='bbox 443 2295 649 2341; x_wconf 83' lang='lat' dir='ltr'><em>conferens</em></span> <span class='ocrx_word' id='word_1_229' title='bbox 666 2293 781 2333; x_wconf 86' lang='lat' dir='ltr'><em>lucra</em></span> <span class='ocrx_word' id='word_1_230' title='bbox 795 2322 804 2339; x_wconf 89' lang='lat'><em>,</em></span> <span class='ocrx_word' id='word_1_231' title='bbox 824 2304 909 2332; x_wconf 84' lang='lat' dir='ltr'><em>cum</em></span> <span class='ocrx_word' id='word_1_232' title='bbox 931 2292 1226 2343; x_wconf 79' lang='lat' dir='ltr'><em>jucundissimo</em></span> 
     </span>
     <span class='ocr_line' id='line_1_39' title="bbox 187 2352 1228 2406; baseline -0.004 -10"><span class='ocrx_word' id='word_1_233' title='bbox 187 2355 371 2406; x_wconf 12' lang='lat' dir='ltr'><em>,eorporis</em></span> <span class='ocrx_word' id='word_1_234' title='bbox 407 2354 650 2402; x_wconf 71' lang='lat' dir='ltr'><em>laxamento,</em></span> <span class='ocrx_word' id='word_1_235' title='bbox 679 2365 799 2406; x_wconf 85' lang='lat' dir='ltr'><em>quam</em></span> <span class='ocrx_word' id='word_1_236' title='bbox 818 2353 893 2393; x_wconf 83' lang='lat' dir='ltr'><em>illa</em></span> <span class='ocrx_word' id='word_1_237' title='bbox 928 2352 1024 2400; x_wconf 85' lang='lat' dir='ltr'><em>sint,</em></span> <span class='ocrx_word' id='word_1_238' title='bbox 1041 2364 1127 2403; x_wconf 80' lang='lat' dir='ltr'><em>quoe</em></span> <span class='ocrx_word' id='word_1_239' title='bbox 1156 2363 1228 2404; x_wconf 84' lang='lat' dir='ltr'><em>per</em></span> 
     </span>
     <span class='ocr_line' id='line_1_40' title="bbox 193 2414 1229 2466; baseline -0.005 -9"><span class='ocrx_word' id='word_1_240' title='bbox 193 2414 442 2459; x_wconf 75' lang='lat' dir='ltr'><em>abstinentiae</em></span> <span class='ocrx_word' id='word_1_241' title='bbox 461 2416 746 2466; x_wconf 70' lang='lat' dir='ltr'><em>satiyationem</em></span> <span class='ocrx_word' id='word_1_242' title='bbox 772 2418 934 2464; x_wconf 54' lang='lat' dir='ltr'><em>patrant</em></span> <span class='ocrx_word' id='word_1_243' title='bbox 961 2415 1200 2465; x_wconf 85' lang='lat' dir='ltr'><em>acquirenda</em></span> <span class='ocrx_word' id='word_1_244' title='bbox 1213 2431 1229 2461; x_wconf 84' lang='lat'><em>,-</em></span> 
     </span>
     <span class='ocr_line' id='line_1_41' title="bbox 193 2475 1229 2530; baseline -0.004 -13"><span class='ocrx_word' id='word_1_245' title='bbox 193 2485 287 2530; x_wconf 82' lang='lat' dir='ltr'><em>quae</em></span> <span class='ocrx_word' id='word_1_246' title='bbox 321 2476 460 2517; x_wconf 85' lang='lat' dir='ltr'><em>omnia</em></span> <span class='ocrx_word' id='word_1_247' title='bbox 483 2480 626 2515; x_wconf 87' lang='lat' dir='ltr'><em>nostro</em></span> <span class='ocrx_word' id='word_1_248' title='bbox 645 2476 858 2527; x_wconf 78' lang='lat' dir='ltr'><em>proposito</em></span> <span class='ocrx_word' id='word_1_249' title='bbox 880 2475 1046 2527; x_wconf 84' lang='lat' dir='ltr'><em>egregie</em></span> <span class='ocrx_word' id='word_1_250' title='bbox 1068 2487 1229 2514; x_wconf 88' lang='lat' dir='ltr'><em>accom-</em></span> 
     </span>
     <span class='ocr_line' id='line_1_42' title="bbox 192 2539 1228 2588; baseline -0.004 -6"><span class='ocrx_word' id='word_1_251' title='bbox 192 2539 430 2588; x_wconf 87' lang='lat' dir='ltr'><em>modantur,</em></span> <span class='ocrx_word' id='word_1_252' title='bbox 452 2552 550 2579; x_wconf 86' lang='lat' dir='ltr'><em>nam</em></span> <span class='ocrx_word' id='word_1_253' title='bbox 569 2552 716 2580; x_wconf 86' lang='lat' dir='ltr'><em>revera</em></span> <span class='ocrx_word' id='word_1_254' title='bbox 737 2539 896 2578; x_wconf 79' lang='lat' dir='ltr'><em>eaedem</em></span> <span class='ocrx_word' id='word_1_255' title='bbox 916 2539 1083 2578; x_wconf 91' lang='lat' dir='ltr'><em>omnino</em></span> <span class='ocrx_word' id='word_1_256' title='bbox 1103 2539 1228 2579; x_wconf 82' lang='lat' dir='ltr'><em>ratio-</em></span> 
     </span>
     <span class='ocr_line' id='line_1_43' title="bbox 193 2600 1100 2653; baseline -0.006 -9"><span class='ocrx_word' id='word_1_257' title='bbox 193 2613 270 2645; x_wconf 85' lang='lat' dir='ltr'><em>nes</em></span> <span class='ocrx_word' id='word_1_258' title='bbox 286 2603 330 2642; x_wconf 87' lang='lat' dir='ltr'><em>in</em></span> <span class='ocrx_word' id='word_1_259' title='bbox 352 2603 543 2653; x_wconf 78' lang='lat' dir='ltr'><em>praesenti</em></span> <span class='ocrx_word' id='word_1_260' title='bbox 564 2601 758 2641; x_wconf 85' lang='lat' dir='ltr'><em>exercitio</em></span> <span class='ocrx_word' id='word_1_261' title='bbox 771 2601 908 2640; x_wconf 91' lang='lat' dir='ltr'><em>locum</em></span> <span class='ocrx_word' id='word_1_262' title='bbox 928 2600 1100 2640; x_wconf 89' lang='lat' dir='ltr'><em>habent.</em></span> 
     </span>
    </p>

    <p class='ocr_par' dir='ltr' id='par_1_4' title="bbox 190 2664 1231 3578">
     <span class='ocr_line' id='line_1_44' title="bbox 248 2664 1228 2717; baseline -0.002 -12"><span class='ocrx_word' id='word_1_263' title='bbox 248 2666 312 2705; x_wconf 78' lang='lat'><em>17.</em></span> <span class='ocrx_word' id='word_1_264' title='bbox 343 2666 435 2706; x_wconf 84' lang='lat' dir='ltr'><em>Hoc</em></span> <span class='ocrx_word' id='word_1_265' title='bbox 454 2666 574 2705; x_wconf 88' lang='lat' dir='ltr'><em>etiam</em></span> <span class='ocrx_word' id='word_1_266' title='bbox 593 2665 719 2705; x_wconf 85' lang='lat' dir='ltr'><em>medio</em></span> <span class='ocrx_word' id='word_1_267' title='bbox 749 2664 993 2704; x_wconf 69' lang='lat' dir='ltr'><em>instruimur</em></span> <span class='ocrx_word' id='word_1_268' title='bbox 1027 2664 1080 2703; x_wconf 92' lang='lat' dir='ltr'><em>ad</em></span> <span class='ocrx_word' id='word_1_269' title='bbox 1111 2674 1228 2717; x_wconf 72' lang='lat' dir='ltr'><em>ayen-</em></span> 
     </span>
     <span class='ocr_line' id='line_1_45' title="bbox 190 2725 1228 2778; baseline -0.005 -10"><span class='ocrx_word' id='word_1_270' title='bbox 190 2726 287 2776; x_wconf 55' lang='lat' dir='ltr'><em>„dum</em></span> <span class='ocrx_word' id='word_1_271' title='bbox 303 2737 389 2767; x_wconf 78' lang='lat' dir='ltr'><em>cum</em></span> <span class='ocrx_word' id='word_1_272' title='bbox 409 2727 625 2778; x_wconf 75' lang='lat' dir='ltr'><em>proximis.</em></span> <span class='ocrx_word' id='word_1_273' title='bbox 643 2747 693 2754; x_wconf 93' lang='lat'>—</span> <span class='ocrx_word' id='word_1_274' title='bbox 712 2725 801 2765; x_wconf 84' lang='lat' dir='ltr'><em>Alia</em></span> <span class='ocrx_word' id='word_1_275' title='bbox 821 2729 1024 2776; x_wconf 79' lang='lat' dir='ltr'><em>praeterea</em></span> <span class='ocrx_word' id='word_1_276' title='bbox 1042 2725 1228 2764; x_wconf 85' lang='lat' dir='ltr'><em>conside-</em></span> 
     </span>
     <span class='ocr_line' id='line_1_46' title="bbox 193 2786 1230 2843; baseline -0.002 -15"><span class='ocrx_word' id='word_1_277' title='bbox 193 2788 504 2843; x_wconf 39' lang='lat' dir='ltr'><em>ratio-adhiberi</em></span> <span class='ocrx_word' id='word_1_278' title='bbox 535 2791 684 2838; x_wconf 86' lang='lat' dir='ltr'><em>potest,</em></span> <span class='ocrx_word' id='word_1_279' title='bbox 707 2787 803 2837; x_wconf 88' lang='lat' dir='ltr'><em>quia</em></span> <span class='ocrx_word' id='word_1_280' title='bbox 843 2786 922 2826; x_wconf 89' lang='lat' dir='ltr'><em>hoc</em></span> <span class='ocrx_word' id='word_1_281' title='bbox 950 2787 1134 2826; x_wconf 85' lang='lat' dir='ltr'><em>medium</em></span> <span class='ocrx_word' id='word_1_282' title='bbox 1168 2788 1230 2826; x_wconf 87' lang='lat' dir='ltr'><em>est</em></span> 
     </span>
     <span class='ocr_line' id='line_1_47' title="bbox 195 2848 1229 2900; baseline -0.004 -9"><span class='ocrx_word' id='word_1_283' title='bbox 195 2850 323 2892; x_wconf 80' lang='lat' dir='ltr'><em>etiam</em></span> <span class='ocrx_word' id='word_1_284' title='bbox 353 2849 452 2888; x_wconf 89' lang='lat' dir='ltr'><em>utile</em></span> <span class='ocrx_word' id='word_1_285' title='bbox 483 2848 676 2888; x_wconf 84' lang='lat' dir='ltr'><em>Societati</em></span> <span class='ocrx_word' id='word_1_286' title='bbox 708 2849 761 2888; x_wconf 88' lang='lat' dir='ltr'><em>ad</em></span> <span class='ocrx_word' id='word_1_287' title='bbox 792 2849 916 2888; x_wconf 83' lang='lat' dir='ltr'><em>finem</em></span> <span class='ocrx_word' id='word_1_288' title='bbox 937 2861 1060 2887; x_wconf 87' lang='lat' dir='ltr'><em>suum</em></span> <span class='ocrx_word' id='word_1_289' title='bbox 1082 2849 1229 2900; x_wconf 73' lang='lat' dir='ltr'><em>praeci-</em></span> 
     </span>
     <span class='ocr_line' id='line_1_48' title="bbox 196 2911 1230 2965; baseline 0.001 -15"><span class='ocrx_word' id='word_1_290' title='bbox 196 2922 327 2965; x_wconf 87' lang='lat' dir='ltr'><em>puum</em></span> <span class='ocrx_word' id='word_1_291' title='bbox 347 2911 628 2951; x_wconf 84' lang='lat' dir='ltr'><em>conversionis</em></span> <span class='ocrx_word' id='word_1_292' title='bbox 645 2911 895 2959; x_wconf 87' lang='lat' dir='ltr'><em>animarum,</em></span> <span class='ocrx_word' id='word_1_293' title='bbox 914 2923 1037 2962; x_wconf 89' lang='lat' dir='ltr'><em>quem</em></span> <span class='ocrx_word' id='word_1_294' title='bbox 1059 2923 1230 2962; x_wconf 86' lang='lat' dir='ltr'><em>magno-</em></span> 
     </span>
     <span class='ocr_line' id='line_1_49' title="bbox 195 2972 1230 3026; baseline -0.002 -13"><span class='ocrx_word' id='word_1_295' title='bbox 195 2982 300 3026; x_wconf 81' lang='lat' dir='ltr'><em>pere</em></span> <span class='ocrx_word' id='word_1_296' title='bbox 327 2973 595 3024; x_wconf 86' lang='lat' dir='ltr'><em>consequitur</em></span> <span class='ocrx_word' id='word_1_297' title='bbox 625 2975 909 3012; x_wconf 84' lang='lat' dir='ltr'><em>conversando</em></span> <span class='ocrx_word' id='word_1_298' title='bbox 929 2983 1022 3010; x_wconf 92' lang='lat' dir='ltr'><em>cum</em></span> <span class='ocrx_word' id='word_1_299' title='bbox 1051 2972 1230 3011; x_wconf 85' lang='lat' dir='ltr'><em>homini·</em></span> 
     </span>
     <span class='ocr_line' id='line_1_50' title="bbox 195 3032 1227 3084; baseline -0.001 -8"><span class='ocrx_word' id='word_1_300' title='bbox 195 3032 291 3084; x_wconf 84' lang='lat' dir='ltr'><em>bus,</em></span> <span class='ocrx_word' id='word_1_301' title='bbox 309 3034 419 3073; x_wconf 86' lang='lat' dir='ltr'><em>etde</em></span> <span class='ocrx_word' id='word_1_302' title='bbox 446 3035 592 3073; x_wconf 87' lang='lat' dir='ltr'><em>divinis</em></span> <span class='ocrx_word' id='word_1_303' title='bbox 613 3034 738 3074; x_wconf 89' lang='lat' dir='ltr'><em>rebus</em></span> <span class='ocrx_word' id='word_1_304' title='bbox 768 3035 949 3074; x_wconf 86' lang='lat' dir='ltr'><em>suaviter</em></span> <span class='ocrx_word' id='word_1_305' title='bbox 973 3046 1020 3073; x_wconf 85' lang='lat' dir='ltr'><em>ac</em></span> <span class='ocrx_word' id='word_1_306' title='bbox 1050 3034 1227 3075; x_wconf 84' lang='lat' dir='ltr'><em>discrete</em></span> 
     </span>
     <span class='ocr_line' id='line_1_51' title="bbox 195 3095 1228 3148; baseline -0.001 -12"><span class='ocrx_word' id='word_1_307' title='bbox 195 3095 406 3148; x_wconf 87' lang='lat' dir='ltr'><em>loquendo</em></span> <span class='ocrx_word' id='word_1_308' title='bbox 423 3107 433 3142; x_wconf 91' lang='lat'>;</span> <span class='ocrx_word' id='word_1_309' title='bbox 453 3095 506 3134; x_wconf 85' lang='lat' dir='ltr'><em>ad</em></span> <span class='ocrx_word' id='word_1_310' title='bbox 520 3096 598 3135; x_wconf 91' lang='lat' dir='ltr'><em>hoc</em></span> <span class='ocrx_word' id='word_1_311' title='bbox 617 3099 758 3135; x_wconf 85' lang='lat' dir='ltr'><em>autem</em></span> <span class='ocrx_word' id='word_1_312' title='bbox 776 3096 895 3135; x_wconf 77' lang='lat' dir='ltr'><em>valde</em></span> <span class='ocrx_word' id='word_1_313' title='bbox 916 3095 1136 3147; x_wconf 85' lang='lat' dir='ltr'><em>proficiunt</em></span> <span class='ocrx_word' id='word_1_314' title='bbox 1163 3108 1228 3135; x_wconf 89' lang='lat' dir='ltr'><em>re-</em></span> 
     </span>
     <span class='ocr_line' id='line_1_52' title="bbox 194 3157 1229 3210; baseline 0.001 -14"><span class='ocrx_word' id='word_1_315' title='bbox 194 3157 330 3210; x_wconf 88' lang='lat' dir='ltr'><em>ligiosi</em></span> <span class='ocrx_word' id='word_1_316' title='bbox 346 3157 576 3205; x_wconf 85' lang='lat' dir='ltr'><em>SocietatiS,</em></span> <span class='ocrx_word' id='word_1_317' title='bbox 597 3157 642 3196; x_wconf 91' lang='lat' dir='ltr'><em>in</em></span> <span class='ocrx_word' id='word_1_318' title='bbox 660 3158 723 3196; x_wconf 89' lang='lat' dir='ltr'><em>his</em></span> <span class='ocrx_word' id='word_1_319' title='bbox 742 3170 833 3208; x_wconf 88' lang='lat' dir='ltr'><em>quae</em></span> <span class='ocrx_word' id='word_1_320' title='bbox 865 3158 972 3196; x_wconf 84' lang='lat' dir='ltr'><em>inter</em></span> <span class='ocrx_word' id='word_1_321' title='bbox 1005 3169 1049 3197; x_wconf 89' lang='lat' dir='ltr'><em>se</em></span> <span class='ocrx_word' id='word_1_322' title='bbox 1073 3157 1229 3197; x_wconf 86' lang='lat' dir='ltr'><em>habent</em></span> 
     </span>
     <span class='ocr_line' id='line_1_53' title="bbox 196 3218 1229 3270; baseline -0.002 -10"><span class='ocrx_word' id='word_1_323' title='bbox 196 3218 392 3269; x_wconf 84' lang='lat' dir='ltr'><em>religiosa</em></span> <span class='ocrx_word' id='word_1_324' title='bbox 409 3218 614 3270; x_wconf 87' lang='lat' dir='ltr'><em>colloquia</em></span> <span class='ocrx_word' id='word_1_325' title='bbox 630 3230 640 3266; x_wconf 92' lang='lat'>;</span> <span class='ocrx_word' id='word_1_326' title='bbox 665 3231 755 3270; x_wconf 81' lang='lat' dir='ltr'><em>quae</em></span> <span class='ocrx_word' id='word_1_327' title='bbox 768 3219 1027 3269; x_wconf 87' lang='lat' dir='ltr'><em>frequentius</em></span> <span class='ocrx_word' id='word_1_328' title='bbox 1045 3230 1136 3258; x_wconf 90' lang='lat' dir='ltr'><em>esse</em></span> <span class='ocrx_word' id='word_1_329' title='bbox 1157 3218 1229 3258; x_wconf 90' lang='lat' dir='ltr'><em>de-</em></span> 
     </span>
     <span class='ocr_line' id='line_1_54' title="bbox 195 3278 1230 3331; baseline -0.002 -10"><span class='ocrx_word' id='word_1_330' title='bbox 195 3278 297 3321; x_wconf 84' lang='lat' dir='ltr'><em>bent</em></span> <span class='ocrx_word' id='word_1_331' title='bbox 311 3279 362 3318; x_wconf 92' lang='lat' dir='ltr'><em>de</em></span> <span class='ocrx_word' id='word_1_332' title='bbox 382 3278 529 3318; x_wconf 90' lang='lat' dir='ltr'><em>divinis</em></span> <span class='ocrx_word' id='word_1_333' title='bbox 546 3279 687 3327; x_wconf 88' lang='lat' dir='ltr'><em>rebus,</em></span> <span class='ocrx_word' id='word_1_334' title='bbox 703 3280 936 3331; x_wconf 86' lang='lat' dir='ltr'><em>cujusmodi</em></span> <span class='ocrx_word' id='word_1_335' title='bbox 956 3279 1230 3331; x_wconf 63' lang='lat' dir='ltr'><em>praescribun-</em></span> 
     </span>
     <span class='ocr_line' id='line_1_55' title="bbox 197 3340 1231 3393; baseline 0.001 -13"><span class='ocrx_word' id='word_1_336' title='bbox 197 3340 329 3381; x_wconf 82' lang='lat' dir='ltr'><em>turin</em></span> <span class='ocrx_word' id='word_1_337' title='bbox 353 3340 624 3380; x_wconf 86' lang='lat' dir='ltr'><em>instructione</em></span> <span class='ocrx_word' id='word_1_338' title='bbox 645 3341 805 3380; x_wconf 85' lang='lat' dir='ltr'><em>decima</em></span> <span class='ocrx_word' id='word_1_339' title='bbox 832 3344 994 3393; x_wconf 82' lang='lat' dir='ltr'><em>quarta,</em></span> <span class='ocrx_word' id='word_1_340' title='bbox 1014 3341 1066 3380; x_wconf 91' lang='lat' dir='ltr'><em>de</em></span> <span class='ocrx_word' id='word_1_341' title='bbox 1095 3342 1231 3381; x_wconf 90' lang='lat' dir='ltr'><em>Reno-</em></span> 
     </span>
     <span class='ocr_line' id='line_1_56' title="bbox 197 3401 1231 3455; baseline -0.001 -12"><span class='ocrx_word' id='word_1_342' title='bbox 197 3402 363 3443; x_wconf 80' lang='lat' dir='ltr'><em>vatione</em></span> <span class='ocrx_word' id='word_1_343' title='bbox 391 3401 572 3455; x_wconf 80' lang='lat' dir='ltr'><em>spiritus,</em></span> <span class='ocrx_word' id='word_1_344' title='bbox 596 3401 651 3441; x_wconf 86' lang='lat' dir='ltr'><em>ad</em></span> <span class='ocrx_word' id='word_1_345' title='bbox 678 3401 825 3452; x_wconf 87' lang='lat' dir='ltr'><em>finem;</em></span> <span class='ocrx_word' id='word_1_346' title='bbox 847 3401 962 3441; x_wconf 84' lang='lat' dir='ltr'><em>etita</em></span> <span class='ocrx_word' id='word_1_347' title='bbox 982 3413 1061 3441; x_wconf 89' lang='lat' dir='ltr'><em>usu</em></span> <span class='ocrx_word' id='word_1_348' title='bbox 1092 3401 1231 3442; x_wconf 84' lang='lat' dir='ltr'><em>addis-</em></span> 
     </span>
     <span class='ocr_line' id='line_1_57' title="bbox 200 3463 1231 3534; baseline 0 -29"><span class='ocrx_word' id='word_1_349' title='bbox 200 3468 300 3505; x_wconf 82' lang='lat' dir='ltr'><em>cunt</em></span> <span class='ocrx_word' id='word_1_350' title='bbox 314 3463 400 3513; x_wconf 76' lang='lat' dir='ltr'><em>suis</em></span> <span class='ocrx_word' id='word_1_351' title='bbox 429 3463 686 3517; x_wconf 84' lang='lat' dir='ltr'><em>temporibus</em></span> <span class='ocrx_word' id='word_1_352' title='bbox 705 3468 857 3512; x_wconf 86' lang='lat' dir='ltr'><em>tacere,</em></span> <span class='ocrx_word' id='word_1_353' title='bbox 876 3467 918 3504; x_wconf 89' lang='lat' dir='ltr'><em>et</em></span> <span class='ocrx_word' id='word_1_354' title='bbox 945 3463 1031 3502; x_wconf 87' lang='lat' dir='ltr'><em>suis</em></span> <span class='ocrx_word' id='word_1_355' title='bbox 1049 3463 1231 3534; x_wconf 66' lang='lat' dir='ltr'><em>pruden-</em></span> 
     </span>
     <span class='ocr_line' id='line_1_58' title="bbox 200 3515 1231 3578; baseline 0.003 -14"><span class='ocrx_word' id='word_1_356' title='bbox 200 3527 266 3567; x_wconf 65' lang='lat' dir='ltr'><em>ter</em></span> <span class='ocrx_word' id='word_1_357' title='bbox 288 3529 330 3566; x_wconf 86' lang='lat' dir='ltr'><em>et</em></span> <span class='ocrx_word' id='word_1_358' title='bbox 347 3515 560 3566; x_wconf 75' lang='lat' dir='ltr'><em>fructuose</em></span> <span class='ocrx_word' id='word_1_359' title='bbox 581 3525 711 3578; x_wconf 90' lang='lat' dir='ltr'><em>loqui,</em></span> <span class='ocrx_word' id='word_1_360' title='bbox 733 3525 847 3578; x_wconf 85' lang='lat' dir='ltr'><em>quod</em></span> <span class='ocrx_word' id='word_1_361' title='bbox 866 3528 928 3565; x_wconf 89' lang='lat' dir='ltr'><em>est</em></span> <span class='ocrx_word' id='word_1_362' title='bbox 956 3525 1159 3578; x_wconf 88' lang='lat' dir='ltr'><em>optimum</em></span> <span class='ocrx_word' id='word_1_363' title='bbox 1178 3525 1231 3567; x_wconf 86' lang='lat' dir='ltr'><em>si-</em></span> 
     </span>
    </p>

    <p class='ocr_par' dir='ltr' id='par_1_5' title="bbox 199 3584 1231 3641">
     <span class='ocr_line' id='line_1_59' title="bbox 199 3584 1231 3641; baseline 0.004 -14.076"><span class='ocrx_word' id='word_1_364' title='bbox 199 3584 316 3628; x_wconf 67' lang='lat' dir='ltr'><em>lentii</em></span> <span class='ocrx_word' id='word_1_365' title='bbox 329 3599 478 3641; x_wconf 75' lang='lat' dir='ltr'><em>genuS,</em></span> <span class='ocrx_word' id='word_1_366' title='bbox 487 3592 535 3630; x_wconf 84' lang='lat' dir='ltr'><em>ut</em></span> <span class='ocrx_word' id='word_1_367' title='bbox 545 3586 738 3630; x_wconf 81' lang='lat' dir='ltr'><em>indicavit</em></span> <span class='ocrx_word' id='word_1_368' title='bbox 749 3586 1030 3637; x_wconf 85' lang='lat' dir='ltr'><em>Ambrosius,</em></span> <span class='ocrx_word' id='word_1_369' title='bbox 1018 3599 1063 3628; x_wconf 86' lang='lat' dir='ltr'><em>m</em></span> <span class='ocrx_word' id='word_1_370' title='bbox 1076 3586 1231 3632; x_wconf 85' lang='lat' dir='ltr'><em>Psalm.</em></span> 
     </span>
    </p>
   </div>
   <div class='ocr_carea' id='block_1_4' title="bbox 488 160 1502 250">
    <p class='ocr_par' dir='ltr' id='par_1_6' title="bbox 488 160 1502 250">
     <span class='ocr_line' id='line_1_60' title="bbox 488 160 1502 250; baseline -0.011 -5"><span class='ocrx_word' id='word_1_371' title='bbox 488 207 495 214; x_wconf 83' lang='lat'><strong>·</strong></span> <span class='ocrx_word' id='word_1_372' title='bbox 528 195 824 244; x_wconf 59' lang='lat' dir='ltr'><em>smmi-418</em></span> <span class='ocrx_word' id='word_1_373' title='bbox 831 177 1004 244; x_wconf 66' lang='lat' dir='ltr'><em>muris.</em></span> <span class='ocrx_word' id='word_1_374' title='bbox 1004 172 1180 247; x_wconf 53' lang='lat' dir='ltr'><em>affl&amp;</em></span> <span class='ocrx_word' id='word_1_375' title='bbox 1181 160 1247 250; x_wconf 54' lang='lat' dir='ltr'><em>aa</em></span> <span class='ocrx_word' id='word_1_376' title='bbox 1257 170 1502 238; x_wconf 61' lang='lat' dir='ltr'><em>enormis</em></span> 
     </span>
    </p>
   </div>
   <div class='ocr_carea' id='block_1_5' title="bbox 1970 287 2352 3562">
    <p class='ocr_par' dir='ltr' id='par_1_7' title="bbox 1970 287 2352 3562">
     <span class='ocr_line' id='line_1_61' title="bbox 2015 287 2352 480; baseline 0 -126"><span class='ocrx_word' id='word_1_377' title='bbox 2015 287 2352 480; x_wconf 95' lang='lat' dir='ltr'><em>     </em></span> 
     </span>
     <span class='ocr_line' id='line_1_62' title="bbox 2174 480 2352 604; baseline 0 -73"><span class='ocrx_word' id='word_1_378' title='bbox 2174 480 2352 604; x_wconf 95' lang='lat' dir='ltr'><em>    </em></span> 
     </span>
     <span class='ocr_line' id='line_1_63' title="bbox 2167 604 2352 789; baseline 0 -63"><span class='ocrx_word' id='word_1_379' title='bbox 2167 604 2352 789; x_wconf 95' lang='lat' dir='ltr'><em>     </em></span> 
     </span>
     <span class='ocr_line' id='line_1_64' title="bbox 1970 789 2352 913; baseline 0 0"><span class='ocrx_word' id='word_1_380' title='bbox 1970 789 2352 913; x_wconf 95' lang='lat' dir='ltr'><em>   </em></span> 
     </span>
     <span class='ocr_line' id='line_1_65' title="bbox 2192 913 2352 1038; baseline 0 0"><span class='ocrx_word' id='word_1_381' title='bbox 2192 913 2352 1038; x_wconf 95' lang='lat' dir='ltr'><em>   </em></span> 
     </span>
     <span class='ocr_line' id='line_1_66' title="bbox 2196 1038 2352 1159; baseline 0 0"><span class='ocrx_word' id='word_1_382' title='bbox 2196 1038 2352 1159; x_wconf 95' lang='lat' dir='ltr'><em>   </em></span> 
     </span>
     <span class='ocr_line' id='line_1_67' title="bbox 2191 1159 2352 1282; baseline 0 0"><span class='ocrx_word' id='word_1_383' title='bbox 2191 1159 2352 1282; x_wconf 95' lang='lat' dir='ltr'><em>   </em></span> 
     </span>
     <span class='ocr_line' id='line_1_68' title="bbox 2264 1282 2352 1390; baseline 0 0"><span class='ocrx_word' id='word_1_384' title='bbox 2264 1282 2352 1390; x_wconf 95' lang='lat' dir='ltr'><em>   </em></span> 
     </span>
     <span class='ocr_line' id='line_1_69' title="bbox 2264 1390 2352 1509; baseline 0 -44"><span class='ocrx_word' id='word_1_385' title='bbox 2264 1390 2352 1509; x_wconf 95' lang='lat' dir='ltr'><em>   </em></span> 
     </span>
     <span class='ocr_line' id='line_1_70' title="bbox 2247 1509 2352 1590; baseline 0 -17"><span class='ocrx_word' id='word_1_386' title='bbox 2247 1509 2352 1590; x_wconf 95' lang='lat' dir='ltr'><em>  </em></span> 
     </span>
     <span class='ocr_line' id='line_1_71' title="bbox 2220 1590 2352 1711; baseline 0 0"><span class='ocrx_word' id='word_1_387' title='bbox 2220 1590 2352 1711; x_wconf 95' lang='lat' dir='ltr'><em>   </em></span> 
     </span>
     <span class='ocr_line' id='line_1_72' title="bbox 2330 1711 2352 1775; baseline 0 0"><span class='ocrx_word' id='word_1_388' title='bbox 2330 1711 2352 1775; x_wconf 95' lang='lat' dir='ltr'><em>  </em></span> 
     </span>
     <span class='ocr_line' id='line_1_73' title="bbox 2241 1775 2352 1835; baseline 0 -15"><span class='ocrx_word' id='word_1_389' title='bbox 2241 1775 2352 1835; x_wconf 95' lang='lat' dir='ltr'><em>  </em></span> 
     </span>
     <span class='ocr_line' id='line_1_74' title="bbox 2232 1835 2352 1961; baseline 0 0"><span class='ocrx_word' id='word_1_390' title='bbox 2232 1835 2352 1961; x_wconf 95' lang='lat' dir='ltr'><em>   </em></span> 
     </span>
     <span class='ocr_line' id='line_1_75' title="bbox 2232 2111 2352 2271; baseline 0 0"><span class='ocrx_word' id='word_1_391' title='bbox 2232 2111 2352 2271; x_wconf 95' lang='lat' dir='ltr'><em>   </em></span> 
     </span>
     <span class='ocr_line' id='line_1_76' title="bbox 2256 2271 2352 2392; baseline 0 0"><span class='ocrx_word' id='word_1_392' title='bbox 2256 2271 2352 2392; x_wconf 95' lang='lat' dir='ltr'><em>   </em></span> 
     </span>
     <span class='ocr_line' id='line_1_77' title="bbox 2242 2392 2352 2576; baseline 0 0"><span class='ocrx_word' id='word_1_393' title='bbox 2242 2392 2352 2576; x_wconf 95' lang='lat' dir='ltr'><em>     </em></span> 
     </span>
     <span class='ocr_line' id='line_1_78' title="bbox 2272 2576 2352 2639; baseline 0 0"><span class='ocrx_word' id='word_1_394' title='bbox 2272 2576 2352 2639; x_wconf 95' lang='lat' dir='ltr'><em>  </em></span> 
     </span>
     <span class='ocr_line' id='line_1_79' title="bbox 2245 2639 2352 2823; baseline 0 0"><span class='ocrx_word' id='word_1_395' title='bbox 2245 2639 2352 2823; x_wconf 95' lang='lat' dir='ltr'><em>    </em></span> 
     </span>
     <span class='ocr_line' id='line_1_80' title="bbox 2191 2823 2352 2949; baseline 0 0"><span class='ocrx_word' id='word_1_396' title='bbox 2191 2823 2352 2949; x_wconf 95' lang='lat' dir='ltr'><em>   </em></span> 
     </span>
     <span class='ocr_line' id='line_1_81' title="bbox 2246 2949 2352 3034; baseline 0 0"><span class='ocrx_word' id='word_1_397' title='bbox 2246 2949 2352 3034; x_wconf 95' lang='lat' dir='ltr'><em>   </em></span> 
     </span>
     <span class='ocr_line' id='line_1_82' title="bbox 2195 3034 2352 3197; baseline 0 0"><span class='ocrx_word' id='word_1_398' title='bbox 2195 3034 2352 3197; x_wconf 95' lang='lat' dir='ltr'><em>   </em></span> 
     </span>
     <span class='ocr_line' id='line_1_83' title="bbox 2216 3197 2352 3319; baseline 0 0"><span class='ocrx_word' id='word_1_399' title='bbox 2216 3197 2352 3319; x_wconf 95' lang='lat' dir='ltr'><em>   </em></span> 
     </span>
     <span class='ocr_line' id='line_1_84' title="bbox 2252 3319 2352 3404; baseline 0 -44"><span class='ocrx_word' id='word_1_400' title='bbox 2252 3319 2352 3404; x_wconf 95' lang='lat' dir='ltr'><em>  </em></span> 
     </span>
     <span class='ocr_line' id='line_1_85' title="bbox 2170 3404 2352 3562; baseline 0 -69"><span class='ocrx_word' id='word_1_401' title='bbox 2170 3404 2352 3562; x_wconf 95' lang='lat' dir='ltr'><em>    </em></span> 
     </span>
    </p>
   </div>
   <div class='ocr_carea' id='block_1_6' title="bbox 1274 236 2333 3645">
    <p class='ocr_par' dir='ltr' id='par_1_8' title="bbox 1274 236 2333 2963">
     <span class='ocr_line' id='line_1_86' title="bbox 1276 236 1922 314; baseline 0.003 -8"><span class='ocrx_word' id='word_1_402' title='bbox 1276 266 1369 314; x_wconf 77' lang='lat'><em>118,</em></span> <span class='ocrx_word' id='word_1_403' title='bbox 1391 236 1582 310; x_wconf 79' lang='lat' dir='ltr'><em>Octouar</em></span> <span class='ocrx_word' id='word_1_404' title='bbox 1613 263 1657 312; x_wconf 69' lang='lat'><em>2,</em></span> <span class='ocrx_word' id='word_1_405' title='bbox 1673 246 1728 313; x_wconf 51' lang='lat' dir='ltr'><em>iia</em></span> <span class='ocrx_word' id='word_1_406' title='bbox 1746 261 1760 298; x_wconf 78' lang='grc' dir='ltr'><strong><em>ἰ</em></strong></span> <span class='ocrx_word' id='word_1_407' title='bbox 1782 274 1815 298; x_wconf 69' lang='grc' dir='ltr'>ι·-</span> <span class='ocrx_word' id='word_1_408' title='bbox 1823 259 1922 310; x_wconf 53' lang='lat' dir='ltr'><em>l*</em></span> 
     </span>
     <span class='ocr_line' id='line_1_87' title="bbox 1275 311 2015 383; baseline 0 -16"><span class='ocrx_word' id='word_1_409' title='bbox 1275 337 1367 378; x_wconf 83' lang='lat' dir='ltr'><em>cap.</em></span> <span class='ocrx_word' id='word_1_410' title='bbox 1386 324 1564 375; x_wconf 86' lang='lat' dir='ltr'><em>decimo,</em></span> <span class='ocrx_word' id='word_1_411' title='bbox 1580 324 1684 366; x_wconf 89' lang='lat' dir='ltr'><em>libro</em></span> <span class='ocrx_word' id='word_1_412' title='bbox 1709 322 1845 381; x_wconf 76' lang='lat' dir='ltr'><em>primo·</em></span> <span class='ocrx_word' id='word_1_413' title='bbox 1855 311 1917 372; x_wconf 62' lang='grc' dir='ltr'><strong>ὣ</strong></span> <span class='ocrx_word' id='word_1_414' title='bbox 1934 318 2015 383; x_wconf 96' lang='grc' dir='ltr'><em>θῇ</em></span> 
     </span>
     <span class='ocr_line' id='line_1_88' title="bbox 1274 371 2200 445; baseline 0.001 -17"><span class='ocrx_word' id='word_1_415' title='bbox 1274 399 1347 428; x_wconf 83' lang='lat' dir='ltr'><em>ras</em></span> <span class='ocrx_word' id='word_1_416' title='bbox 1375 387 1539 439; x_wconf 84' lang='lat' dir='ltr'><em>(inquit)</em></span> <span class='ocrx_word' id='word_1_417' title='bbox 1559 387 1647 428; x_wconf 84' lang='lat' dir='ltr'><em>suis</em></span> <span class='ocrx_word' id='word_1_418' title='bbox 1674 385 1880 428; x_wconf 71' lang='lat' dir='ltr'><em>silentium</em></span> <span class='ocrx_word' id='word_1_419' title='bbox 1914 371 2120 445; x_wconf 61' lang='lat' dir='ltr'><em>impmit,</em></span> <span class='ocrx_word' id='word_1_420' title='bbox 2145 380 2200 438; x_wconf 62' lang='grc' dir='ltr'><em>,“,χ</em></span> 
     </span>
     <span class='ocr_line' id='line_1_89' title="bbox 1275 439 2214 502; baseline 0 -12"><span class='ocrx_word' id='word_1_421' title='bbox 1275 449 1459 501; x_wconf 85' lang='lat' dir='ltr'><em>loquendo</em></span> <span class='ocrx_word' id='word_1_422' title='bbox 1473 449 1582 502; x_wconf 83' lang='lat' dir='ltr'><em>loqui</em></span> <span class='ocrx_word' id='word_1_423' title='bbox 1602 449 1777 495; x_wconf 82' lang='lat' dir='ltr'><em>doceret;</em></span> <span class='ocrx_word' id='word_1_424' title='bbox 1794 447 1942 495; x_wconf 78' lang='lat' dir='ltr'><em>David,</em></span> <span class='ocrx_word' id='word_1_425' title='bbox 1956 450 2005 487; x_wconf 80' lang='lat' dir='ltr'><em>ut</em></span> <span class='ocrx_word' id='word_1_426' title='bbox 2017 439 2214 500; x_wconf 67' lang='lat' dir='ltr'><em>212qu</em></span> 
     </span>
     <span class='ocr_line' id='line_1_90' title="bbox 1274 507 2215 567; baseline 0.004 -20"><span class='ocrx_word' id='word_1_427' title='bbox 1274 510 1339 565; x_wconf 77' lang='lat' dir='ltr'><em>=qis</em></span> <span class='ocrx_word' id='word_1_428' title='bbox 1364 510 1598 551; x_wconf 82' lang='lat' dir='ltr'><em>disceremus</em></span> <span class='ocrx_word' id='word_1_429' title='bbox 1618 510 1728 562; x_wconf 81' lang='lat' dir='ltr'><em>loqui</em></span> <span class='ocrx_word' id='word_1_430' title='bbox 1736 525 1753 557; x_wconf 91' lang='lat'><em>;</em></span> <span class='ocrx_word' id='word_1_431' title='bbox 1771 508 1957 561; x_wconf 78' lang='lat' dir='ltr'><em>quomodo</em></span> <span class='ocrx_word' id='word_1_432' title='bbox 1970 507 2072 549; x_wconf 77' lang='lat' dir='ltr'><em>enim</em></span> <span class='ocrx_word' id='word_1_433' title='bbox 2087 508 2215 567; x_wconf 58' lang='lat' dir='ltr'><em>sinti</em></span> 
     </span>
     <span class='ocr_line' id='line_1_91' title="bbox 1276 569 2243 621; baseline 0 -10"><span class='ocrx_word' id='word_1_434' title='bbox 1276 572 1372 612; x_wconf 86' lang='lat' dir='ltr'><em>citio</em></span> <span class='ocrx_word' id='word_1_435' title='bbox 1405 572 1617 612; x_wconf 77' lang='lat' dir='ltr'><em>doctrina?</em></span> <span class='ocrx_word' id='word_1_436' title='bbox 1638 575 1709 614; x_wconf 85' lang='lat' dir='ltr'><em>aut</em></span> <span class='ocrx_word' id='word_1_437' title='bbox 1739 572 1826 611; x_wconf 87' lang='lat' dir='ltr'><em>sine</em></span> <span class='ocrx_word' id='word_1_438' title='bbox 1843 581 1922 611; x_wconf 80' lang='lat' dir='ltr'><em>usu</em></span> <span class='ocrx_word' id='word_1_439' title='bbox 1951 569 2219 621; x_wconf 57' lang='lat' dir='ltr'><em>profectuss:</em></span> <span class='ocrx_word' id='word_1_440' title='bbox 2221 570 2243 601; x_wconf 76' lang='grc' dir='ltr'><em>’ἔ</em></span> 
     </span>
     <span class='ocr_line' id='line_1_92' title="bbox 1278 628 2263 685; baseline -0.004 -14"><span class='ocrx_word' id='word_1_441' title='bbox 1278 631 1388 684; x_wconf 91' lang='lat' dir='ltr'><em>quod</em></span> <span class='ocrx_word' id='word_1_442' title='bbox 1405 632 1487 672; x_wconf 86' lang='lat' dir='ltr'><em>late</em></span> <span class='ocrx_word' id='word_1_443' title='bbox 1514 645 1589 685; x_wconf 88' lang='lat' dir='ltr'><em>per</em></span> <span class='ocrx_word' id='word_1_444' title='bbox 1623 631 1737 672; x_wconf 84' lang='lat' dir='ltr'><em>varia</em></span> <span class='ocrx_word' id='word_1_445' title='bbox 1770 630 1921 671; x_wconf 88' lang='lat' dir='ltr'><em>artium</em></span> <span class='ocrx_word' id='word_1_446' title='bbox 1938 631 2232 673; x_wconf 71' lang='lat' dir='ltr'><em>humanarum.</em></span> <span class='ocrx_word' id='word_1_447' title='bbox 2238 628 2263 676; x_wconf 48' lang='lat'><em>{52</em></span> 
     </span>
     <span class='ocr_line' id='line_1_93' title="bbox 1277 692 2254 746; baseline -0.003 -12"><span class='ocrx_word' id='word_1_448' title='bbox 1277 694 1414 746; x_wconf 88' lang='lat' dir='ltr'><em>empla</em></span> <span class='ocrx_word' id='word_1_449' title='bbox 1457 694 1735 746; x_wconf 81' lang='lat' dir='ltr'><em>prosequitur,</em></span> <span class='ocrx_word' id='word_1_450' title='bbox 1766 696 1807 734; x_wconf 88' lang='lat' dir='ltr'><em>et</em></span> <span class='ocrx_word' id='word_1_451' title='bbox 1837 692 2073 732; x_wconf 86' lang='lat' dir='ltr'><em>concludit.</em></span> <span class='ocrx_word' id='word_1_452' title='bbox 2094 692 2167 734; x_wconf 82' lang='lat' dir='ltr'><em>Ita</em></span> <span class='ocrx_word' id='word_1_453' title='bbox 2203 693 2254 731; x_wconf 66' lang='grc' dir='ltr'><em>’ἑ</em></span> 
     </span>
     <span class='ocr_line' id='line_1_94' title="bbox 1276 753 2229 808; baseline -0.004 -12"><span class='ocrx_word' id='word_1_454' title='bbox 1276 757 1344 808; x_wconf 81' lang='lat' dir='ltr'><em>qui</em></span> <span class='ocrx_word' id='word_1_455' title='bbox 1372 756 1511 797; x_wconf 77' lang='lat' dir='ltr'><em>volunt</em></span> <span class='ocrx_word' id='word_1_456' title='bbox 1542 758 1690 799; x_wconf 87' lang='lat' dir='ltr'><em>discere</em></span> <span class='ocrx_word' id='word_1_457' title='bbox 1724 754 1947 798; x_wconf 83' lang='lat' dir='ltr'><em>cautionem</em></span> <span class='ocrx_word' id='word_1_458' title='bbox 1973 753 2229 806; x_wconf 84' lang='lat' dir='ltr'><em>loquendi,</em></span> 
     </span>
     <span class='ocr_line' id='line_1_95' title="bbox 1275 815 2249 870; baseline -0.005 -10"><span class='ocrx_word' id='word_1_459' title='bbox 1275 822 1434 860; x_wconf 84' lang='lat' dir='ltr'><em>naturoe</em></span> <span class='ocrx_word' id='word_1_460' title='bbox 1460 822 1518 861; x_wconf 86' lang='lat' dir='ltr'><em>est</em></span> <span class='ocrx_word' id='word_1_461' title='bbox 1536 831 1613 859; x_wconf 88' lang='lat' dir='ltr'><em>non</em></span> <span class='ocrx_word' id='word_1_462' title='bbox 1627 821 1782 870; x_wconf 61' lang='lat' dir='ltr'><em>nepent,</em></span> <span class='ocrx_word' id='word_1_463' title='bbox 1800 817 1905 870; x_wconf 84' lang='lat' dir='ltr'><em>quod</em></span> <span class='ocrx_word' id='word_1_464' title='bbox 1921 815 2108 858; x_wconf 75' lang='lat' dir='ltr'><em>custodite</em></span> <span class='ocrx_word' id='word_1_465' title='bbox 2124 817 2182 855; x_wconf 79' lang='lat' dir='ltr'><em>est</em></span> <span class='ocrx_word' id='word_1_466' title='bbox 2204 820 2249 861; x_wconf 56' lang='lat' dir='ltr'><em>-xj</em></span> 
     </span>
     <span class='ocr_line' id='line_1_96' title="bbox 1278 883 2238 921; baseline -0.008 -1"><span class='ocrx_word' id='word_1_467' title='bbox 1278 883 1405 921; x_wconf 87' lang='lat' dir='ltr'><em>ceant.</em></span> <span class='ocrx_word' id='word_1_468' title='bbox 2219 901 2238 916; x_wconf 46' lang='lat'><em>2.</em></span> 
     </span>
     <span class='ocr_line' id='line_1_97' title="bbox 1333 939 2274 994; baseline -0.001 -13"><span class='ocrx_word' id='word_1_469' title='bbox 1333 942 1397 981; x_wconf 85' lang='lat'><em>18.</em></span> <span class='ocrx_word' id='word_1_470' title='bbox 1440 940 1632 984; x_wconf 85' lang='lat' dir='ltr'><em>Vitantur</em></span> <span class='ocrx_word' id='word_1_471' title='bbox 1650 940 1810 994; x_wconf 80' lang='lat' dir='ltr'><em>majora</em></span> <span class='ocrx_word' id='word_1_472' title='bbox 1826 939 2095 989; x_wconf 80' lang='lat' dir='ltr'><em>incommoda,</em></span> <span class='ocrx_word' id='word_1_473' title='bbox 2118 949 2238 991; x_wconf 77' lang='lat' dir='ltr'><em>quam</em></span> <span class='ocrx_word' id='word_1_474' title='bbox 2254 939 2274 954; x_wconf 75' lang='grc'><em>”</em></span> 
     </span>
     <span class='ocr_line' id='line_1_98' title="bbox 1278 999 2258 1055; baseline -0.004 -13"><span class='ocrx_word' id='word_1_475' title='bbox 1278 1003 1454 1055; x_wconf 83' lang='lat' dir='ltr'><em>opposito</em></span> <span class='ocrx_word' id='word_1_476' title='bbox 1490 1005 1759 1055; x_wconf 81' lang='lat' dir='ltr'><em>sequerentur.</em></span> <span class='ocrx_word' id='word_1_477' title='bbox 1792 1023 1847 1032; x_wconf 54' lang='grc' dir='ltr'><em>-υ</em></span> <span class='ocrx_word' id='word_1_478' title='bbox 1877 999 2046 1041; x_wconf 85' lang='lat' dir='ltr'><em>Accedit</em></span> <span class='ocrx_word' id='word_1_479' title='bbox 2078 999 2192 1052; x_wconf 86' lang='lat' dir='ltr'><em>quod</em></span> <span class='ocrx_word' id='word_1_480' title='bbox 2242 1013 2258 1033; x_wconf 78' lang='grc' dir='ltr'><em>ι·</em></span> 
     </span>
     <span class='ocr_line' id='line_1_99' title="bbox 1276 1062 2263 1118; baseline -0.003 -14"><span class='ocrx_word' id='word_1_481' title='bbox 1276 1065 1385 1104; x_wconf 86' lang='lat' dir='ltr'><em>hanc</em></span> <span class='ocrx_word' id='word_1_482' title='bbox 1406 1064 1754 1117; x_wconf 85' lang='lat' dir='ltr'><em>qualemcumque</em></span> <span class='ocrx_word' id='word_1_483' title='bbox 1770 1064 2003 1103; x_wconf 84' lang='lat' dir='ltr'><em>animorum</em></span> <span class='ocrx_word' id='word_1_484' title='bbox 2017 1062 2263 1115; x_wconf 55' lang='lat' dir='ltr'><em>remissiong</em></span> 
     </span>
     <span class='ocr_line' id='line_1_100' title="bbox 1274 1118 2269 1177; baseline -0.004 -13"><span class='ocrx_word' id='word_1_485' title='bbox 1274 1125 1435 1176; x_wconf 87' lang='lat' dir='ltr'><em>majora</em></span> <span class='ocrx_word' id='word_1_486' title='bbox 1458 1125 1643 1177; x_wconf 83' lang='lat' dir='ltr'><em>profecto</em></span> <span class='ocrx_word' id='word_1_487' title='bbox 1666 1125 1850 1165; x_wconf 85' lang='lat' dir='ltr'><em>vitantur</em></span> <span class='ocrx_word' id='word_1_488' title='bbox 1871 1124 2131 1164; x_wconf 86' lang='lat' dir='ltr'><em>incommoda</em></span> <span class='ocrx_word' id='word_1_489' title='bbox 2153 1124 2196 1165; x_wconf 88' lang='lat' dir='ltr'><em>in</em></span> <span class='ocrx_word' id='word_1_490' title='bbox 2247 1118 2269 1156; x_wconf 80' lang='grc' dir='ltr'>ι’</span> 
     </span>
     <span class='ocr_line' id='line_1_101' title="bbox 1277 1185 2285 1242; baseline 0 -16"><span class='ocrx_word' id='word_1_491' title='bbox 1277 1187 1587 1227; x_wconf 81' lang='lat' dir='ltr'><em>communitate.</em></span> <span class='ocrx_word' id='word_1_492' title='bbox 1611 1187 1712 1226; x_wconf 89' lang='lat' dir='ltr'><em>Cum</em></span> <span class='ocrx_word' id='word_1_493' title='bbox 1734 1188 1847 1227; x_wconf 87' lang='lat' dir='ltr'><em>enim</em></span> <span class='ocrx_word' id='word_1_494' title='bbox 1865 1186 2040 1238; x_wconf 86' lang='lat' dir='ltr'><em>singulis</em></span> <span class='ocrx_word' id='word_1_495' title='bbox 2057 1185 2144 1226; x_wconf 88' lang='lat' dir='ltr'><em>fere</em></span> <span class='ocrx_word' id='word_1_496' title='bbox 2163 1196 2215 1237; x_wconf 89' lang='lat' dir='ltr'><em>pe</em></span> <span class='ocrx_word' id='word_1_497' title='bbox 2242 1202 2251 1220; x_wconf 75' lang='lat'>2</span> <span class='ocrx_word' id='word_1_498' title='bbox 2266 1202 2285 1242; x_wconf 17' lang='grc' dir='ltr'><em>ευ</em></span> 
     </span>
     <span class='ocr_line' id='line_1_102' title="bbox 1277 1245 2286 1302; baseline 0 -16"><span class='ocrx_word' id='word_1_499' title='bbox 1277 1248 1342 1288; x_wconf 88' lang='lat' dir='ltr'><em>nis</em></span> <span class='ocrx_word' id='word_1_500' title='bbox 1378 1248 1630 1289; x_wconf 87' lang='lat' dir='ltr'><em>intermissio</em></span> <span class='ocrx_word' id='word_1_501' title='bbox 1665 1249 1806 1302; x_wconf 84' lang='lat' dir='ltr'><em>aliqua</em></span> <span class='ocrx_word' id='word_1_502' title='bbox 1839 1248 2076 1289; x_wconf 83' lang='lat' dir='ltr'><em>necessaria</em></span> <span class='ocrx_word' id='word_1_503' title='bbox 2110 1245 2191 1296; x_wconf 84' lang='lat' dir='ltr'><em>sit,</em></span> <span class='ocrx_word' id='word_1_504' title='bbox 2246 1263 2251 1282; x_wconf 72' lang='grc' dir='ltr'>ι</span> <span class='ocrx_word' id='word_1_505' title='bbox 2278 1251 2286 1256; x_wconf 80' lang='grc'><strong>’</strong></span> 
     </span>
     <span class='ocr_line' id='line_1_103' title="bbox 1278 1309 2283 1363; baseline 0.003 -15"><span class='ocrx_word' id='word_1_506' title='bbox 1278 1310 1415 1361; x_wconf 86' lang='lat' dir='ltr'><em>quoad</em></span> <span class='ocrx_word' id='word_1_507' title='bbox 1446 1310 1609 1350; x_wconf 83' lang='lat' dir='ltr'><em>labores</em></span> <span class='ocrx_word' id='word_1_508' title='bbox 1641 1311 1840 1362; x_wconf 87' lang='lat' dir='ltr'><em>corporis,</em></span> <span class='ocrx_word' id='word_1_509' title='bbox 1862 1321 1991 1363; x_wconf 86' lang='lat' dir='ltr'><em>quam</em></span> <span class='ocrx_word' id='word_1_510' title='bbox 2020 1309 2160 1360; x_wconf 87' lang='lat' dir='ltr'><em>quoad</em></span> <span class='ocrx_word' id='word_1_511' title='bbox 2190 1320 2283 1357; x_wconf 65' lang='lat' dir='ltr'><em>saxi¹</em></span> 
     </span>
     <span class='ocr_line' id='line_1_104' title="bbox 1276 1367 2290 1412; baseline 0 -1"><span class='ocrx_word' id='word_1_512' title='bbox 1276 1372 1364 1412; x_wconf 82' lang='lat' dir='ltr'><em>tum</em></span> <span class='ocrx_word' id='word_1_513' title='bbox 1406 1367 1535 1411; x_wconf 84' lang='lat' dir='ltr'><em>otium</em></span> <span class='ocrx_word' id='word_1_514' title='bbox 1574 1374 1614 1412; x_wconf 90' lang='lat' dir='ltr'><em>et</em></span> <span class='ocrx_word' id='word_1_515' title='bbox 1644 1372 1855 1411; x_wconf 85' lang='lat' dir='ltr'><em>silentium</em></span> <span class='ocrx_word' id='word_1_516' title='bbox 1887 1384 1936 1410; x_wconf 72' lang='lat' dir='ltr'><em>ao.</em></span> <span class='ocrx_word' id='word_1_517' title='bbox 1971 1370 2290 1412; x_wconf 75' lang='lat' dir='ltr'><em>sollicitudine·-</em></span> 
     </span>
     <span class='ocr_line' id='line_1_105' title="bbox 1276 1433 2298 1484; baseline 0.001 -12"><span class='ocrx_word' id='word_1_518' title='bbox 1276 1433 1407 1472; x_wconf 87' lang='lat' dir='ltr'><em>multo</em></span> <span class='ocrx_word' id='word_1_519' title='bbox 1430 1433 1564 1484; x_wconf 88' lang='lat' dir='ltr'><em>major</em></span> <span class='ocrx_word' id='word_1_520' title='bbox 1584 1437 1647 1472; x_wconf 86' lang='lat' dir='ltr'><em>est</em></span> <span class='ocrx_word' id='word_1_521' title='bbox 1674 1433 1761 1472; x_wconf 84' lang='lat' dir='ltr'><em>haec</em></span> <span class='ocrx_word' id='word_1_522' title='bbox 1787 1433 2013 1472; x_wconf 84' lang='lat' dir='ltr'><em>necessitas</em></span> <span class='ocrx_word' id='word_1_523' title='bbox 2033 1433 2074 1472; x_wconf 93' lang='lat' dir='ltr'><em>in</em></span> <span class='ocrx_word' id='word_1_524' title='bbox 2093 1437 2179 1472; x_wconf 82' lang='lat' dir='ltr'><em>tota</em></span> <span class='ocrx_word' id='word_1_525' title='bbox 2197 1443 2244 1472; x_wconf 88' lang='lat' dir='ltr'><em>co</em></span> <span class='ocrx_word' id='word_1_526' title='bbox 2257 1448 2298 1481; x_wconf 61' lang='grc' dir='ltr'><em>ι,</em></span> 
     </span>
     <span class='ocr_line' id='line_1_106' title="bbox 1277 1492 2299 1546; baseline 0.001 -13"><span class='ocrx_word' id='word_1_527' title='bbox 1277 1495 1495 1543; x_wconf 79' lang='lat' dir='ltr'><em>munitate,</em></span> <span class='ocrx_word' id='word_1_528' title='bbox 1510 1494 1607 1546; x_wconf 87' lang='lat' dir='ltr'><em>quia</em></span> <span class='ocrx_word' id='word_1_529' title='bbox 1621 1507 1705 1534; x_wconf 89' lang='lat' dir='ltr'><em>non</em></span> <span class='ocrx_word' id='word_1_530' title='bbox 1725 1499 1860 1546; x_wconf 87' lang='lat' dir='ltr'><em>potest</em></span> <span class='ocrx_word' id='word_1_531' title='bbox 1877 1497 1961 1534; x_wconf 80' lang='lat' dir='ltr'><em>tota</em></span> <span class='ocrx_word' id='word_1_532' title='bbox 1982 1507 2073 1534; x_wconf 88' lang='lat' dir='ltr'><em>esse</em></span> <span class='ocrx_word' id='word_1_533' title='bbox 2093 1505 2215 1545; x_wconf 80' lang='lat' dir='ltr'><em>aeque</em></span> <span class='ocrx_word' id='word_1_534' title='bbox 2229 1492 2270 1534; x_wconf 81' lang='lat' dir='ltr'><em>fo</em></span> <span class='ocrx_word' id='word_1_535' title='bbox 2297 1510 2299 1513; x_wconf 55' lang='lat'><strong><em>¹</em></strong></span> 
     </span>
     <span class='ocr_line' id='line_1_107' title="bbox 1278 1554 2294 1607; baseline 0 -11"><span class='ocrx_word' id='word_1_536' title='bbox 1278 1556 1330 1596; x_wconf 89' lang='lat' dir='ltr'><em>tis</em></span> <span class='ocrx_word' id='word_1_537' title='bbox 1349 1556 1504 1594; x_wconf 85' lang='lat' dir='ltr'><em>viribus</em></span> <span class='ocrx_word' id='word_1_538' title='bbox 1524 1556 1706 1607; x_wconf 85' lang='lat' dir='ltr'><em>corporis</em></span> <span class='ocrx_word' id='word_1_539' title='bbox 1725 1559 1796 1595; x_wconf 84' lang='lat' dir='ltr'><em>aut</em></span> <span class='ocrx_word' id='word_1_540' title='bbox 1816 1554 1996 1607; x_wconf 86' lang='lat' dir='ltr'><em>spiritus,</em></span> <span class='ocrx_word' id='word_1_541' title='bbox 2015 1555 2089 1595; x_wconf 87' lang='lat' dir='ltr'><em>sed</em></span> <span class='ocrx_word' id='word_1_542' title='bbox 2107 1556 2247 1607; x_wconf 79' lang='lat' dir='ltr'><em>plures</em></span> <span class='ocrx_word' id='word_1_543' title='bbox 2265 1555 2294 1604; x_wconf 59' lang='grc'><em>’,</em></span> 
     </span>
     <span class='ocr_line' id='line_1_108' title="bbox 1280 1616 2273 1668; baseline 0.001 -13"><span class='ocrx_word' id='word_1_544' title='bbox 1280 1628 1331 1656; x_wconf 84' lang='lat' dir='ltr'><em>ea</em></span> <span class='ocrx_word' id='word_1_545' title='bbox 1357 1616 1616 1668; x_wconf 83' lang='lat' dir='ltr'><em>frequentius</em></span> <span class='ocrx_word' id='word_1_546' title='bbox 1639 1620 1735 1655; x_wconf 86' lang='lat' dir='ltr'><em>sunt</em></span> <span class='ocrx_word' id='word_1_547' title='bbox 1760 1616 1919 1655; x_wconf 84' lang='lat' dir='ltr'><em>debiles</em></span> <span class='ocrx_word' id='word_1_548' title='bbox 1940 1621 1979 1656; x_wconf 83' lang='lat' dir='ltr'><em>et</em></span> <span class='ocrx_word' id='word_1_549' title='bbox 2002 1616 2168 1658; x_wconf 81' lang='lat' dir='ltr'><em>infirmi.</em></span> <span class='ocrx_word' id='word_1_550' title='bbox 2190 1616 2273 1658; x_wconf 78' lang='lat' dir='ltr'><em>Un-</em></span> 
     </span>
     <span class='ocr_line' id='line_1_109' title="bbox 1279 1677 2331 1729; baseline -0.002 -11"><span class='ocrx_word' id='word_1_551' title='bbox 1279 1677 1326 1718; x_wconf 84' lang='lat' dir='ltr'><em>fit</em></span> <span class='ocrx_word' id='word_1_552' title='bbox 1346 1682 1403 1724; x_wconf 87' lang='lat' dir='ltr'><em>ut,</em></span> <span class='ocrx_word' id='word_1_553' title='bbox 1425 1679 1504 1717; x_wconf 87' lang='lat' dir='ltr'><em>nisi</em></span> <span class='ocrx_word' id='word_1_554' title='bbox 1524 1678 1675 1717; x_wconf 82' lang='lat' dir='ltr'><em>habeat</em></span> <span class='ocrx_word' id='word_1_555' title='bbox 1695 1678 1969 1717; x_wconf 86' lang='lat' dir='ltr'><em>communitas</em></span> <span class='ocrx_word' id='word_1_556' title='bbox 1986 1678 2220 1729; x_wconf 80' lang='lat' dir='ltr'><em>regularem</em></span> <span class='ocrx_word' id='word_1_557' title='bbox 2244 1704 2249 1713; x_wconf 85' lang='lat'><em>.</em></span> <span class='ocrx_word' id='word_1_558' title='bbox 2279 1677 2294 1718; x_wconf 91' lang='grc'><em>“.,</em></span> <span class='ocrx_word' id='word_1_559' title='bbox 2325 1689 2331 1709; x_wconf 69' lang='grc' dir='ltr'>ι</span> 
     </span>
     <span class='ocr_line' id='line_1_110' title="bbox 1282 1738 2330 1793; baseline -0.001 -13"><span class='ocrx_word' id='word_1_560' title='bbox 1282 1753 1422 1793; x_wconf 84' lang='lat' dir='ltr'><em>quam,</em></span> <span class='ocrx_word' id='word_1_561' title='bbox 1446 1745 1488 1780; x_wconf 90' lang='lat' dir='ltr'><em>et</em></span> <span class='ocrx_word' id='word_1_562' title='bbox 1507 1740 1740 1780; x_wconf 87' lang='lat' dir='ltr'><em>ordinatam</em></span> <span class='ocrx_word' id='word_1_563' title='bbox 1757 1770 1768 1788; x_wconf 92' lang='lat'><em>,</em></span> <span class='ocrx_word' id='word_1_564' title='bbox 1790 1753 1839 1780; x_wconf 85' lang='lat' dir='ltr'><em>ac</em></span> <span class='ocrx_word' id='word_1_565' title='bbox 1858 1744 2012 1780; x_wconf 86' lang='lat' dir='ltr'><em>certam</em></span> <span class='ocrx_word' id='word_1_566' title='bbox 2041 1739 2295 1782; x_wconf 43' lang='lat' dir='ltr'><em>intermissis</em></span> <span class='ocrx_word' id='word_1_567' title='bbox 2314 1738 2330 1786; x_wconf 14' lang='lat'><em>¹⁴</em></span> 
     </span>
     <span class='ocr_line' id='line_1_111' title="bbox 1280 1800 2303 1854; baseline 0 -12"><span class='ocrx_word' id='word_1_568' title='bbox 1280 1814 1378 1842; x_wconf 89' lang='lat' dir='ltr'><em>nem</em></span> <span class='ocrx_word' id='word_1_569' title='bbox 1393 1803 1477 1841; x_wconf 85' lang='lat' dir='ltr'><em>suis</em></span> <span class='ocrx_word' id='word_1_570' title='bbox 1494 1802 1674 1848; x_wconf 80' lang='lat' dir='ltr'><em>definitis</em></span> <span class='ocrx_word' id='word_1_571' title='bbox 1692 1802 1963 1854; x_wconf 82' lang='lat' dir='ltr'><em>temporibus,</em></span> <span class='ocrx_word' id='word_1_572' title='bbox 1979 1814 2028 1841; x_wconf 84' lang='lat' dir='ltr'><em>ac</em></span> <span class='ocrx_word' id='word_1_573' title='bbox 2046 1801 2170 1841; x_wconf 86' lang='lat' dir='ltr'><em>modo</em></span> <span class='ocrx_word' id='word_1_574' title='bbox 2188 1800 2255 1842; x_wconf 87' lang='lat' dir='ltr'><em>eti</em></span> <span class='ocrx_word' id='word_1_575' title='bbox 2279 1807 2303 1835; x_wconf 53' lang='grc' dir='ltr'><em>ιθ</em></span> 
     </span>
     <span class='ocr_line' id='line_1_112' title="bbox 1282 1862 2270 1917; baseline -0.002 -12"><span class='ocrx_word' id='word_1_576' title='bbox 1282 1876 1306 1904; x_wconf 84' lang='lat' dir='ltr'><em>a</em></span> <span class='ocrx_word' id='word_1_577' title='bbox 1342 1865 1542 1916; x_wconf 88' lang='lat' dir='ltr'><em>religione</em></span> <span class='ocrx_word' id='word_1_578' title='bbox 1580 1864 1821 1915; x_wconf 80' lang='lat' dir='ltr'><em>praescripto</em></span> <span class='ocrx_word' id='word_1_579' title='bbox 1840 1893 1854 1914; x_wconf 91' lang='lat'><em>,</em></span> <span class='ocrx_word' id='word_1_580' title='bbox 1890 1862 2119 1917; x_wconf 87' lang='lat' dir='ltr'><em>periculum</em></span> <span class='ocrx_word' id='word_1_581' title='bbox 2152 1874 2301 1904; x_wconf 83' lang='lat' dir='ltr'><em>mora</em></span> 
     </span>
     <span class='ocr_line' id='line_1_113' title="bbox 1281 1925 2332 1987; baseline 0 -22"><span class='ocrx_word' id='word_1_582' title='bbox 1281 1925 1347 1972; x_wconf 88' lang='lat' dir='ltr'><em>sit,</em></span> <span class='ocrx_word' id='word_1_583' title='bbox 1375 1930 1421 1964; x_wconf 90' lang='lat' dir='ltr'><em>ut</em></span> <span class='ocrx_word' id='word_1_584' title='bbox 1446 1926 1563 1964; x_wconf 91' lang='lat' dir='ltr'><em>multi</em></span> <span class='ocrx_word' id='word_1_585' title='bbox 1585 1925 1753 1964; x_wconf 85' lang='lat' dir='ltr'><em>arbitrio</em></span> <span class='ocrx_word' id='word_1_586' title='bbox 1775 1937 1850 1964; x_wconf 82' lang='lat' dir='ltr'><em>suo</em></span> <span class='ocrx_word' id='word_1_587' title='bbox 1881 1925 2180 1966; x_wconf 84' lang='lat' dir='ltr'><em>relaxationem</em></span> <span class='ocrx_word' id='word_1_588' title='bbox 2208 1936 2232 1965; x_wconf 83' lang='lat' dir='ltr'><em>a</em></span> <span class='ocrx_word' id='word_1_589' title='bbox 2293 1939 2332 1987; x_wconf 43' lang='grc' dir='ltr'>ἰ</span> 
     </span>
     <span class='ocr_line' id='line_1_114' title="bbox 1280 1983 2331 2044; baseline 0.002 -18"><span class='ocrx_word' id='word_1_590' title='bbox 1280 1988 1412 2040; x_wconf 84' lang='lat' dir='ltr'><em>piant,</em></span> <span class='ocrx_word' id='word_1_591' title='bbox 1445 1992 1486 2028; x_wconf 89' lang='lat' dir='ltr'><em>et</em></span> <span class='ocrx_word' id='word_1_592' title='bbox 1511 1988 1680 2038; x_wconf 84' lang='lat' dir='ltr'><em>quidam</em></span> <span class='ocrx_word' id='word_1_593' title='bbox 1702 1987 1807 2026; x_wconf 86' lang='lat' dir='ltr'><em>inter</em></span> <span class='ocrx_word' id='word_1_594' title='bbox 1826 1998 1871 2027; x_wconf 84' lang='lat' dir='ltr'><em>sc</em></span> <span class='ocrx_word' id='word_1_595' title='bbox 1893 2000 1967 2026; x_wconf 91' lang='lat' dir='ltr'><em>suo</em></span> <span class='ocrx_word' id='word_1_596' title='bbox 1988 1987 2156 2028; x_wconf 85' lang='lat' dir='ltr'><em>arbitrio</em></span> <span class='ocrx_word' id='word_1_597' title='bbox 2179 1983 2331 2044; x_wconf 52' lang='lat' dir='ltr'><em>secr-{Tg</em></span> 
     </span>
     <span class='ocr_line' id='line_1_115' title="bbox 1281 2048 2329 2096; baseline -0.001 -7"><span class='ocrx_word' id='word_1_598' title='bbox 1281 2054 1364 2089; x_wconf 89' lang='lat' dir='ltr'><em>tam</em></span> <span class='ocrx_word' id='word_1_599' title='bbox 1393 2049 1714 2090; x_wconf 81' lang='lat' dir='ltr'><em>familiaritatem</em></span> <span class='ocrx_word' id='word_1_600' title='bbox 1744 2049 1917 2096; x_wconf 67' lang='lat' dir='ltr'><em>ineantg</em></span> <span class='ocrx_word' id='word_1_601' title='bbox 1943 2049 2011 2088; x_wconf 86' lang='lat' dir='ltr'><em>alii</em></span> <span class='ocrx_word' id='word_1_602' title='bbox 2040 2061 2125 2088; x_wconf 88' lang='lat' dir='ltr'><em>non</em></span> <span class='ocrx_word' id='word_1_603' title='bbox 2155 2048 2246 2088; x_wconf 85' lang='lat' dir='ltr'><em>abs·</em></span> <span class='ocrx_word' id='word_1_604' title='bbox 2284 2090 2286 2093; x_wconf 67' lang='grc'><strong>,</strong></span> <span class='ocrx_word' id='word_1_605' title='bbox 2328 2081 2329 2084; x_wconf 59' lang='grc'>,</span> 
     </span>
     <span class='ocr_line' id='line_1_116' title="bbox 1281 2103 2330 2162; baseline 0.001 -12"><span class='ocrx_word' id='word_1_606' title='bbox 1281 2111 1526 2151; x_wconf 80' lang='lat' dir='ltr'><em>valetudinis</em></span> <span class='ocrx_word' id='word_1_607' title='bbox 1538 2111 1724 2162; x_wconf 86' lang='lat' dir='ltr'><em>periculo</em></span> <span class='ocrx_word' id='word_1_608' title='bbox 1742 2107 1880 2149; x_wconf 87' lang='lat' dir='ltr'><em>statim</em></span> <span class='ocrx_word' id='word_1_609' title='bbox 1893 2123 2039 2151; x_wconf 87' lang='lat' dir='ltr'><em>somno</em></span> <span class='ocrx_word' id='word_1_610' title='bbox 2052 2110 2278 2162; x_wconf 63' lang='lat' dir='ltr'><em>indulgeam</em></span> <span class='ocrx_word' id='word_1_611' title='bbox 2327 2103 2330 2145; x_wconf 64' lang='grc' dir='ltr'><strong>Ᾰ</strong></span> 
     </span>
     <span class='ocr_line' id='line_1_117' title="bbox 1283 2168 2330 2221; baseline -0.001 -8"><span class='ocrx_word' id='word_1_612' title='bbox 1283 2174 1351 2213; x_wconf 85' lang='lat' dir='ltr'><em>alii</em></span> <span class='ocrx_word' id='word_1_613' title='bbox 1390 2174 1536 2213; x_wconf 88' lang='lat' dir='ltr'><em>modos</em></span> <span class='ocrx_word' id='word_1_614' title='bbox 1571 2173 1674 2212; x_wconf 86' lang='lat' dir='ltr'><em>alios</em></span> <span class='ocrx_word' id='word_1_615' title='bbox 1702 2173 1972 2212; x_wconf 83' lang='lat' dir='ltr'><em>recreationis</em></span> <span class='ocrx_word' id='word_1_616' title='bbox 2007 2173 2243 2221; x_wconf 84' lang='lat' dir='ltr'><em>inveniant;</em></span> <span class='ocrx_word' id='word_1_617' title='bbox 2269 2172 2298 2212; x_wconf 90' lang='lat' dir='ltr'><em>i</em></span> <span class='ocrx_word' id='word_1_618' title='bbox 2327 2168 2330 2173; x_wconf 78' lang='lat'>&#39;</span> 
     </span>
     <span class='ocr_line' id='line_1_118' title="bbox 1283 2234 2333 2286; baseline 0 -12"><span class='ocrx_word' id='word_1_619' title='bbox 1283 2235 1434 2286; x_wconf 88' lang='lat' dir='ltr'><em>quibus</em></span> <span class='ocrx_word' id='word_1_620' title='bbox 1453 2236 1543 2274; x_wconf 88' lang='lat' dir='ltr'><em>sine</em></span> <span class='ocrx_word' id='word_1_621' title='bbox 1564 2235 1689 2275; x_wconf 90' lang='lat' dir='ltr'><em>dubio</em></span> <span class='ocrx_word' id='word_1_622' title='bbox 1713 2235 1872 2286; x_wconf 82' lang='lat' dir='ltr'><em>majora</em></span> <span class='ocrx_word' id='word_1_623' title='bbox 1899 2235 2162 2274; x_wconf 86' lang='lat' dir='ltr'><em>incommoda</em></span> <span class='ocrx_word' id='word_1_624' title='bbox 2186 2246 2254 2281; x_wconf 84' lang='lat' dir='ltr'><em>re,</em></span> <span class='ocrx_word' id='word_1_625' title='bbox 2278 2276 2304 2282; x_wconf 47' lang='lat'><strong><em>„</em></strong></span> <span class='ocrx_word' id='word_1_626' title='bbox 2328 2234 2333 2245; x_wconf 80' lang='lat'><strong>¹</strong></span> 
     </span>
     <span class='ocr_line' id='line_1_119' title="bbox 1281 2296 2299 2347; baseline 0.001 -13"><span class='ocrx_word' id='word_1_627' title='bbox 1281 2296 1424 2335; x_wconf 82' lang='lat' dir='ltr'><em>lariter</em></span> <span class='ocrx_word' id='word_1_628' title='bbox 1443 2297 1606 2335; x_wconf 89' lang='lat' dir='ltr'><em>misceri</em></span> <span class='ocrx_word' id='word_1_629' title='bbox 1624 2300 1809 2347; x_wconf 88' lang='lat' dir='ltr'><em>possunt.</em></span> <span class='ocrx_word' id='word_1_630' title='bbox 1831 2296 1914 2335; x_wconf 88' lang='lat' dir='ltr'><em>Nec</em></span> <span class='ocrx_word' id='word_1_631' title='bbox 1937 2300 2077 2347; x_wconf 86' lang='lat' dir='ltr'><em>posset</em></span> <span class='ocrx_word' id='word_1_632' title='bbox 2100 2299 2186 2335; x_wconf 82' lang='lat' dir='ltr'><em>tota</em></span> <span class='ocrx_word' id='word_1_633' title='bbox 2206 2303 2299 2335; x_wconf 71' lang='lat' dir='ltr'><em>coni</em></span> 
     </span>
     <span class='ocr_line' id='line_1_120' title="bbox 1282 2357 2300 2405; baseline 0.001 -10"><span class='ocrx_word' id='word_1_634' title='bbox 1282 2357 1474 2404; x_wconf 76' lang='lat' dir='ltr'><em>munitas,</em></span> <span class='ocrx_word' id='word_1_635' title='bbox 1497 2361 1542 2395; x_wconf 91' lang='lat' dir='ltr'><em>ut</em></span> <span class='ocrx_word' id='word_1_636' title='bbox 1558 2357 1741 2405; x_wconf 67' lang='lat' dir='ltr'><em>{numero</em></span> <span class='ocrx_word' id='word_1_637' title='bbox 1759 2357 1920 2397; x_wconf 89' lang='lat' dir='ltr'><em>decimo</em></span> <span class='ocrx_word' id='word_1_638' title='bbox 1944 2357 2066 2396; x_wconf 88' lang='lat' dir='ltr'><em>tertio</em></span> <span class='ocrx_word' id='word_1_639' title='bbox 2090 2357 2275 2396; x_wconf 84' lang='lat' dir='ltr'><em>insinua</em></span> <span class='ocrx_word' id='word_1_640' title='bbox 2295 2366 2300 2378; x_wconf 65' lang='lat'>‘</span> 
     </span>
     <span class='ocr_line' id='line_1_121' title="bbox 1284 2418 2297 2471; baseline 0.003 -15"><span class='ocrx_word' id='word_1_641' title='bbox 1284 2418 1475 2457; x_wconf 90' lang='lat' dir='ltr'><em>omnibus</em></span> <span class='ocrx_word' id='word_1_642' title='bbox 1499 2418 1562 2456; x_wconf 89' lang='lat' dir='ltr'><em>his</em></span> <span class='ocrx_word' id='word_1_643' title='bbox 1585 2418 1780 2457; x_wconf 85' lang='lat' dir='ltr'><em>remediis</em></span> <span class='ocrx_word' id='word_1_644' title='bbox 1803 2418 1968 2469; x_wconf 86' lang='lat' dir='ltr'><em>privari,</em></span> <span class='ocrx_word' id='word_1_645' title='bbox 1992 2423 2032 2457; x_wconf 89' lang='lat' dir='ltr'><em>et</em></span> <span class='ocrx_word' id='word_1_646' title='bbox 2051 2419 2094 2457; x_wconf 89' lang='lat' dir='ltr'><em>in</em></span> <span class='ocrx_word' id='word_1_647' title='bbox 2112 2422 2276 2471; x_wconf 83' lang='lat' dir='ltr'><em>perpet</em></span> <span class='ocrx_word' id='word_1_648' title='bbox 2292 2427 2297 2463; x_wconf 77' lang='grc' dir='ltr'>ζ</span> 
     </span>
     <span class='ocr_line' id='line_1_122' title="bbox 1282 2481 2285 2533; baseline 0.002 -13"><span class='ocrx_word' id='word_1_649' title='bbox 1282 2481 1420 2533; x_wconf 87' lang='lat' dir='ltr'><em>rigore</em></span> <span class='ocrx_word' id='word_1_650' title='bbox 1449 2481 1664 2529; x_wconf 86' lang='lat' dir='ltr'><em>contineri,</em></span> <span class='ocrx_word' id='word_1_651' title='bbox 1685 2481 1772 2520; x_wconf 87' lang='lat' dir='ltr'><em>siue</em></span> <span class='ocrx_word' id='word_1_652' title='bbox 1793 2492 1946 2531; x_wconf 84' lang='lat' dir='ltr'><em>magna</em></span> <span class='ocrx_word' id='word_1_653' title='bbox 1965 2481 2162 2520; x_wconf 85' lang='lat' dir='ltr'><em>violentia</em></span> <span class='ocrx_word' id='word_1_654' title='bbox 2187 2485 2228 2522; x_wconf 87' lang='lat' dir='ltr'><em>et</em></span> <span class='ocrx_word' id='word_1_655' title='bbox 2246 2492 2285 2521; x_wconf 78' lang='lat' dir='ltr'><em>c</em></span> 
     </span>
     <span class='ocr_line' id='line_1_123' title="bbox 1283 2542 2242 2594; baseline 0 -12"><span class='ocrx_word' id='word_1_656' title='bbox 1283 2543 1470 2590; x_wconf 88' lang='lat' dir='ltr'><em>actione,</em></span> <span class='ocrx_word' id='word_1_657' title='bbox 1497 2555 1588 2594; x_wconf 78' lang='lat' dir='ltr'><em>quae</em></span> <span class='ocrx_word' id='word_1_658' title='bbox 1611 2554 1688 2582; x_wconf 90' lang='lat' dir='ltr'><em>nec</em></span> <span class='ocrx_word' id='word_1_659' title='bbox 1715 2542 1915 2582; x_wconf 85' lang='lat' dir='ltr'><em>durabilis</em></span> <span class='ocrx_word' id='word_1_660' title='bbox 1945 2546 2021 2590; x_wconf 89' lang='lat' dir='ltr'><em>est,</em></span> <span class='ocrx_word' id='word_1_661' title='bbox 2042 2554 2120 2583; x_wconf 88' lang='lat' dir='ltr'><em>nec</em></span> <span class='ocrx_word' id='word_1_662' title='bbox 2153 2546 2242 2582; x_wconf 87' lang='lat' dir='ltr'><em>tant</em></span> 
     </span>
     <span class='ocr_line' id='line_1_124' title="bbox 1283 2602 2297 2655; baseline 0.002 -13"><span class='ocrx_word' id='word_1_663' title='bbox 1283 2602 1461 2643; x_wconf 87' lang='lat' dir='ltr'><em>fructum</em></span> <span class='ocrx_word' id='word_1_664' title='bbox 1481 2604 1736 2655; x_wconf 86' lang='lat' dir='ltr'><em>spiritualem</em></span> <span class='ocrx_word' id='word_1_665' title='bbox 1758 2604 1906 2644; x_wconf 84' lang='lat' dir='ltr'><em>afferre</em></span> <span class='ocrx_word' id='word_1_666' title='bbox 1928 2604 2045 2643; x_wconf 86' lang='lat' dir='ltr'><em>solet.</em></span> <span class='ocrx_word' id='word_1_667' title='bbox 2067 2604 2116 2644; x_wconf 91' lang='lat' dir='ltr'><em>Et</em></span> <span class='ocrx_word' id='word_1_668' title='bbox 2135 2604 2192 2644; x_wconf 79' lang='lat' dir='ltr'><em>ita</em></span> <span class='ocrx_word' id='word_1_669' title='bbox 2218 2604 2297 2644; x_wconf 85' lang='lat' dir='ltr'><em>lic</em></span> 
     </span>
     <span class='ocr_line' id='line_1_125' title="bbox 1284 2665 2333 2717; baseline 0.001 -12"><span class='ocrx_word' id='word_1_670' title='bbox 1284 2677 1335 2705; x_wconf 78' lang='lat' dir='ltr'><em>ex</em></span> <span class='ocrx_word' id='word_1_671' title='bbox 1354 2666 1433 2705; x_wconf 84' lang='lat' dir='ltr'><em>hac</em></span> <span class='ocrx_word' id='word_1_672' title='bbox 1452 2671 1594 2705; x_wconf 86' lang='lat' dir='ltr'><em>nostra</em></span> <span class='ocrx_word' id='word_1_673' title='bbox 1613 2667 1886 2714; x_wconf 84' lang='lat' dir='ltr'><em>recreatione,</em></span> <span class='ocrx_word' id='word_1_674' title='bbox 1909 2677 2001 2717; x_wconf 84' lang='lat' dir='ltr'><em>quae</em></span> <span class='ocrx_word' id='word_1_675' title='bbox 2023 2665 2111 2705; x_wconf 83' lang='lat' dir='ltr'><em>sola</em></span> <span class='ocrx_word' id='word_1_676' title='bbox 2131 2677 2285 2706; x_wconf 88' lang='lat' dir='ltr'><em>comm</em></span> <span class='ocrx_word' id='word_1_677' title='bbox 2330 2669 2333 2674; x_wconf 89' lang='lat'>&#39;</span> 
     </span>
     <span class='ocr_line' id='line_1_126' title="bbox 1284 2724 2333 2774; baseline 0.001 -8"><span class='ocrx_word' id='word_1_678' title='bbox 1284 2727 1375 2766; x_wconf 84' lang='lat' dir='ltr'><em>dior</em></span> <span class='ocrx_word' id='word_1_679' title='bbox 1395 2727 1568 2774; x_wconf 87' lang='lat' dir='ltr'><em>videtur,</em></span> <span class='ocrx_word' id='word_1_680' title='bbox 1590 2731 1634 2766; x_wconf 89' lang='lat' dir='ltr'><em>ut</em></span> <span class='ocrx_word' id='word_1_681' title='bbox 1652 2728 1720 2766; x_wconf 92' lang='lat' dir='ltr'><em>illo</em></span> <span class='ocrx_word' id='word_1_682' title='bbox 1743 2739 1915 2766; x_wconf 85' lang='lat' dir='ltr'><em>numero</em></span> <span class='ocrx_word' id='word_1_683' title='bbox 1936 2727 2096 2766; x_wconf 86' lang='lat' dir='ltr'><em>decimo</em></span> <span class='ocrx_word' id='word_1_684' title='bbox 2116 2727 2236 2767; x_wconf 86' lang='lat' dir='ltr'><em>tertio</em></span> <span class='ocrx_word' id='word_1_685' title='bbox 2258 2744 2286 2762; x_wconf 71' lang='grc' dir='ltr'><em>ι»</em></span> <span class='ocrx_word' id='word_1_686' title='bbox 2331 2724 2333 2726; x_wconf 58' lang='grc'><strong>’</strong></span> 
     </span>
     <span class='ocr_line' id='line_1_127' title="bbox 1283 2787 2282 2839; baseline 0 -11"><span class='ocrx_word' id='word_1_687' title='bbox 1283 2788 1506 2832; x_wconf 76' lang='lat' dir='ltr'><em>tendimus.</em></span> <span class='ocrx_word' id='word_1_688' title='bbox 1535 2788 1693 2839; x_wconf 82' lang='lat' dir='ltr'><em>aliquid</em></span> <span class='ocrx_word' id='word_1_689' title='bbox 1726 2788 1978 2827; x_wconf 88' lang='lat' dir='ltr'><em>incommodi</em></span> <span class='ocrx_word' id='word_1_690' title='bbox 2015 2788 2135 2838; x_wconf 89' lang='lat' dir='ltr'><em>sequi</em></span> <span class='ocrx_word' id='word_1_691' title='bbox 2170 2787 2282 2839; x_wconf 86' lang='lat' dir='ltr'><em>pos&#39;</em></span> 
     </span>
     <span class='ocr_line' id='line_1_128' title="bbox 1285 2849 2288 2901; baseline 0.002 -13"><span class='ocrx_word' id='word_1_692' title='bbox 1285 2851 1402 2901; x_wconf 82' lang='lat' dir='ltr'><em>quasi</em></span> <span class='ocrx_word' id='word_1_693' title='bbox 1434 2849 1535 2888; x_wconf 90' lang='lat' dir='ltr'><em>nihil</em></span> <span class='ocrx_word' id='word_1_694' title='bbox 1569 2849 1859 2889; x_wconf 73' lang='lat' dir='ltr'><em>aestimandum</em></span> <span class='ocrx_word' id='word_1_695' title='bbox 1898 2854 1983 2897; x_wconf 88' lang='lat' dir='ltr'><em>est,</em></span> <span class='ocrx_word' id='word_1_696' title='bbox 2006 2849 2288 2901; x_wconf 82' lang='lat' dir='ltr'><em>comparatio·</em></span> 
     </span>
     <span class='ocr_line' id='line_1_129' title="bbox 1286 2910 2255 2963; baseline 0.001 -13"><span class='ocrx_word' id='word_1_697' title='bbox 1286 2922 1446 2957; x_wconf 90' lang='lat' dir='ltr'><em>eorum,</em></span> <span class='ocrx_word' id='word_1_698' title='bbox 1470 2921 1562 2961; x_wconf 84' lang='lat' dir='ltr'><em>quae</em></span> <span class='ocrx_word' id='word_1_699' title='bbox 1582 2911 1624 2949; x_wconf 91' lang='lat' dir='ltr'><em>in</em></span> <span class='ocrx_word' id='word_1_700' title='bbox 1648 2911 1837 2963; x_wconf 89' lang='lat' dir='ltr'><em>opposito</em></span> <span class='ocrx_word' id='word_1_701' title='bbox 1859 2910 1994 2950; x_wconf 90' lang='lat' dir='ltr'><em>timeri</em></span> <span class='ocrx_word' id='word_1_702' title='bbox 2014 2914 2204 2963; x_wconf 87' lang='lat' dir='ltr'><em>possunt.</em></span> <span class='ocrx_word' id='word_1_703' title='bbox 2252 2940 2255 2942; x_wconf 90' lang='lat'><em>-</em></span> 
     </span>
    </p>

    <p class='ocr_par' dir='ltr' id='par_1_9' title="bbox 1283 2970 2289 3645">
     <span class='ocr_line' id='line_1_130' title="bbox 1339 2970 2289 3013; baseline 0.001 -2"><span class='ocrx_word' id='word_1_704' title='bbox 1339 2972 1403 3011; x_wconf 85' lang='lat'><em>19.</em></span> <span class='ocrx_word' id='word_1_705' title='bbox 1424 2970 1492 3012; x_wconf 89' lang='lat' dir='ltr'><em>Ad</em></span> <span class='ocrx_word' id='word_1_706' title='bbox 1509 2973 1791 3013; x_wconf 86' lang='lat' dir='ltr'><em>incommodum</em></span> <span class='ocrx_word' id='word_1_707' title='bbox 1815 2973 1982 3013; x_wconf 83' lang='lat' dir='ltr'><em>allatum</em></span> <span class='ocrx_word' id='word_1_708' title='bbox 2001 2973 2045 3012; x_wconf 87' lang='lat' dir='ltr'><em>in</em></span> <span class='ocrx_word' id='word_1_709' title='bbox 2063 2985 2170 3012; x_wconf 87' lang='lat' dir='ltr'><em>num.</em></span> <span class='ocrx_word' id='word_1_710' title='bbox 2194 2970 2246 3012; x_wconf 75' lang='lat'><em>12</em></span> <span class='ocrx_word' id='word_1_711' title='bbox 2263 2985 2289 3007; x_wconf 76' lang='grc'><em>.’</em></span> 
     </span>
     <span class='ocr_line' id='line_1_131' title="bbox 1283 3031 2282 3086; baseline 0.001 -14"><span class='ocrx_word' id='word_1_712' title='bbox 1283 3034 1340 3072; x_wconf 89' lang='lat' dir='ltr'><em>Eo</em></span> <span class='ocrx_word' id='word_1_713' title='bbox 1360 3033 1427 3072; x_wconf 87' lang='lat' dir='ltr'><em>vel</em></span> <span class='ocrx_word' id='word_1_714' title='bbox 1449 3034 1627 3073; x_wconf 86' lang='lat' dir='ltr'><em>maxime</em></span> <span class='ocrx_word' id='word_1_715' title='bbox 1655 3034 1767 3086; x_wconf 91' lang='lat' dir='ltr'><em>quod</em></span> <span class='ocrx_word' id='word_1_716' title='bbox 1798 3033 2076 3081; x_wconf 85' lang='lat' dir='ltr'><em>incommoda,</em></span> <span class='ocrx_word' id='word_1_717' title='bbox 2099 3045 2191 3085; x_wconf 79' lang='lat' dir='ltr'><em>quae</em></span> <span class='ocrx_word' id='word_1_718' title='bbox 2211 3031 2282 3081; x_wconf 52' lang='lat' dir='ltr'><em>oh]</em></span> 
     </span>
     <span class='ocr_line' id='line_1_132' title="bbox 1284 3095 2281 3147; baseline 0.001 -14"><span class='ocrx_word' id='word_1_719' title='bbox 1284 3095 1465 3143; x_wconf 87' lang='lat' dir='ltr'><em>ciuntur,</em></span> <span class='ocrx_word' id='word_1_720' title='bbox 1483 3095 1549 3135; x_wconf 89' lang='lat' dir='ltr'><em>vel</em></span> <span class='ocrx_word' id='word_1_721' title='bbox 1568 3096 1681 3135; x_wconf 84' lang='lat' dir='ltr'><em>nulla</em></span> <span class='ocrx_word' id='word_1_722' title='bbox 1702 3100 1812 3146; x_wconf 85' lang='lat' dir='ltr'><em>sunt,</em></span> <span class='ocrx_word' id='word_1_723' title='bbox 1833 3096 1899 3135; x_wconf 88' lang='lat' dir='ltr'><em>vel</em></span> <span class='ocrx_word' id='word_1_724' title='bbox 1918 3095 2133 3147; x_wconf 80' lang='lat' dir='ltr'><em>praeveniri</em></span> <span class='ocrx_word' id='word_1_725' title='bbox 2149 3106 2251 3134; x_wconf 89' lang='lat' dir='ltr'><em>mor</em></span> <span class='ocrx_word' id='word_1_726' title='bbox 2277 3096 2281 3120; x_wconf 77' lang='lat'><em>³</em></span> 
     </span>
     <span class='ocr_line' id='line_1_133' title="bbox 1285 3155 2273 3208; baseline 0 -13"><span class='ocrx_word' id='word_1_727' title='bbox 1285 3160 1347 3196; x_wconf 90' lang='lat' dir='ltr'><em>ter</em></span> <span class='ocrx_word' id='word_1_728' title='bbox 1372 3161 1559 3208; x_wconf 89' lang='lat' dir='ltr'><em>possunt.</em></span> <span class='ocrx_word' id='word_1_729' title='bbox 1582 3159 1701 3207; x_wconf 88' lang='lat' dir='ltr'><em>Nam,</em></span> <span class='ocrx_word' id='word_1_730' title='bbox 1718 3157 1831 3208; x_wconf 90' lang='lat' dir='ltr'><em>quod</em></span> <span class='ocrx_word' id='word_1_731' title='bbox 1853 3157 1907 3196; x_wconf 85' lang='lat' dir='ltr'><em>ad</em></span> <span class='ocrx_word' id='word_1_732' title='bbox 1926 3157 2134 3197; x_wconf 88' lang='lat' dir='ltr'><em>silentium</em></span> <span class='ocrx_word' id='word_1_733' title='bbox 2154 3159 2195 3195; x_wconf 85' lang='lat' dir='ltr'><em>at</em></span> <span class='ocrx_word' id='word_1_734' title='bbox 2215 3155 2224 3164; x_wconf 84' lang='lat'><strong><em>&#39;</em></strong></span> <span class='ocrx_word' id='word_1_735' title='bbox 2238 3172 2273 3200; x_wconf 60' lang='grc' dir='ltr'><em>ι,</em></span> 
     </span>
     <span class='ocr_line' id='line_1_134' title="bbox 1283 3216 2274 3260; baseline 0.001 -3"><span class='ocrx_word' id='word_1_736' title='bbox 1283 3218 1462 3259; x_wconf 82' lang='lat' dir='ltr'><em>fatemur</em></span> <span class='ocrx_word' id='word_1_737' title='bbox 1487 3232 1578 3260; x_wconf 88' lang='lat' dir='ltr'><em>esse</em></span> <span class='ocrx_word' id='word_1_738' title='bbox 1605 3220 1832 3259; x_wconf 85' lang='lat' dir='ltr'><em>maximum</em></span> <span class='ocrx_word' id='word_1_739' title='bbox 1864 3220 1992 3260; x_wconf 88' lang='lat' dir='ltr'><em>decus</em></span> <span class='ocrx_word' id='word_1_740' title='bbox 2019 3223 2060 3260; x_wconf 89' lang='lat' dir='ltr'><em>et</em></span> <span class='ocrx_word' id='word_1_741' title='bbox 2087 3216 2274 3259; x_wconf 74' lang='lat' dir='ltr'><em>custo-⁹</em></span> 
     </span>
     <span class='ocr_line' id='line_1_135' title="bbox 1283 3277 2275 3333; baseline 0.002 -12"><span class='ocrx_word' id='word_1_742' title='bbox 1283 3281 1510 3333; x_wconf 86' lang='lat' dir='ltr'><em>religionis,</em></span> <span class='ocrx_word' id='word_1_743' title='bbox 1530 3281 1604 3321; x_wconf 86' lang='lat' dir='ltr'><em>sed</em></span> <span class='ocrx_word' id='word_1_744' title='bbox 1623 3281 1666 3320; x_wconf 90' lang='lat' dir='ltr'><em>in</em></span> <span class='ocrx_word' id='word_1_745' title='bbox 1685 3281 1755 3321; x_wconf 88' lang='lat' dir='ltr'><em>illo</em></span> <span class='ocrx_word' id='word_1_746' title='bbox 1777 3281 1902 3322; x_wconf 83' lang='lat' dir='ltr'><em>etiam</em></span> <span class='ocrx_word' id='word_1_747' title='bbox 1921 3283 1984 3321; x_wconf 90' lang='lat' dir='ltr'><em>est</em></span> <span class='ocrx_word' id='word_1_748' title='bbox 2008 3279 2156 3320; x_wconf 89' lang='lat' dir='ltr'><em>modus</em></span> <span class='ocrx_word' id='word_1_749' title='bbox 2175 3281 2216 3320; x_wconf 78' lang='lat' dir='ltr'><em>et</em></span> <span class='ocrx_word' id='word_1_750' title='bbox 2244 3277 2275 3323; x_wconf 62' lang='grc' dir='ltr'><em>·ῑῗ</em></span> 
     </span>
     <span class='ocr_line' id='line_1_136' title="bbox 1286 3338 2252 3387; baseline -0.002 -6"><span class='ocrx_word' id='word_1_751' title='bbox 1286 3341 1399 3381; x_wconf 90' lang='lat' dir='ltr'><em>dium</em></span> <span class='ocrx_word' id='word_1_752' title='bbox 1419 3341 1686 3382; x_wconf 84' lang='lat' dir='ltr'><em>servandum.</em></span> <span class='ocrx_word' id='word_1_753' title='bbox 1703 3343 1808 3383; x_wconf 79' lang='lat' dir='ltr'><em>Nam</em></span> <span class='ocrx_word' id='word_1_754' title='bbox 1828 3342 1919 3382; x_wconf 83' lang='lat' dir='ltr'><em>aliae</em></span> <span class='ocrx_word' id='word_1_755' title='bbox 1937 3341 2063 3381; x_wconf 83' lang='lat' dir='ltr'><em>etiam</em></span> <span class='ocrx_word' id='word_1_756' title='bbox 2078 3338 2213 3387; x_wconf 39' lang='lat' dir='ltr'><em>reliff·</em></span> <span class='ocrx_word' id='word_1_757' title='bbox 2235 3352 2252 3371; x_wconf 75' lang='lat'><em>¹1</em></span> 
     </span>
     <span class='ocr_line' id='line_1_137' title="bbox 1286 3401 2255 3457; baseline -0.001 -13"><span class='ocrx_word' id='word_1_758' title='bbox 1286 3403 1494 3444; x_wconf 86' lang='lat' dir='ltr'><em>ordinarie</em></span> <span class='ocrx_word' id='word_1_759' title='bbox 1513 3403 1738 3456; x_wconf 88' lang='lat' dir='ltr'><em>loquendo,</em></span> <span class='ocrx_word' id='word_1_760' title='bbox 1753 3415 1838 3444; x_wconf 91' lang='lat' dir='ltr'><em>non</em></span> <span class='ocrx_word' id='word_1_761' title='bbox 1855 3403 2093 3456; x_wconf 86' lang='lat' dir='ltr'><em>simpliciter</em></span> <span class='ocrx_word' id='word_1_762' title='bbox 2107 3401 2213 3442; x_wconf 86' lang='lat' dir='ltr'><em>silen</em></span> <span class='ocrx_word' id='word_1_763' title='bbox 2230 3442 2255 3457; x_wconf 62' lang='lat'><em>:-</em></span> 
     </span>
     <span class='ocr_line' id='line_1_138' title="bbox 1285 3459 2258 3518; baseline -0.004 -13"><span class='ocrx_word' id='word_1_764' title='bbox 1285 3466 1540 3518; x_wconf 78' lang='lat' dir='ltr'><em>praecipiunt,</em></span> <span class='ocrx_word' id='word_1_765' title='bbox 1561 3477 1700 3518; x_wconf 87' lang='lat' dir='ltr'><em>neque</em></span> <span class='ocrx_word' id='word_1_766' title='bbox 1726 3465 1840 3506; x_wconf 88' lang='lat' dir='ltr'><em>omni</em></span> <span class='ocrx_word' id='word_1_767' title='bbox 1865 3468 2069 3517; x_wconf 87' lang='lat' dir='ltr'><em>tempore,</em></span> <span class='ocrx_word' id='word_1_768' title='bbox 2094 3461 2170 3503; x_wconf 76' lang='lat' dir='ltr'><em>sed</em></span> <span class='ocrx_word' id='word_1_769' title='bbox 2228 3459 2258 3510; x_wconf 68' lang='lat' dir='ltr'><em>1=J</em></span> 
     </span>
     <span class='ocr_line' id='line_1_139' title="bbox 1285 3522 2216 3580; baseline -0.004 -14"><span class='ocrx_word' id='word_1_770' title='bbox 1285 3526 1542 3580; x_wconf 87' lang='lat' dir='ltr'><em>temporibus</em></span> <span class='ocrx_word' id='word_1_771' title='bbox 1560 3537 1612 3568; x_wconf 83' lang='lat' dir='ltr'><em>ae</em></span> <span class='ocrx_word' id='word_1_772' title='bbox 1634 3526 1752 3576; x_wconf 88' lang='lat' dir='ltr'><em>locis,</em></span> <span class='ocrx_word' id='word_1_773' title='bbox 1773 3529 1888 3567; x_wconf 84' lang='lat' dir='ltr'><em>extra</em></span> <span class='ocrx_word' id='word_1_774' title='bbox 1916 3537 2010 3579; x_wconf 74' lang='lat' dir='ltr'><em>quae</em></span> <span class='ocrx_word' id='word_1_775' title='bbox 2025 3522 2216 3564; x_wconf 67' lang='lat' dir='ltr'><em>facultas</em></span> 
     </span>
     <span class='ocr_line' id='line_1_140' title="bbox 1286 3583 2248 3645; baseline 0.001 -15"><span class='ocrx_word' id='word_1_776' title='bbox 1286 3587 1379 3631; x_wconf 84' lang='lat' dir='ltr'><em>cedi</em></span> <span class='ocrx_word' id='word_1_777' title='bbox 1397 3588 1505 3631; x_wconf 80' lang='lat' dir='ltr'><em>solet</em></span> <span class='ocrx_word' id='word_1_778' title='bbox 1523 3587 1712 3632; x_wconf 80' lang='lat' dir='ltr'><em>modeste</em></span> <span class='ocrx_word' id='word_1_779' title='bbox 1727 3585 1943 3641; x_wconf 65' lang='lat' dir='ltr'><em>loquendi,</em></span> <span class='ocrx_word' id='word_1_780' title='bbox 1959 3589 2005 3628; x_wconf 78' lang='lat' dir='ltr'><em>et</em></span> <span class='ocrx_word' id='word_1_781' title='bbox 2016 3583 2201 3645; x_wconf 34' lang='lat' dir='ltr'><em>animos..</em></span> <span class='ocrx_word' id='word_1_782' title='bbox 2223 3586 2248 3631; x_wconf 61' lang='lat' dir='ltr'><em>*J&#39;</em></span> 
     </span>
    </p>
   </div>
   <div class='ocr_carea' id='block_1_7' title="bbox 2309 558 2331 1657">
    <p class='ocr_par' dir='ltr' id='par_1_10' title="bbox 2309 558 2331 1657">
     <span class='ocr_line' id='line_1_141' title="bbox 2309 558 2331 1657; textangle 90"><span class='ocrx_word' id='word_1_783' title='bbox 2321 1654 2323 1657; x_wconf 91' lang='lat'>·</span> <span class='ocrx_word' id='word_1_784' title='bbox 2326 1609 2331 1626; x_wconf 80' lang='grc'><em>,</em></span> <span class='ocrx_word' id='word_1_785' title='bbox 2318 1481 2331 1565; x_wconf 42' lang='grc' dir='ltr'><em>...η-ὓ</em></span> <span class='ocrx_word' id='word_1_786' title='bbox 2317 1323 2329 1464; x_wconf 50' lang='lat' dir='ltr'><em>——a-—a-</em></span> <span class='ocrx_word' id='word_1_787' title='bbox 2316 1088 2329 1308; x_wconf 35' lang='lat' dir='ltr'><em>’unm—*2</em></span> <span class='ocrx_word' id='word_1_788' title='bbox 2321 1068 2325 1076; x_wconf 88' lang='lat'><em>-</em></span> <span class='ocrx_word' id='word_1_789' title='bbox 2309 663 2327 1057; x_wconf 47' lang='lat' dir='ltr'><em>2—--.-.&#39;.-·.s.1—=:—2-*1“4</em></span> <span class='ocrx_word' id='word_1_790' title='bbox 2322 632 2325 638; x_wconf 75' lang='lat'><em>.</em></span> <span class='ocrx_word' id='word_1_791' title='bbox 2318 581 2322 601; x_wconf 62' lang='lat'><em>„-</em></span> <span class='ocrx_word' id='word_1_792' title='bbox 2319 558 2321 566; x_wconf 98' lang='lat'>-</span> 
     </span>
    </p>
   </div>
  </div>
 </body>
</html>
