2352 3880
42 3528 70 3583 ..i

761 128 782 150 t
895 123 899 126 ’
1040 123 1062 150 t

489 221 582 259 CAP'.
602 221 662 258 XI.
682 221 739 256 DE
758 219 936 256 TRIPLICI
954 218 1065 257 Hom
1084 218 1343 255 MEDENDI
1362 221 1407 255 IN
1425 221 1618 269 EXTJBRNO
1638 221 1806 265 mntem,
1828 221 1920 257 HG·

62 314 71 338 s
92 291 255 337 ihm
279 287 513 343 generalem
547 289 825 330 visitationem
847 286 1107 335 interditum
1121 285 1168 326 in

55 354 100 402 ζμ
133 343 220 397 Filio
235 356 372 393 autem
389 349 891 403 eapiteloeutiisumusde
907 353 1096 401 patei-m,
1106 357 1169 387 seb

129 389 269 464 irrata,
290 426 337 454 ac
353 414 512 466 privata
525 411 835 452 denuntiatione
849 410 956 450 facta
974 409 1050 450 soli
1066 409 1168 450 1³2oe-

130 470 240 540 tinto.
270 477 525 528 Quapropter
553 476 713 527 oportet
744 472 956 512 attendere
988 483 1073 511 non
1101 481 1167 510 eas

57 564 80 578 0
131 538 408 587 geonfimdere,
427 525 568 589 neque*
577 535 634 575 ‘ab
645 547 730 574 una
745 534 798 574 ad
814 534 938 574 aliam
951 533 1168 574 transitum

132 597 423 642 ‘inordinatum
441 599 591 638 facere.
612 596 732 636 Unde
761 596 796 636 si
826 596 1022 636 Praelatus
1041 595 1165 642 idem,

135 662 322 714 deposito
345 659 566 700 visitatoris
589 657 797 710 judicialis
820 669 993 697 munere
1014 655 1088 710 (ut
1111 655 1168 696 sic

135 723 307 774 dicam),
326 721 498 774 postulet
509 720 575 760 vel
590 720 813 772 praecipiat,
831 719 908 759 sibi
926 723 973 759 ut
991 717 1112 771 patri,
1126 719 1167 758 et

75 787 78 791 ’
131 783 182 828 'in
196 784 338 824 ordine
357 786 520 822 tantum
536 781 590 822 ad
610 781 940 822 emendationem
953 783 1165 827 secretam,

129 835 374 890 'denuntiari
393 856 444 886 ea
471 855 565 896 quae
593 844 647 884 ad
676 841 833 883 bonum
861 841 1166 882 communitatis

130 894 204 958 :vel
224 908 516 958 cujuscumque
538 905 798 958 particularis
816 916 1000 956 personae
1022 914 1168 955 oppor-

130 971 240 1027 tuna
257 967 427 1016 fuerint,
448 966 568 1006 debet
581 966 784 1020 imprimis
795 966 980 1005 subditus
994 962 1172 1005 conside·

75 1032 84 1047 ·
130 1040 231 1087 ¹rare
261 1039 316 1069 an
351 1028 407 1068 sit
438 1028 631 1068 Praelatus
670 1027 902 1067 ordinarius
919 1056 931 1076 ‚
962 1025 1015 1066 ad
1046 1034 1172 1077 quem

138 1095 362 1144 utrumque
378 1101 532 1130 munus
556 1089 748 1142 pertinet,
766 1089 833 1130 vel
851 1089 904 1128 sit
917 1090 1079 1127 tantum
1120 1087 1174 1136 ’,θ-ἶ

130 1151 296 1212 ¹legatus
329 1152 383 1192 ad
411 1151 703 1204 inquirendum
735 1149 803 1191 vel
831 1147 1083 1188 visitandum
1125 1146 1170 1189 in

130 1214 211 1265 ,tati
231 1225 371 1262 causa,
402 1213 449 1253 in
476 1212 622 1253 ordine
650 1210 703 1253 ad
728 1210 986 1263 punitionem
1014 1207 1165 1249 delicti.

102 1275 239 1340 wsNam
272 1275 317 1315 in
349 1275 428 1315 hoc
454 1273 668 1328 posteriori
699 1283 798 1313 casu
831 1282 915 1312 non
947 1269 1070 1311 debet
1099 1282 1168 1323 pa-

134 1349 243 1386 rere,
273 1337 372 1389 quia
396 1335 442 1376 in
465 1336 540 1376 tali
574 1345 747 1387 persona
767 1345 853 1373 non
882 1331 1007 1373 habet
1033 1331 1167 1373 locum.

129 1396 207 1439 ‘illa
230 1398 386 1450 duplex
409 1396 680 1438 consideratio
695 1409 708 1444 3
739 1405 855 1434 secus
881 1406 979 1434 vero
1005 1393 1039 1433 si
1065 1396 1169 1434 essct

133 1459 345 1512 delegatus
376 1470 472 1499 cum
503 1458 626 1510 plena
658 1457 946 1496 commissione
978 1458 1020 1496 et
1052 1466 1170 1507 supe«

134 1522 333 1569 rioritate,
351 1525 452 1560 tunc
470 1520 582 1559 enim
601 1518 818 1558 ordinariis
835 1516 1016 1557 Praelatis
1034 1515 1166 1568 quoad-

134 1582 213 1624 hoc
232 1584 522 1635 aequiparatur.
542 1581 720 1622 Ulterius
735 1591 831 1620 vero
848 1579 968 1619 debet
987 1579 1063 1619 sibi
1082 1591 1171 1631 per-

134 1646 307 1685 suadere
336 1644 523 1683 subditus
554 1642 773 1683 Praelatum
803 1653 898 1682 vere
929 1645 971 1681 et
998 1652 1048 1681 ex
1079 1641 1170 1680 aniw

135 1719 206 1749 mo
224 1708 284 1746 ita
301 1707 571 1756 interrogare,
598 1708 639 1744 et
665 1715 750 1743 non
771 1707 819 1743 ut
847 1715 895 1743 ea
914 1703 1062 1742 notitia
1082 1707 1171 1742 uta-

129 1773 207 1810 tur
230 1768 283 1808 ad
319 1769 594 1808 visitationem
627 1766 865 1818 juridicam,
900 1776 1025 1817 quam
1059 1764 1171 1817 prin-

129 1830 325 1888 ,cipaliter
341 1829 520 1868 intendit
535 1839 546 1875 ;
569 1839 668 1868 nam
685 1827 722 1866 si
738 1827 789 1867 de
806 1827 884 1866 hoc
901 1838 987 1866 non
1007 1826 1060 1865 sit
1086 1837 1171 1866 mo-

134 1891 275 1933 raliter
294 1895 426 1929 certus
439 1919 452 1938 ,
475 1900 560 1928 non
582 1888 703 1928 debet
728 1899 945 1939 personam
974 1887 1172 1927 manifes-

133 1957 222 1995 tare
238 1963 249 2002 3
266 1951 473 2003 supposita
487 1954 626 1989 autem
642 1949 789 1988 morali
809 1949 891 1989 fide
914 1949 963 1988 de
982 1953 1094 1987 recta
1110 1949 1172 1988 in-

132 2015 320 2057 tentione
349 2012 526 2061 Praelati,
545 2014 677 2063 potest
698 2014 739 2050 et
760 2010 882 2050 debet
900 2009 962 2049 illi
987 2010 1167 2060 obedire,

129 2076 314 2138 =quando,
325 2074 444 2127 juxta
458 2072 569 2113 dicta
585 2074 631 2112 in
649 2073 773 2112 citato
793 2083 883 2124 cap.
903 2071 944 2118 8,
957 2083 1031 2123 per
1048 2071 1167 2111 talem

133 2137 511 2180 manifestationem
557 2135 695 2185 majus
732 2133 890 2175 bonum
930 2133 1072 2173 fratris
1105 2132 1167 2173 vel

133 2196 445 2241 communitatis
463 2207 607 2236 revera
624 2195 869 2235 intenditur.

185 2261 228 2302 9.
257 2259 429 2311 objectio
447 2256 835 2309 bipartita—Pars
851 2254 984 2310 prior.
998 2254 1171 2297 -Pars

131 2323 345 2379 posterior.
377 2342 431 2350 -
457 2320 568 2359 Dicet
587 2319 757 2358 ulterius
773 2317 950 2370 aliquis:
968 2319 1072 2358 'esto
1086 2328 1170 2358 non

134 2385 263 2441 possit
287 2381 380 2435 quis
403 2381 581 2434 juridice
606 2380 850 2420 denuntiare
875 2377 1069 2420 delictum
1089 2379 1169 2419 fra-

133 2446 225 2496 tris,
253 2444 421 2498 quando
440 2456 523 2483 non
538 2443 744 2496 praecessit
760 2442 947 2489 infamia,
975 2441 1170 2493 regulariw

133 2512 200 2550 ter
211 2507 432 2559 loquendo,
452 2505 650 2546 tamenin
669 2503 829 2543 duobus
849 2504 1010 2543 casibus
1026 2506 1169 2555 potest.

134 2568 298 2612 Primus
317 2573 378 2609 est
393 2594 406 2617 ,
430 2566 598 2620 quando
617 2566 816 2606 delictum
834 2566 968 2616 vergit
990 2566 1035 2606 in
1058 2566 1171 2606 dam-

135 2643 239 2675 num
259 2629 590 2677 communitatis,
611 2631 655 2669 et
671 2626 788 2668 facile
813 2631 940 2678 potest
956 2626 1058 2666 alios
1076 2625 1169 2666 infi-

135 2703 257 2743 cere3
288 2692 341 2732 ob
359 2691 465 2730 hanc
485 2690 596 2730 enim
615 2701 780 2728 causam
799 2690 844 2728 in
864 2692 1030 2739 peccato
1046 2687 1174 2728 haere-

133 2755 191 2796 sis
206 2758 370 2795 tenetur
384 2753 478 2805 quis
496 2751 740 2791 denuntiare
757 2750 1013 2798 haereticum,
1031 2750 1174 2789 etiam-

135 2816 172 2858 si
194 2815 418 2855 infamatus
436 2822 522 2853 non
541 2813 594 2852 sit
610 2826 623 2862 3
654 2816 696 2852 et
714 2812 824 2851 idem
843 2815 905 2851 est
923 2811 973 2850 de
1003 2810 1176 2862 juolibet

136 2876 220 2919 alio
250 2876 410 2924 delicto,
439 2874 550 2927 quod
584 2877 726 2926 vergat
755 2874 800 2913 in
832 2873 1032 2912 damnum
1065 2883 1174 2911 com-

137 2936 379 2986 munitatis,
408 2936 476 2975 vel
502 2935 670 2976 alterius
700 2934 835 2984 tertii,
855 2939 903 2974 ut
931 2934 1108 2973 sumitur
1125 2944 1175 2975 ex

138 2998 186 3041 D.
204 2999 362 3039 Thoma
381 2998 422 3038 2.
440 2998 481 3045 2,
502 3002 644 3048 quaest.
667 2997 736 3045 33,
755 3000 834 3036 art.
865 2997 908 3045 7,
926 2999 968 3036 et
986 2996 1173 3036 Doctores

137 3060 414 3101 communiter
438 3057 483 3097 in
504 3059 545 3107 4,
566 3056 609 3098 d.
632 3059 712 3107 193
739 3062 779 3097 et
797 3058 910 3105 Soto,
935 3057 1043 3097 dicta
1067 3069 1107 3109 q.
1129 3058 1169 3106 4,

138 3122 319 3162 conclus.
340 3122 394 3167 23
419 3119 637 3167 Adrianus,
670 3119 714 3158 in
734 3118 776 3169 4,
808 3118 981 3159 materia
1002 3117 1053 3158 de
1078 3118 1173 3158 Cor-

138 3188 241 3224 reet.
275 3183 481 3232 fraterna,
509 3185 555 3222 et
581 3180 771 3228 Quodlib.
807 3181 853 3220 11
875 3209 886 3228 ,
913 3180 965 3219 ad
981 3184 1172 3232 quartam

140 3244 451 3291 difficultatem3
488 3245 529 3282 et
562 3243 787 3282 Ganonistae
808 3242 1098 3291 communiter,
1128 3242 1172 3281 in

139 3317 234 3356 casp.
261 3304 407 3353 Novit,
429 3303 482 3342 de
497 3303 692 3353 Jucliciis3
717 3308 759 3344 et
778 3304 943 3351 Nares„
965 3303 1060 3342 dict.
1079 3314 1167 3354 cap.

141 3366 260 3408 luter
289 3366 425 3416 ταφὰς
452 3364 523 3405 sed
554 3365 692 3416 gravis
729 3364 866 3417 lapsus
900 3363 948 3404 in
984 3362 1172 3414 religioso

68 3422 73 3427 ’
141 3426 389 3479 regulariter
429 3429 472 3467 et
512 3426 628 3480 quasi
673 3436 726 3466 ex
769 3425 993 3465 intrinseca
1034 3425 1173 3465 condi-

139 3488 255 3528 fiune
274 3489 366 3528 talis
390 3491 535 3538 status,
573 3488 707 3539 vergit
738 3486 784 3528 in
815 3498 1034 3527 commune
1057 3487 1174 3527 dam-

144 3561 248 3590 mim
263 3550 475 3602 religionis
487 3580 501 3600 ,
523 3549 591 3590 vel
613 3549 758 3589 saltem
775 3548 949 3589 aliorum
965 3548 1176 3600 religioso-

145 3620 264 3663 rum,
289 3617 489 3667 utsupra,
518 3623 608 3667 cap.
625 3623 756 3662 nono,
778 3622 897 3652 num.
917 3610 1076 3653 decimo
1091 3615 1174 3661 tex-7

15 3826 30 3880 ‚i
52 3795 98 3880 t,
133 3835 138 3839 ⁴

1319 50 1363 84 *Q
1402 54 1405 58 ’
1543 78 1548 84 ,
1656 69 1663 77 .
1847 78 1870 100 q
1899 56 1909 75 μ

1899 99 1921 119 «⁸

1221 286 1295 336 tio,
1316 286 1553 327 dicebamus
1569 298 1584 338 3
1602 299 1702 340 ergo
1719 288 1801 328 hoc
1815 288 1913 328 satis
1931 291 1992 328 est
2007 292 2062 329 nt
2073 290 2260 334 mhditus

1221 353 1410 396 teneatur
1423 352 1669 403 respondere
1685 352 1856 392 Praelato
1872 353 2121 404 generaliter
2133 356 2261 398 inter-¹

1222 412 1402 462 roganti,
1423 413 1724 453 manifestando
1749 426 1967 465 personam
1982 443 1998 464 ,
2017 415 2181 457 etiamsi
2195 417 2260 458 in-

1221 470 1351 512 famia
1381 485 1468 512 non
1496 473 1667 515 laboret.
1698 474 1813 523 Alter
1844 487 1959 515 casus
1989 481 2066 524 est,
2093 478 2259 530 quando

1223 533 1409 573 subditus
1424 538 1581 573 secreto
1598 536 1760 575 monuit
1775 536 2097 589 delinquentem,
2117 543 2159 579 et
2173 523 2260 581 noxi

1221 594 1355 647 potuit
1367 595 1486 634 illum
1503 597 1723 637 emendare
1737 611 1748 646 ;
1766 603 1866 638 tunc
1881 601 1992 638 enim
2007 600 2112 640 hene
2126 605 2259 653 potest

1220 655 1334 696 licite
1357 656 1534 708 juridice
1565 657 1811 712 denuntiare
1838 660 2009 700 Praelato
2027 661 2149 701 talem
2170 674 2259 714 per-

1219 728 1364 757 sonam
1393 718 1544 770 absque
1566 718 1649 758 alia
1675 718 1874 768 infamia,
1905 722 2003 772 quia
2024 723 2118 772 jura
2136 723 2259 762 citata

1221 779 1274 820 ad
1292 780 1399 820 hanc
1423 780 1779 819 denuntiationem
1805 792 1890 820 non
1914 783 2130 833 requirunt
2151 773 2262 824 infass

1223 841 1367 888 miam,
1392 842 1461 881 sed
1481 842 1607 881 solam
1629 843 1824 893 praeviam
1845 844 2114 882 monitionem
2126 855 2138 893 ;
2160 856 2259 897 ergo

1224 902 1272 943 in
1290 915 1339 942 eo
1365 914 1460 942 casu
1477 903 1684 943 tenebitur
1707 902 1895 943 subditus
1918 905 2180 944 manifestare
2198 909 2261 946 ta-

1225 962 1307 1005 lem
1341 976 1560 1017 personam
1598 963 1770 1004 Praelato
1807 965 2053 1015 generaliter
2085 966 2260 1007 interro—

1226 1025 1358 1079 ganti.

1283 1088 1346 1126 10.
1382 1085 1554 1133 Satisfit
1565 1085 1696 1137 priori
1713 1086 1901 1139 parti.—
1909 1085 2195 1138 Respondetur
2209 1087 2262 1128 ad

1223 1147 1404 1202 priorem
1426 1152 1584 1199 partem
1606 1177 1616 1196 ,
1652 1159 1739 1187 non
1754 1147 1896 1188 omnia
1914 1153 2081 1199 peccata
2099 1149 2262 1199 religio-

1226 1221 1365 1251 sorum
1384 1209 1585 1249 censenda
1602 1220 1688 1248 esse
1708 1209 1766 1249 ita
1783 1221 1954 1260 vergere
1979 1210 2022 1249 in
2040 1222 2128 1248 com
2137 1222 2261 1251 mune

1225 1271 1440 1319 damnum,
1470 1274 1518 1309 nt
1535 1282 1584 1309 ea
1602 1271 1761 1310 ratione
1780 1269 1902 1310 liceat
1921 1270 2025 1310 illud
2044 1272 2180 1310 statim
2194 1272 2260 1323 ju-

1226 1333 1350 1372 ridice
1378 1332 1655 1382 denuntiare3
1690 1332 1823 1371 multa
1850 1332 1959 1371 enim
1983 1337 2078 1372 sunt
2099 1337 2262 1385 peccata

1226 1395 1385 1447 privata
1404 1397 1446 1433 et
1468 1394 1625 1433 occulta
1642 1423 1654 1441 ,
1686 1404 1777 1444 quae
1809 1405 1886 1433 nec
1910 1395 2069 1434 ratione
2096 1396 2268 1446 objecti,

1226 1467 1301 1495 nec
1320 1456 1478 1494 ratione
1495 1454 1675 1494 scandali
1693 1459 1871 1505 vergunt
1890 1456 1934 1495 in
1953 1456 2127 1495 aliorum
2147 1457 2263 1496 dam-

1226 1528 1342 1557 num.
1374 1517 1425 1556 Et
1451 1517 1638 1567 quamvis
1658 1527 1799 1556 verum
1824 1517 1938 1556 sitin
1961 1517 2160 1568 religiosis
2178 1530 2264 1558 esse

1226 1579 1359 1629 majus
1378 1578 1604 1630 periculum
1622 1577 1853 1616 infectionis
1870 1608 1880 1625 ,
1910 1578 1976 1617 vel
1995 1579 2173 1618 scandali
2193 1583 2265 1620 aut

1226 1640 1431 1688 infamiae,
1461 1643 1626 1691 propter
1642 1639 1892 1690 peculiarem
1911 1643 2039 1678 status
2063 1641 2264 1681 conditio-

1227 1713 1338 1750 nem,
1356 1701 1434 1740 hoc
1451 1705 1592 1739 tamen
1611 1712 1695 1739 nou
1715 1701 1810 1739 satis
1825 1704 1887 1739 est
1901 1704 1947 1739 ut
1963 1706 2170 1751 peccatum
2187 1686 2270 1748 sta-3

1227 1763 1303 1802 tim
1318 1762 1495 1815 juridice
1516 1761 1801 1808 denuntietur,
1820 1762 2008 1812 quamvis
2028 1762 2202 1800 sufficiat
2219 1763 2271 1824 ut}

1226 1823 1337 1864 intra
1356 1823 1621 1863 latitudinem
1640 1823 1902 1862 correctionis
1921 1823 2112 1862 fraternae
2132 1824 2270 1874 efflata-J

1226 1885 1434 1926 cissimum
1461 1885 1690 1924 remedium
1718 1888 1974 1935 procuretur.
2009 1885 2105 1923 Dico
2123 1884 2273 1962 antemi

1226 1946 1270 1985 id
1297 1958 1384 1986 non
1412 1957 1499 1985 esse
1528 1946 1627 1984 satis
1657 1945 1704 1983 in
1733 1956 1780 1983 ea
1812 1945 1976 1994 praecise
1996 1945 2273 2012 generalitate3

1226 2011 1454 2059 spectatum
1471 2018 1485 2057 3
1504 2018 1603 2045 nam
1620 2006 1654 2045 si
1670 2005 1713 2044 in
1731 2005 1948 2045 individuo
1967 2006 2019 2045 sit
2037 2007 2274 2059 periculum}

1227 2068 1384 2108 instans
1412 2072 1454 2108 et
1485 2078 1639 2118 urgens
1668 2071 1810 2106 contra
1838 2068 2002 2107 tertiam
2030 2068 2273 2119 personam,i

1226 2131 1291 2171 vel
1322 2131 1366 2169 in
1393 2129 1605 2180 religionis
1634 2128 1850 2167 infamiam
1877 2133 1918 2167 et
1944 2130 2198 2178 scandalum,
2224 2125 2273 2179 et‘·¹

1225 2190 1481 2231 denuntiatio
1513 2194 1683 2241 paterna
1713 2193 1787 2228 aut
1823 2200 1907 2228 non
1940 2189 2130 2228 credatur
2155 2190 2273 2231 suin-1

1224 2254 1349 2299 ciens,
1378 2257 1449 2291 aut
1464 2252 1515 2290 sit
1535 2251 1761 2303 periculum
1781 2250 1826 2290 in
1846 2262 1973 2298 mora,
1993 2255 2092 2291 tuuc
2109 2252 2273 2295 denua-1

1224 2315 1320 2354 tiari
1341 2314 1478 2353 statim
1499 2317 1633 2354 viotest
1652 2313 1822 2353 Praelato
1837 2317 1884 2351 ut
1893 2313 2041 2363 judici,
2060 2313 2184 2354 modo
2200 2313 2264 2353 in·

1224 2376 1289 2417 fra
1304 2376 1561 2416 declarando.

1280 2439 1348 2479 11.
1386 2435 1556 2485 Satis-fit
1566 2434 1855 2488 posterioris·
1865 2434 1912 2473 In
1929 2445 1977 2474 eo
1993 2437 2132 2473 autern
2150 2444 2264 2483 casu,

1229 2504 1269 2541 et
1301 2500 1346 2540 in
1379 2498 1558 2539 secundo
1587 2507 1716 2547 supra.
1746 2495 1907 2551 posito,
1938 2494 2174 2536 addendum
2204 2498 2266 2535 est

1229 2559 1342 2602 aliud
1375 2571 1462 2602 esse
1496 2558 1745 2609 respondere
1782 2557 1956 2597 Praelato
1989 2556 2265 2606 interroganti

1228 2626 1391 2663 tantum
1427 2633 1502 2673 per
1536 2621 1648 2660 viam
1679 2618 1957 2669 inquisitionis
1970 2647 1986 2667 ,
2023 2618 2134 2657 aliud
2166 2628 2265 2657 vero

1229 2695 1314 2724 esse
1332 2683 1499 2723 obedire
1518 2681 1579 2720 illi
1604 2680 1856 2732 praecipienti
1875 2679 1977 2718 mihi
1993 2708 2006 2727 ‚
2040 2683 2087 2717 ut
2105 2679 2264 2717 denun-

1228 2746 1328 2785 tiem
1350 2743 1551 2796 quidquid
1569 2743 1628 2782 ita
1645 2742 1728 2781 scio
1743 2771 1755 2790 ,
1790 2745 1837 2780 ut
1861 2740 1927 2780 vel
1950 2740 2049 2779 alias
2074 2739 2263 2787 debeam,

1230 2807 1294 2848 vel
1321 2807 1464 2846 saltem
1495 2804 1647 2856 possim
1676 2803 1787 2843 licite
1817 2802 2074 2842 denuntiare.
2106 2801 2182 2840 Hic
2205 2800 2264 2840 lo-

1229 2869 1395 2921 quimur
1413 2871 1576 2906 tantum
1591 2866 1640 2903 de
1661 2864 1789 2915 priori
1808 2864 1941 2910 modo,
1963 2863 2008 2902 in
2026 2874 2108 2914 quo
2125 2860 2262 2900 subdi-

1228 2935 1309 2979 tus,
1339 2929 1560 2969 revelando
1591 2926 1785 2966 delictum
1814 2925 1986 2975 alicujus
2015 2935 2196 2978 personae
2218 2922 2261 2961 in

1229 2991 1494 3045 particulari,
1521 2989 1654 3039 magis
1673 2988 1781 3026 subit
1802 2987 1983 3025 officium
2008 2986 2119 3024 testis
2139 2995 2260 3036 quam

1230 3053 1525 3101 denuntiantis,
1547 3056 1587 3091 et
1604 3052 1696 3089 ideo
1715 3062 1800 3088 non
1819 3053 1950 3101 potest
1968 3048 2147 3087 revelare
2165 3056 2258 3084 eum

1227 3117 1299 3168 qui
1321 3128 1403 3155 non
1429 3114 1588 3153 laborat
1610 3111 1784 3151 infamia.
1797 3140 1818 3160 „
1843 3114 1890 3149 ut
1912 3111 2048 3148 statim
2069 3104 2259 3157 probabi-

1226 3183 1307 3217 tur.
1338 3178 1391 3217 At
1409 3188 1526 3222 vero,
1557 3175 1591 3213 si
1615 3173 1809 3213 Praelatus
1834 3183 1919 3210 non
1946 3171 2000 3207 ita
2018 3169 2255 3217 interi-eget,

1226 3240 1293 3280 sed
1315 3238 1499 3278 absolute
1521 3237 1730 3288 praecipiat
1754 3233 1915 3272 subdito
1941 3238 1986 3268 ut
2005 3229 2086 3268 sibi
2103 3230 2254 3267 denun-

1226 3301 1300 3340 tiet
1333 3299 1528 3351 quidquid
1562 3297 1698 3343 debet,
1731 3293 1796 3332 vel
1824 3294 1957 3342 potest
1984 3290 2108 3338 licite,
2141 3292 2254 3336 tunc,

1226 3361 1433 3413 supposita
1451 3359 1671 3411 capacitate
1689 3367 1738 3394 ex
1754 3357 1871 3404 parte
1890 3353 2085 3395 materiae,
2107 3359 2257 3400 praece-

1224 3429 1345 3476 ptum
1361 3421 1574 3473 obligabit,
1592 3418 1688 3470 quia
1702 3416 1859 3466 ,iustum
1876 3422 1950 3460 est,
1971 3422 2064 3451 cum
2083 3410 2135 3448 sit
2150 3408 2200 3448 de
2211 3419 2257 3448 re

1226 3478 1412 3532 honesta,
1433 3489 1474 3523 et
1489 3492 1580 3534 quae
1602 3482 1731 3531 potest
1749 3488 1834 3515 esse
1850 3475 1915 3514 vel
1934 3471 2175 3518 necessaria,
2191 3467 2259 3510 vel

1225 3547 1344 3588 valde
1369 3546 1485 3586 utilis
1505 3542 1555 3583 ad
1584 3549 1802 3580 commune
1821 3537 1989 3576 honum.
2022 3535 2073 3573 Et
2091 3531 2256 3585 quidem

1222 3609 1265 3651 si
1280 3612 1527 3662 praeceptum
1543 3603 1596 3643 sit
1609 3601 1739 3643 solum
1759 3599 1810 3639 de
1827 3595 2139 3639 denuntiatione
2154 3593 2258 3635 alias
