2352 3880
87 283 208 362 nem,
240 306 384 359 sicque
407 318 494 348 non
523 306 750 359 impeditur
781 310 935 354 votum,
966 309 1009 345 et
1039 305 1120 346 hoe

74 369 260 419 crstini-,ri
278 368 450 408 debuit
439 381 481 408 in
506 368 733 421 proposito,
764 379 859 408 cum
889 365 1119 407 admonitio

70 423 219 477 ‘fiebat
236 442 248 477 ;
269 430 302 469 si
322 434 461 470 autem
481 429 717 470 emendatio
733 428 918 479 perfecta
950 428 1122 468 obtenta

74 495 170 540 test,
186 501 348 531 cessare
367 491 517 543 poterit
535 489 776 537 admonitio,
789 500 867 529 nee
885 489 958 530 fiet
977 492 1123 530 contra

74 557 244 598 notum,
263 552 359 602 quia
379 552 470 602 ejus
488 551 662 590 materia
700 550 892 599 cessavit,
928 561 979 592 eo
1008 548 1122 602 quod

72 613 191 658 tfflud
208 613 403 652 delictum
431 612 519 663 jam
538 612 590 651 sit
607 612 726 662 quasi
748 612 918 651 omnino
938 611 1122 663 praeteri-

71 680 193 723 imm,
213 673 325 725 quod
351 685 435 712 non
455 672 565 712 cadit
592 673 670 711 sub
691 672 773 712 hoc
800 677 957 721 votum,
978 677 1026 713 ut
1049 683 1121 712 su-

66 746 179 790 fpra,
198 746 312 774 num.
330 734 491 774 decimo
507 733 667 785 quinto,
684 733 876 773 diximus.
895 734 1038 785 Neque
1056 737 1122 774 est

67 801 229 839 «eontra
240 800 382 836 votum
399 800 618 847 expectare
638 795 821 846 aliquam
844 795 1119 836 mutationem

69 858 284 906 smateriae,
301 869 381 908 qua
402 857 508 897 facta
527 861 658 898 cesset
673 857 868 909 obligatio
889 857 979 909 ejus
993 868 1005 907 ;
1019 857 1118 908 quia

70 940 73 948 ι
92 923 132 960 et
147 918 342 970 obligatio
356 918 423 957 illa
442 918 689 958 affirmativa
706 922 782 966 est,
806 930 882 959 nec
896 919 951 959 ita
960 918 1118 969 obligat

89 992 163 1035 pro
187 980 338 1029 statim,
362 980 462 1031 quin
483 980 668 1030 aliquam
697 980 962 1021 commodam
995 990 1117 1018 occa·

86 1042 245 1083 sionem
263 1046 481 1092 expectare
497 1042 641 1088 liceat3
663 1044 705 1080 et
725 1041 829 1080 ratio
851 1039 1116 1091 expectandi,

85 1103 150 1144 ¹‘vel
169 1103 292 1142 etiarn
311 1103 574 1145 desiderandi
603 1102 727 1143 talem
754 1101 1026 1141 mutationem
1045 1113 1117 1151 po·

87 1168 164 1205 test
179 1175 270 1204 esse
290 1164 481 1213 honesta,
505 1169 545 1204 et
558 1164 611 1204 ad
626 1164 867 1203 charitatem
884 1163 1112 1214 pertinens,

86 1226 186 1265 utin
205 1226 396 1277 praesenti
416 1226 535 1265 facile
551 1225 801 1266 considerari
817 1229 967 1276 potest.

136 1289 200 1329 32.
225 1288 470 1328 Posteriorz‘s
482 1298 621 1327 sensus
639 1287 842 1328 resolutio.
853 1308 906 1316 -
915 1286 977 1327 Ad
989 1284 1114 1326 aliam

85 1349 357 1400 quaestionem
379 1348 667 1399 respondetur,
704 1359 788 1387 non
826 1359 918 1387 esse
956 1348 1113 1399 obliga-

84 1412 239 1451 tionem
257 1409 528 1461 praemittendi
558 1409 602 1449 in
633 1409 712 1448 hoc
735 1419 835 1448 casu
862 1409 1112 1448 admonitio-

84 1485 194 1523 nem,
215 1472 325 1523 quod
342 1476 403 1510 est
422 1471 689 1514 manifestum
724 1471 862 1522 quoad
893 1472 978 1511 voti
1008 1471 1114 1511 obli-

85 1535 308 1586 gationem,
329 1534 426 1585 quia
443 1533 485 1572 in
502 1538 596 1573 voto
611 1533 712 1571 nihil
727 1534 862 1587 agitur
874 1532 925 1572 de
948 1534 1027 1572 hoc
1045 1546 1109 1573 or-

83 1596 179 1635 dine
198 1597 414 1636 servando.
443 1596 587 1635 Solum
623 1607 723 1646 ergo
762 1599 898 1646 potest
930 1594 1111 1634 dubitari

84 1658 135 1697 de
154 1658 246 1709 lege
268 1657 534 1698 correctionis
556 1656 763 1704 fraternae,
777 1669 851 1696 seu
869 1656 1108 1703 charitatis;

83 1720 150 1758 hic
177 1723 315 1757 autem
352 1731 434 1757 non
467 1718 592 1758 habet
619 1718 756 1757 locum
791 1718 1003 1768 obligatio,
1037 1729 1113 1757 seu

84 1780 185 1819 ordo
211 1780 474 1819 correctionis
493 1780 684 1818 fraternae
713 1790 788 1828 per
809 1791 855 1818 se
884 1779 1109 1829 loquendo,

83 1841 179 1893 quia
201 1842 289 1879 haec
317 1840 608 1886 manifestatio,
644 1840 739 1878 licet
773 1840 824 1879 sit
859 1845 1034 1887 secreta,
1070 1844 1114 1880 et

81 1914 165 1942 non
186 1902 398 1941 ordinetur
418 1914 492 1952 per
524 1912 568 1940 se
597 1901 650 1939 ad
670 1900 930 1951 punitionem
955 1900 1110 1950 delicti,

81 1965 122 2004 in
144 1976 225 2016 quo
245 1964 464 2002 conveniet
485 1973 579 2002 curn
616 1962 875 2002 correctione
908 1963 1108 2012 fraterna,

80 2038 124 2066 re
142 2031 282 2067 tamen
304 2038 402 2066 vera
421 2036 505 2063 non
518 2029 580 2063 est
590 2024 789 2065 correctio
813 2024 1008 2070 fraterna;
1032 2037 1111 2064 nec

81 2088 258 2140 pertinet
275 2086 328 2126 ad
343 2091 593 2138 praeceptum
615 2085 736 2132 illius,
760 2086 858 2135 quia
892 2098 977 2125 non
1001 2085 1111 2125 ordi-

80 2155 201 2190 natur
218 2161 294 2202 per
314 2161 358 2188 se
376 2149 428 2188 ad
448 2151 653 2200 privatum
684 2148 840 2186 bonum
867 2147 1018 2196 fratris,
1038 2148 1110 2199 qui

80 2218 142 2255 est
160 2213 350 2264 proprius
365 2212 457 2250 finis
478 2211 743 2250 correctionis
763 2210 972 2257 fraternae,
991 2211 1112 2261 juxta

77 2253 209 2314 illud:
251 2274 304 2314 Si
330 2278 367 2313 te
386 2274 576 2319 audierit,
616 2272 798 2311 lucratus
826 2273 910 2313 eris
939 2274 1111 2320 fratrem

79 2342 217 2382 tumim
239 2335 311 2375 sed
324 2335 538 2374 ordinatur
558 2334 611 2372 ad
629 2345 849 2372 commune
875 2334 1046 2381 bonum,
1070 2338 1112 2374 et

79 2397 388 2449 impediendum
427 2407 647 2434 commune
684 2395 975 2434 detrimentum
1014 2396 1110 2434 reli-

80 2459 215 2511 gionis
239 2471 289 2497 ex
309 2457 592 2507 assumptione
620 2456 683 2494 sui
705 2456 856 2494 subditi
876 2456 929 2494 ad
961 2457 1112 2507 praela-

78 2525 229 2566 turam,
250 2518 409 2557 etiamsi
438 2518 525 2568 ipse
562 2517 664 2555 alias
687 2517 730 2555 in
767 2529 817 2555 ea
848 2517 1111 2568 procuranda

77 2593 162 2621 non
182 2583 408 2631 peccasset,
433 2583 473 2618 et
492 2578 584 2617 ideo
610 2590 693 2617 non
722 2578 935 2628 regulatur
953 2591 1029 2630 per
1063 2591 1109 2618 se

76 2644 170 2683 talis
189 2641 463 2680 manifestatio
491 2652 566 2690 per
579 2639 818 2690 generalem
846 2640 995 2691 legem,
1034 2653 1109 2680 seu

79 2704 264 2756 regulam
299 2701 565 2742 correctionis
603 2701 810 2750 fraternae,
850 2702 963 2740 unde
999 2714 1110 2741 com-

79 2766 216 2806 munis
247 2764 451 2804 sententia
482 2764 707 2802 Doctorum
738 2767 814 2811 est,
836 2763 878 2802 in
911 2765 1107 2814 peccatis,

81 2840 171 2880 quae
181 2839 306 2879 perse
329 2830 504 2877 vergunt
520 2824 772 2864 indamnum
785 2826 1108 2874 communitatis,

80 2903 162 2930 non
181 2901 270 2929 esse
284 2887 581 2937 necessarium,
600 2899 673 2938 per
690 2899 733 2926 se
753 2887 980 2937 loquendo,
997 2887 1110 2928 hune

81 2952 267 2992 ordinem
295 2962 459 2990 servare
480 2980 493 2999 ,
527 2953 574 2988 ut
606 2949 749 2988 videre
787 2949 882 2988 licet
910 2949 955 2987 in
991 2949 1105 2998 Soto,

85 3014 177 3054 flict.
210 3013 367 3061 relect„
387 3011 565 3051 membr.
597 3012 638 3059 2,
670 3014 817 3061 quaest.
839 3012 881 3060 4,
903 3012 1034 3050 concl.
1055 3013 1106 3059 73

85 3080 123 3115 nt
136 3074 339 3122 Corduba,
357 3074 453 3114 dict.
482 3078 624 3125 quaest.
655 3074 722 3118 43,
744 3072 816 3111 lib.
843 3074 877 3119 1,
901 3077 940 3111 et
960 3077 1106 3124 quaest.

82 3136 342 3186 sexagesima
387 3140 532 3186 quarta
554 3136 748 3181 Summae,
788 3136 829 3172 et
862 3133 967 3181 aliis,
1003 3146 1110 3184 quos

82 3198 202 3245 infra,
217 3197 288 3235 lib.
310 3197 375 3244 10,
393 3197 435 3235 in
454 3197 619 3248 proprio
639 3196 728 3234 loco
742 3194 985 3234 referemus.
1007 3196 1111 3235 Vide

39 3282 42 3286 .
84 3259 224 3305 etiam,
253 3257 286 3296 si
305 3257 455 3307 placet,
483 3257 743 3308 trigesimum
771 3260 933 3295 sextum
952 3257 1110 3296 Motum

83 3319 296 3371 proprium
310 3318 366 3357 Pii
380 3319 424 3365 V,
437 3322 579 3357 contra
591 3318 848 3357 ostendentes
856 3316 1108 3367 Cardinales,

42 3413 46 3415 .
84 3382 154 3420 ubi
190 3381 387 3420 delictum
423 3379 537 3426 illud,
579 3381 843 3432 quantumvis
871 3379 1076 3418 occultum
1093 3409 1112 3430 ,

83 3444 223 3483 statim
242 3443 498 3482 manifestari
521 3442 703 3494 praecipit
719 3442 797 3481 sub
834 3442 1114 3482 excommuni-

88 3505 247 3545 catione
263 3505 355 3543 latae
381 3504 610 3544 sententiae.

141 3565 206 3605 33.
239 3563 421 3617 Objectio.
454 3585 508 3596 —
539 3564 713 3606 Diluno.
751 3587 803 3596 -
830 3565 950 3606 Dices
974 3577 987 3606 :
1022 3570 1118 3605 esto

90 3623 169 3666 hoc
186 3637 271 3667 non
288 3627 493 3679 pertineat
509 3626 563 3668 ad
574 3630 830 3679 praeceptum
848 3627 1112 3667 correctionis

343 242 435 278 GAP.
457 242 514 276 xl.
538 242 618 278 CUR
641 241 760 276 DICTA
782 239 1071 276 rnorssssortm
1092 235 1204 276 voTA
1222 239 1426 276 sim‘ucm
1443 240 1552 282 smT,
1573 241 1627 277 m·
1647 239 1730 276 NON
1749 239 1967 276 somma.

2123 237 2209 281 909

1172 302 1380 354 fraternae,
1391 303 1465 345 sed
1479 305 1532 345 ad
1546 309 1797 357 praeceptum
1812 299 2081 355 subveniendi
2093 311 2206 345 eont-

1174 366 1367 406 munitati
1376 365 1641 419 periclitanti,
1649 366 1918 406 nihilominus
1931 365 2109 406 charitas
2122 365 2208 406 fra-

1174 427 1247 466 tris
1262 439 1428 479 semper
1445 426 1617 477 obligat,
1634 431 1681 467 ut
1690 428 1778 467 haec
1791 427 2009 467 subventio
2020 426 2092 468 fiat
2108 438 2207 468 cum

1173 487 1665 556 minimodamnoipsiuS‚
1681 488 1818 538 quoad
1835 488 2078 541 fieripossit3
2103 501 2212 555 ergof

1173 549 1207 589 si
1223 552 1358 599 potest
1373 548 1582 588 subveniri
1601 559 1676 599 per
1692 549 1964 589 monitionem
1983 554 2205 598 secretam,

1171 609 1327 649 famam
1347 609 1524 661 proximi
1544 608 1764 656 servando,
1798 621 1885 649 non
1919 614 1982 650 est
2009 611 2207 653 delictum

1170 671 1264 723 ejus
1278 671 1416 710 statim
1435 670 1908 722 manifestandum3ergo
1917 672 2095 712 charitas
2106 673 2205 713 obli-

1168 735 1245 784 gat
1278 731 1335 771 ad
1371 731 1703 784 praemittendam
1737 731 1981 782 hujusmodi
2016 735 2207 775 monitio-

1171 804 1284 834 nem.
1304 794 1567 846 Respondeo,
1586 793 1682 833 ideo
1703 805 1871 845 semper
1889 793 2056 841 dixisse,
2075 807 2149 847 per
2164 808 2205 838 se

1171 855 1372 907 loquendo,
1393 856 1493 907 quia
1511 855 1555 894 in
1577 855 1640 894 his
1660 855 1787 894 rebus
1805 855 2033 894 moralibus
2052 856 2121 894 vix
2136 869 2204 908 po-

1171 921 1253 956 test
1266 916 1354 955 dari
1381 917 1526 968 regula
1545 917 1766 967 generalis,
1786 927 1879 968 quae
1915 929 2004 957 non
2029 918 2204 969 patiatur

1171 979 1472 1029 exceptionem.
1490 979 1672 1017 Dicimus
1690 991 1806 1032 ergo,
1826 978 1898 1018 ubi
1920 990 1995 1030 per
2011 990 2056 1019 se
2073 980 2205 1030 primo

1170 1040 1308 1091 agitur
1326 1039 1376 1079 de
1391 1041 1604 1079 communi
1618 1041 1744 1085 bono.
1767 1045 1809 1081 et
1839 1041 1892 1080 de
1910 1041 2045 1089 firmo,
2078 1052 2127 1080 ac
2147 1053 2206 1082 se-

1169 1112 1272 1141 curo
1287 1101 1471 1141 remedio
1489 1101 1613 1149 illius,
1630 1108 1671 1142 et
1690 1102 1761 1141 ubi
1782 1105 1945 1142 tantum
1972 1103 2205 1154 periculum

1167 1162 1387 1211 imminet,
1420 1167 1625 1214 quantum
1656 1167 1721 1203 est
1758 1164 1801 1204 in
1838 1164 2078 1216 hujusmodi
2111 1175 2210 1216 pec-

1167 1225 1283 1272 catis,
1317 1225 1588 1264 monitionem
1608 1225 1810 1276 privatam
1830 1238 1914 1266 non
1948 1238 2040 1266 esse
2075 1237 2206 1266 reme-

1164 1286 1283 1326 dium
1312 1287 1697 1337 proportionatum,
1737 1288 1836 1338 quia
1875 1288 2090 1327 moraliter
2123 1299 2208 1327 non

1166 1352 1303 1399 potest
1319 1348 1503 1399 reputari
1527 1349 1751 1395 sufficiens,
1781 1348 1856 1387 sed
1892 1349 2128 1389 necessaria
2148 1353 2206 1387 est

1166 1409 1425 1461 providentia
1449 1410 1541 1460 ejus
1561 1409 1615 1448 ad
1639 1421 1763 1460 quem
1786 1422 1837 1450 ex
1863 1410 2001 1450 officio
2031 1410 2207 1461 pertinet

1165 1472 1378 1511 communi
1398 1471 1509 1511 bono
1528 1473 1791 1523 prospicere3
1813 1477 1855 1512 et
1877 1473 1971 1513 ideo
1990 1485 2068 1524 per
2086 1485 2146 1520 se,
2161 1485 2209 1512 ac

1164 1533 1378 1573 moraliter
1394 1533 1621 1584 loquendo,
1646 1534 1928 1574 necessarium
1946 1547 2030 1574 non
2066 1539 2129 1574 est
2164 1534 2208 1573 il-

1165 1595 1237 1633 lud
1262 1595 1448 1634 medium
1481 1596 1712 1642 intentare;
1736 1609 1812 1647 per
1844 1596 1924 1637 hoc
1947 1602 2090 1636 tamen
2125 1608 2210 1635 non

1166 1657 1336 1704 tollitur,
1356 1657 1456 1708 quin
1472 1657 1512 1694 in
1531 1657 1671 1708 aliquo
1698 1670 1795 1697 casu
1823 1670 1918 1697 raro
1939 1663 2054 1697 tanta
2080 1652 2214 1710 possit?1

1167 1730 1260 1758 esse
1284 1730 1379 1768 spes
1407 1718 1579 1766 fructus,
1608 1723 1647 1758 et
1669 1720 1910 1759 sufficientis
1934 1721 2107 1760 remedii
2136 1733 2213 1771 per

1168 1781 1497 1819 admonitionem
1522 1785 1740 1827 secretam,
1774 1787 1819 1821 ut
1840 1783 2022 1822 charitas
2054 1783 2211 1834 obliget

1168 1843 1221 1882 ad
1240 1842 1569 1892 praemittendam
1590 1843 1702 1882 illam
1716 1834 1731 1882 ’τ
1747 1844 1820 1882 sed
1838 1846 1916 1883 hoc
1941 1846 1983 1883 in
2002 1857 2100 1884 casu
2122 1857 2212 1883 am-

1166 1904 1334 1943 bitionis
1354 1908 1438 1942 tam
1456 1915 1597 1942 rarum
1619 1915 1710 1942 esse
1732 1906 1922 1944 existimo
1951 1918 2001 1944 ac
2027 1906 2213 1954 difficile,

1165 1969 1212 2002 ut
1233 1976 1317 2002 non
1347 1975 1542 2002 censeam
1561 1975 1652 2002 esse
1672 1977 1815 2003 casum
1828 1967 2045 2015 moralem,
2067 1967 2207 2006 etideo

1164 2025 1352 2064 absolute
1378 2024 1457 2063 dici
1479 2029 1625 2075 potest,
1659 2037 1744 2064 non
1778 2038 1872 2067 esse
1896 2029 2022 2067 talem
2055 2030 2207 2080 obliga-

1164 2087 1334 2125 tionem.
1358 2087 1444 2124 Imo
1478 2087 1602 2124 etiam
1639 2087 1746 2126 addo
1776 2101 1861 2127 non
1901 2090 2035 2128 solum
2062 2090 2206 2137 licere,

1162 2148 1239 2187 sed
1262 2147 1388 2186 etiam
1409 2148 1558 2185 melius
1586 2160 1677 2186 esse
1711 2150 1848 2188 statim
1869 2151 1982 2189 adire
2012 2152 2206 2201 Superio-

1164 2221 1252 2249 rem
1275 2210 1317 2248 in
1338 2209 1575 2260 hujusmodi
1596 2215 1762 2258 eventu,
1783 2213 1879 2262 quia
1897 2214 2206 2264 comparatione

1164 2271 1262 2310 boni
1302 2271 1534 2310 communis
1582 2270 1684 2311 illud
1725 2273 2021 2312 detrimentum
2067 2275 2206 2314 fratris

1165 2332 1285 2383 quasi
1309 2333 1411 2371 nihil
1446 2332 1721 2373 existimatur.
1757 2336 1882 2374 Porro
1917 2348 2120 2386 quosnam
2165 2341 2207 2377 et

1165 2396 1308 2445 quales
1331 2395 1464 2433 socios
1486 2394 1682 2435 adhibere
1698 2396 1846 2436 debeat
1865 2398 2064 2448 Superior
2079 2398 2204 2449 adju-

1164 2457 1386 2495 dicandum
1407 2457 1458 2495 de
1480 2457 1638 2496 ambitu
1658 2457 1799 2506 delati,
1827 2471 1877 2498 ex
1903 2463 2047 2498 octava
2086 2465 2201 2510 parte

1161 2518 1527 2564 Constitutionum‚
1562 2531 1598 2557 c.
1630 2519 1670 2568 6,
1705 2519 1765 2558 lit.
1798 2520 1848 2566 A,
1888 2525 1928 2559 et
1963 2534 2012 2559 ex
2036 2522 2200 2561 decreto

1165 2580 1488 2630 quadragesimo
1522 2591 1636 2620 nono
1670 2580 2014 2634 Congregationis
2045 2588 2202 2634 quartae

1164 2642 1338 2692 intelligi
1352 2645 1502 2693 potest.

1546 2752 1714 2795 CAPUT
1738 2754 1807 2795 xl.

1202 2862 1279 2893 cmi
1304 2861 1393 2892 ΗΕΒ
1417 2861 1524 2892 VOTA
1553 2863 1746 2894 SIMPLICIA
1776 2864 1883 2905 SINT,
1903 2865 1960 2897 m·
1982 2865 2063 2899 NON
2089 2869 2155 2900 SO-

1601 2925 1769 2956 LEMNlA.

1218 3017 1258 3055 1.
1286 3015 1394 3056 Esse
1428 3014 1511 3055 Izoec
1535 3017 1628 3055 vota
1652 3016 1858 3068 simplicia
1889 3023 1993 3060 certo
2013 3021 2201 3073 supponie

1164 3081 1304 3118 tur.—
1316 3076 1570 3128 Supponitur
1590 3077 1633 3115 in
1653 3077 1731 3116 hoc
1744 3078 1863 3117 titulo
1877 3084 1971 3118 vota
2001 3081 2088 3119 haee
2102 3082 2198 3119 sim-

1162 3138 1284 3190 plicia
1301 3150 1407 3185 esse,
1430 3142 1469 3176 et
1488 3150 1573 3176 non
1594 3138 1810 3185 solemnia,
1830 3141 1941 3191 quod
1964 3142 2077 3191 juxta
2113 3142 2198 3180 ins-

1163 3200 1328 3238 titutum
1345 3198 1560 3238 Societatis
1581 3204 1741 3238 certum
1762 3205 1837 3239 est.
1857 3203 1960 3240 Nam
1982 3203 2022 3240 in
2042 3203 2198 3242 Consti-

1141 3279 1145 3282 <
1162 3260 1391 3300 tutionihus
1408 3260 1540 3298 solum
1564 3260 1725 3308 dicitur,
1748 3265 1792 3300 ut
1811 3262 1988 3312 professi
2003 3264 2089 3302 haec
2110 3275 2198 3302 om-

1163 3322 1233 3361 nia
1243 3323 1329 3361 Deo
1344 3321 1600 3373 promittant,
1613 3326 1728 3361 sexta
1743 3327 1879 3373 parte,
1890 3335 1981 3375 cap.
1999 3323 2199 3372 seeundo,

1164 3383 1189 3436 ξ
1219 3386 1259 3431 i,
1281 3387 1322 3424 et
1340 3383 1501 3422 decima
1520 3387 1653 3435 parte,
1674 3382 1699 3435 ξ
1729 3384 1768 3423 6.
1790 3384 1837 3423 In
1861 3384 2197 3436 Congregationi-

1165 3445 1246 3484 bus
1262 3448 1401 3484 autem
1418 3444 1684 3495 generalibus
1702 3447 1719 3483 1
1741 3449 1782 3484 et
1800 3446 1839 3492 3,
1863 3449 1908 3484 ut
1936 3456 2074 3495 supra,
2095 3445 2138 3483 in
2157 3457 2196 3486 c.

1166 3506 1208 3554 9,
1228 3517 1404 3544 numero
1423 3505 1600 3548 decimo,
1620 3505 1755 3551 citavi,
1778 3509 1872 3542 vota
1888 3505 1976 3542 haec
1997 3506 2198 3558 simplicia

1167 3566 1444 3617 appellantur,
1474 3566 1546 3604 ubi
1574 3565 1708 3604 forma
1745 3564 1816 3602 illa
1846 3564 2059 3605 emittendi
2094 3579 2198 3619 prae-

1167 3625 1370 3668 scribitur.
1383 3628 1443 3666 Ac
1460 3625 1643 3677 denique
1661 3623 1741 3664 sub
1758 3623 1909 3665 eadem
1923 3635 2026 3667 voce
2040 3627 2113 3667 illa
2125 3640 2198 3685 ap-
