2352 3880
463 215 553 250 CAP.
576 215 617 250 V.
639 215 695 250 AN
717 213 927 250 PRAEDICTA
949 212 1310 248 scuoLAsriconuM
1332 215 1662 254 Apononnomm
1682 217 1884 262 Annissio,
1906 219 1998 255 me.

168 282 479 325 concessionem
495 282 632 323 statim
651 281 834 322 extendit
851 279 906 321 ad
937 281 1077 320 omnia
1113 280 1198 332 pri-

165 345 341 397 vilegia,
377 344 502 385 etiam
551 342 862 396 specialissima,
896 341 1195 391 immunitates,

165 407 465 458 exemptiones,
485 410 563 446 etc.
584 406 634 446 Et
651 416 816 457 semper
833 403 1018 456 loquitur
1032 404 1085 445 de
1110 415 1195 443 om-

163 469 288 510 nibus
303 473 343 509 et
363 468 536 520 singulis
555 469 744 520 personis
761 467 989 517 Societatis,
1010 466 1087 506 5111)
1102 466 1196 517 qui-

163 529 244 571 bus
259 531 347 570 sine
364 530 491 569 dubio
512 529 720 569 scholares
736 528 986 581 approbatos
1005 539 1194 579 compre-

162 591 330 639 hendit;
351 602 450 631 nam
482 590 579 630 ideo
607 590 800 630 domibus
832 591 1006 643 collegia
1028 601 1195 641 semper

161 654 366 706 adjungit,
384 658 429 693 ut
463 654 514 693 de
535 653 728 693 omnibus
748 654 953 705 personis,
978 664 1069 705 quae
1096 655 1194 692 sunt

162 716 324 755 illorum
341 714 544 762 membra,
567 727 611 755 se
630 715 744 767 loqui
773 714 991 767 significet.
1012 715 1061 753 Et
1083 713 1193 752 hanc

161 776 481 818 declarationem
517 777 695 829 amplius
724 778 934 829 explicuit,
970 780 1012 818 et
1042 774 1193 815 confir-

160 840 287 879 mavit
304 840 526 891 Gregorius
545 840 648 887 XIII,
663 840 706 879 in
726 840 848 880 bullis
867 851 976 891 saepe
989 837 1136 878 citatis.

213 902 252 941 5.
283 902 337 942 In
357 913 434 942 non
459 901 748 951 favorabilibus
782 901 1116 952 distinquendnm.
1137 920 1191 929 —

160 962 201 1004 Si
221 967 360 1003 autem
379 964 600 1014 loquamur
622 965 676 1004 de
710 965 788 1010 his,
814 975 906 1013 quae
941 961 1190 1013 professioni

158 1026 225 1065 vel
243 1026 435 1077 religioso
450 1026 649 1079 prpfesso,
661 1025 712 1064 de
726 1025 862 1076 rigore
877 1023 983 1075 juris
1003 1023 1190 1062 tribuun-

158 1091 240 1134 tur,
261 1088 327 1128 vel
347 1088 400 1128 ad
420 1100 483 1135 ea,
503 1099 595 1138 quae
612 1087 753 1126 odiosa
772 1088 881 1132 sunt,
901 1090 1100 1137 spectant,
1126 1090 1186 1134 ut,

158 1149 273 1190 verbi
288 1150 434 1200 gratia,
453 1161 545 1189 cum
562 1148 973 1187 excommunicantur
987 1147 1185 1197 religiosi,

158 1212 229 1263 qui
248 1211 327 1250 hoc
346 1210 410 1250 vel
441 1209 540 1248 illud
568 1209 754 1256 fecerint,
781 1210 847 1249 vel
866 1210 936 1260 qui
964 1209 1188 1260 professio-

158 1284 253 1312 nem
275 1271 355 1312 hoc
384 1271 449 1311 vel
486 1271 555 1310 illo
579 1271 703 1310 modo
738 1271 910 1315 faciunt,
935 1274 976 1310 et
1008 1271 1183 1320 similia,

156 1338 254 1373 tunc
266 1333 438 1372 ulterius
465 1332 811 1373 considerandum
840 1337 902 1372 est
921 1344 976 1372 an
1004 1344 1072 1372 res
1098 1332 1183 1381 illa,

154 1394 207 1434 de
229 1406 310 1446 qua
339 1395 407 1446 jus
429 1394 626 1445 loquitur,
657 1394 856 1446 peculiari
889 1394 1014 1433 modo
1052 1394 1186 1445 respi-

153 1456 248 1504 ciat,
264 1456 330 1495 vel
349 1455 544 1495 fundetur
562 1457 604 1495 in
615 1457 876 1495 solemnitate
897 1456 1183 1507 professionis,

154 1518 219 1558 vel
235 1519 366 1557 solum
387 1518 578 1569 respiciat
596 1522 747 1558 statum
767 1518 1022 1569 religiosum,
1049 1522 1093 1557 ut
1107 1518 1183 1567 sic,

154 1583 195 1620 et
230 1580 531 1632 professionem
564 1584 770 1630 quatenus
800 1580 917 1619 illum
954 1581 1181 1621 constituit.

153 1642 256 1681 Nam
273 1642 316 1680 in
341 1642 506 1692 juribus
535 1654 715 1694 quorum
748 1642 923 1681 materia
943 1645 1006 1681 est
1036 1642 1184 1692 prioris

154 1703 334 1755 generis,
355 1705 425 1743 snb
456 1705 704 1756 professione
734 1716 817 1742 non
841 1707 978 1755 potest
996 1715 1184 1754 compre-

152 1764 278 1804 hendi
301 1765 389 1804 11ωο
414 1765 689 1816 incorporatio
710 1765 960 1804 scholarium
976 1765 1184 1815 approba-

151 1830 286 1867 torum
301 1827 529 1875 Societatis,
557 1827 653 1877 quia
686 1827 726 1865 in
748 1827 818 1866 tali
851 1827 1182 1877 incorporatione

151 1888 269 1929 deest
288 1888 606 1928 fundamentum
630 1889 775 1928 talium
790 1888 963 1940 jurium,
986 1888 1100 1939 quod
1121 1891 1183 1927 est

150 1950 390 1990 solemnitas
422 1950 713 2002 professionis;
756 1951 798 1989 in
845 1950 1008 2002 juribus
1043 1953 1182 1989 autem

151 2024 327 2064 quorum
347 2014 519 2052 materia
540 2018 602 2053 est
620 2013 860 2064 posterioris
881 2014 1063 2064 generis,
1084 2017 1183 2052 tunc

151 2074 230 2112 sub
250 2074 418 2114 nomine
439 2075 712 2126 professionis,
738 2075 828 2114 haec
849 2075 973 2113 etiam
993 2074 1184 2124 incorpo-

150 2136 256 2175 ratio
291 2136 683 2187 comprehendenda
721 2136 897 2175 videtur.
934 2136 1181 2187 Exemplum

151 2197 296 2249 prioris
314 2198 441 2249 partis
460 2202 521 2238 est
538 2199 579 2237 in
603 2211 693 2250 cap.
712 2200 851 2245 unico,
874 2199 926 2239 de
946 2199 1067 2246 Veto,
1084 2199 1126 2237 in
1138 2199 1178 2246 6,

152 2259 221 2298 ubi
247 2260 393 2299 dicitur
423 2264 563 2299 votum
583 2261 857 2309 solemnizari,
891 2265 1093 2309 quantum
1127 2259 1184 2301 ad.

152 2319 462 2371 impediendum
495 2322 819 2371 matrimonium,
855 2334 930 2374 per
962 2322 1181 2374 professio·

152 2393 249 2421 nem
267 2394 519 2433 expressam,
532 2385 598 2423 vel
613 2385 793 2430 tacitam,
812 2384 962 2423 factam
979 2385 1021 2423 in
1042 2385 1181 2436 aliqua

151 2444 352 2494 religione
380 2445 631 2495 approbata;
653 2445 709 2484 ibi
728 2446 836 2484 enim
855 2446 932 2484 sub
964 2448 1182 2497 professio-

150 2506 218 2545 nis
236 2506 401 2544 nomine
423 2506 464 2544 in
487 2507 622 2557 rigore
649 2519 731 2546 non
753 2507 1184 2558 comprehendebatur

150 2566 238 2605 baec
255 2567 530 2617 incorporatio
551 2568 802 2607 scholarium
829 2567 1042 2608 Societatis
1055 2583 1066 2617 ;
1085 2580 1183 2607 nam

151 2633 246 2668 ante
276 2630 497 2680 specialem
514 2631 850 2670 constitutionem
871 2631 1073 2682 Gregorii,
1106 2643 1182 2682 per

150 2695 288 2730 votum
310 2692 504 2730 castitatis
523 2692 562 2731 in
588 2705 638 2731 ea
658 2692 810 2732 factum
828 2704 912 2731 non
928 2692 1183 2732 reddebatur

150 2764 327 2805 persona
340 2753 531 2793 inhabilis
560 2754 613 2794 ad
632 2748 956 2802 matrimonium,
979 2754 1181 2805 quidquid

151 2814 278 2866 aliqui
300 2816 528 2864 senserint;
562 2820 616 2863 et,
638 2816 733 2856 licet
763 2829 875 2856 nunc
905 2821 1046 2856 votum
1076 2816 1179 2856 illud

150 2876 303 2917 habeat
314 2877 424 2917 hunc
441 2877 648 2927 effectum,
665 2891 750 2918 non
771 2882 834 2918 est
859 2891 910 2919 ex
929 2879 965 2918 vi
986 2879 1095 2918 illius
1110 2879 1180 2930 ju-

151 2938 208 2978 ris
236 2940 480 2989 communis,
505 2939 578 2979 sed
614 2951 665 2979 ex
700 2941 866 2992 speciali
897 2941 990 2992 jure
1024 2941 1180 2992 Grego-

151 3000 200 3039 rii
232 3001 335 3050 XIII,
356 3013 436 3054 quo
466 3014 551 3042 non
581 3002 770 3043 obstante
808 3003 910 3042 illud
948 3007 1089 3043 votum
1117 3016 1180 3044 so-

151 3061 288 3102 lemne
306 3075 391 3102 non
409 3067 482 3113 est,
498 3077 548 3104 ex
579 3065 858 3104 declaratione
880 3065 1066 3116 ejusdem
1082 3065 1181 3105 Gre-

157 3123 274 3174 gorii,
303 3125 420 3176 juxta
456 3126 730 3166 intentionem
760 3127 1014 3176 voventium,
1035 3130 1076 3166 et
1109 3127 1183 3167 ad-

156 3182 403 3225 mittentium
430 3186 550 3235 illud;
583 3199 682 3240 ergo
709 3200 792 3227 non
814 3189 1184 3240 comprehenditur

157 3244 236 3284 sub
259 3244 367 3286 dicto
399 3258 487 3299 cap.
506 3249 642 3298 unic.;
666 3262 765 3302 ergo
794 3262 872 3290 nec
904 3251 1182 3302 incorporatio

156 3305 245 3346 haec
263 3308 623 3358 comprehenditur
647 3312 724 3351 sub
749 3313 1008 3364 professione,
1028 3313 1079 3352 de
1099 3324 1183 3364 qua

155 3366 213 3407 ibi
226 3379 363 3407 sermo
378 3372 452 3407 est.
466 3369 645 3410 Sumitur
657 3385 755 3425 ergo
769 3374 827 3413 ibi
839 3375 1032 3425 professio
1044 3374 1183 3414 stricte

155 3439 232 3482 pro
259 3429 328 3469 illo
362 3428 523 3468 vinculo
546 3433 711 3472 omnino
736 3435 923 3474 absoluto
943 3439 984 3475 et
1009 3435 1183 3474 indisso·

155 3489 288 3538 lubili,
312 3501 394 3542 quo
414 3491 643 3530 secundum
662 3504 876 3536 commune
897 3498 967 3547 Jus
1000 3496 1182 3548 religiosi

157 3550 338 3603 ligantur
371 3555 414 3592 et
446 3552 679 3592 traduntur.
704 3554 825 3593 Aliud
860 3558 1095 3608 exemplum
1129 3557 1183 3597 de

160 3612 305 3652 eadem
322 3624 368 3654 re
394 3613 582 3654 existimo
600 3614 707 3653 sumi
726 3626 847 3665 posse
873 3628 924 3655 ex
961 3619 1180 3664 Extravag,

2206 219 2281 261 67⁸·

1251 281 1376 321 unica
1410 282 1583 323 Joannis
1615 285 1735 334 XXII,
1759 285 1810 327 de
1831 287 1953 334 Voto,
1980 286 2068 336 ubi,
2099 288 2172 340 qui
2191 294 2285 342 post

1249 343 1561 383 matrimonium
1587 349 1725 386 ratum
1753 360 1838 388 non
1861 352 2197 390 consummatum
2219 362 2286 391 sa-

1249 415 1366 443 crum
1385 404 1573 445 ordinem
1588 407 1772 459 suscipit,
1795 410 2077 462 suspenditur,
2098 411 2176 452 nisi
2193 425 2288 471 pro-¹

1246 465 1474 506 sessionem
1499 467 1542 506 in
1563 467 1702 519 aliqua
1730 468 1930 521 religione
1965 474 2192 526 approbata
2223 472 2288 513 fa-'

1247 527 1351 574 ciat;
1373 540 1472 567 nam
1496 533 1597 569 tunc
1622 541 1698 581 per
1723 530 2013 572 Dioecesanum
2043 535 2286 575 conceditur

1246 589 1286 629 ei
1305 589 1574 641 dispensatio,
1597 603 1622 630 a
1640 603 1723 642 quo
1751 591 1808 631 ad
1836 592 1963 632 talem
1982 595 2285 645 professionem

1248 651 1537 692 admonendus
1556 652 1719 692 dicitur.
1738 653 1798 692 Ibi
1820 653 1933 692 enim
1952 655 2029 693 sub
2039 659 2286 707 professione

1247 725 1332 752 non
1369 714 1554 766 intelligo
1584 715 1882 766 comprehendi
1907 715 2016 754 hanc
2047 716 2285 769 incorpora-

1248 775 1402 814 tionem
1422 780 1660 815 nostrorum
1687 776 1954 821 scholarium,
1976 788 2055 816 nec
2076 789 2151 828 per
2171 780 2280 820 illam

1246 836 1303 875 illi
1330 838 1414 888 juri
1454 837 1658 877 satisfieri.
1691 837 1811 878 Ratio
1841 844 1920 885 est,
1943 838 2040 888 quia
2077 838 2284 882 intentum

1248 899 1455 939 Pontificis
1485 900 1541 939 ibi
1579 904 1655 948 est,
1693 903 1741 939 ut
1775 899 2091 939 matrimonium
2129 900 2286 951 ratum,¹

1245 961 1358 1011 quod
1378 974 1454 1013 per
1472 966 1612 1001 votum
1644 962 1748 1001 sacri
1787 961 1941 1000 ordinis
1980 961 2162 1000 solutum
2198 975 2284 1003 non

1243 1022 1394 1072 fuerat,
1416 1035 1492 1074 per
1525 1023 1639 1063 aliud
1669 1024 1882 1063 vinculum
1912 1023 2186 1075 professionis
2207 1026 2283 1065 sol-

1243 1088 1377 1130 vatur,
1394 1090 1439 1124 ut
1459 1086 1516 1125 sic
1534 1086 1694 1125 solutus
1712 1085 1765 1124 ab
1786 1084 2038 1137 obligatione
2055 1085 2196 1123 uxoris
2214 1085 2284 1125 de-

1243 1151 1387 1186 center
1408 1148 1539 1198 possit
1556 1148 1598 1187 in
1626 1151 1820 1199 suscepto
1857 1147 2002 1186 ordine
2028 1147 2279 1186 ministrare.

1242 1210 1293 1249 At
1318 1222 1416 1249 vero
1435 1224 1509 1261 per
1527 1216 1623 1250 vota
1658 1211 1747 1250 haec
1782 1210 2035 1249 scholarium
2068 1210 2284 1250 Societatis

1240 1284 1325 1311 non
1362 1273 1409 1311 fit
1433 1274 1500 1312 ille
1530 1274 1718 1322 effeetus,
1740 1277 1786 1312 ut
1816 1273 1942 1319 iufra,
1963 1273 2034 1311 lib.
2057 1274 2098 1319 4,
2121 1285 2212 1323 cap.
2239 1275 2280 1322 2,

1242 1332 1391 1381 dicam,
1414 1335 1486 1374 sed
1501 1339 1562 1374 est
1578 1336 1772 1386 proprius
1791 1339 1983 1373 votorum
2005 1334 2280 1381 solemnium;

1242 1407 1341 1447 ergo
1371 1408 1447 1447 per
1467 1397 1534 1435 illa
1552 1409 1638 1436 non
1665 1395 1812 1436 satisfit
1832 1396 2050 1435 intentioni
2072 1395 2282 1435 Pontificis

1238 1457 1284 1496 in
1318 1457 1427 1497 dicto
1461 1461 1606 1505 textu;
1639 1459 1817 1497 sumitur
1852 1470 1952 1509 ergo
1991 1457 2050 1496 ibi
2083 1457 2283 1510 professio

1239 1519 1396 1568 stricte,
1415 1524 1459 1559 ut
1489 1521 1795 1559 solemnitatem
1824 1519 2009 1558 includit.

1288 1583 1332 1622 6.
1365 1584 1474 1623 Pars
1490 1584 1689 1635 posterior
1709 1582 1881 1632 exemplo
1899 1582 2018 1621 eciam
2035 1580 2280 1620 declaratur.

1237 1665 1291 1675 —
1303 1645 1547 1695 Eoeemplnm
1563 1644 1678 1684 alind
1694 1655 1742 1682 ex
1760 1655 1791 1683 e.
1810 1643 2086 1696 Reliyi0s0.—-
2100 1642 2280 1681 Alterius

1237 1711 1378 1746 autem
1405 1705 1582 1745 membri
1608 1705 1843 1755 exemplum
1871 1716 2036 1742 sumere
2057 1716 2280 1754 possumus

1239 1781 1290 1808 ex
1304 1769 1417 1807 Motu
1437 1767 1605 1818 proprio
1626 1767 1726 1806 Sixti
1749 1767 1798 1811 V,
1820 1766 1862 1804 in
1891 1765 2086 1816 praedicta
2119 1766 2280 1806 ratione

1237 1830 1469 1875 dubitandi,
1490 1828 1606 1867 initio
1623 1839 1714 1878 cap.
1737 1829 1778 1875 3,
1795 1827 1936 1872 citato,
1952 1827 2051 1865 dum
2073 1827 2147 1865 ait:
2170 1828 2283 1869 ll’nno

1237 1904 1325 1932 vere
1346 1896 1383 1931 et
1400 1890 1562 1942 proprie
1571 1889 1755 1940 reliqiosi
1770 1900 1850 1928 esse
1865 1889 2068 1934 dicuntur,
2086 1900 2173 1928 enm
2189 1901 2282 1939 pro-

1236 1954 1443 2004 fessionem
1480 1951 1694 1996 emittant,·
1732 1949 1787 1988 ibi
1830 1950 1940 1988 enim
1983 1949 2118 1988 solum
2155 1951 2281 1990 sumit

1232 2014 1538 2068 professionem,
1551 2017 1597 2051 ut
1617 2025 1641 2051 a
1661 2012 1925 2062 susceptione
1945 2011 2125 2058 habitus,
2144 2012 2185 2050 id
2201 2016 2278 2062 est,

1236 2088 1262 2115 a
1282 2076 1416 2127 primo
1445 2075 1638 2126 ingressu
1662 2086 1737 2113 seu
1756 2073 1958 2112 novitiatu
1988 2073 2256 2125 distinguitur
2265 2089 2277 2123 ;

1238 2138 1458 2188 solumque
1479 2137 1591 2176 illam
1613 2136 1862 2182 considerat,
1883 2139 2090 2185 quatenus
2111 2141 2172 2175 est
2194 2137 2280 2175 vin-

1233 2200 1377 2241 culum
1395 2200 1504 2238 inter
1531 2199 1774 2251 religiosum
1809 2202 1849 2237 et
1871 2198 2131 2248 religionem,
2169 2199 2281 2238 suffi-

1237 2263 1350 2302 ciens
1388 2262 1443 2301 ad
1480 2274 1624 2301 verum
1660 2265 1810 2300 statum
1853 2261 2092 2310 religiosum
2126 2262 2280 2300 consti-

1234 2323 1437 2365 tuendum
1451 2333 1462 2370 ;
1476 2327 1516 2362 et
1531 2323 1624 2362 ideo
1640 2335 1723 2361 non
1741 2322 1883 2361 dubito
1902 2322 2001 2371 quin
2016 2322 2092 2360 sub
2109 2335 2158 2361 ea
2175 2335 2279 2363 voce

1234 2387 1447 2427 scholares
1478 2386 1696 2426 Societatis
1724 2384 2105 2436 comprehenderit,
2136 2390 2176 2424 et
2204 2386 2276 2434 ita,

1237 2461 1329 2500 quae.
1364 2449 1420 2487 ibi
1458 2449 1566 2487 circa
1604 2447 1907 2498 professionem
1950 2447 2147 2496 disponit,
2181 2447 2278 2487 licet

1237 2510 1380 2548 odiosa
1403 2514 1443 2548 et
1463 2510 1649 2560 rigorosa
1669 2509 1903 2555 videantur,
1936 2507 1990 2546 ad
2012 2509 2118 2547 hanc
2149 2509 2277 2549 etiam

1236 2570 1614 2621 incorporationem
1662 2570 1894 2620 pertinent,
1936 2574 1982 2608 ut
2017 2571 2275 2610 consuetudo

1238 2633 1363 2671 etiam
1382 2631 1620 2680 declaravit,
1644 2635 1684 2670 et
1704 2643 1800 2669 mox
1831 2631 2030 2670 dicemus.
2053 2634 2186 2683 Atque
2218 2633 2277 2672 ita.

1235 2694 1362 2733 etiam
1384 2693 1702 2744 intelligendum
1735 2697 1835 2744 puto
1869 2705 1957 2743 cap.
1979 2693 2193 2746 Reliyios0‚
2221 2694 2274 2734 de

1234 2757 1420 2796 Sentent.
1444 2767 1620 2801 excom„
1649 2755 1690 2793 in
1716 2756 1755 2800 6,
1783 2754 1807 2806 ξ
1831 2754 2036 2803 Quamvis,
2055 2755 2124 2794 ubi
2146 2756 2276 2807 signi-

1232 2818 1383 2858 ficatur
1402 2817 1665 2869 privilegium
1686 2817 1856 2855 canonis
1880 2817 1933 2857 Si
1954 2816 2042 2869 qnis
2069 2819 2273 2867 suadente,

1234 2879 1274 2919 in
1316 2880 1454 2931 rigore
1487 2879 1617 2930 juris,
1646 2878 1782 2917 solum
1821 2878 2043 2916 convenire
2069 2879 2273 2929 religiosis

1233 2941 1445 2993 professis,
1466 2940 1521 2979 ibi
1545 2945 1686 2979 autem
1707 2939 1875 2991 speciali
1902 2941 2171 2979 concessione
2206 2953 2273 2979 ex-

1234 3003 1350 3044 tendi
1384 3002 1438 3042 ad
1470 3002 1670 3049 novitios;
1695 3013 1793 3040 nam
1825 3001 1913 3040 sine
1935 3001 2060 3040 dubio
2086 3002 2271 3041 extensio

1235 3065 1305 3104 illa
1325 3064 1561 3104 necessaria
1581 3076 1666 3102 non
1698 3067 1786 3102 erat
1815 3074 1889 3114 pro
1919 3063 2176 3102 scholaribus
2197 3065 2273 3103 So-

1236 3126 1411 3173 cietatiS,
1451 3125 1526 3164 sed
1557 3125 1599 3164 in
1637 3125 1774 3175 rigore
1808 3124 2274 3175 comprehendebantur

1237 3188 1316 3228 sub
1350 3199 1532 3236 canone,
1570 3186 1668 3237 quia
1704 3185 1789 3225 veri
1828 3185 2011 3236 religiosi
2045 3189 2159 3232 sunt,
2197 3196 2272 3222 un·-

1235 3249 1350 3300 dein
1381 3248 1521 3288 verbis
1558 3248 1669 3286 illius
1694 3247 1972 3299 paragraphi:
1996 3246 2183 3294 Quamvis
2201 3256 2271 3284 an-

1236 3315 1315 3353 tem
1348 3311 1400 3356 is,
1431 3311 1499 3362 qni
1525 3310 1752 3361 reliqionem
1780 3309 2034 3358 inqredz'tnr,
2061 3307 2271 3356 reliqiosns

1238 3373 1387 3414 censeri
1402 3384 1490 3413 oum
1510 3374 1655 3423 effectu
1676 3383 1754 3410 non
1771 3371 1916 3423 possit,
1947 3370 2063 3408 donee
2077 3368 2130 3405 sit
2150 3367 2271 3407 tacite

1237 3434 1297 3475 vel
1328 3445 1509 3486 expresse
1534 3435 1751 3486 professus,
1774 3431 1850 3470 sub
1882 3432 2120 3480 professione
2157 3439 2270 3466 com-

1236 3495 1536 3547 prehendenda
1563 3497 1625 3533 est
1654 3495 1744 3532 haec
1773 3489 2063 3540 incorporatio,
2084 3489 2180 3540 quia
2212 3488 2268 3528 ibi

1237 3569 1323 3596 non
1342 3556 1627 3596 consideratur
1656 3552 1871 3605 professiO,
1901 3550 2059 3589 ratione
2079 3550 2268 3601 specialis

1238 3617 1524 3666 solemnitatis,
1553 3616 1627 3655 sed
1655 3615 1786 3652 solum
1818 3615 2022 3661 quatenus
2060 3612 2266 3652 coustituit
