<?xml version="1.0" encoding="UTF-8"?>
<!DOCTYPE html PUBLIC "-//W3C//DTD XHTML 1.0 Transitional//EN"
    "http://www.w3.org/TR/xhtml1/DTD/xhtml1-transitional.dtd">
<html xmlns="http://www.w3.org/1999/xhtml" xml:lang="en" lang="en">
 <head>
  <title>
</title>
<meta http-equiv="Content-Type" content="text/html;charset=utf-8" />
  <meta name='ocr-system' content='tesseract 3.04.00' />
  <meta name='ocr-capabilities' content='ocr_page ocr_carea ocr_par ocr_line ocrx_word'/>
</head>
<body>
  <div class='ocr_page' id='page_1' title='image "./operaomnia16suaauoft_0282.png"; bbox 0 0 2352 3880; ppageno 0'>
   <div class='ocr_carea' id='block_1_1' title="bbox 0 0 404 122">
    <p class='ocr_par' dir='ltr' id='par_1_1' title="bbox 0 0 404 122">
     <span class='ocr_line' id='line_1_1' title="bbox 0 0 404 122; baseline 0 3758"><span class='ocrx_word' id='word_1_1' title='bbox 0 0 404 122; x_wconf 95' lang='lat' dir='ltr'><strong> </strong></span> 
     </span>
    </p>
   </div>
   <div class='ocr_carea' id='block_1_2' title="bbox 1 43 372 121">
    <p class='ocr_par' dir='ltr' id='par_1_2' title="bbox 1 43 372 121">
     <span class='ocr_line' id='line_1_2' title="bbox 1 43 372 121; baseline -0.005 -43"><span class='ocrx_word' id='word_1_2' title='bbox 1 43 149 121; x_wconf 40' lang='lat'><strong>&#39;1‘*⁸‘3.⁴·&#39;§?</strong></span> <span class='ocrx_word' id='word_1_3' title='bbox 162 54 247 87; x_wconf 45' lang='lat' dir='ltr'><strong>..Vt-39¹</strong></span> <span class='ocrx_word' id='word_1_4' title='bbox 359 61 372 76; x_wconf 75' lang='lat'><em>9</em></span> 
     </span>
    </p>
   </div>
   <div class='ocr_carea' id='block_1_3' title="bbox 183 258 1223 556">
    <p class='ocr_par' dir='ltr' id='par_1_3' title="bbox 183 258 1223 556">
     <span class='ocr_line' id='line_1_3' title="bbox 185 258 1222 316; baseline -0.001 -12"><span class='ocrx_word' id='word_1_5' title='bbox 185 261 277 312; x_wconf 77' lang='lat' dir='ltr'><strong>riis,</strong></span> <span class='ocrx_word' id='word_1_6' title='bbox 291 264 366 302; x_wconf 79' lang='lat' dir='ltr'><strong>aut</strong></span> <span class='ocrx_word' id='word_1_7' title='bbox 381 258 542 307; x_wconf 82' lang='lat' dir='ltr'><strong>studiis,</strong></span> <span class='ocrx_word' id='word_1_8' title='bbox 559 258 656 300; x_wconf 81' lang='lat' dir='ltr'><strong>sed</strong></span> <span class='ocrx_word' id='word_1_9' title='bbox 643 271 690 300; x_wconf 75' lang='lat' dir='ltr'><strong>in</strong></span> <span class='ocrx_word' id='word_1_10' title='bbox 703 258 983 316; x_wconf 72' lang='lat' dir='ltr'>corporalibus</span> <span class='ocrx_word' id='word_1_11' title='bbox 998 259 1222 310; x_wconf 77' lang='lat' dir='ltr'><strong>laboribus,</strong></span> 
     </span>
     <span class='ocr_line' id='line_1_4' title="bbox 185 319 1223 370; baseline -0.004 -4"><span class='ocrx_word' id='word_1_12' title='bbox 185 333 261 366; x_wconf 74' lang='lat' dir='ltr'><strong>asu</strong></span> <span class='ocrx_word' id='word_1_13' title='bbox 277 321 523 370; x_wconf 82' lang='lat' dir='ltr'><strong>actionibus,</strong></span> <span class='ocrx_word' id='word_1_14' title='bbox 543 319 841 367; x_wconf 72' lang='lat' dir='ltr'><strong>versabantur:</strong></span> <span class='ocrx_word' id='word_1_15' title='bbox 863 323 906 361; x_wconf 72' lang='lat' dir='ltr'><strong>et</strong></span> <span class='ocrx_word' id='word_1_16' title='bbox 931 319 1027 361; x_wconf 80' lang='lat' dir='ltr'><strong>ideo</strong></span> <span class='ocrx_word' id='word_1_17' title='bbox 1053 331 1140 362; x_wconf 83' lang='lat' dir='ltr'><strong>uon</strong></span> <span class='ocrx_word' id='word_1_18' title='bbox 1158 321 1223 363; x_wconf 84' lang='lat' dir='ltr'><strong>in·</strong></span> 
     </span>
     <span class='ocr_line' id='line_1_5' title="bbox 187 379 1222 434; baseline 0.002 -12"><span class='ocrx_word' id='word_1_19' title='bbox 187 382 384 434; x_wconf 74' lang='lat' dir='ltr'><strong>digebant</strong></span> <span class='ocrx_word' id='word_1_20' title='bbox 401 381 494 421; x_wconf 85' lang='lat' dir='ltr'><strong>aliis</strong></span> <span class='ocrx_word' id='word_1_21' title='bbox 512 379 835 432; x_wconf 81' lang='lat' dir='ltr'><strong>coadjutoribus,</strong></span> <span class='ocrx_word' id='word_1_22' title='bbox 852 392 949 422; x_wconf 83' lang='lat' dir='ltr'><strong>cum</strong></span> <span class='ocrx_word' id='word_1_23' title='bbox 964 381 1044 434; x_wconf 88' lang='lat' dir='ltr'><strong>ipsi</strong></span> <span class='ocrx_word' id='word_1_24' title='bbox 1062 380 1222 424; x_wconf 75' lang='lat' dir='ltr'><strong>nullam</strong></span> 
     </span>
     <span class='ocr_line' id='line_1_6' title="bbox 184 442 1222 494; baseline 0 -10"><span class='ocrx_word' id='word_1_25' title='bbox 184 443 384 484; x_wconf 82' lang='lat' dir='ltr'><strong>haherent</strong></span> <span class='ocrx_word' id='word_1_26' title='bbox 399 442 711 482; x_wconf 76' lang='lat' dir='ltr'><strong>convenientem</strong></span> <span class='ocrx_word' id='word_1_27' title='bbox 725 442 1047 492; x_wconf 83' lang='lat' dir='ltr'><strong>excusationem,</strong></span> <span class='ocrx_word' id='word_1_28' title='bbox 1062 442 1222 494; x_wconf 83' lang='lat' dir='ltr'><strong>quomi-</strong></span> 
     </span>
     <span class='ocr_line' id='line_1_7' title="bbox 183 503 1222 556; baseline 0 -12"><span class='ocrx_word' id='word_1_29' title='bbox 183 515 263 544; x_wconf 88' lang='lat' dir='ltr'><strong>nus</strong></span> <span class='ocrx_word' id='word_1_30' title='bbox 280 515 354 556; x_wconf 89' lang='lat' dir='ltr'><strong>per</strong></span> <span class='ocrx_word' id='word_1_31' title='bbox 376 515 418 543; x_wconf 91' lang='lat' dir='ltr'><strong>se</strong></span> <span class='ocrx_word' id='word_1_32' title='bbox 435 507 599 555; x_wconf 81' lang='lat' dir='ltr'><strong>possent</strong></span> <span class='ocrx_word' id='word_1_33' title='bbox 615 515 709 544; x_wconf 89' lang='lat' dir='ltr'><strong>cum</strong></span> <span class='ocrx_word' id='word_1_34' title='bbox 727 503 911 544; x_wconf 86' lang='lat' dir='ltr'><strong>fraterna</strong></span> <span class='ocrx_word' id='word_1_35' title='bbox 933 503 1165 555; x_wconf 72' lang='lat' dir='ltr'><strong>aequalitate</strong></span> <span class='ocrx_word' id='word_1_36' title='bbox 1180 508 1222 544; x_wconf 79' lang='lat' dir='ltr'><strong>ct</strong></span> 
     </span>
    </p>
   </div>
   <div class='ocr_carea' id='block_1_4' title="bbox 184 565 1238 621">
    <p class='ocr_par' dir='ltr' id='par_1_4' title="bbox 184 565 1238 621">
     <span class='ocr_line' id='line_1_8' title="bbox 184 565 1238 621; baseline -0.001 -15"><span class='ocrx_word' id='word_1_37' title='bbox 184 565 472 606; x_wconf 80' lang='lat' dir='ltr'><strong>distributione</strong></span> <span class='ocrx_word' id='word_1_38' title='bbox 489 565 578 606; x_wconf 82' lang='lat' dir='ltr'><strong>haec</strong></span> <span class='ocrx_word' id='word_1_39' title='bbox 598 577 773 606; x_wconf 84' lang='lat' dir='ltr'><strong>munera</strong></span> <span class='ocrx_word' id='word_1_40' title='bbox 793 566 927 614; x_wconf 87' lang='lat' dir='ltr'><strong>obire;</strong></span> <span class='ocrx_word' id='word_1_41' title='bbox 956 566 1000 606; x_wconf 90' lang='lat' dir='ltr'><strong>in</strong></span> <span class='ocrx_word' id='word_1_42' title='bbox 1021 566 1238 621; x_wconf 19' lang='lat' dir='ltr'><strong>Societate*</strong></span> 
     </span>
    </p>
   </div>
   <div class='ocr_carea' id='block_1_5' title="bbox 166 628 1221 3626">
    <p class='ocr_par' dir='ltr' id='par_1_5' title="bbox 166 628 1221 3626">
     <span class='ocr_line' id='line_1_9' title="bbox 182 628 1221 681; baseline -0.001 -13"><span class='ocrx_word' id='word_1_43' title='bbox 182 633 324 668; x_wconf 84' lang='lat' dir='ltr'><strong>autem</strong></span> <span class='ocrx_word' id='word_1_44' title='bbox 342 628 433 668; x_wconf 86' lang='lat' dir='ltr'><strong>fieri</strong></span> <span class='ocrx_word' id='word_1_45' title='bbox 459 628 631 668; x_wconf 89' lang='lat' dir='ltr'><strong>minime</strong></span> <span class='ocrx_word' id='word_1_46' title='bbox 657 632 831 681; x_wconf 88' lang='lat' dir='ltr'><strong>poterat,</strong></span> <span class='ocrx_word' id='word_1_47' title='bbox 853 632 1020 681; x_wconf 89' lang='lat' dir='ltr'><strong>propter</strong></span> <span class='ocrx_word' id='word_1_48' title='bbox 1038 628 1221 668; x_wconf 89' lang='lat' dir='ltr'><strong>studium</strong></span> 
     </span>
     <span class='ocr_line' id='line_1_10' title="bbox 181 690 1212 742; baseline -0.003 -12"><span class='ocrx_word' id='word_1_49' title='bbox 181 693 226 730; x_wconf 77' lang='lat' dir='ltr'><strong>et</strong></span> <span class='ocrx_word' id='word_1_50' title='bbox 243 690 568 730; x_wconf 81' lang='lat' dir='ltr'><strong>ministeriorum</strong></span> <span class='ocrx_word' id='word_1_51' title='bbox 588 690 866 742; x_wconf 85' lang='lat' dir='ltr'><strong>spiritualium</strong></span> <span class='ocrx_word' id='word_1_52' title='bbox 889 690 1212 740; x_wconf 79' lang='lat' dir='ltr'><strong>occupationem,</strong></span> 
     </span>
     <span class='ocr_line' id='line_1_11' title="bbox 181 749 1218 802; baseline 0 -12"><span class='ocrx_word' id='word_1_53' title='bbox 181 754 230 790; x_wconf 87' lang='lat' dir='ltr'><strong>ut</strong></span> <span class='ocrx_word' id='word_1_54' title='bbox 241 750 398 791; x_wconf 90' lang='lat' dir='ltr'><strong>dictum</strong></span> <span class='ocrx_word' id='word_1_55' title='bbox 417 755 491 791; x_wconf 91' lang='lat' dir='ltr'><strong>est.</strong></span> <span class='ocrx_word' id='word_1_56' title='bbox 511 751 643 798; x_wconf 84' lang='lat' dir='ltr'><strong>Quam</strong></span> <span class='ocrx_word' id='word_1_57' title='bbox 656 751 936 802; x_wconf 83' lang='lat' dir='ltr'><strong>exceptionem</strong></span> <span class='ocrx_word' id='word_1_58' title='bbox 956 749 1069 788; x_wconf 83' lang='lat' dir='ltr'><strong>addit</strong></span> <span class='ocrx_word' id='word_1_59' title='bbox 1085 750 1127 788; x_wconf 89' lang='lat' dir='ltr'><strong>in</strong></span> <span class='ocrx_word' id='word_1_60' title='bbox 1144 761 1218 790; x_wconf 82' lang='lat' dir='ltr'><strong>sua</strong></span> 
     </span>
     <span class='ocr_line' id='line_1_12' title="bbox 180 809 1218 863; baseline -0.003 -11"><span class='ocrx_word' id='word_1_61' title='bbox 180 811 340 863; x_wconf 84' lang='lat' dir='ltr'><strong>Regula</strong></span> <span class='ocrx_word' id='word_1_62' title='bbox 359 812 402 853; x_wconf 86' lang='lat' dir='ltr'><strong>S.</strong></span> <span class='ocrx_word' id='word_1_63' title='bbox 437 813 696 860; x_wconf 86' lang='lat' dir='ltr'><strong>Benedictus,</strong></span> <span class='ocrx_word' id='word_1_64' title='bbox 724 812 863 850; x_wconf 85' lang='lat' dir='ltr'><strong>dicens</strong></span> <span class='ocrx_word' id='word_1_65' title='bbox 881 809 1068 849; x_wconf 85' lang='lat' dir='ltr'><strong>excusari</strong></span> <span class='ocrx_word' id='word_1_66' title='bbox 1087 809 1139 849; x_wconf 89' lang='lat' dir='ltr'><strong>ab</strong></span> <span class='ocrx_word' id='word_1_67' title='bbox 1159 810 1218 850; x_wconf 90' lang='lat' dir='ltr'><strong>eis</strong></span> 
     </span>
     <span class='ocr_line' id='line_1_13' title="bbox 179 871 1217 924; baseline -0.002 -13"><span class='ocrx_word' id='word_1_68' title='bbox 179 873 422 913; x_wconf 89' lang='lat' dir='ltr'><strong>muneribus</strong></span> <span class='ocrx_word' id='word_1_69' title='bbox 440 874 602 922; x_wconf 88' lang='lat' dir='ltr'><strong>debere,</strong></span> <span class='ocrx_word' id='word_1_70' title='bbox 624 873 695 924; x_wconf 91' lang='lat' dir='ltr'><strong>qui</strong></span> <span class='ocrx_word' id='word_1_71' title='bbox 722 873 766 910; x_wconf 92' lang='lat' dir='ltr'><strong>in</strong></span> <span class='ocrx_word' id='word_1_72' title='bbox 787 871 909 910; x_wconf 90' lang='lat' dir='ltr'><strong>rebus</strong></span> <span class='ocrx_word' id='word_1_73' title='bbox 940 871 1106 922; x_wconf 84' lang='lat' dir='ltr'><strong>majoris</strong></span> <span class='ocrx_word' id='word_1_74' title='bbox 1137 871 1217 910; x_wconf 85' lang='lat' dir='ltr'><strong>uti-</strong></span> 
     </span>
     <span class='ocr_line' id='line_1_14' title="bbox 180 932 1214 986; baseline -0.004 -12"><span class='ocrx_word' id='word_1_75' title='bbox 180 933 307 974; x_wconf 79' lang='lat' dir='ltr'><strong>litatis</strong></span> <span class='ocrx_word' id='word_1_76' title='bbox 333 935 521 986; x_wconf 87' lang='lat' dir='ltr'><strong>occupati</strong></span> <span class='ocrx_word' id='word_1_77' title='bbox 554 934 724 973; x_wconf 83' lang='lat' dir='ltr'><strong>fuerint.</strong></span> <span class='ocrx_word' id='word_1_78' title='bbox 754 933 804 971; x_wconf 86' lang='lat' dir='ltr'><strong>Et</strong></span> <span class='ocrx_word' id='word_1_79' title='bbox 823 932 1052 980; x_wconf 82' lang='lat' dir='ltr'><strong>Cassianus,</strong></span> <span class='ocrx_word' id='word_1_80' title='bbox 1075 944 1214 984; x_wconf 89' lang='lat' dir='ltr'><strong>supra,</strong></span> 
     </span>
     <span class='ocr_line' id='line_1_15' title="bbox 181 992 1214 1047; baseline -0.005 -11"><span class='ocrx_word' id='word_1_81' title='bbox 181 1007 272 1047; x_wconf 83' lang='lat' dir='ltr'><strong>cap.</strong></span> <span class='ocrx_word' id='word_1_82' title='bbox 294 998 361 1044; x_wconf 70' lang='lat'><strong>22,</strong></span> <span class='ocrx_word' id='word_1_83' title='bbox 381 997 507 1036; x_wconf 82' lang='lat' dir='ltr'><strong>refert</strong></span> <span class='ocrx_word' id='word_1_84' title='bbox 521 994 629 1046; x_wconf 88' lang='lat' dir='ltr'><strong>apud</strong></span> <span class='ocrx_word' id='word_1_85' title='bbox 643 994 872 1045; x_wconf 85' lang='lat' dir='ltr'><strong>AEgyptios,</strong></span> <span class='ocrx_word' id='word_1_86' title='bbox 894 993 1032 1044; x_wconf 73' lang='lat' dir='ltr'><strong>quibus</strong></span> <span class='ocrx_word' id='word_1_87' title='bbox 1054 992 1214 1045; x_wconf 84' lang='lat' dir='ltr'><strong>(inquit)</strong></span> 
     </span>
     <span class='ocr_line' id='line_1_16' title="bbox 180 1054 1216 1107; baseline -0.006 -9"><span class='ocrx_word' id='word_1_88' title='bbox 180 1059 363 1098; x_wconf 56' lang='lat' dir='ltr'><strong>murima</strong></span> <span class='ocrx_word' id='word_1_89' title='bbox 382 1069 478 1098; x_wconf 78' lang='lat' dir='ltr'><strong>cura</strong></span> <span class='ocrx_word' id='word_1_90' title='bbox 504 1060 562 1096; x_wconf 76' lang='lat' dir='ltr'><strong>est</strong></span> <span class='ocrx_word' id='word_1_91' title='bbox 581 1057 727 1107; x_wconf 76' lang='lat' dir='ltr'><strong>operis,</strong></span> <span class='ocrx_word' id='word_1_92' title='bbox 748 1067 832 1094; x_wconf 89' lang='lat' dir='ltr'><strong>non</strong></span> <span class='ocrx_word' id='word_1_93' title='bbox 850 1054 972 1093; x_wconf 86' lang='lat' dir='ltr'><strong>fuisse</strong></span> <span class='ocrx_word' id='word_1_94' title='bbox 992 1054 1216 1093; x_wconf 86' lang='lat' dir='ltr'><strong>hebdoma-</strong></span> 
     </span>
     <span class='ocr_line' id='line_1_17' title="bbox 178 1115 1217 1166; baseline -0.005 -8"><span class='ocrx_word' id='word_1_95' title='bbox 178 1118 326 1159; x_wconf 84' lang='lat' dir='ltr'><strong>darum</strong></span> <span class='ocrx_word' id='word_1_96' title='bbox 347 1117 685 1166; x_wconf 86' lang='lat' dir='ltr'><strong>vicissitudinem,</strong></span> <span class='ocrx_word' id='word_1_97' title='bbox 703 1128 756 1155; x_wconf 90' lang='lat' dir='ltr'><strong>ne</strong></span> <span class='ocrx_word' id='word_1_98' title='bbox 773 1116 848 1155; x_wconf 90' lang='lat' dir='ltr'><strong>sub</strong></span> <span class='ocrx_word' id='word_1_99' title='bbox 866 1115 1075 1154; x_wconf 83' lang='lat' dir='ltr'><strong>occasione</strong></span> <span class='ocrx_word' id='word_1_100' title='bbox 1093 1115 1217 1166; x_wconf 81' lang='lat' dir='ltr'><strong>huJ&#39;us</strong></span> 
     </span>
     <span class='ocr_line' id='line_1_18' title="bbox 180 1178 1217 1231; baseline -0.003 -12"><span class='ocrx_word' id='word_1_101' title='bbox 180 1181 303 1219; x_wconf 90' lang='lat' dir='ltr'><strong>officii</strong></span> <span class='ocrx_word' id='word_1_102' title='bbox 316 1191 458 1218; x_wconf 91' lang='lat' dir='ltr'><strong>omnes</strong></span> <span class='ocrx_word' id='word_1_103' title='bbox 478 1179 529 1218; x_wconf 88' lang='lat' dir='ltr'><strong>ab</strong></span> <span class='ocrx_word' id='word_1_104' title='bbox 546 1191 717 1231; x_wconf 91' lang='lat' dir='ltr'><strong>operum</strong></span> <span class='ocrx_word' id='word_1_105' title='bbox 735 1178 1217 1229; x_wconf 81' lang='lat' dir='ltr'><strong>canoneimpedirentur.</strong></span> 
     </span>
     <span class='ocr_line' id='line_1_19' title="bbox 179 1239 1216 1291; baseline -0.001 -12"><span class='ocrx_word' id='word_1_106' title='bbox 179 1241 310 1288; x_wconf 85' lang='lat' dir='ltr'><strong>Quam</strong></span> <span class='ocrx_word' id='word_1_107' title='bbox 320 1241 656 1280; x_wconf 81' lang='lat' dir='ltr'><strong>consuetudinem</strong></span> <span class='ocrx_word' id='word_1_108' title='bbox 667 1241 751 1291; x_wconf 90' lang='lat' dir='ltr'><strong>jam</strong></span> <span class='ocrx_word' id='word_1_109' title='bbox 765 1240 985 1279; x_wconf 87' lang='lat' dir='ltr'><strong>observant</strong></span> <span class='ocrx_word' id='word_1_110' title='bbox 998 1239 1216 1278; x_wconf 83' lang='lat' dir='ltr'><strong>monacha-</strong></span> 
     </span>
     <span class='ocr_line' id='line_1_20' title="bbox 177 1301 1218 1354; baseline -0.001 -12"><span class='ocrx_word' id='word_1_111' title='bbox 177 1301 238 1343; x_wconf 86' lang='lat' dir='ltr'><strong>les</strong></span> <span class='ocrx_word' id='word_1_112' title='bbox 256 1303 432 1351; x_wconf 87' lang='lat' dir='ltr'><strong>ordines,</strong></span> <span class='ocrx_word' id='word_1_113' title='bbox 445 1303 542 1354; x_wconf 86' lang='lat' dir='ltr'><strong>quia</strong></span> <span class='ocrx_word' id='word_1_114' title='bbox 556 1303 644 1353; x_wconf 86' lang='lat' dir='ltr'><strong>jam</strong></span> <span class='ocrx_word' id='word_1_115' title='bbox 662 1302 808 1341; x_wconf 87' lang='lat' dir='ltr'><strong>litteris</strong></span> <span class='ocrx_word' id='word_1_116' title='bbox 828 1301 1088 1350; x_wconf 84' lang='lat' dir='ltr'><strong>incumbunt,</strong></span> <span class='ocrx_word' id='word_1_117' title='bbox 1102 1305 1142 1340; x_wconf 87' lang='lat' dir='ltr'><strong>et</strong></span> <span class='ocrx_word' id='word_1_118' title='bbox 1153 1313 1218 1341; x_wconf 89' lang='lat'>01·-</span> 
     </span>
     <span class='ocr_line' id='line_1_21' title="bbox 177 1363 1216 1413; baseline -0.003 -10"><span class='ocrx_word' id='word_1_119' title='bbox 177 1363 377 1403; x_wconf 90' lang='lat' dir='ltr'><strong>dinantur</strong></span> <span class='ocrx_word' id='word_1_120' title='bbox 404 1365 657 1413; x_wconf 87' lang='lat' dir='ltr'><strong>sacerdotes;</strong></span> <span class='ocrx_word' id='word_1_121' title='bbox 692 1364 794 1402; x_wconf 85' lang='lat' dir='ltr'><strong>adeo</strong></span> <span class='ocrx_word' id='word_1_122' title='bbox 817 1367 864 1402; x_wconf 90' lang='lat' dir='ltr'><strong>ut</strong></span> <span class='ocrx_word' id='word_1_123' title='bbox 884 1364 1052 1402; x_wconf 88' lang='lat' dir='ltr'><strong>nomine</strong></span> <span class='ocrx_word' id='word_1_124' title='bbox 1074 1373 1216 1401; x_wconf 87' lang='lat' dir='ltr'><strong>mona-</strong></span> 
     </span>
     <span class='ocr_line' id='line_1_22' title="bbox 177 1423 1214 1476; baseline -0.002 -12"><span class='ocrx_word' id='word_1_125' title='bbox 177 1425 348 1465; x_wconf 85' lang='lat' dir='ltr'><strong>chorum</strong></span> <span class='ocrx_word' id='word_1_126' title='bbox 368 1426 611 1476; x_wconf 80' lang='lat' dir='ltr'><strong>regulariter</strong></span> <span class='ocrx_word' id='word_1_127' title='bbox 628 1425 689 1464; x_wconf 92' lang='lat' dir='ltr'><strong>illi</strong></span> <span class='ocrx_word' id='word_1_128' title='bbox 714 1429 877 1464; x_wconf 85' lang='lat' dir='ltr'><strong>tantum</strong></span> <span class='ocrx_word' id='word_1_129' title='bbox 909 1423 1214 1474; x_wconf 72' lang='lat' dir='ltr'><strong>intelligantur¹</strong></span> 
     </span>
     <span class='ocr_line' id='line_1_23' title="bbox 177 1484 1213 1537; baseline 0 -13"><span class='ocrx_word' id='word_1_130' title='bbox 177 1487 249 1537; x_wconf 91' lang='lat' dir='ltr'><strong>qui</strong></span> <span class='ocrx_word' id='word_1_131' title='bbox 269 1487 320 1525; x_wconf 88' lang='lat' dir='ltr'><strong>ad</strong></span> <span class='ocrx_word' id='word_1_132' title='bbox 354 1486 525 1525; x_wconf 87' lang='lat' dir='ltr'><strong>chorum</strong></span> <span class='ocrx_word' id='word_1_133' title='bbox 562 1491 657 1525; x_wconf 83' lang='lat' dir='ltr'><strong>sunt</strong></span> <span class='ocrx_word' id='word_1_134' title='bbox 691 1486 897 1537; x_wconf 76' lang='lat' dir='ltr'><strong>deputati3</strong></span> <span class='ocrx_word' id='word_1_135' title='bbox 922 1486 996 1537; x_wconf 89' lang='lat' dir='ltr'><strong>qui</strong></span> <span class='ocrx_word' id='word_1_136' title='bbox 1026 1497 1123 1524; x_wconf 84' lang='lat' dir='ltr'><strong>vero</strong></span> <span class='ocrx_word' id='word_1_137' title='bbox 1160 1484 1213 1524; x_wconf 89' lang='lat' dir='ltr'><strong>ad</strong></span> 
     </span>
     <span class='ocr_line' id='line_1_24' title="bbox 176 1546 1213 1599; baseline -0.001 -13"><span class='ocrx_word' id='word_1_138' title='bbox 176 1548 418 1598; x_wconf 87' lang='lat' dir='ltr'><strong>temporalia</strong></span> <span class='ocrx_word' id='word_1_139' title='bbox 449 1548 676 1587; x_wconf 88' lang='lat' dir='ltr'><strong>ministeria</strong></span> <span class='ocrx_word' id='word_1_140' title='bbox 711 1548 990 1599; x_wconf 88' lang='lat' dir='ltr'><strong>recipiuntur,</strong></span> <span class='ocrx_word' id='word_1_141' title='bbox 1028 1546 1213 1586; x_wconf 90' lang='lat' dir='ltr'><strong>conversi</strong></span> 
     </span>
     <span class='ocr_line' id='line_1_25' title="bbox 175 1609 1213 1660; baseline -0.001 -13"><span class='ocrx_word' id='word_1_142' title='bbox 175 1614 386 1655; x_wconf 81' lang='lat' dir='ltr'><strong>vocantur,</strong></span> <span class='ocrx_word' id='word_1_143' title='bbox 405 1622 439 1648; x_wconf 89' lang='lat' dir='ltr'><strong>c.</strong></span> <span class='ocrx_word' id='word_1_144' title='bbox 453 1610 551 1650; x_wconf 78' lang='lat' dir='ltr'><strong>Non</strong></span> <span class='ocrx_word' id='word_1_145' title='bbox 569 1610 746 1656; x_wconf 75' lang='lat' dir='ltr'><strong>dubium,</strong></span> <span class='ocrx_word' id='word_1_146' title='bbox 767 1621 855 1660; x_wconf 87' lang='lat' dir='ltr'><strong>cap.</strong></span> <span class='ocrx_word' id='word_1_147' title='bbox 874 1609 946 1648; x_wconf 69' lang='lat' dir='ltr'><strong>Ex</strong></span> <span class='ocrx_word' id='word_1_148' title='bbox 957 1611 1101 1654; x_wconf 76' lang='lat' dir='ltr'><strong>tenore,</strong></span> <span class='ocrx_word' id='word_1_149' title='bbox 1117 1619 1213 1646; x_wconf 91' lang='lat' dir='ltr'><strong>cum</strong></span> 
     </span>
     <span class='ocr_line' id='line_1_26' title="bbox 174 1669 1212 1718; baseline 0.001 -9"><span class='ocrx_word' id='word_1_150' title='bbox 174 1670 392 1718; x_wconf 86' lang='lat' dir='ltr'><strong>similibus,</strong></span> <span class='ocrx_word' id='word_1_151' title='bbox 409 1670 459 1709; x_wconf 89' lang='lat' dir='ltr'><strong>de</strong></span> <span class='ocrx_word' id='word_1_152' title='bbox 475 1671 659 1710; x_wconf 87' lang='lat' dir='ltr'><strong>Sentent.</strong></span> <span class='ocrx_word' id='word_1_153' title='bbox 673 1669 971 1717; x_wconf 77' lang='lat' dir='ltr'><strong>excomm.,vel</strong></span> <span class='ocrx_word' id='word_1_154' title='bbox 986 1669 1076 1708; x_wconf 83' lang='lat' dir='ltr'><strong>aliis</strong></span> <span class='ocrx_word' id='word_1_155' title='bbox 1087 1670 1212 1710; x_wconf 87' lang='lat' dir='ltr'><strong>etiam</strong></span> 
     </span>
     <span class='ocr_line' id='line_1_27' title="bbox 173 1730 1213 1783; baseline 0.001 -13"><span class='ocrx_word' id='word_1_156' title='bbox 173 1732 425 1771; x_wconf 88' lang='lat' dir='ltr'><strong>nominibus.</strong></span> <span class='ocrx_word' id='word_1_157' title='bbox 455 1732 637 1783; x_wconf 90' lang='lat' dir='ltr'><strong>Denique</strong></span> <span class='ocrx_word' id='word_1_158' title='bbox 665 1744 718 1770; x_wconf 90' lang='lat' dir='ltr'><strong>ne</strong></span> <span class='ocrx_word' id='word_1_159' title='bbox 747 1732 791 1771; x_wconf 89' lang='lat' dir='ltr'><strong>in</strong></span> <span class='ocrx_word' id='word_1_160' title='bbox 814 1731 1039 1779; x_wconf 81' lang='lat' dir='ltr'><strong>Societate,</strong></span> <span class='ocrx_word' id='word_1_161' title='bbox 1078 1730 1213 1782; x_wconf 86' lang='lat' dir='ltr'><strong>quoad</strong></span> 
     </span>
     <span class='ocr_line' id='line_1_28' title="bbox 172 1792 1212 1845; baseline 0 -13"><span class='ocrx_word' id='word_1_162' title='bbox 172 1793 266 1832; x_wconf 89' lang='lat' dir='ltr'><strong>fieri</strong></span> <span class='ocrx_word' id='word_1_163' title='bbox 278 1795 416 1845; x_wconf 88' lang='lat' dir='ltr'><strong>possit,</strong></span> <span class='ocrx_word' id='word_1_164' title='bbox 438 1794 542 1833; x_wconf 86' lang='lat' dir='ltr'><strong>desit</strong></span> <span class='ocrx_word' id='word_1_165' title='bbox 559 1794 772 1845; x_wconf 86' lang='lat' dir='ltr'><strong>egregium</strong></span> <span class='ocrx_word' id='word_1_166' title='bbox 792 1793 1003 1832; x_wconf 82' lang='lat' dir='ltr'><strong>charitatis</strong></span> <span class='ocrx_word' id='word_1_167' title='bbox 1020 1796 1059 1832; x_wconf 89' lang='lat' dir='ltr'><strong>et</strong></span> <span class='ocrx_word' id='word_1_168' title='bbox 1076 1792 1212 1832; x_wconf 84' lang='lat' dir='ltr'><strong>humi-</strong></span> 
     </span>
     <span class='ocr_line' id='line_1_29' title="bbox 169 1854 1213 1904; baseline 0 -11"><span class='ocrx_word' id='word_1_169' title='bbox 169 1854 299 1894; x_wconf 66' lang='lat' dir='ltr'><strong>‘litatis</strong></span> <span class='ocrx_word' id='word_1_170' title='bbox 331 1855 497 1894; x_wconf 88' lang='lat' dir='ltr'><strong>illorum</strong></span> <span class='ocrx_word' id='word_1_171' title='bbox 528 1855 826 1894; x_wconf 83' lang='lat' dir='ltr'><strong>monachorum</strong></span> <span class='ocrx_word' id='word_1_172' title='bbox 849 1854 1113 1904; x_wconf 84' lang='lat' dir='ltr'><strong>exemplum,</strong></span> <span class='ocrx_word' id='word_1_173' title='bbox 1134 1864 1213 1893; x_wconf 82' lang='lat' dir='ltr'><strong>usu</strong></span> 
     </span>
     <span class='ocr_line' id='line_1_30' title="bbox 168 1917 1208 1968; baseline -0.001 -12"><span class='ocrx_word' id='word_1_174' title='bbox 168 1922 383 1968; x_wconf 69' lang='lat' dir='ltr'><strong>‘receptum</strong></span> <span class='ocrx_word' id='word_1_175' title='bbox 409 1922 470 1956; x_wconf 90' lang='lat' dir='ltr'><strong>est</strong></span> <span class='ocrx_word' id='word_1_176' title='bbox 494 1922 645 1956; x_wconf 90' lang='lat' dir='ltr'><strong>uttam</strong></span> <span class='ocrx_word' id='word_1_177' title='bbox 666 1917 888 1965; x_wconf 82' lang='lat' dir='ltr'><strong>scholares,</strong></span> <span class='ocrx_word' id='word_1_178' title='bbox 921 1928 1046 1967; x_wconf 88' lang='lat' dir='ltr'><strong>qnam</strong></span> <span class='ocrx_word' id='word_1_179' title='bbox 1077 1927 1208 1955; x_wconf 88' lang='lat' dir='ltr'><strong>sacer-</strong></span> 
     </span>
     <span class='ocr_line' id='line_1_31' title="bbox 173 1977 1209 2029; baseline -0.003 -11"><span class='ocrx_word' id='word_1_180' title='bbox 173 1978 301 2026; x_wconf 81' lang='lat' dir='ltr'><strong>dotes,</strong></span> <span class='ocrx_word' id='word_1_181' title='bbox 314 1979 438 2017; x_wconf 87' lang='lat' dir='ltr'><strong>etiam</strong></span> <span class='ocrx_word' id='word_1_182' title='bbox 458 1977 708 2029; x_wconf 79' lang='lat' dir='ltr'><strong>SuperioreS,</strong></span> <span class='ocrx_word' id='word_1_183' title='bbox 723 1990 794 2028; x_wconf 90' lang='lat' dir='ltr'><strong>per</strong></span> <span class='ocrx_word' id='word_1_184' title='bbox 811 1977 1089 2015; x_wconf 76' lang='lat' dir='ltr'><strong>hebdomadas</strong></span> <span class='ocrx_word' id='word_1_185' title='bbox 1105 1979 1209 2015; x_wconf 84' lang='lat' dir='ltr'><strong>tem·</strong></span> 
     </span>
     <span class='ocr_line' id='line_1_32' title="bbox 168 2039 1208 2092; baseline -0.003 -11"><span class='ocrx_word' id='word_1_186' title='bbox 168 2053 273 2092; x_wconf 72' lang='lat' dir='ltr'><strong>,pore</strong></span> <span class='ocrx_word' id='word_1_187' title='bbox 297 2040 517 2092; x_wconf 85' lang='lat' dir='ltr'><strong>corporalis</strong></span> <span class='ocrx_word' id='word_1_188' title='bbox 536 2040 768 2078; x_wconf 86' lang='lat' dir='ltr'><strong>refectionis</strong></span> <span class='ocrx_word' id='word_1_189' title='bbox 786 2039 942 2090; x_wconf 88' lang='lat' dir='ltr'><strong>aliquid</strong></span> <span class='ocrx_word' id='word_1_190' title='bbox 961 2039 1144 2077; x_wconf 86' lang='lat' dir='ltr'><strong>muneris</strong></span> <span class='ocrx_word' id='word_1_191' title='bbox 1163 2039 1208 2078; x_wconf 90' lang='lat' dir='ltr'><strong>in</strong></span> 
     </span>
     <span class='ocr_line' id='line_1_33' title="bbox 167 2102 1206 2152; baseline -0.003 -11"><span class='ocrx_word' id='word_1_192' title='bbox 167 2103 311 2148; x_wconf 79' lang='lat' dir='ltr'><strong>‚eulina</strong></span> <span class='ocrx_word' id='word_1_193' title='bbox 328 2115 374 2141; x_wconf 86' lang='lat' dir='ltr'><strong>ac</strong></span> <span class='ocrx_word' id='word_1_194' title='bbox 391 2102 569 2141; x_wconf 89' lang='lat' dir='ltr'><strong>triclinio</strong></span> <span class='ocrx_word' id='word_1_195' title='bbox 588 2106 829 2150; x_wconf 62' lang='lat' dir='ltr'><strong>exerceant,</strong></span> <span class='ocrx_word' id='word_1_196' title='bbox 858 2105 898 2139; x_wconf 88' lang='lat' dir='ltr'><strong>et</strong></span> <span class='ocrx_word' id='word_1_197' title='bbox 928 2112 1002 2152; x_wconf 89' lang='lat' dir='ltr'><strong>per</strong></span> <span class='ocrx_word' id='word_1_198' title='bbox 1033 2112 1206 2149; x_wconf 88' lang='lat' dir='ltr'><strong>annum,</strong></span> 
     </span>
     <span class='ocr_line' id='line_1_34' title="bbox 172 2160 1211 2215; baseline -0.002 -12"><span class='ocrx_word' id='word_1_199' title='bbox 172 2165 399 2215; x_wconf 79' lang='lat' dir='ltr'><strong>praesertim</strong></span> <span class='ocrx_word' id='word_1_200' title='bbox 426 2163 624 2202; x_wconf 82' lang='lat' dir='ltr'><strong>feriarum</strong></span> <span class='ocrx_word' id='word_1_201' title='bbox 650 2167 848 2213; x_wconf 85' lang='lat' dir='ltr'><strong>tempore,</strong></span> <span class='ocrx_word' id='word_1_202' title='bbox 878 2162 944 2201; x_wconf 88' lang='lat' dir='ltr'><strong>his</strong></span> <span class='ocrx_word' id='word_1_203' title='bbox 967 2160 1211 2201; x_wconf 88' lang='lat' dir='ltr'><strong>humilitatis</strong></span> 
     </span>
     <span class='ocr_line' id='line_1_35' title="bbox 172 2222 1210 2275; baseline -0.002 -11"><span class='ocrx_word' id='word_1_204' title='bbox 172 2225 317 2264; x_wconf 82' lang='lat' dir='ltr'><strong>officiis</strong></span> <span class='ocrx_word' id='word_1_205' title='bbox 334 2228 624 2270; x_wconf 78' lang='lat' dir='ltr'><strong>exerceantur,</strong></span> <span class='ocrx_word' id='word_1_206' title='bbox 651 2223 759 2274; x_wconf 82' lang='lat' dir='ltr'><strong>quod</strong></span> <span class='ocrx_word' id='word_1_207' title='bbox 777 2223 1008 2275; x_wconf 85' lang='lat' dir='ltr'><strong>specialiter</strong></span> <span class='ocrx_word' id='word_1_208' title='bbox 1034 2222 1086 2261; x_wconf 86' lang='lat' dir='ltr'><strong>ab</strong></span> <span class='ocrx_word' id='word_1_209' title='bbox 1106 2224 1210 2262; x_wconf 86' lang='lat' dir='ltr'><strong>anti-</strong></span> 
     </span>
     <span class='ocr_line' id='line_1_36' title="bbox 172 2285 1206 2337; baseline -0.002 -13"><span class='ocrx_word' id='word_1_210' title='bbox 172 2286 382 2337; x_wconf 86' lang='lat' dir='ltr'><strong>quioribus</strong></span> <span class='ocrx_word' id='word_1_211' title='bbox 400 2286 694 2333; x_wconf 85' lang='lat' dir='ltr'><strong>sacerdotibus,</strong></span> <span class='ocrx_word' id='word_1_212' title='bbox 723 2289 763 2324; x_wconf 88' lang='lat' dir='ltr'><strong>et</strong></span> <span class='ocrx_word' id='word_1_213' title='bbox 794 2285 866 2336; x_wconf 86' lang='lat' dir='ltr'><strong>qui</strong></span> <span class='ocrx_word' id='word_1_214' title='bbox 896 2285 990 2324; x_wconf 79' lang='lat' dir='ltr'><strong>aliis</strong></span> <span class='ocrx_word' id='word_1_215' title='bbox 1009 2291 1206 2335; x_wconf 79' lang='lat' dir='ltr'><strong>praesunt,</strong></span> 
     </span>
     <span class='ocr_line' id='line_1_37' title="bbox 172 2347 1210 2397; baseline -0.003 -10"><span class='ocrx_word' id='word_1_216' title='bbox 172 2347 378 2387; x_wconf 88' lang='lat' dir='ltr'><strong>observari</strong></span> <span class='ocrx_word' id='word_1_217' title='bbox 407 2348 612 2387; x_wconf 86' lang='lat' dir='ltr'><strong>ordinavit</strong></span> <span class='ocrx_word' id='word_1_218' title='bbox 632 2348 676 2386; x_wconf 92' lang='lat' dir='ltr'><strong>B.</strong></span> <span class='ocrx_word' id='word_1_219' title='bbox 698 2347 897 2397; x_wconf 85' lang='lat' dir='ltr'><strong>Ignatius,</strong></span> <span class='ocrx_word' id='word_1_220' title='bbox 933 2350 1056 2384; x_wconf 85' lang='lat' dir='ltr'><strong>tertia</strong></span> <span class='ocrx_word' id='word_1_221' title='bbox 1093 2350 1210 2397; x_wconf 87' lang='lat' dir='ltr'><strong>parte</strong></span> 
     </span>
     <span class='ocr_line' id='line_1_38' title="bbox 171 2407 1206 2460; baseline -0.001 -12"><span class='ocrx_word' id='word_1_222' title='bbox 171 2409 533 2457; x_wconf 88' lang='lat' dir='ltr'><strong>Constitutionum‚</strong></span> <span class='ocrx_word' id='word_1_223' title='bbox 551 2421 586 2447; x_wconf 89' lang='lat' dir='ltr'><strong>c.</strong></span> <span class='ocrx_word' id='word_1_224' title='bbox 611 2410 650 2457; x_wconf 83' lang='lat'><strong>1,</strong></span> <span class='ocrx_word' id='word_1_225' title='bbox 672 2407 696 2460; x_wconf 66' lang='grc' dir='ltr'>ἓ</span> <span class='ocrx_word' id='word_1_226' title='bbox 717 2409 779 2448; x_wconf 78' lang='grc'><strong>19.</strong></span> <span class='ocrx_word' id='word_1_227' title='bbox 803 2409 886 2457; x_wconf 90' lang='lat' dir='ltr'><strong>(De</strong></span> <span class='ocrx_word' id='word_1_228' title='bbox 905 2407 981 2446; x_wconf 90' lang='lat' dir='ltr'><strong>hoc</strong></span> <span class='ocrx_word' id='word_1_229' title='bbox 1011 2418 1127 2446; x_wconf 84' lang='lat' dir='ltr'><strong>more</strong></span> <span class='ocrx_word' id='word_1_230' title='bbox 1162 2408 1206 2447; x_wconf 84' lang='grc' dir='ltr'><strong>Ρ.</strong></span> 
     </span>
     <span class='ocr_line' id='line_1_39' title="bbox 171 2468 1193 2519; baseline -0.004 -8"><span class='ocrx_word' id='word_1_231' title='bbox 171 2471 312 2511; x_wconf 85' lang='lat' dir='ltr'><strong>Claud.</strong></span> <span class='ocrx_word' id='word_1_232' title='bbox 335 2472 379 2510; x_wconf 92' lang='lat' dir='ltr'><strong>in</strong></span> <span class='ocrx_word' id='word_1_233' title='bbox 397 2470 665 2510; x_wconf 88' lang='lat' dir='ltr'><strong>instructione</strong></span> <span class='ocrx_word' id='word_1_234' title='bbox 680 2469 729 2509; x_wconf 90' lang='lat' dir='ltr'><strong>ad</strong></span> <span class='ocrx_word' id='word_1_235' title='bbox 754 2469 971 2516; x_wconf 83' lang='lat' dir='ltr'><strong>scholares,</strong></span> <span class='ocrx_word' id='word_1_236' title='bbox 993 2480 1110 2508; x_wconf 88' lang='lat' dir='ltr'><strong>num.</strong></span> <span class='ocrx_word' id='word_1_237' title='bbox 1133 2468 1193 2519; x_wconf 71' lang='lat'><strong>4.)</strong></span> 
     </span>
     <span class='ocr_line' id='line_1_40' title="bbox 223 2531 1206 2583; baseline -0.002 -11"><span class='ocrx_word' id='word_1_238' title='bbox 223 2533 262 2572; x_wconf 88' lang='grc'><strong>6.</strong></span> <span class='ocrx_word' id='word_1_239' title='bbox 296 2532 523 2574; x_wconf 61' lang='lat' dir='ltr'><strong>Secundam</strong></span> <span class='ocrx_word' id='word_1_240' title='bbox 542 2532 797 2573; x_wconf 76' lang='lat' dir='ltr'><strong>corollarium</strong></span> <span class='ocrx_word' id='word_1_241' title='bbox 830 2531 874 2572; x_wconf 74' lang='lat' dir='ltr'><strong>de</strong></span> <span class='ocrx_word' id='word_1_242' title='bbox 893 2542 1054 2570; x_wconf 67' lang='lat' dir='ltr'><strong>nutum-o</strong></span> <span class='ocrx_word' id='word_1_243' title='bbox 1070 2541 1206 2583; x_wconf 77' lang='lat' dir='ltr'><strong>perso-</strong></span> 
     </span>
     <span class='ocr_line' id='line_1_41' title="bbox 169 2592 1204 2645; baseline -0.002 -13"><span class='ocrx_word' id='word_1_244' title='bbox 169 2603 316 2633; x_wconf 77' lang='lat' dir='ltr'><strong>narum</strong></span> <span class='ocrx_word' id='word_1_245' title='bbox 335 2594 457 2644; x_wconf 69' lang='lat' dir='ltr'><strong>hujus</strong></span> <span class='ocrx_word' id='word_1_246' title='bbox 473 2594 640 2645; x_wconf 69' lang='lat' dir='ltr'><strong>yradus.</strong></span> <span class='ocrx_word' id='word_1_247' title='bbox 654 2613 710 2622; x_wconf 93' lang='lat'>—</span> <span class='ocrx_word' id='word_1_248' title='bbox 725 2593 912 2631; x_wconf 82' lang='lat' dir='ltr'><strong>Secundo</strong></span> <span class='ocrx_word' id='word_1_249' title='bbox 930 2592 1137 2642; x_wconf 81' lang='lat' dir='ltr'><strong>colligitur</strong></span> <span class='ocrx_word' id='word_1_250' title='bbox 1152 2603 1204 2631; x_wconf 80' lang='lat' dir='ltr'><strong>ex</strong></span> 
     </span>
     <span class='ocr_line' id='line_1_42' title="bbox 168 2653 1203 2705; baseline -0.002 -12"><span class='ocrx_word' id='word_1_251' title='bbox 168 2653 302 2703; x_wconf 87' lang='lat' dir='ltr'><strong>dictis,</strong></span> <span class='ocrx_word' id='word_1_252' title='bbox 317 2667 398 2705; x_wconf 88' lang='lat' dir='ltr'><strong>qua</strong></span> <span class='ocrx_word' id='word_1_253' title='bbox 413 2666 603 2694; x_wconf 88' lang='lat' dir='ltr'><strong>mensura</strong></span> <span class='ocrx_word' id='word_1_254' title='bbox 613 2655 741 2705; x_wconf 88' lang='lat' dir='ltr'><strong>recipi</strong></span> <span class='ocrx_word' id='word_1_255' title='bbox 754 2654 930 2693; x_wconf 88' lang='lat' dir='ltr'><strong>debeant</strong></span> <span class='ocrx_word' id='word_1_256' title='bbox 945 2654 989 2692; x_wconf 90' lang='lat' dir='ltr'><strong>in</strong></span> <span class='ocrx_word' id='word_1_257' title='bbox 1004 2653 1203 2692; x_wconf 80' lang='lat' dir='ltr'><strong>Societate</strong></span> 
     </span>
     <span class='ocr_line' id='line_1_43' title="bbox 169 2714 1199 2767; baseline -0.002 -13"><span class='ocrx_word' id='word_1_258' title='bbox 169 2716 436 2767; x_wconf 85' lang='lat' dir='ltr'><strong>coadjutores,</strong></span> <span class='ocrx_word' id='word_1_259' title='bbox 458 2719 498 2754; x_wconf 89' lang='lat' dir='ltr'><strong>et</strong></span> <span class='ocrx_word' id='word_1_260' title='bbox 525 2728 616 2767; x_wconf 85' lang='lat' dir='ltr'><strong>quae</strong></span> <span class='ocrx_word' id='word_1_261' title='bbox 641 2715 755 2755; x_wconf 89' lang='lat' dir='ltr'><strong>dotes</strong></span> <span class='ocrx_word' id='word_1_262' title='bbox 773 2714 819 2755; x_wconf 89' lang='lat' dir='ltr'><strong>in</strong></span> <span class='ocrx_word' id='word_1_263' title='bbox 846 2715 905 2753; x_wconf 87' lang='lat' dir='ltr'><strong>eis</strong></span> <span class='ocrx_word' id='word_1_264' title='bbox 921 2715 1199 2765; x_wconf 82' lang='lat' dir='ltr'><strong>requirantur.</strong></span> 
     </span>
     <span class='ocr_line' id='line_1_44' title="bbox 167 2776 1201 2834; baseline -0.001 -19"><span class='ocrx_word' id='word_1_265' title='bbox 167 2776 358 2834; x_wconf 76' lang='lat' dir='ltr'><strong>Mensura</strong></span> <span class='ocrx_word' id='word_1_266' title='bbox 377 2778 487 2816; x_wconf 90' lang='lat' dir='ltr'><strong>enim</strong></span> <span class='ocrx_word' id='word_1_267' title='bbox 506 2789 592 2815; x_wconf 89' lang='lat' dir='ltr'><strong>esse</strong></span> <span class='ocrx_word' id='word_1_268' title='bbox 623 2776 745 2816; x_wconf 87' lang='lat' dir='ltr'><strong>debet</strong></span> <span class='ocrx_word' id='word_1_269' title='bbox 766 2777 984 2816; x_wconf 83' lang='lat' dir='ltr'><strong>necessitas</strong></span> <span class='ocrx_word' id='word_1_270' title='bbox 1016 2776 1201 2816; x_wconf 85' lang='lat' dir='ltr'><strong>ministe-</strong></span> 
     </span>
     <span class='ocr_line' id='line_1_45' title="bbox 166 2835 1201 2889; baseline -0.001 -13"><span class='ocrx_word' id='word_1_271' title='bbox 166 2837 324 2876; x_wconf 84' lang='lat' dir='ltr'><strong>riorum</strong></span> <span class='ocrx_word' id='word_1_272' title='bbox 347 2838 400 2876; x_wconf 90' lang='lat' dir='ltr'><strong>ad</strong></span> <span class='ocrx_word' id='word_1_273' title='bbox 426 2850 495 2877; x_wconf 89' lang='lat' dir='ltr'><strong>eos</strong></span> <span class='ocrx_word' id='word_1_274' title='bbox 525 2838 825 2889; x_wconf 81' lang='lat' dir='ltr'><strong>spectantium3</strong></span> <span class='ocrx_word' id='word_1_275' title='bbox 851 2842 912 2876; x_wconf 80' lang='lat' dir='ltr'><strong>tot</strong></span> <span class='ocrx_word' id='word_1_276' title='bbox 939 2837 1054 2876; x_wconf 81' lang='lat' dir='ltr'><strong>enim</strong></span> <span class='ocrx_word' id='word_1_277' title='bbox 1074 2835 1201 2888; x_wconf 86' lang='lat' dir='ltr'><strong>recipi</strong></span> 
     </span>
     <span class='ocr_line' id='line_1_46' title="bbox 168 2897 1200 2949; baseline -0.001 -13"><span class='ocrx_word' id='word_1_278' title='bbox 168 2897 333 2941; x_wconf 72' lang='lat' dir='ltr'><strong>debent,</strong></span> <span class='ocrx_word' id='word_1_279' title='bbox 353 2903 453 2949; x_wconf 91' lang='lat' dir='ltr'><strong>quot</strong></span> <span class='ocrx_word' id='word_1_280' title='bbox 468 2898 684 2937; x_wconf 87' lang='lat' dir='ltr'><strong>necessarii</strong></span> <span class='ocrx_word' id='word_1_281' title='bbox 711 2898 867 2937; x_wconf 81' lang='lat' dir='ltr'><strong>fuerint</strong></span> <span class='ocrx_word' id='word_1_282' title='bbox 887 2897 939 2936; x_wconf 85' lang='lat' dir='ltr'><strong>ad</strong></span> <span class='ocrx_word' id='word_1_283' title='bbox 966 2897 1200 2947; x_wconf 61' lang='lat' dir='ltr'><strong>¹iuvandum</strong></span> 
     </span>
     <span class='ocr_line' id='line_1_47' title="bbox 170 2957 1196 3009; baseline -0.001 -11"><span class='ocrx_word' id='word_1_284' title='bbox 170 2957 412 2998; x_wconf 77' lang='lat' dir='ltr'><strong>Societatem</strong></span> <span class='ocrx_word' id='word_1_285' title='bbox 425 2959 469 2997; x_wconf 93' lang='lat' dir='ltr'><strong>in</strong></span> <span class='ocrx_word' id='word_1_286' title='bbox 482 2959 546 2997; x_wconf 89' lang='lat' dir='ltr'><strong>his</strong></span> <span class='ocrx_word' id='word_1_287' title='bbox 566 2970 659 3009; x_wconf 86' lang='lat' dir='ltr'><strong>quae</strong></span> <span class='ocrx_word' id='word_1_288' title='bbox 680 2958 874 3006; x_wconf 85' lang='lat' dir='ltr'><strong>diximus,</strong></span> <span class='ocrx_word' id='word_1_289' title='bbox 889 2962 930 2997; x_wconf 88' lang='lat' dir='ltr'><strong>et</strong></span> <span class='ocrx_word' id='word_1_290' title='bbox 947 2970 1031 2997; x_wconf 89' lang='lat' dir='ltr'><strong>non</strong></span> <span class='ocrx_word' id='word_1_291' title='bbox 1047 2957 1196 3008; x_wconf 86' lang='lat' dir='ltr'><strong>plures.</strong></span> 
     </span>
     <span class='ocr_line' id='line_1_48' title="bbox 167 3019 1200 3060; baseline -0.001 0"><span class='ocrx_word' id='word_1_292' title='bbox 167 3020 287 3060; x_wconf 86' lang='lat' dir='ltr'><strong>Ratio</strong></span> <span class='ocrx_word' id='word_1_293' title='bbox 305 3020 418 3060; x_wconf 90' lang='lat' dir='ltr'><strong>enim</strong></span> <span class='ocrx_word' id='word_1_294' title='bbox 433 3024 475 3059; x_wconf 88' lang='lat' dir='ltr'><strong>et</strong></span> <span class='ocrx_word' id='word_1_295' title='bbox 490 3031 682 3059; x_wconf 85' lang='lat' dir='ltr'><strong>mensura</strong></span> <span class='ocrx_word' id='word_1_296' title='bbox 700 3020 931 3059; x_wconf 84' lang='lat' dir='ltr'><strong>mediorum</strong></span> <span class='ocrx_word' id='word_1_297' title='bbox 949 3032 998 3058; x_wconf 82' lang='lat' dir='ltr'><strong>ex</strong></span> <span class='ocrx_word' id='word_1_298' title='bbox 1019 3019 1102 3058; x_wconf 85' lang='lat' dir='ltr'><strong>fine</strong></span> <span class='ocrx_word' id='word_1_299' title='bbox 1132 3032 1200 3059; x_wconf 86' lang='lat' dir='ltr'><strong>su-</strong></span> 
     </span>
     <span class='ocr_line' id='line_1_49' title="bbox 169 3081 1202 3133; baseline 0 -12"><span class='ocrx_word' id='word_1_300' title='bbox 169 3082 320 3121; x_wconf 89' lang='lat' dir='ltr'><strong>menda</strong></span> <span class='ocrx_word' id='word_1_301' title='bbox 336 3084 412 3130; x_wconf 85' lang='lat' dir='ltr'><strong>est,</strong></span> <span class='ocrx_word' id='word_1_302' title='bbox 442 3084 484 3120; x_wconf 85' lang='lat' dir='ltr'><strong>et</strong></span> <span class='ocrx_word' id='word_1_303' title='bbox 515 3092 582 3120; x_wconf 90' lang='lat' dir='ltr'><strong>ars</strong></span> <span class='ocrx_word' id='word_1_304' title='bbox 609 3093 693 3120; x_wconf 88' lang='lat' dir='ltr'><strong>non</strong></span> <span class='ocrx_word' id='word_1_305' title='bbox 713 3081 898 3133; x_wconf 88' lang='lat' dir='ltr'><strong>pluribus</strong></span> <span class='ocrx_word' id='word_1_306' title='bbox 918 3081 1202 3121; x_wconf 86' lang='lat' dir='ltr'><strong>instrumentis</strong></span> 
     </span>
     <span class='ocr_line' id='line_1_50' title="bbox 168 3141 1199 3194; baseline -0.001 -12"><span class='ocrx_word' id='word_1_307' title='bbox 168 3143 312 3190; x_wconf 88' lang='lat' dir='ltr'><strong>utitur,</strong></span> <span class='ocrx_word' id='word_1_308' title='bbox 342 3154 468 3194; x_wconf 89' lang='lat' dir='ltr'><strong>quam</strong></span> <span class='ocrx_word' id='word_1_309' title='bbox 487 3141 540 3181; x_wconf 89' lang='lat' dir='ltr'><strong>ad</strong></span> <span class='ocrx_word' id='word_1_310' title='bbox 559 3153 680 3181; x_wconf 88' lang='lat' dir='ltr'><strong>suum</strong></span> <span class='ocrx_word' id='word_1_311' title='bbox 712 3142 839 3181; x_wconf 88' lang='lat' dir='ltr'><strong>finem</strong></span> <span class='ocrx_word' id='word_1_312' title='bbox 870 3142 1066 3192; x_wconf 83' lang='lat' dir='ltr'><strong>indigeat.</strong></span> <span class='ocrx_word' id='word_1_313' title='bbox 1099 3143 1199 3181; x_wconf 87' lang='lat' dir='ltr'><strong>Item</strong></span> 
     </span>
     <span class='ocr_line' id='line_1_51' title="bbox 168 3203 1199 3257; baseline -0.001 -14"><span class='ocrx_word' id='word_1_314' title='bbox 168 3204 265 3257; x_wconf 85' lang='lat' dir='ltr'><strong>quia</strong></span> <span class='ocrx_word' id='word_1_315' title='bbox 280 3203 382 3242; x_wconf 90' lang='lat' dir='ltr'><strong>alias</strong></span> <span class='ocrx_word' id='word_1_316' title='bbox 401 3203 533 3242; x_wconf 89' lang='lat' dir='ltr'><strong>multa</strong></span> <span class='ocrx_word' id='word_1_317' title='bbox 554 3207 780 3255; x_wconf 89' lang='lat' dir='ltr'><strong>sequuntur</strong></span> <span class='ocrx_word' id='word_1_318' title='bbox 798 3203 1079 3250; x_wconf 83' lang='lat' dir='ltr'><strong>incommoda3</strong></span> <span class='ocrx_word' id='word_1_319' title='bbox 1101 3214 1199 3242; x_wconf 85' lang='lat' dir='ltr'><strong>nam</strong></span> 
     </span>
     <span class='ocr_line' id='line_1_52' title="bbox 168 3263 1198 3316; baseline -0.004 -12"><span class='ocrx_word' id='word_1_320' title='bbox 168 3265 235 3305; x_wconf 80' lang='lat' dir='ltr'><strong>vel</strong></span> <span class='ocrx_word' id='word_1_321' title='bbox 242 3265 418 3305; x_wconf 85' lang='lat' dir='ltr'><strong>Societas</strong></span> <span class='ocrx_word' id='word_1_322' title='bbox 433 3263 672 3316; x_wconf 83' lang='lat' dir='ltr'><strong>gravabitur</strong></span> <span class='ocrx_word' id='word_1_323' title='bbox 681 3264 866 3315; x_wconf 89' lang='lat' dir='ltr'><strong>pluribus</strong></span> <span class='ocrx_word' id='word_1_324' title='bbox 881 3263 1060 3315; x_wconf 80' lang='lat' dir='ltr'><strong>personis</strong></span> <span class='ocrx_word' id='word_1_325' title='bbox 1074 3274 1198 3314; x_wconf 89' lang='lat' dir='ltr'><strong>quam</strong></span> 
     </span>
     <span class='ocr_line' id='line_1_53' title="bbox 169 3324 1197 3379; baseline -0.003 -12"><span class='ocrx_word' id='word_1_326' title='bbox 169 3325 278 3367; x_wconf 85' lang='lat' dir='ltr'><strong>alere</strong></span> <span class='ocrx_word' id='word_1_327' title='bbox 296 3327 433 3379; x_wconf 87' lang='lat' dir='ltr'><strong>possit,</strong></span> <span class='ocrx_word' id='word_1_328' title='bbox 464 3325 530 3365; x_wconf 87' lang='lat' dir='ltr'><strong>vel</strong></span> <span class='ocrx_word' id='word_1_329' title='bbox 549 3325 777 3379; x_wconf 86' lang='lat' dir='ltr'><strong>privabitur</strong></span> <span class='ocrx_word' id='word_1_330' title='bbox 801 3325 891 3364; x_wconf 86' lang='lat' dir='ltr'><strong>aliis</strong></span> <span class='ocrx_word' id='word_1_331' title='bbox 922 3324 1117 3376; x_wconf 85' lang='lat' dir='ltr'><strong>operariis</strong></span> <span class='ocrx_word' id='word_1_332' title='bbox 1147 3324 1197 3364; x_wconf 89' lang='lat' dir='ltr'><strong>ad</strong></span> 
     </span>
     <span class='ocr_line' id='line_1_54' title="bbox 168 3386 1200 3440; baseline -0.001 -13"><span class='ocrx_word' id='word_1_333' title='bbox 168 3386 397 3428; x_wconf 84' lang='lat' dir='ltr'><strong>ministeria</strong></span> <span class='ocrx_word' id='word_1_334' title='bbox 413 3386 642 3440; x_wconf 86' lang='lat' dir='ltr'><strong>spiritualia</strong></span> <span class='ocrx_word' id='word_1_335' title='bbox 667 3386 924 3435; x_wconf 86' lang='lat' dir='ltr'><strong>necessariis;</strong></span> <span class='ocrx_word' id='word_1_336' title='bbox 945 3390 985 3425; x_wconf 89' lang='lat' dir='ltr'><strong>et</strong></span> <span class='ocrx_word' id='word_1_337' title='bbox 1003 3393 1200 3437; x_wconf 78' lang='lat' dir='ltr'><strong>praeterea</strong></span> 
     </span>
     <span class='ocr_line' id='line_1_55' title="bbox 168 3447 1199 3502; baseline 0 -15"><span class='ocrx_word' id='word_1_338' title='bbox 168 3447 333 3502; x_wconf 85' lang='lat' dir='ltr'><strong>ipsimet</strong></span> <span class='ocrx_word' id='word_1_339' title='bbox 363 3448 620 3500; x_wconf 82' lang='lat' dir='ltr'><strong>coadjutores</strong></span> <span class='ocrx_word' id='word_1_340' title='bbox 652 3447 772 3487; x_wconf 90' lang='lat' dir='ltr'><strong>otiosi</strong></span> <span class='ocrx_word' id='word_1_341' title='bbox 809 3458 962 3498; x_wconf 79' lang='lat' dir='ltr'><strong>magna</strong></span> <span class='ocrx_word' id='word_1_342' title='bbox 993 3457 1046 3486; x_wconf 86' lang='lat' dir='ltr'><strong>ex</strong></span> <span class='ocrx_word' id='word_1_343' title='bbox 1084 3451 1199 3498; x_wconf 84' lang='lat' dir='ltr'><strong>parto</strong></span> 
     </span>
     <span class='ocr_line' id='line_1_56' title="bbox 167 3507 1199 3563; baseline -0.002 -13"><span class='ocrx_word' id='word_1_344' title='bbox 167 3514 304 3558; x_wconf 82' lang='lat' dir='ltr'><strong>crunt,</strong></span> <span class='ocrx_word' id='word_1_345' title='bbox 326 3510 359 3550; x_wconf 89' lang='lat' dir='ltr'><strong>si</strong></span> <span class='ocrx_word' id='word_1_346' title='bbox 376 3509 423 3550; x_wconf 89' lang='lat' dir='ltr'><strong>in</strong></span> <span class='ocrx_word' id='word_1_347' title='bbox 442 3508 794 3563; x_wconf 83' lang='lat' dir='ltr'><strong>superabundanti</strong></span> <span class='ocrx_word' id='word_1_348' title='bbox 806 3520 980 3548; x_wconf 87' lang='lat' dir='ltr'><strong>numero</strong></span> <span class='ocrx_word' id='word_1_349' title='bbox 996 3507 1199 3559; x_wconf 83' lang='lat' dir='ltr'><strong>recipian-</strong></span> 
     </span>
     <span class='ocr_line' id='line_1_57' title="bbox 168 3568 1201 3626; baseline 0 -16"><span class='ocrx_word' id='word_1_350' title='bbox 168 3573 260 3622; x_wconf 65' lang='lat' dir='ltr'><strong>tur,</strong></span> <span class='ocrx_word' id='word_1_351' title='bbox 278 3571 429 3615; x_wconf 59' lang='lat' dir='ltr'><strong>dehent</strong></span> <span class='ocrx_word' id='word_1_352' title='bbox 453 3582 551 3626; x_wconf 81' lang='lat' dir='ltr'><strong>ergo</strong></span> <span class='ocrx_word' id='word_1_353' title='bbox 566 3571 694 3624; x_wconf 85' lang='lat' dir='ltr'><strong>recipi</strong></span> <span class='ocrx_word' id='word_1_354' title='bbox 707 3571 755 3610; x_wconf 83' lang='lat' dir='ltr'><strong>in</strong></span> <span class='ocrx_word' id='word_1_355' title='bbox 771 3581 965 3610; x_wconf 79' lang='lat' dir='ltr'><strong>mensura</strong></span> <span class='ocrx_word' id='word_1_356' title='bbox 983 3568 1201 3610; x_wconf 77' lang='lat' dir='ltr'><strong>sublevan-</strong></span> 
     </span>
    </p>
   </div>
   <div class='ocr_carea' id='block_1_6' title="bbox 542 134 2001 250">
    <p class='ocr_par' dir='ltr' id='par_1_6' title="bbox 542 134 2001 250">
     <span class='ocr_line' id='line_1_58' title="bbox 542 134 2001 250; baseline 0.001 -18"><span class='ocrx_word' id='word_1_357' title='bbox 542 134 1405 236; x_wconf 57' lang='lat' dir='ltr'><strong>muaseeaoressusmuuvorosuu</strong></span> <span class='ocrx_word' id='word_1_358' title='bbox 1424 143 2001 250; x_wconf 54' lang='lat' dir='ltr'><strong>mmmmm,</strong></span> 
     </span>
    </p>
   </div>
   <div class='ocr_carea' id='block_1_7' title="bbox 2042 352 2352 3876">
    <p class='ocr_par' dir='ltr' id='par_1_7' title="bbox 2042 352 2352 3876">
     <span class='ocr_line' id='line_1_59' title="bbox 2042 352 2352 600; baseline 0 0"><span class='ocrx_word' id='word_1_359' title='bbox 2042 352 2352 600; x_wconf 95' lang='lat' dir='ltr'><strong>     </strong></span> 
     </span>
     <span class='ocr_line' id='line_1_60' title="bbox 2161 600 2352 708; baseline 0 0"><span class='ocrx_word' id='word_1_360' title='bbox 2161 600 2352 708; x_wconf 95' lang='lat' dir='ltr'><strong>  </strong></span> 
     </span>
     <span class='ocr_line' id='line_1_61' title="bbox 2194 708 2352 767; baseline 0 0"><span class='ocrx_word' id='word_1_361' title='bbox 2194 708 2352 767; x_wconf 95' lang='lat' dir='ltr'><strong>  </strong></span> 
     </span>
     <span class='ocr_line' id='line_1_62' title="bbox 2190 767 2352 908; baseline 0 0"><span class='ocrx_word' id='word_1_362' title='bbox 2190 767 2352 908; x_wconf 95' lang='lat' dir='ltr'><strong>   </strong></span> 
     </span>
     <span class='ocr_line' id='line_1_63' title="bbox 2210 908 2352 1034; baseline 0 0"><span class='ocrx_word' id='word_1_363' title='bbox 2210 908 2352 1034; x_wconf 95' lang='lat' dir='ltr'><strong>   </strong></span> 
     </span>
     <span class='ocr_line' id='line_1_64' title="bbox 2233 1034 2352 1197; baseline 0 0"><span class='ocrx_word' id='word_1_364' title='bbox 2233 1034 2352 1197; x_wconf 95' lang='lat' dir='ltr'><strong>   </strong></span> 
     </span>
     <span class='ocr_line' id='line_1_65' title="bbox 2207 1197 2352 1337; baseline 0 0"><span class='ocrx_word' id='word_1_365' title='bbox 2207 1197 2352 1337; x_wconf 95' lang='lat' dir='ltr'><strong>   </strong></span> 
     </span>
     <span class='ocr_line' id='line_1_66' title="bbox 2248 1337 2352 1459; baseline 0 0"><span class='ocrx_word' id='word_1_366' title='bbox 2248 1337 2352 1459; x_wconf 95' lang='lat' dir='ltr'><strong>   </strong></span> 
     </span>
     <span class='ocr_line' id='line_1_67' title="bbox 2230 1459 2352 1628; baseline 0 -47"><span class='ocrx_word' id='word_1_367' title='bbox 2230 1459 2352 1628; x_wconf 95' lang='lat' dir='ltr'><strong>    </strong></span> 
     </span>
     <span class='ocr_line' id='line_1_68' title="bbox 2237 1628 2352 1745; baseline 0 -55"><span class='ocrx_word' id='word_1_368' title='bbox 2237 1628 2352 1745; x_wconf 95' lang='lat' dir='ltr'><strong>   </strong></span> 
     </span>
     <span class='ocr_line' id='line_1_69' title="bbox 2230 1745 2352 1830; baseline 0 -20"><span class='ocrx_word' id='word_1_369' title='bbox 2230 1745 2352 1830; x_wconf 95' lang='lat' dir='ltr'><strong>  </strong></span> 
     </span>
     <span class='ocr_line' id='line_1_70' title="bbox 2234 1830 2352 1950; baseline 0 0"><span class='ocrx_word' id='word_1_370' title='bbox 2234 1830 2352 1950; x_wconf 95' lang='lat' dir='ltr'><strong>   </strong></span> 
     </span>
     <span class='ocr_line' id='line_1_71' title="bbox 2256 1950 2352 2055; baseline 0 0"><span class='ocrx_word' id='word_1_371' title='bbox 2256 1950 2352 2055; x_wconf 95' lang='lat' dir='ltr'><strong>   </strong></span> 
     </span>
     <span class='ocr_line' id='line_1_72' title="bbox 2255 2055 2352 2178; baseline 0 -45"><span class='ocrx_word' id='word_1_372' title='bbox 2255 2055 2352 2178; x_wconf 95' lang='lat' dir='ltr'><strong>   </strong></span> 
     </span>
     <span class='ocr_line' id='line_1_73' title="bbox 2226 2178 2352 2317; baseline 0 0"><span class='ocrx_word' id='word_1_373' title='bbox 2226 2178 2352 2317; x_wconf 95' lang='lat' dir='ltr'><strong>   </strong></span> 
     </span>
     <span class='ocr_line' id='line_1_74' title="bbox 2187 2317 2352 2439; baseline 0 0"><span class='ocrx_word' id='word_1_374' title='bbox 2187 2317 2352 2439; x_wconf 95' lang='lat' dir='ltr'><strong>   </strong></span> 
     </span>
     <span class='ocr_line' id='line_1_75' title="bbox 2042 2439 2352 2560; baseline 0 0"><span class='ocrx_word' id='word_1_375' title='bbox 2042 2439 2352 2560; x_wconf 95' lang='lat' dir='ltr'><strong>   </strong></span> 
     </span>
     <span class='ocr_line' id='line_1_76' title="bbox 2214 2560 2352 2687; baseline 0 -63"><span class='ocrx_word' id='word_1_376' title='bbox 2214 2560 2352 2687; x_wconf 95' lang='lat' dir='ltr'><strong>   </strong></span> 
     </span>
     <span class='ocr_line' id='line_1_77' title="bbox 2226 2687 2352 2746; baseline 0 0"><span class='ocrx_word' id='word_1_377' title='bbox 2226 2687 2352 2746; x_wconf 95' lang='lat' dir='ltr'><strong>  </strong></span> 
     </span>
     <span class='ocr_line' id='line_1_78' title="bbox 2195 2746 2352 2868; baseline 0 -61"><span class='ocrx_word' id='word_1_378' title='bbox 2195 2746 2352 2868; x_wconf 95' lang='lat' dir='ltr'><strong>    </strong></span> 
     </span>
     <span class='ocr_line' id='line_1_79' title="bbox 2197 2868 2352 3053; baseline 0 -62"><span class='ocrx_word' id='word_1_379' title='bbox 2197 2868 2352 3053; x_wconf 95' lang='lat' dir='ltr'><strong>     </strong></span> 
     </span>
     <span class='ocr_line' id='line_1_80' title="bbox 2241 3053 2352 3095; baseline 0 785"><span class='ocrx_word' id='word_1_380' title='bbox 2241 3053 2352 3095; x_wconf 95' lang='lat' dir='ltr'><strong> </strong></span> 
     </span>
     <span class='ocr_line' id='line_1_81' title="bbox 2143 3095 2352 3238; baseline 0 0"><span class='ocrx_word' id='word_1_381' title='bbox 2143 3095 2352 3238; x_wconf 95' lang='lat' dir='ltr'><strong>   </strong></span> 
     </span>
     <span class='ocr_line' id='line_1_82' title="bbox 2167 3238 2352 3403; baseline 0 0"><span class='ocrx_word' id='word_1_382' title='bbox 2167 3238 2352 3403; x_wconf 95' lang='lat' dir='ltr'><strong>   </strong></span> 
     </span>
     <span class='ocr_line' id='line_1_83' title="bbox 2158 3421 2352 3588; baseline 0 0"><span class='ocrx_word' id='word_1_383' title='bbox 2158 3421 2352 3588; x_wconf 95' lang='lat' dir='ltr'><strong>   </strong></span> 
     </span>
     <span class='ocr_line' id='line_1_84' title="bbox 2042 3588 2352 3876; baseline 0 -227"><span class='ocrx_word' id='word_1_384' title='bbox 2042 3588 2352 3876; x_wconf 95' lang='lat' dir='ltr'><strong>  </strong></span> 
     </span>
    </p>
   </div>
   <div class='ocr_carea' id='block_1_8' title="bbox 1250 258 2341 3622">
    <p class='ocr_par' dir='ltr' id='par_1_8' title="bbox 1250 258 2341 3622">
     <span class='ocr_line' id='line_1_85' title="bbox 1275 258 2100 304; baseline 0.005 -3"><span class='ocrx_word' id='word_1_385' title='bbox 1275 259 1339 301; x_wconf 84' lang='lat' dir='ltr'><strong>dis</strong></span> <span class='ocrx_word' id='word_1_386' title='bbox 1350 258 1545 300; x_wconf 78' lang='lat' dir='ltr'><strong>oneribus</strong></span> <span class='ocrx_word' id='word_1_387' title='bbox 1557 258 1785 303; x_wconf 75' lang='lat' dir='ltr'><strong>domorum</strong></span> <span class='ocrx_word' id='word_1_388' title='bbox 1788 262 1875 304; x_wconf 64' lang='lat' dir='ltr'><strong>nt.</strong></span> <span class='ocrx_word' id='word_1_389' title='bbox 2055 273 2100 309; x_wconf 29' lang='grc' dir='ltr'><strong>ΤΗ</strong></span> 
     </span>
     <span class='ocr_line' id='line_1_86' title="bbox 1274 321 2070 372; baseline 0 -10"><span class='ocrx_word' id='word_1_390' title='bbox 1274 321 1329 362; x_wconf 79' lang='lat' dir='ltr'><strong>tis</strong></span> <span class='ocrx_word' id='word_1_391' title='bbox 1348 321 1683 372; x_wconf 78' lang='lat' dir='ltr'><strong>accommodata3</strong></span> <span class='ocrx_word' id='word_1_392' title='bbox 1700 321 1744 361; x_wconf 77' lang='lat' dir='ltr'><strong>et</strong></span> <span class='ocrx_word' id='word_1_393' title='bbox 1760 321 1819 366; x_wconf 81' lang='lat' dir='ltr'><strong>ita</strong></span> <span class='ocrx_word' id='word_1_394' title='bbox 1833 322 2070 370; x_wconf 58' lang='lat' dir='ltr'><strong>mter</strong></span> 
     </span>
     <span class='ocr_line' id='line_1_87' title="bbox 1273 371 2214 440; baseline -0.002 -14"><span class='ocrx_word' id='word_1_395' title='bbox 1273 382 1637 431; x_wconf 79' lang='lat' dir='ltr'><strong>Constitutionum‚</strong></span> <span class='ocrx_word' id='word_1_396' title='bbox 1653 394 1688 423; x_wconf 89' lang='lat' dir='ltr'><strong>c.</strong></span> <span class='ocrx_word' id='word_1_397' title='bbox 1707 383 1750 430; x_wconf 76' lang='lat'><strong>2,</strong></span> <span class='ocrx_word' id='word_1_398' title='bbox 1768 381 1796 436; x_wconf 66' lang='grc' dir='ltr'>ξ</span> <span class='ocrx_word' id='word_1_399' title='bbox 1813 383 1855 432; x_wconf 81' lang='lat'><strong>1,</strong></span> <span class='ocrx_word' id='word_1_400' title='bbox 1877 382 1943 425; x_wconf 81' lang='lat' dir='ltr'><strong>lit.</strong></span> <span class='ocrx_word' id='word_1_401' title='bbox 1958 385 2027 434; x_wconf 73' lang='grc' dir='ltr'><strong>Α,</strong></span> <span class='ocrx_word' id='word_1_402' title='bbox 2035 371 2214 440; x_wconf 59' lang='grc' dir='ltr'>τοι-ω,</span> 
     </span>
     <span class='ocr_line' id='line_1_88' title="bbox 1274 442 2138 496; baseline 0.002 -12"><span class='ocrx_word' id='word_1_403' title='bbox 1274 455 1311 485; x_wconf 93' lang='grc'><strong>0.</strong></span> <span class='ocrx_word' id='word_1_404' title='bbox 1330 445 1372 491; x_wconf 75' lang='lat'><strong>2,</strong></span> <span class='ocrx_word' id='word_1_405' title='bbox 1392 442 1476 495; x_wconf 60' lang='lat' dir='ltr'><strong>§L</strong></span> <span class='ocrx_word' id='word_1_406' title='bbox 1486 447 1603 496; x_wconf 83' lang='lat' dir='ltr'><strong>parte</strong></span> <span class='ocrx_word' id='word_1_407' title='bbox 1622 447 1786 494; x_wconf 76' lang='lat' dir='ltr'><strong>quarta,</strong></span> <span class='ocrx_word' id='word_1_408' title='bbox 1802 444 1903 492; x_wconf 83' lang='lat' dir='ltr'><strong>c.3,</strong></span> <span class='ocrx_word' id='word_1_409' title='bbox 1918 443 2138 496; x_wconf 53' lang='lat' dir='ltr'><strong>§2012ss</strong></span> 
     </span>
     <span class='ocr_line' id='line_1_89' title="bbox 1274 475 2219 558; baseline 0.004 -13"><span class='ocrx_word' id='word_1_410' title='bbox 1274 504 1460 545; x_wconf 87' lang='lat' dir='ltr'><strong>Provinc.</strong></span> <span class='ocrx_word' id='word_1_411' title='bbox 1481 504 1693 556; x_wconf 85' lang='lat' dir='ltr'><strong>(Exempla</strong></span> <span class='ocrx_word' id='word_1_412' title='bbox 1705 506 1870 546; x_wconf 85' lang='lat' dir='ltr'><strong>numeri</strong></span> <span class='ocrx_word' id='word_1_413' title='bbox 1885 475 2219 558; x_wconf 70' lang='lat' dir='ltr'><strong>coadjutorum</strong></span> 
     </span>
     <span class='ocr_line' id='line_1_90' title="bbox 1273 564 2260 619; baseline 0.003 -12"><span class='ocrx_word' id='word_1_414' title='bbox 1273 565 1318 607; x_wconf 81' lang='lat' dir='ltr'><strong>in</strong></span> <span class='ocrx_word' id='word_1_415' title='bbox 1333 564 1512 605; x_wconf 82' lang='lat' dir='ltr'><strong>formula</strong></span> <span class='ocrx_word' id='word_1_416' title='bbox 1530 566 1766 617; x_wconf 85' lang='lat' dir='ltr'><strong>acceptandi</strong></span> <span class='ocrx_word' id='word_1_417' title='bbox 1781 565 1985 619; x_wconf 83' lang='lat' dir='ltr'><strong>collegia.)</strong></span> <span class='ocrx_word' id='word_1_418' title='bbox 2255 602 2260 610; x_wconf 62' lang='lat'><strong>.</strong></span> 
     </span>
     <span class='ocr_line' id='line_1_91' title="bbox 1326 627 2269 681; baseline 0.002 -14"><span class='ocrx_word' id='word_1_419' title='bbox 1326 628 1366 667; x_wconf 83' lang='lat'><strong>7.</strong></span> <span class='ocrx_word' id='word_1_420' title='bbox 1396 628 1457 668; x_wconf 82' lang='lat' dir='ltr'><strong>De</strong></span> <span class='ocrx_word' id='word_1_421' title='bbox 1469 627 1728 679; x_wconf 75' lang='lat' dir='ltr'><strong>qualitatibus</strong></span> <span class='ocrx_word' id='word_1_422' title='bbox 1747 628 1920 678; x_wconf 75' lang='lat' dir='ltr'><strong>ejusdem</strong></span> <span class='ocrx_word' id='word_1_423' title='bbox 1936 629 2161 681; x_wconf 47' lang='lat' dir='ltr'><strong>aradus-</strong></span> <span class='ocrx_word' id='word_1_424' title='bbox 2184 650 2235 677; x_wconf 62' lang='lat'><strong>-3</strong></span> <span class='ocrx_word' id='word_1_425' title='bbox 2252 634 2269 645; x_wconf 65' lang='lat'>⁴</span> 
     </span>
     <span class='ocr_line' id='line_1_92' title="bbox 1269 688 2225 741; baseline 0.001 -13"><span class='ocrx_word' id='word_1_426' title='bbox 1269 688 1335 728; x_wconf 89' lang='lat' dir='ltr'><strong>his</strong></span> <span class='ocrx_word' id='word_1_427' title='bbox 1347 688 1447 728; x_wconf 92' lang='lat' dir='ltr'><strong>locis</strong></span> <span class='ocrx_word' id='word_1_428' title='bbox 1463 689 1587 729; x_wconf 88' lang='lat' dir='ltr'><strong>etiam</strong></span> <span class='ocrx_word' id='word_1_429' title='bbox 1604 690 1873 741; x_wconf 87' lang='lat' dir='ltr'><strong>designantur</strong></span> <span class='ocrx_word' id='word_1_430' title='bbox 1887 690 2138 731; x_wconf 89' lang='lat' dir='ltr'><strong>conditiones</strong></span> <span class='ocrx_word' id='word_1_431' title='bbox 2153 696 2194 734; x_wconf 81' lang='lat' dir='ltr'><strong>et</strong></span> <span class='ocrx_word' id='word_1_432' title='bbox 2222 718 2225 729; x_wconf 85' lang='lat'>.</span> 
     </span>
     <span class='ocr_line' id='line_1_93' title="bbox 1268 751 2259 804; baseline 0.005 -14"><span class='ocrx_word' id='word_1_433' title='bbox 1268 754 1332 790; x_wconf 84' lang='lat' dir='ltr'><strong>tes</strong></span> <span class='ocrx_word' id='word_1_434' title='bbox 1351 762 1444 802; x_wconf 87' lang='lat' dir='ltr'><strong>quae</strong></span> <span class='ocrx_word' id='word_1_435' title='bbox 1464 751 1509 790; x_wconf 91' lang='lat' dir='ltr'><strong>in</strong></span> <span class='ocrx_word' id='word_1_436' title='bbox 1527 751 1765 802; x_wconf 84' lang='lat' dir='ltr'><strong>hujusmodi</strong></span> <span class='ocrx_word' id='word_1_437' title='bbox 1794 753 1980 804; x_wconf 90' lang='lat' dir='ltr'><strong>personis</strong></span> <span class='ocrx_word' id='word_1_438' title='bbox 2005 753 2204 795; x_wconf 83' lang='lat' dir='ltr'><strong>desidera</strong></span> <span class='ocrx_word' id='word_1_439' title='bbox 2257 773 2259 777; x_wconf 32' lang='lat' dir='ltr'><strong>r</strong></span> 
     </span>
     <span class='ocr_line' id='line_1_94' title="bbox 1267 813 2264 864; baseline 0 -13"><span class='ocrx_word' id='word_1_440' title='bbox 1267 823 1360 864; x_wconf 78' lang='lat' dir='ltr'><strong>quae</strong></span> <span class='ocrx_word' id='word_1_441' title='bbox 1381 824 1523 852; x_wconf 89' lang='lat' dir='ltr'><strong>omnes</strong></span> <span class='ocrx_word' id='word_1_442' title='bbox 1535 824 1583 851; x_wconf 91' lang='lat' dir='ltr'><strong>eo</strong></span> <span class='ocrx_word' id='word_1_443' title='bbox 1602 813 1792 861; x_wconf 80' lang='lat' dir='ltr'><strong>tendunt,</strong></span> <span class='ocrx_word' id='word_1_444' title='bbox 1808 817 1856 852; x_wconf 90' lang='lat' dir='ltr'><strong>ut</strong></span> <span class='ocrx_word' id='word_1_445' title='bbox 1867 813 1919 853; x_wconf 85' lang='lat' dir='ltr'><strong>ad</strong></span> <span class='ocrx_word' id='word_1_446' title='bbox 1934 813 2059 853; x_wconf 90' lang='lat' dir='ltr'><strong>finem</strong></span> <span class='ocrx_word' id='word_1_447' title='bbox 2079 815 2192 855; x_wconf 90' lang='lat' dir='ltr'><strong>inten</strong></span> <span class='ocrx_word' id='word_1_448' title='bbox 2258 823 2264 826; x_wconf 66' lang='grc'><strong><em>’</em></strong></span> 
     </span>
     <span class='ocr_line' id='line_1_95' title="bbox 1269 873 2281 926; baseline 0 -15"><span class='ocrx_word' id='word_1_449' title='bbox 1269 877 1391 925; x_wconf 89' lang='lat' dir='ltr'><strong>prout</strong></span> <span class='ocrx_word' id='word_1_450' title='bbox 1408 874 1513 913; x_wconf 86' lang='lat' dir='ltr'><strong>ratio</strong></span> <span class='ocrx_word' id='word_1_451' title='bbox 1528 873 1754 925; x_wconf 86' lang='lat' dir='ltr'><strong>prudentiae</strong></span> <span class='ocrx_word' id='word_1_452' title='bbox 1769 875 1954 926; x_wconf 89' lang='lat' dir='ltr'><strong>requirit,</strong></span> <span class='ocrx_word' id='word_1_453' title='bbox 1981 875 2062 914; x_wconf 89' lang='lat' dir='ltr'><strong>sint</strong></span> <span class='ocrx_word' id='word_1_454' title='bbox 2077 887 2172 915; x_wconf 86' lang='lat' dir='ltr'><strong>acco</strong></span> <span class='ocrx_word' id='word_1_455' title='bbox 2184 893 2204 911; x_wconf 62' lang='lat' dir='ltr'><strong>a«</strong></span> <span class='ocrx_word' id='word_1_456' title='bbox 2228 897 2232 910; x_wconf 87' lang='lat'><strong>-.</strong></span> <span class='ocrx_word' id='word_1_457' title='bbox 2276 920 2281 924; x_wconf 27' lang='lat'>¹</span> 
     </span>
     <span class='ocr_line' id='line_1_96' title="bbox 1270 934 2286 987; baseline 0.005 -14"><span class='ocrx_word' id='word_1_458' title='bbox 1270 934 1368 974; x_wconf 89' lang='lat' dir='ltr'><strong>dati.</strong></span> <span class='ocrx_word' id='word_1_459' title='bbox 1392 935 1532 986; x_wconf 87' lang='lat' dir='ltr'><strong>Itaque</strong></span> <span class='ocrx_word' id='word_1_460' title='bbox 1550 947 1598 975; x_wconf 86' lang='lat' dir='ltr'><strong>ex</strong></span> <span class='ocrx_word' id='word_1_461' title='bbox 1626 939 1742 986; x_wconf 89' lang='lat' dir='ltr'><strong>parte</strong></span> <span class='ocrx_word' id='word_1_462' title='bbox 1759 936 1937 987; x_wconf 86' lang='lat' dir='ltr'><strong>corporis</strong></span> <span class='ocrx_word' id='word_1_463' title='bbox 1959 937 2227 987; x_wconf 83' lang='lat' dir='ltr'><strong>requiruntur</strong></span> <span class='ocrx_word' id='word_1_464' title='bbox 2252 959 2254 961; x_wconf 97' lang='lat'>·</span> <span class='ocrx_word' id='word_1_465' title='bbox 2278 948 2286 954; x_wconf 81' lang='grc'><strong><em>”</em></strong></span> 
     </span>
     <span class='ocr_line' id='line_1_97' title="bbox 1270 996 2266 1045; baseline 0.003 -10"><span class='ocrx_word' id='word_1_466' title='bbox 1270 1007 1349 1045; x_wconf 88' lang='lat' dir='ltr'><strong>res,</strong></span> <span class='ocrx_word' id='word_1_467' title='bbox 1367 996 1536 1045; x_wconf 85' lang='lat' dir='ltr'><strong>sanitas,</strong></span> <span class='ocrx_word' id='word_1_468' title='bbox 1559 1001 1653 1044; x_wconf 63' lang='lat' dir='ltr'><strong>etc„</strong></span> <span class='ocrx_word' id='word_1_469' title='bbox 1684 996 1934 1036; x_wconf 86' lang='lat' dir='ltr'><strong>sustinendis</strong></span> <span class='ocrx_word' id='word_1_470' title='bbox 1960 997 2172 1039; x_wconf 88' lang='lat' dir='ltr'><strong>laboribus</strong></span> <span class='ocrx_word' id='word_1_471' title='bbox 2192 1011 2210 1038; x_wconf 90' lang='grc'>5</span> <span class='ocrx_word' id='word_1_472' title='bbox 2249 1006 2266 1028; x_wconf 74' lang='grc'><strong>·»·</strong></span> 
     </span>
     <span class='ocr_line' id='line_1_98' title="bbox 1271 1057 2270 1110; baseline 0.006 -15"><span class='ocrx_word' id='word_1_473' title='bbox 1271 1057 1423 1096; x_wconf 89' lang='lat' dir='ltr'><strong>cientes</strong></span> <span class='ocrx_word' id='word_1_474' title='bbox 1440 1069 1449 1106; x_wconf 85' lang='lat'>3</span> <span class='ocrx_word' id='word_1_475' title='bbox 1465 1069 1515 1096; x_wconf 80' lang='lat' dir='ltr'><strong>ex</strong></span> <span class='ocrx_word' id='word_1_476' title='bbox 1533 1060 1648 1108; x_wconf 87' lang='lat' dir='ltr'><strong>parte</strong></span> <span class='ocrx_word' id='word_1_477' title='bbox 1666 1069 1766 1098; x_wconf 84' lang='lat' dir='ltr'><strong>vero</strong></span> <span class='ocrx_word' id='word_1_478' title='bbox 1783 1059 1949 1107; x_wconf 81' lang='lat' dir='ltr'><strong>animae,</strong></span> <span class='ocrx_word' id='word_1_479' title='bbox 1969 1063 2086 1110; x_wconf 85' lang='lat' dir='ltr'><strong>aptos</strong></span> <span class='ocrx_word' id='word_1_480' title='bbox 2105 1059 2155 1099; x_wconf 88' lang='lat' dir='ltr'><strong>ad</strong></span> <span class='ocrx_word' id='word_1_481' title='bbox 2181 1060 2247 1101; x_wconf 87' lang='lat' dir='ltr'><strong>de</strong></span> <span class='ocrx_word' id='word_1_482' title='bbox 2266 1081 2270 1087; x_wconf 77' lang='lat'>=</span> 
     </span>
     <span class='ocr_line' id='line_1_99' title="bbox 1269 1117 2248 1171; baseline 0.004 -15"><span class='ocrx_word' id='word_1_483' title='bbox 1269 1117 1425 1157; x_wconf 92' lang='lat' dir='ltr'><strong>tionem</strong></span> <span class='ocrx_word' id='word_1_484' title='bbox 1453 1122 1493 1157; x_wconf 88' lang='lat' dir='ltr'><strong>et</strong></span> <span class='ocrx_word' id='word_1_485' title='bbox 1511 1118 1722 1165; x_wconf 86' lang='lat' dir='ltr'><strong>virtutem,</strong></span> <span class='ocrx_word' id='word_1_486' title='bbox 1740 1123 1784 1159; x_wconf 84' lang='lat' dir='ltr'><strong>et.</strong></span> <span class='ocrx_word' id='word_1_487' title='bbox 1812 1118 1867 1160; x_wconf 82' lang='lat' dir='ltr'><strong>ad</strong></span> <span class='ocrx_word' id='word_1_488' title='bbox 1893 1131 1985 1162; x_wconf 83' lang='lat' dir='ltr'><strong>eam</strong></span> <span class='ocrx_word' id='word_1_489' title='bbox 2004 1131 2248 1171; x_wconf 74' lang='lat' dir='ltr'><strong>propensos,</strong></span> 
     </span>
     <span class='ocr_line' id='line_1_100' title="bbox 1269 1177 2239 1251; baseline 0.006 -33"><span class='ocrx_word' id='word_1_490' title='bbox 1269 1177 1388 1218; x_wconf 84' lang='lat' dir='ltr'><strong>bonae</strong></span> <span class='ocrx_word' id='word_1_491' title='bbox 1408 1191 1456 1218; x_wconf 87' lang='lat' dir='ltr'><strong>ac</strong></span> <span class='ocrx_word' id='word_1_492' title='bbox 1475 1179 1605 1219; x_wconf 87' lang='lat' dir='ltr'><strong>facilis</strong></span> <span class='ocrx_word' id='word_1_493' title='bbox 1622 1184 1795 1229; x_wconf 80' lang='lat' dir='ltr'><strong>naturae,</strong></span> <span class='ocrx_word' id='word_1_494' title='bbox 1818 1181 1955 1232; x_wconf 88' lang='lat' dir='ltr'><strong>quoad</strong></span> <span class='ocrx_word' id='word_1_495' title='bbox 1987 1181 2078 1222; x_wconf 86' lang='lat' dir='ltr'><strong>fieri</strong></span> <span class='ocrx_word' id='word_1_496' title='bbox 2099 1183 2239 1251; x_wconf 72' lang='lat' dir='ltr'><strong>possit,</strong></span> 
     </span>
     <span class='ocr_line' id='line_1_101' title="bbox 1270 1241 2281 1292; baseline 0.004 -12"><span class='ocrx_word' id='word_1_497' title='bbox 1270 1242 1493 1290; x_wconf 80' lang='lat' dir='ltr'><strong>praesertim</strong></span> <span class='ocrx_word' id='word_1_498' title='bbox 1515 1241 1621 1292; x_wconf 91' lang='lat' dir='ltr'><strong>quod</strong></span> <span class='ocrx_word' id='word_1_499' title='bbox 1650 1246 1757 1281; x_wconf 88' lang='lat' dir='ltr'><strong>sorte</strong></span> <span class='ocrx_word' id='word_1_500' title='bbox 1781 1242 1954 1283; x_wconf 66' lang='lat' dir='ltr'><strong>Marthae</strong></span> <span class='ocrx_word' id='word_1_501' title='bbox 1991 1244 2172 1284; x_wconf 82' lang='lat' dir='ltr'><strong>contenti</strong></span> <span class='ocrx_word' id='word_1_502' title='bbox 2200 1257 2220 1284; x_wconf 88' lang='grc'>5</span> <span class='ocrx_word' id='word_1_503' title='bbox 2274 1287 2281 1292; x_wconf 78' lang='grc'>,</span> 
     </span>
     <span class='ocr_line' id='line_1_102' title="bbox 1268 1291 2341 1355; baseline 0.005 -15"><span class='ocrx_word' id='word_1_504' title='bbox 1268 1301 1400 1351; x_wconf 86' lang='lat' dir='ltr'><strong>Unde,</strong></span> <span class='ocrx_word' id='word_1_505' title='bbox 1421 1302 1542 1341; x_wconf 88' lang='lat' dir='ltr'><strong>licet</strong></span> <span class='ocrx_word' id='word_1_506' title='bbox 1532 1314 1575 1341; x_wconf 91' lang='lat' dir='ltr'><strong>1n</strong></span> <span class='ocrx_word' id='word_1_507' title='bbox 1598 1303 1657 1342; x_wconf 90' lang='lat' dir='ltr'><strong>eis</strong></span> <span class='ocrx_word' id='word_1_508' title='bbox 1668 1303 1812 1354; x_wconf 86' lang='lat' dir='ltr'><strong>judicii</strong></span> <span class='ocrx_word' id='word_1_509' title='bbox 1842 1304 2059 1355; x_wconf 73' lang='lat' dir='ltr'><strong>capacitas,</strong></span> <span class='ocrx_word' id='word_1_510' title='bbox 2079 1309 2121 1345; x_wconf 87' lang='lat' dir='ltr'><strong>et</strong></span> <span class='ocrx_word' id='word_1_511' title='bbox 2138 1317 2207 1344; x_wconf 88' lang='lat' dir='ltr'><strong>ars</strong></span> <span class='ocrx_word' id='word_1_512' title='bbox 2236 1324 2240 1339; x_wconf 74' lang='lat' dir='ltr'><strong>r</strong></span> <span class='ocrx_word' id='word_1_513' title='bbox 2276 1297 2290 1350; x_wconf 19' lang='grc'><strong>1,·</strong></span> <span class='ocrx_word' id='word_1_514' title='bbox 2329 1291 2341 1334; x_wconf 50' lang='lat'><strong>¹5</strong></span> 
     </span>
     <span class='ocr_line' id='line_1_103' title="bbox 1268 1363 2292 1430; baseline 0.006 -29"><span class='ocrx_word' id='word_1_515' title='bbox 1268 1375 1364 1430; x_wconf 81' lang='lat' dir='ltr'><strong>qua,</strong></span> <span class='ocrx_word' id='word_1_516' title='bbox 1385 1363 1450 1402; x_wconf 90' lang='lat' dir='ltr'><strong>vel</strong></span> <span class='ocrx_word' id='word_1_517' title='bbox 1469 1364 1670 1404; x_wconf 88' lang='lat' dir='ltr'><strong>sufficiens</strong></span> <span class='ocrx_word' id='word_1_518' title='bbox 1688 1364 1740 1404; x_wconf 87' lang='lat' dir='ltr'><strong>ad</strong></span> <span class='ocrx_word' id='word_1_519' title='bbox 1757 1365 1870 1404; x_wconf 90' lang='lat' dir='ltr'><strong>illam</strong></span> <span class='ocrx_word' id='word_1_520' title='bbox 1894 1366 2108 1416; x_wconf 85' lang='lat' dir='ltr'><strong>ingenium</strong></span> <span class='ocrx_word' id='word_1_521' title='bbox 2142 1366 2292 1408; x_wconf 89' lang='lat' dir='ltr'><strong>desid.</strong></span> 
     </span>
     <span class='ocr_line' id='line_1_104' title="bbox 1266 1424 2339 1493; baseline 0.006 -31"><span class='ocrx_word' id='word_1_522' title='bbox 1266 1424 1348 1464; x_wconf 85' lang='lat' dir='ltr'><strong>rari</strong></span> <span class='ocrx_word' id='word_1_523' title='bbox 1363 1425 1500 1474; x_wconf 82' lang='lat' dir='ltr'><strong>possit,</strong></span> <span class='ocrx_word' id='word_1_524' title='bbox 1509 1425 1656 1466; x_wconf 80' lang='lat' dir='ltr'><strong>litterae</strong></span> <span class='ocrx_word' id='word_1_525' title='bbox 1669 1435 1807 1466; x_wconf 88' lang='lat' dir='ltr'><strong>autem</strong></span> <span class='ocrx_word' id='word_1_526' title='bbox 1821 1426 1915 1465; x_wconf 86' lang='lat' dir='ltr'><strong>ullae</strong></span> <span class='ocrx_word' id='word_1_527' title='bbox 1928 1439 2013 1466; x_wconf 89' lang='lat' dir='ltr'><strong>non</strong></span> <span class='ocrx_word' id='word_1_528' title='bbox 2023 1428 2248 1479; x_wconf 77' lang='lat' dir='ltr'><strong>postulant</strong></span> <span class='ocrx_word' id='word_1_529' title='bbox 2274 1455 2283 1462; x_wconf 65' lang='grc'><strong>.</strong></span> <span class='ocrx_word' id='word_1_530' title='bbox 2334 1425 2339 1493; x_wconf 62' lang='lat' dir='ltr'>J</span> 
     </span>
     <span class='ocr_line' id='line_1_105' title="bbox 1264 1485 2256 1540; baseline 0.005 -17"><span class='ocrx_word' id='word_1_531' title='bbox 1264 1496 1342 1523; x_wconf 87' lang='lat' dir='ltr'><strong>nec</strong></span> <span class='ocrx_word' id='word_1_532' title='bbox 1359 1485 1418 1524; x_wconf 84' lang='lat' dir='ltr'><strong>eis</strong></span> <span class='ocrx_word' id='word_1_533' title='bbox 1438 1486 1676 1526; x_wconf 88' lang='lat' dir='ltr'><strong>conceditur</strong></span> <span class='ocrx_word' id='word_1_534' title='bbox 1693 1488 1798 1527; x_wconf 89' lang='lat' dir='ltr'><strong>utin</strong></span> <span class='ocrx_word' id='word_1_535' title='bbox 1815 1487 2014 1528; x_wconf 89' lang='lat' dir='ltr'><strong>Societate</strong></span> <span class='ocrx_word' id='word_1_536' title='bbox 2036 1489 2129 1540; x_wconf 85' lang='lat' dir='ltr'><strong>plus</strong></span> <span class='ocrx_word' id='word_1_537' title='bbox 2146 1489 2256 1529; x_wconf 75' lang='lat' dir='ltr'><strong>litter</strong></span> 
     </span>
     <span class='ocr_line' id='line_1_106' title="bbox 1264 1546 2272 1601; baseline 0.004 -15"><span class='ocrx_word' id='word_1_538' title='bbox 1264 1557 1358 1586; x_wconf 88' lang='lat' dir='ltr'><strong>rum</strong></span> <span class='ocrx_word' id='word_1_539' title='bbox 1380 1546 1604 1594; x_wconf 83' lang='lat' dir='ltr'><strong>addiscant,</strong></span> <span class='ocrx_word' id='word_1_540' title='bbox 1620 1560 1744 1598; x_wconf 86' lang='lat' dir='ltr'><strong>quam</strong></span> <span class='ocrx_word' id='word_1_541' title='bbox 1762 1553 1858 1589; x_wconf 85' lang='lat' dir='ltr'><strong>ante</strong></span> <span class='ocrx_word' id='word_1_542' title='bbox 1876 1550 2107 1601; x_wconf 88' lang='lat' dir='ltr'><strong>ingressum</strong></span> <span class='ocrx_word' id='word_1_543' title='bbox 2124 1550 2244 1590; x_wconf 55' lang='lat' dir='ltr'><strong>inrill</strong></span> <span class='ocrx_word' id='word_1_544' title='bbox 2267 1567 2272 1581; x_wconf 78' lang='lat'><strong>⁴</strong></span> 
     </span>
     <span class='ocr_line' id='line_1_107' title="bbox 1264 1608 2294 1663; baseline 0.004 -16"><span class='ocrx_word' id='word_1_545' title='bbox 1264 1608 1446 1648; x_wconf 87' lang='lat' dir='ltr'><strong>sciebant</strong></span> <span class='ocrx_word' id='word_1_546' title='bbox 1462 1621 1474 1655; x_wconf 86' lang='lat'>;</span> <span class='ocrx_word' id='word_1_547' title='bbox 1490 1609 1546 1648; x_wconf 89' lang='lat' dir='ltr'><strong>ita</strong></span> <span class='ocrx_word' id='word_1_548' title='bbox 1564 1609 1609 1648; x_wconf 90' lang='lat' dir='ltr'><strong>in</strong></span> <span class='ocrx_word' id='word_1_549' title='bbox 1628 1611 1840 1659; x_wconf 77' lang='lat' dir='ltr'><strong>Examine,</strong></span> <span class='ocrx_word' id='word_1_550' title='bbox 1862 1624 1897 1650; x_wconf 89' lang='lat' dir='ltr'><strong>c.</strong></span> <span class='ocrx_word' id='word_1_551' title='bbox 1916 1612 1957 1659; x_wconf 88' lang='grc'><strong>6,</strong></span> <span class='ocrx_word' id='word_1_552' title='bbox 1973 1611 1997 1663; x_wconf 68' lang='grc' dir='ltr'>ἓ</span> <span class='ocrx_word' id='word_1_553' title='bbox 2013 1613 2053 1650; x_wconf 87' lang='grc'><strong>6.</strong></span> <span class='ocrx_word' id='word_1_554' title='bbox 2073 1613 2175 1659; x_wconf 88' lang='lat' dir='ltr'><strong>Imo,</strong></span> <span class='ocrx_word' id='word_1_555' title='bbox 2195 1612 2229 1650; x_wconf 91' lang='lat' dir='ltr'><strong>si</strong></span> <span class='ocrx_word' id='word_1_556' title='bbox 2245 1612 2259 1652; x_wconf 87' lang='grc'><strong>1</strong></span> <span class='ocrx_word' id='word_1_557' title='bbox 2275 1639 2294 1658; x_wconf 39' lang='grc' dir='ltr'><strong>ι,</strong></span> 
     </span>
     <span class='ocr_line' id='line_1_108' title="bbox 1265 1670 2237 1720; baseline 0.004 -12"><span class='ocrx_word' id='word_1_558' title='bbox 1265 1681 1364 1720; x_wconf 85' lang='lat' dir='ltr'><strong>gere</strong></span> <span class='ocrx_word' id='word_1_559' title='bbox 1383 1674 1424 1708; x_wconf 89' lang='lat' dir='ltr'><strong>et</strong></span> <span class='ocrx_word' id='word_1_560' title='bbox 1443 1670 1619 1710; x_wconf 85' lang='lat' dir='ltr'><strong>scribere</strong></span> <span class='ocrx_word' id='word_1_561' title='bbox 1646 1675 1768 1710; x_wconf 83' lang='lat' dir='ltr'><strong>antea</strong></span> <span class='ocrx_word' id='word_1_562' title='bbox 1790 1672 2044 1720; x_wconf 88' lang='lat' dir='ltr'><strong>nesciebant,</strong></span> <span class='ocrx_word' id='word_1_563' title='bbox 2066 1673 2154 1712; x_wconf 88' lang='lat' dir='ltr'><strong>sine</strong></span> <span class='ocrx_word' id='word_1_564' title='bbox 2171 1672 2237 1714; x_wconf 83' lang='lat' dir='ltr'><strong>fac</strong></span> 
     </span>
     <span class='ocr_line' id='line_1_109' title="bbox 1267 1731 2284 1784; baseline 0.004 -15"><span class='ocrx_word' id='word_1_565' title='bbox 1267 1734 1350 1772; x_wconf 86' lang='lat' dir='ltr'><strong>tate</strong></span> <span class='ocrx_word' id='word_1_566' title='bbox 1368 1731 1574 1771; x_wconf 83' lang='lat' dir='ltr'><strong>Generalis</strong></span> <span class='ocrx_word' id='word_1_567' title='bbox 1589 1731 1632 1770; x_wconf 88' lang='lat' dir='ltr'><strong>id</strong></span> <span class='ocrx_word' id='word_1_568' title='bbox 1649 1732 1859 1772; x_wconf 88' lang='lat' dir='ltr'><strong>addiscere</strong></span> <span class='ocrx_word' id='word_1_569' title='bbox 1877 1745 1961 1772; x_wconf 90' lang='lat' dir='ltr'><strong>non</strong></span> <span class='ocrx_word' id='word_1_570' title='bbox 1981 1738 2164 1784; x_wconf 87' lang='lat' dir='ltr'><strong>possunt,</strong></span> <span class='ocrx_word' id='word_1_571' title='bbox 2190 1737 2237 1773; x_wconf 82' lang='lat' dir='ltr'><strong>ut</strong></span> <span class='ocrx_word' id='word_1_572' title='bbox 2255 1731 2284 1759; x_wconf 85' lang='lat'><strong>‘-</strong></span> 
     </span>
     <span class='ocr_line' id='line_1_110' title="bbox 1264 1792 2334 1843; baseline 0.002 -11"><span class='ocrx_word' id='word_1_573' title='bbox 1264 1792 1409 1843; x_wconf 84' lang='lat' dir='ltr'><strong>regula</strong></span> <span class='ocrx_word' id='word_1_574' title='bbox 1432 1795 1498 1839; x_wconf 78' lang='lat'><strong>14,</strong></span> <span class='ocrx_word' id='word_1_575' title='bbox 1516 1805 1570 1832; x_wconf 84' lang='lat' dir='ltr'><strong>ex</strong></span> <span class='ocrx_word' id='word_1_576' title='bbox 1588 1794 1891 1842; x_wconf 87' lang='lat' dir='ltr'><strong>communibus,</strong></span> <span class='ocrx_word' id='word_1_577' title='bbox 1913 1794 2077 1834; x_wconf 86' lang='lat' dir='ltr'><strong>dicitur.</strong></span> <span class='ocrx_word' id='word_1_578' title='bbox 2103 1795 2230 1835; x_wconf 80' lang='lat' dir='ltr'><strong>Habet</strong></span> <span class='ocrx_word' id='word_1_579' title='bbox 2332 1830 2334 1834; x_wconf 80' lang='grc'>,</span> 
     </span>
     <span class='ocr_line' id='line_1_111' title="bbox 1265 1855 2288 1906; baseline 0.002 -13"><span class='ocrx_word' id='word_1_580' title='bbox 1265 1867 1344 1906; x_wconf 89' lang='lat' dir='ltr'><strong>que</strong></span> <span class='ocrx_word' id='word_1_581' title='bbox 1360 1855 1530 1894; x_wconf 89' lang='lat' dir='ltr'><strong>similis</strong></span> <span class='ocrx_word' id='word_1_582' title='bbox 1520 1859 1628 1894; x_wconf 78' lang='lat' dir='ltr'><strong>inter</strong></span> <span class='ocrx_word' id='word_1_583' title='bbox 1659 1855 1787 1905; x_wconf 83' lang='lat' dir='ltr'><strong>Regul</strong></span> <span class='ocrx_word' id='word_1_584' title='bbox 1791 1868 1836 1894; x_wconf 88' lang='lat' dir='ltr'><strong>as</strong></span> <span class='ocrx_word' id='word_1_585' title='bbox 1859 1855 1903 1895; x_wconf 90' lang='lat' dir='ltr'><strong>S.</strong></span> <span class='ocrx_word' id='word_1_586' title='bbox 1934 1855 2155 1904; x_wconf 86' lang='lat' dir='ltr'><strong>Francisci,</strong></span> <span class='ocrx_word' id='word_1_587' title='bbox 2173 1868 2208 1894; x_wconf 92' lang='lat' dir='ltr'><strong>c</strong></span> <span class='ocrx_word' id='word_1_588' title='bbox 2228 1855 2288 1897; x_wconf 72' lang='grc' dir='ltr'><strong>ἀι.</strong></span> 
     </span>
     <span class='ocr_line' id='line_1_112' title="bbox 1265 1915 2281 1979; baseline 0.004 -24"><span class='ocrx_word' id='word_1_589' title='bbox 1265 1917 1386 1963; x_wconf 88' lang='lat' dir='ltr'><strong>cimo,</strong></span> <span class='ocrx_word' id='word_1_590' title='bbox 1412 1915 1484 1954; x_wconf 91' lang='lat' dir='ltr'><strong>ubi</strong></span> <span class='ocrx_word' id='word_1_591' title='bbox 1515 1916 1566 1954; x_wconf 90' lang='lat' dir='ltr'><strong>de</strong></span> <span class='ocrx_word' id='word_1_592' title='bbox 1589 1916 1674 1955; x_wconf 91' lang='lat' dir='ltr'><strong>suis</strong></span> <span class='ocrx_word' id='word_1_593' title='bbox 1705 1916 1898 1957; x_wconf 82' lang='lat' dir='ltr'><strong>fratribus</strong></span> <span class='ocrx_word' id='word_1_594' title='bbox 1925 1917 2012 1956; x_wconf 88' lang='lat' dir='ltr'><strong>ait.</strong></span> <span class='ocrx_word' id='word_1_595' title='bbox 2032 1917 2131 1962; x_wconf 73' lang='lat' dir='ltr'><strong>Non</strong></span> <span class='ocrx_word' id='word_1_596' title='bbox 2162 1929 2281 1979; x_wconf 61' lang='lat' dir='ltr'><strong>cus</strong></span> 
     </span>
     <span class='ocr_line' id='line_1_113' title="bbox 1261 1976 2287 2029; baseline 0.005 -14"><span class='ocrx_word' id='word_1_597' title='bbox 1261 1976 1421 2018; x_wconf 69' lang='lat' dir='ltr'><strong>litteras</strong></span> <span class='ocrx_word' id='word_1_598' title='bbox 1441 1978 1588 2019; x_wconf 73' lang='lat' dir='ltr'><strong>discere</strong></span> <span class='ocrx_word' id='word_1_599' title='bbox 1604 1978 1673 2029; x_wconf 75' lang='lat' dir='ltr'><strong>qui</strong></span> <span class='ocrx_word' id='word_1_600' title='bbox 1692 1978 1854 2018; x_wconf 75' lang='lat' dir='ltr'><strong>litteras</strong></span> <span class='ocrx_word' id='word_1_601' title='bbox 1873 1979 2063 2019; x_wconf 76' lang='lat' dir='ltr'><strong>nesciunt.</strong></span> <span class='ocrx_word' id='word_1_602' title='bbox 2086 1977 2162 2017; x_wconf 86' lang='lat' dir='ltr'><strong>Ubi</strong></span> <span class='ocrx_word' id='word_1_603' title='bbox 2177 1990 2287 2029; x_wconf 82' lang='lat' dir='ltr'><strong>gen·</strong></span> 
     </span>
     <span class='ocr_line' id='line_1_114' title="bbox 1259 2037 2287 2091; baseline 0 -13"><span class='ocrx_word' id='word_1_604' title='bbox 1259 2037 1404 2078; x_wconf 83' lang='lat' dir='ltr'><strong>raliter</strong></span> <span class='ocrx_word' id='word_1_605' title='bbox 1422 2039 1587 2090; x_wconf 89' lang='lat' dir='ltr'><strong>quidem</strong></span> <span class='ocrx_word' id='word_1_606' title='bbox 1609 2039 1658 2078; x_wconf 88' lang='lat' dir='ltr'><strong>de</strong></span> <span class='ocrx_word' id='word_1_607' title='bbox 1672 2040 1755 2078; x_wconf 90' lang='lat' dir='ltr'><strong>suis</strong></span> <span class='ocrx_word' id='word_1_608' title='bbox 1773 2039 1966 2079; x_wconf 86' lang='lat' dir='ltr'><strong>fratribus</strong></span> <span class='ocrx_word' id='word_1_609' title='bbox 1985 2039 2099 2091; x_wconf 87' lang='lat' dir='ltr'><strong>loqui</strong></span> <span class='ocrx_word' id='word_1_610' title='bbox 2119 2040 2209 2079; x_wconf 74' lang='lat' dir='ltr'><strong>vide</strong></span> <span class='ocrx_word' id='word_1_611' title='bbox 2270 2057 2287 2078; x_wconf 56' lang='grc' dir='ltr'>ψ</span> 
     </span>
     <span class='ocr_line' id='line_1_115' title="bbox 1260 2100 2287 2152; baseline 0.003 -14"><span class='ocrx_word' id='word_1_612' title='bbox 1260 2110 1379 2139; x_wconf 88' lang='lat' dir='ltr'><strong>mens</strong></span> <span class='ocrx_word' id='word_1_613' title='bbox 1399 2105 1538 2139; x_wconf 86' lang='lat' dir='ltr'><strong>autem</strong></span> <span class='ocrx_word' id='word_1_614' title='bbox 1558 2101 1644 2151; x_wconf 89' lang='lat' dir='ltr'><strong>ejus</strong></span> <span class='ocrx_word' id='word_1_615' title='bbox 1671 2100 1796 2139; x_wconf 83' lang='lat' dir='ltr'><strong>fuisse</strong></span> <span class='ocrx_word' id='word_1_616' title='bbox 1813 2101 1990 2147; x_wconf 87' lang='lat' dir='ltr'><strong>videtur,</strong></span> <span class='ocrx_word' id='word_1_617' title='bbox 2013 2105 2060 2140; x_wconf 89' lang='lat' dir='ltr'><strong>ut</strong></span> <span class='ocrx_word' id='word_1_618' title='bbox 2077 2103 2146 2152; x_wconf 75' lang='lat' dir='ltr'><strong>qui</strong></span> <span class='ocrx_word' id='word_1_619' title='bbox 2167 2114 2287 2144; x_wconf 66' lang='lat' dir='ltr'><strong>ow.</strong></span> 
     </span>
     <span class='ocr_line' id='line_1_116' title="bbox 1263 2159 2279 2212; baseline 0.004 -13"><span class='ocrx_word' id='word_1_620' title='bbox 1263 2170 1319 2199; x_wconf 88' lang='lat' dir='ltr'><strong>no</strong></span> <span class='ocrx_word' id='word_1_621' title='bbox 1341 2160 1430 2200; x_wconf 87' lang='lat' dir='ltr'><strong>sine</strong></span> <span class='ocrx_word' id='word_1_622' title='bbox 1456 2161 1603 2200; x_wconf 86' lang='lat' dir='ltr'><strong>litteris</strong></span> <span class='ocrx_word' id='word_1_623' title='bbox 1619 2161 1925 2211; x_wconf 87' lang='lat' dir='ltr'><strong>ingrediuntur,</strong></span> <span class='ocrx_word' id='word_1_624' title='bbox 1944 2161 2041 2212; x_wconf 87' lang='lat' dir='ltr'><strong>quia</strong></span> <span class='ocrx_word' id='word_1_625' title='bbox 2060 2173 2143 2200; x_wconf 89' lang='lat' dir='ltr'><strong>non</strong></span> <span class='ocrx_word' id='word_1_626' title='bbox 2162 2163 2215 2202; x_wconf 78' lang='lat' dir='ltr'><strong>ad</strong></span> <span class='ocrx_word' id='word_1_627' title='bbox 2230 2159 2279 2205; x_wconf 81' lang='lat' dir='ltr'><strong>li</strong></span> 
     </span>
     <span class='ocr_line' id='line_1_117' title="bbox 1264 2221 2269 2272; baseline 0.003 -12"><span class='ocrx_word' id='word_1_628' title='bbox 1264 2226 1445 2262; x_wconf 85' lang='lat' dir='ltr'><strong>terarum</strong></span> <span class='ocrx_word' id='word_1_629' title='bbox 1476 2234 1650 2260; x_wconf 85' lang='lat' dir='ltr'><strong>munera</strong></span> <span class='ocrx_word' id='word_1_630' title='bbox 1671 2221 1939 2272; x_wconf 86' lang='lat' dir='ltr'><strong>recipiuntur,</strong></span> <span class='ocrx_word' id='word_1_631' title='bbox 1962 2222 2014 2261; x_wconf 91' lang='lat' dir='ltr'><strong>de</strong></span> <span class='ocrx_word' id='word_1_632' title='bbox 2043 2221 2190 2262; x_wconf 85' lang='lat' dir='ltr'><strong>litteris</strong></span> <span class='ocrx_word' id='word_1_633' title='bbox 2210 2236 2269 2262; x_wconf 74' lang='lat' dir='ltr'><strong>n·-</strong></span> 
     </span>
     <span class='ocr_line' id='line_1_118' title="bbox 1262 2282 2258 2334; baseline -0.001 -13"><span class='ocrx_word' id='word_1_634' title='bbox 1262 2292 1420 2331; x_wconf 87' lang='lat' dir='ltr'><strong>curent,</strong></span> <span class='ocrx_word' id='word_1_635' title='bbox 1436 2283 1505 2322; x_wconf 90' lang='lat' dir='ltr'><strong>sed</strong></span> <span class='ocrx_word' id='word_1_636' title='bbox 1530 2284 1575 2323; x_wconf 81' lang='lat' dir='ltr'><strong>in</strong></span> <span class='ocrx_word' id='word_1_637' title='bbox 1591 2295 1672 2334; x_wconf 89' lang='lat' dir='ltr'><strong>qua</strong></span> <span class='ocrx_word' id='word_1_638' title='bbox 1690 2282 1901 2321; x_wconf 87' lang='lat' dir='ltr'><strong>vocatione</strong></span> <span class='ocrx_word' id='word_1_639' title='bbox 1926 2283 2062 2323; x_wconf 79' lang='lat' dir='ltr'><strong>vocati</strong></span> <span class='ocrx_word' id='word_1_640' title='bbox 2077 2288 2185 2331; x_wconf 87' lang='lat' dir='ltr'><strong>sunt,</strong></span> <span class='ocrx_word' id='word_1_641' title='bbox 2217 2300 2226 2320; x_wconf 79' lang='grc' dir='ltr'>ι</span> <span class='ocrx_word' id='word_1_642' title='bbox 2247 2311 2258 2318; x_wconf 64' lang='lat'><strong>.</strong></span> 
     </span>
     <span class='ocr_line' id='line_1_119' title="bbox 1262 2343 2291 2397; baseline 0.002 -14"><span class='ocrx_word' id='word_1_643' title='bbox 1262 2349 1472 2390; x_wconf 85' lang='lat' dir='ltr'><strong>maneant,</strong></span> <span class='ocrx_word' id='word_1_644' title='bbox 1487 2345 1606 2395; x_wconf 49' lang='lat' dir='ltr'><strong>,Juxta</strong></span> <span class='ocrx_word' id='word_1_645' title='bbox 1621 2343 1802 2396; x_wconf 86' lang='lat' dir='ltr'><strong>Apostoli</strong></span> <span class='ocrx_word' id='word_1_646' title='bbox 1822 2343 2037 2384; x_wconf 89' lang='lat' dir='ltr'><strong>consilium</strong></span> <span class='ocrx_word' id='word_1_647' title='bbox 2062 2347 2080 2383; x_wconf 75' lang='lat'><strong>1</strong></span> <span class='ocrx_word' id='word_1_648' title='bbox 2111 2345 2232 2386; x_wconf 86' lang='lat' dir='ltr'><strong>Corin</strong></span> <span class='ocrx_word' id='word_1_649' title='bbox 2263 2368 2266 2373; x_wconf 91' lang='lat'>·</span> <span class='ocrx_word' id='word_1_650' title='bbox 2288 2343 2291 2397; x_wconf 79' lang='lat' dir='ltr'>j</span> 
     </span>
     <span class='ocr_line' id='line_1_120' title="bbox 1262 2404 2260 2456; baseline 0.001 -11"><span class='ocrx_word' id='word_1_651' title='bbox 1262 2405 1303 2445; x_wconf 82' lang='lat'><strong>7.</strong></span> <span class='ocrx_word' id='word_1_652' title='bbox 1324 2406 1457 2456; x_wconf 86' lang='lat' dir='ltr'><strong>Atque</strong></span> <span class='ocrx_word' id='word_1_653' title='bbox 1476 2406 1532 2444; x_wconf 89' lang='lat' dir='ltr'><strong>ita</strong></span> <span class='ocrx_word' id='word_1_654' title='bbox 1548 2405 1750 2454; x_wconf 87' lang='lat' dir='ltr'><strong>Corduba,</strong></span> <span class='ocrx_word' id='word_1_655' title='bbox 1770 2404 1939 2452; x_wconf 83' lang='lat' dir='ltr'><strong>ibidem,</strong></span> <span class='ocrx_word' id='word_1_656' title='bbox 1959 2406 2187 2456; x_wconf 75' lang='lat' dir='ltr'><strong>quaestione</strong></span> <span class='ocrx_word' id='word_1_657' title='bbox 2228 2422 2235 2429; x_wconf 89' lang='lat'><em>·</em></span> <span class='ocrx_word' id='word_1_658' title='bbox 2255 2424 2260 2438; x_wconf 59' lang='grc' dir='ltr'><em>ι</em></span> 
     </span>
     <span class='ocr_line' id='line_1_121' title="bbox 1261 2466 2290 2523; baseline 0.001 -16"><span class='ocrx_word' id='word_1_659' title='bbox 1261 2468 1389 2515; x_wconf 88' lang='lat' dir='ltr'><strong>tima;</strong></span> <span class='ocrx_word' id='word_1_660' title='bbox 1422 2467 1724 2516; x_wconf 85' lang='lat' dir='ltr'><strong>Bouaventura,</strong></span> <span class='ocrx_word' id='word_1_661' title='bbox 1755 2467 1801 2512; x_wconf 86' lang='lat' dir='ltr'><strong>in</strong></span> <span class='ocrx_word' id='word_1_662' title='bbox 1829 2466 2083 2523; x_wconf 86' lang='lat' dir='ltr'><strong>expositione</strong></span> <span class='ocrx_word' id='word_1_663' title='bbox 2110 2468 2196 2520; x_wconf 88' lang='lat' dir='ltr'><strong>Reg</strong></span> <span class='ocrx_word' id='word_1_664' title='bbox 2240 2484 2290 2514; x_wconf 54' lang='grc' dir='ltr'><strong>ιι,</strong></span> 
     </span>
     <span class='ocr_line' id='line_1_122' title="bbox 1262 2528 2281 2580; baseline 0 -12"><span class='ocrx_word' id='word_1_665' title='bbox 1262 2539 1352 2580; x_wconf 82' lang='lat' dir='ltr'><strong>cap.</strong></span> <span class='ocrx_word' id='word_1_666' title='bbox 1372 2528 1549 2576; x_wconf 88' lang='lat' dir='ltr'><strong>decimo,</strong></span> <span class='ocrx_word' id='word_1_667' title='bbox 1570 2531 1610 2568; x_wconf 86' lang='lat' dir='ltr'><strong>et</strong></span> <span class='ocrx_word' id='word_1_668' title='bbox 1636 2528 1720 2568; x_wconf 84' lang='lat' dir='ltr'><strong>alii.</strong></span> <span class='ocrx_word' id='word_1_669' title='bbox 2279 2555 2281 2557; x_wconf 89' lang='lat'><em>-</em></span> 
     </span>
     <span class='ocr_line' id='line_1_123' title="bbox 1307 2587 2214 2642; baseline 0.006 -13"><span class='ocrx_word' id='word_1_670' title='bbox 1307 2590 1350 2629; x_wconf 89' lang='lat'><strong>8.</strong></span> <span class='ocrx_word' id='word_1_671' title='bbox 1385 2590 1567 2631; x_wconf 70' lang='lat' dir='ltr'><strong>Tertium</strong></span> <span class='ocrx_word' id='word_1_672' title='bbox 1597 2588 1878 2639; x_wconf 70' lang='lat' dir='ltr'><strong>corollarium,</strong></span> <span class='ocrx_word' id='word_1_673' title='bbox 1903 2587 1950 2632; x_wconf 75' lang='lat' dir='ltr'><strong>de</strong></span> <span class='ocrx_word' id='word_1_674' title='bbox 1971 2591 2214 2642; x_wconf 62' lang='lat' dir='ltr'><strong>perfectione</strong></span> 
     </span>
     <span class='ocr_line' id='line_1_124' title="bbox 1256 2651 2281 2706; baseline 0.001 -15"><span class='ocrx_word' id='word_1_675' title='bbox 1256 2651 1408 2705; x_wconf 75' lang='lat' dir='ltr'><strong>quisita</strong></span> <span class='ocrx_word' id='word_1_676' title='bbox 1434 2652 1490 2691; x_wconf 83' lang='lat' dir='ltr'><strong>ad</strong></span> <span class='ocrx_word' id='word_1_677' title='bbox 1518 2651 1620 2691; x_wconf 68' lang='lat' dir='ltr'><strong>launo</strong></span> <span class='ocrx_word' id='word_1_678' title='bbox 1639 2652 1815 2706; x_wconf 71' lang='lat' dir='ltr'><strong>yradum</strong></span> <span class='ocrx_word' id='word_1_679' title='bbox 1839 2661 1888 2692; x_wconf 67' lang='lat' dir='ltr'><strong>om</strong></span> <span class='ocrx_word' id='word_1_680' title='bbox 1904 2655 2021 2702; x_wconf 76' lang='lat' dir='ltr'><strong>parto</strong></span> <span class='ocrx_word' id='word_1_681' title='bbox 2043 2656 2238 2694; x_wconf 75' lang='lat' dir='ltr'><strong>votorum.</strong></span> <span class='ocrx_word' id='word_1_682' title='bbox 2278 2687 2281 2692; x_wconf 25' lang='lat'><strong>⁴</strong></span> 
     </span>
     <span class='ocr_line' id='line_1_125' title="bbox 1255 2708 2263 2763; baseline 0 -11"><span class='ocrx_word' id='word_1_683' title='bbox 1255 2712 1392 2752; x_wconf 84' lang='lat' dir='ltr'><strong>Tertio</strong></span> <span class='ocrx_word' id='word_1_684' title='bbox 1417 2708 1593 2752; x_wconf 71' lang='lat' dir='ltr'><strong>infertur</strong></span> <span class='ocrx_word' id='word_1_685' title='bbox 1621 2723 1672 2752; x_wconf 83' lang='lat' dir='ltr'><strong>ex</strong></span> <span class='ocrx_word' id='word_1_686' title='bbox 1696 2712 1816 2752; x_wconf 86' lang='lat' dir='ltr'><strong>dictis</strong></span> <span class='ocrx_word' id='word_1_687' title='bbox 1829 2741 1844 2761; x_wconf 92' lang='lat'><em>‚</em></span> <span class='ocrx_word' id='word_1_688' title='bbox 1869 2723 1993 2762; x_wconf 89' lang='lat' dir='ltr'><strong>quam</strong></span> <span class='ocrx_word' id='word_1_689' title='bbox 2015 2713 2066 2751; x_wconf 87' lang='lat' dir='ltr'><strong>sit</strong></span> <span class='ocrx_word' id='word_1_690' title='bbox 2091 2713 2263 2763; x_wconf 83' lang='lat' dir='ltr'><strong>perfec--</strong></span> 
     </span>
     <span class='ocr_line' id='line_1_126' title="bbox 1255 2772 2271 2824; baseline 0.001 -11"><span class='ocrx_word' id='word_1_691' title='bbox 1255 2772 1323 2813; x_wconf 89' lang='lat' dir='ltr'><strong>hic</strong></span> <span class='ocrx_word' id='word_1_692' title='bbox 1346 2774 1496 2824; x_wconf 86' lang='lat' dir='ltr'><strong>gradus</strong></span> <span class='ocrx_word' id='word_1_693' title='bbox 1523 2772 1736 2812; x_wconf 84' lang='lat' dir='ltr'><strong>Societatis</strong></span> <span class='ocrx_word' id='word_1_694' title='bbox 1762 2773 1806 2813; x_wconf 85' lang='lat' dir='ltr'><strong>in</strong></span> <span class='ocrx_word' id='word_1_695' title='bbox 1834 2773 1996 2813; x_wconf 78' lang='lat' dir='ltr'><strong>ratione</strong></span> <span class='ocrx_word' id='word_1_696' title='bbox 2012 2773 2195 2824; x_wconf 84' lang='lat' dir='ltr'><strong>religiosi</strong></span> <span class='ocrx_word' id='word_1_697' title='bbox 2216 2790 2226 2809; x_wconf 68' lang='lat' dir='ltr'><strong>e</strong></span> <span class='ocrx_word' id='word_1_698' title='bbox 2242 2785 2271 2801; x_wconf 79' lang='lat'><strong>=·</strong></span> 
     </span>
     <span class='ocr_line' id='line_1_127' title="bbox 1255 2833 2246 2886; baseline 0.002 -12"><span class='ocrx_word' id='word_1_699' title='bbox 1255 2839 1334 2882; x_wconf 87' lang='lat' dir='ltr'><strong>tus,</strong></span> <span class='ocrx_word' id='word_1_700' title='bbox 1360 2835 1470 2886; x_wconf 89' lang='lat' dir='ltr'><strong>quod</strong></span> <span class='ocrx_word' id='word_1_701' title='bbox 1489 2833 1741 2874; x_wconf 87' lang='lat' dir='ltr'><strong>considerari</strong></span> <span class='ocrx_word' id='word_1_702' title='bbox 1761 2837 1907 2885; x_wconf 87' lang='lat' dir='ltr'><strong>potest,</strong></span> <span class='ocrx_word' id='word_1_703' title='bbox 1930 2834 1998 2874; x_wconf 80' lang='lat' dir='ltr'><strong>vel</strong></span> <span class='ocrx_word' id='word_1_704' title='bbox 2015 2847 2067 2874; x_wconf 79' lang='lat' dir='ltr'><strong>ex</strong></span> <span class='ocrx_word' id='word_1_705' title='bbox 2086 2839 2246 2886; x_wconf 81' lang='lat' dir='ltr'><strong>parte</strong></span> 
     </span>
     <span class='ocr_line' id='line_1_128' title="bbox 1254 2895 2232 2963; baseline 0 -27"><span class='ocrx_word' id='word_1_706' title='bbox 1254 2900 1407 2944; x_wconf 87' lang='lat' dir='ltr'><strong>torum,</strong></span> <span class='ocrx_word' id='word_1_707' title='bbox 1427 2895 1556 2935; x_wconf 85' lang='lat' dir='ltr'><strong>velex</strong></span> <span class='ocrx_word' id='word_1_708' title='bbox 1576 2899 1690 2963; x_wconf 81' lang='lat' dir='ltr'><strong>parte</strong></span> <span class='ocrx_word' id='word_1_709' title='bbox 1709 2895 1818 2944; x_wconf 86' lang='lat' dir='ltr'><strong>finis,</strong></span> <span class='ocrx_word' id='word_1_710' title='bbox 1839 2900 1880 2936; x_wconf 83' lang='lat' dir='ltr'><strong>et</strong></span> <span class='ocrx_word' id='word_1_711' title='bbox 1894 2897 2106 2936; x_wconf 88' lang='lat' dir='ltr'><strong>actionum</strong></span> <span class='ocrx_word' id='word_1_712' title='bbox 2120 2895 2172 2936; x_wconf 84' lang='lat' dir='ltr'><strong>ad</strong></span> <span class='ocrx_word' id='word_1_713' title='bbox 2187 2907 2232 2949; x_wconf 82' lang='lat' dir='ltr'><strong>q</strong></span> 
     </span>
     <span class='ocr_line' id='line_1_129' title="bbox 1254 2956 2214 3007; baseline 0.001 -10"><span class='ocrx_word' id='word_1_714' title='bbox 1254 2957 1484 2997; x_wconf 88' lang='lat' dir='ltr'><strong>ordinatur.</strong></span> <span class='ocrx_word' id='word_1_715' title='bbox 1521 2956 1572 2996; x_wconf 84' lang='lat' dir='ltr'><strong>Et</strong></span> <span class='ocrx_word' id='word_1_716' title='bbox 1602 2957 1806 3007; x_wconf 88' lang='lat' dir='ltr'><strong>imprimis</strong></span> <span class='ocrx_word' id='word_1_717' title='bbox 1836 2957 1881 2997; x_wconf 90' lang='lat' dir='ltr'><strong>in</strong></span> <span class='ocrx_word' id='word_1_718' title='bbox 1910 2962 2098 2998; x_wconf 82' lang='lat' dir='ltr'><strong>votorum</strong></span> <span class='ocrx_word' id='word_1_719' title='bbox 2125 2958 2214 2999; x_wconf 71' lang='lat' dir='ltr'><strong>vin·</strong></span> 
     </span>
     <span class='ocr_line' id='line_1_130' title="bbox 1253 3016 2271 3069; baseline 0 -10"><span class='ocrx_word' id='word_1_720' title='bbox 1253 3030 1338 3059; x_wconf 88' lang='lat' dir='ltr'><strong>non</strong></span> <span class='ocrx_word' id='word_1_721' title='bbox 1360 3017 1572 3065; x_wconf 86' lang='lat' dir='ltr'><strong>differunt,</strong></span> <span class='ocrx_word' id='word_1_722' title='bbox 1598 3017 1824 3058; x_wconf 81' lang='lat' dir='ltr'><strong>formaliter</strong></span> <span class='ocrx_word' id='word_1_723' title='bbox 1844 3018 2065 3069; x_wconf 78' lang='lat' dir='ltr'><strong>loquendo,</strong></span> <span class='ocrx_word' id='word_1_724' title='bbox 2091 3022 2145 3059; x_wconf 78' lang='lat' dir='ltr'><strong>ut</strong></span> <span class='ocrx_word' id='word_1_725' title='bbox 2155 3016 2226 3059; x_wconf 78' lang='lat' dir='ltr'><strong>sic</strong></span> <span class='ocrx_word' id='word_1_726' title='bbox 2253 3017 2271 3067; x_wconf 66' lang='lat' dir='ltr'>J</span> 
     </span>
     <span class='ocr_line' id='line_1_131' title="bbox 1253 3079 2320 3131; baseline -0.001 -12"><span class='ocrx_word' id='word_1_727' title='bbox 1253 3091 1361 3128; x_wconf 90' lang='lat' dir='ltr'><strong>cam,</strong></span> <span class='ocrx_word' id='word_1_728' title='bbox 1383 3080 1437 3119; x_wconf 86' lang='lat' dir='ltr'><strong>ab</strong></span> <span class='ocrx_word' id='word_1_729' title='bbox 1454 3079 1705 3119; x_wconf 85' lang='lat' dir='ltr'><strong>scholaribus</strong></span> <span class='ocrx_word' id='word_1_730' title='bbox 1723 3080 1971 3131; x_wconf 84' lang='lat' dir='ltr'><strong>approbatis,</strong></span> <span class='ocrx_word' id='word_1_731' title='bbox 1993 3080 2057 3120; x_wconf 87' lang='lat' dir='ltr'><strong>vel</strong></span> <span class='ocrx_word' id='word_1_732' title='bbox 2079 3092 2104 3120; x_wconf 85' lang='lat' dir='ltr'><strong>a</strong></span> <span class='ocrx_word' id='word_1_733' title='bbox 2125 3083 2262 3120; x_wconf 61' lang='lat'><strong>(³021.¹</strong></span> <span class='ocrx_word' id='word_1_734' title='bbox 2318 3092 2320 3094; x_wconf 66' lang='grc'><strong><em>’</em></strong></span> 
     </span>
     <span class='ocr_line' id='line_1_132' title="bbox 1253 3141 2214 3193; baseline 0.001 -12"><span class='ocrx_word' id='word_1_735' title='bbox 1253 3141 1410 3181; x_wconf 88' lang='lat' dir='ltr'><strong>toribus</strong></span> <span class='ocrx_word' id='word_1_736' title='bbox 1426 3141 1703 3193; x_wconf 85' lang='lat' dir='ltr'><strong>spiritualibus</strong></span> <span class='ocrx_word' id='word_1_737' title='bbox 1717 3141 1918 3191; x_wconf 83' lang='lat' dir='ltr'><strong>formatis,</strong></span> <span class='ocrx_word' id='word_1_738' title='bbox 1940 3142 2169 3182; x_wconf 87' lang='lat' dir='ltr'><strong>secundum</strong></span> <span class='ocrx_word' id='word_1_739' title='bbox 2210 3156 2214 3161; x_wconf 60' lang='lat'>*</span> 
     </span>
     <span class='ocr_line' id='line_1_133' title="bbox 1252 3201 2321 3255; baseline 0.003 -13"><span class='ocrx_word' id='word_1_740' title='bbox 1252 3215 1352 3255; x_wconf 87' lang='lat' dir='ltr'><strong>pora</strong></span> <span class='ocrx_word' id='word_1_741' title='bbox 1377 3203 1550 3243; x_wconf 80' lang='lat' dir='ltr'><strong>diversa.</strong></span> <span class='ocrx_word' id='word_1_742' title='bbox 1579 3203 1647 3242; x_wconf 85' lang='lat' dir='ltr'><strong>Bis</strong></span> <span class='ocrx_word' id='word_1_743' title='bbox 1672 3203 1787 3243; x_wconf 85' lang='lat' dir='ltr'><strong>enim</strong></span> <span class='ocrx_word' id='word_1_744' title='bbox 1810 3206 1904 3242; x_wconf 78' lang='lat' dir='ltr'><strong>vota</strong></span> <span class='ocrx_word' id='word_1_745' title='bbox 1930 3202 2143 3244; x_wconf 76' lang='lat' dir='ltr'><strong>societatis</strong></span> <span class='ocrx_word' id='word_1_746' title='bbox 2174 3219 2181 3235; x_wconf 67' lang='grc' dir='ltr'>τ</span> <span class='ocrx_word' id='word_1_747' title='bbox 2202 3198 2251 3255; x_wconf 43' lang='grc' dir='ltr'><strong>’ἦ</strong></span> <span class='ocrx_word' id='word_1_748' title='bbox 2319 3214 2321 3223; x_wconf 92' lang='grc'><strong><em>·</em></strong></span> 
     </span>
     <span class='ocr_line' id='line_1_134' title="bbox 1252 3263 2230 3314; baseline 0.001 -11"><span class='ocrx_word' id='word_1_749' title='bbox 1252 3268 1359 3312; x_wconf 85' lang='lat' dir='ltr'><strong>tunt,</strong></span> <span class='ocrx_word' id='word_1_750' title='bbox 1389 3268 1429 3304; x_wconf 85' lang='lat' dir='ltr'><strong>et</strong></span> <span class='ocrx_word' id='word_1_751' title='bbox 1456 3265 1501 3303; x_wconf 82' lang='lat' dir='ltr'><strong>in</strong></span> <span class='ocrx_word' id='word_1_752' title='bbox 1531 3275 1625 3303; x_wconf 87' lang='lat' dir='ltr'><strong>eam</strong></span> <span class='ocrx_word' id='word_1_753' title='bbox 1649 3263 1979 3314; x_wconf 84' lang='lat' dir='ltr'><strong>incorporantur.</strong></span> <span class='ocrx_word' id='word_1_754' title='bbox 2012 3263 2167 3311; x_wconf 78' lang='lat' dir='ltr'><strong>Primo,</strong></span> <span class='ocrx_word' id='word_1_755' title='bbox 2226 3266 2230 3270; x_wconf 78' lang='grc'><strong><em>’</em></strong></span> 
     </span>
     <span class='ocr_line' id='line_1_135' title="bbox 1251 3319 2253 3377; baseline 0.002 -12"><span class='ocrx_word' id='word_1_756' title='bbox 1251 3325 1467 3366; x_wconf 86' lang='lat' dir='ltr'><strong>biennium</strong></span> <span class='ocrx_word' id='word_1_757' title='bbox 1486 3337 1558 3377; x_wconf 90' lang='lat' dir='ltr'><strong>per</strong></span> <span class='ocrx_word' id='word_1_758' title='bbox 1578 3329 1675 3365; x_wconf 80' lang='lat' dir='ltr'><strong>vota</strong></span> <span class='ocrx_word' id='word_1_759' title='bbox 1692 3325 1894 3377; x_wconf 83' lang='lat' dir='ltr'><strong>simplicia</strong></span> <span class='ocrx_word' id='word_1_760' title='bbox 1911 3325 2098 3377; x_wconf 81' lang='lat' dir='ltr'><strong>ejusdem</strong></span> <span class='ocrx_word' id='word_1_761' title='bbox 2113 3335 2181 3365; x_wconf 85' lang='lat' dir='ltr'><strong>om</strong></span> <span class='ocrx_word' id='word_1_762' title='bbox 2194 3319 2253 3367; x_wconf 41' lang='grc' dir='ltr'><strong><em>Τ</em></strong></span> 
     </span>
     <span class='ocr_line' id='line_1_136' title="bbox 1250 3385 2242 3443; baseline -0.002 -17"><span class='ocrx_word' id='word_1_763' title='bbox 1250 3387 1422 3426; x_wconf 89' lang='lat' dir='ltr'><strong>rationis</strong></span> <span class='ocrx_word' id='word_1_764' title='bbox 1446 3398 1541 3426; x_wconf 91' lang='lat' dir='ltr'><strong>cum</strong></span> <span class='ocrx_word' id='word_1_765' title='bbox 1565 3386 1668 3424; x_wconf 86' lang='lat' dir='ltr'><strong>votis</strong></span> <span class='ocrx_word' id='word_1_766' title='bbox 1693 3385 1940 3426; x_wconf 87' lang='lat' dir='ltr'><strong>scholarium</strong></span> <span class='ocrx_word' id='word_1_767' title='bbox 1965 3385 2242 3443; x_wconf 46' lang='lat' dir='ltr'><strong>approbatogg</strong></span> 
     </span>
     <span class='ocr_line' id='line_1_137' title="bbox 1252 3447 2223 3500; baseline 0.002 -13"><span class='ocrx_word' id='word_1_768' title='bbox 1252 3448 1540 3488; x_wconf 85' lang='lat' dir='ltr'><strong>admittuntur.</strong></span> <span class='ocrx_word' id='word_1_769' title='bbox 1575 3447 1693 3487; x_wconf 88' lang='lat' dir='ltr'><strong>Unde</strong></span> <span class='ocrx_word' id='word_1_770' title='bbox 1711 3447 1795 3487; x_wconf 86' lang='lat' dir='ltr'><strong>dici</strong></span> <span class='ocrx_word' id='word_1_771' title='bbox 1814 3452 1913 3488; x_wconf 89' lang='lat' dir='ltr'><strong>tunc</strong></span> <span class='ocrx_word' id='word_1_772' title='bbox 1934 3450 2105 3500; x_wconf 69' lang='lat' dir='ltr'><strong>possunt</strong></span> <span class='ocrx_word' id='word_1_773' title='bbox 2120 3447 2223 3490; x_wconf 59' lang='grc' dir='ltr'><strong>οφ*</strong></span> 
     </span>
     <span class='ocr_line' id='line_1_138' title="bbox 1251 3508 2189 3562; baseline 0.002 -14"><span class='ocrx_word' id='word_1_774' title='bbox 1251 3513 1362 3549; x_wconf 77' lang='lat' dir='ltr'><strong>tores</strong></span> <span class='ocrx_word' id='word_1_775' title='bbox 1379 3508 1604 3562; x_wconf 85' lang='lat' dir='ltr'><strong>approbati.</strong></span> <span class='ocrx_word' id='word_1_776' title='bbox 1626 3509 1674 3549; x_wconf 87' lang='lat' dir='ltr'><strong>In</strong></span> <span class='ocrx_word' id='word_1_777' title='bbox 1686 3508 1824 3562; x_wconf 77' lang='lat' dir='ltr'><strong>eisque</strong></span> <span class='ocrx_word' id='word_1_778' title='bbox 1842 3509 2064 3550; x_wconf 78' lang='lat' dir='ltr'><strong>novitiatus</strong></span> <span class='ocrx_word' id='word_1_779' title='bbox 2080 3518 2189 3561; x_wconf 67' lang='lat' dir='ltr'><strong>pet</strong></span> 
     </span>
     <span class='ocr_line' id='line_1_139' title="bbox 1251 3568 2147 3622; baseline -0.001 -11"><span class='ocrx_word' id='word_1_780' title='bbox 1251 3569 1398 3620; x_wconf 86' lang='lat' dir='ltr'><strong>nium,</strong></span> <span class='ocrx_word' id='word_1_781' title='bbox 1418 3575 1461 3610; x_wconf 86' lang='lat' dir='ltr'><strong>et</strong></span> <span class='ocrx_word' id='word_1_782' title='bbox 1477 3581 1572 3611; x_wconf 87' lang='lat' dir='ltr'><strong>cum</strong></span> <span class='ocrx_word' id='word_1_783' title='bbox 1597 3569 1753 3612; x_wconf 82' lang='lat' dir='ltr'><strong>eisdem</strong></span> <span class='ocrx_word' id='word_1_784' title='bbox 1775 3568 2057 3622; x_wconf 79' lang='lat' dir='ltr'><strong>spiritualibus</strong></span> <span class='ocrx_word' id='word_1_785' title='bbox 2090 3584 2115 3601; x_wconf 52' lang='grc' dir='ltr'><strong>ιι</strong></span> <span class='ocrx_word' id='word_1_786' title='bbox 2131 3597 2147 3604; x_wconf 76' lang='grc'><strong>.-</strong></span> 
     </span>
    </p>
   </div>
  </div>
 </body>
</html>
