2352 3880
174 255 281 299 uec

212 322 311 359 ficiat
322 326 363 359 ut
379 323 442 357 ille
456 325 645 360 censeatur
657 325 815 367 apostata
833 325 868 358 et
882 331 1013 367 poenas
1023 329 1202 369 apostata.

212 381 294 408 rum
319 374 490 414 incurrat.
510 373 562 408 ib.

167 423 334 468 apostata
359 424 467 457 etiam
498 426 551 457 est
577 422 640 458 ille
660 423 723 467 qui
746 422 920 466 relinquit
939 425 1102 460 habitum
1129 435 1203 464 suae

210 473 399 515 religionis
412 478 452 507 ut
465 474 503 507 in
518 474 640 509 seculo
653 478 906 517 permanenter
914 474 1024 517 vivat,
1035 478 1202 519 quamvis

205 523 316 558 simul
338 523 469 558 habeat
483 523 647 560 animum
663 523 915 566 ingrediendi
906 533 945 559 111
971 525 1079 561 aliam
1110 527 1199 563 reli-

203 573 364 629 gionem,
383 573 432 607 ib.

202 621 296 663 Quid
318 623 348 657 si
372 622 491 657 statim
506 623 572 658 ubi
596 622 747 658 dimittit
764 624 926 659 habitum
944 624 1025 660 sine
1049 626 1197 664 licentia

200 671 258 708 sui
281 673 485 717 Superioris
505 673 614 708 aliam
633 674 845 718 religionem
862 674 981 710 valide
1009 676 1194 720 ingredia·

201 724 271 763 tur,
287 723 336 758 11).

199 771 291 814 Quid
305 774 335 808 si
352 774 511 809 invalide
521 778 582 810 aut
593 774 716 808 illicite
730 775 776 808 ob
791 773 970 808 defectum
983 775 1193 814 necessariae

198 824 354 868 alicujus
369 826 601 866 conditionis,
620 835 650 861 c.
675 830 706 858 9.

197 873 282 915 Quae
303 877 532 911 conditiones
558 874 767 911 necessariae
784 874 858 908 sint
875 875 921 909 ad
942 874 1103 910 validum
1131 880 1193 913 aut

195 922 336 960 licitum
353 928 542 961 transitum
566 927 604 958 in
620 925 727 958 aliam
747 924 971 967 religionem.
988 925 1077 960 Vide
1092 925 1190 962 Reli.

196 975 319 1017 giosus
332 978 377 1011 ad
395 976 503 1010 aliam
521 974 732 1016 religionem
747 975 936 1008 transiens.

148 1024 337 1069 apostasia
350 1025 700 1060 consummatissima
723 1026 956 1059 committitur
974 1025 1185 1069 relinquen·

195 1075 242 1110 do
262 1080 297 1109 et
319 1075 531 1118 religionem
549 1078 586 1109 et
606 1075 781 1116 habitum,
799 1076 922 1110 animo
937 1084 1011 1110 non
1029 1077 1185 1112 redeun-

193 1125 244 1165 di,
265 1133 295 1159 c.
321 1128 351 1159 1.

150 1174 337 1218 apostasia
359 1178 525 1209 censetur
549 1176 805 1213 consummari.
828 1175 892 1210 ubi
913 1176 1071 1219 primum
1098 1177 1185 1211 reli·

191 1226 315 1268 giosus
352 1226 475 1260 animo
506 1233 581 1260 non
619 1226 805 1261 redeumdi
839 1231 938 1270 septa
976 1228 1184 1263 monasterii

191 1277 387 1319 egreditur,
412 1277 460 1311 ib.

190 1327 391 1369 Antequam
410 1330 691 1368 consummetur,
714 1335 789 1363 non
815 1327 1050 1362 incurrantur
1068 1334 1185 1371 poenae

191 1378 362 1419 apostatis
379 1378 565 1420 impositae.
583 1377 632 1411 il).

146 1427 314 1471 Apostata
336 1437 356 1462 a
376 1427 551 1470 religione
564 1435 641 1463 esse
658 1435 733 1462 non
747 1430 872 1469 potest,
889 1428 951 1470 qui
966 1436 1040 1462 non
1055 1431 1108 1462 est
1120 1437 1184 1464 ve-

189 1483 254 1511 rus
275 1476 476 1520 religiosus,
493 1485 524 1511 c.
541 1480 574 1510 2.

189 1525 300 1562 Secus
310 1527 341 1561 si
358 1527 406 1561 sit
419 1535 503 1561 vere
519 1526 722 1569 religiosus,
737 1526 904 1569 quamvis
915 1529 997 1560 vota
1010 1526 1187 1562 so'emnia

190 1583 264 1611 non
282 1577 328 1611 sit
346 1578 540 1620 professus,
558 1577 621 1612 sed
642 1580 782 1611 tantum
805 1577 996 1619 simplicia.
1017 1577 1066 1611 ib.

146 1626 314 1670 apostata
330 1635 403 1660 non
421 1631 474 1661 est
492 1626 554 1670 qui
581 1626 661 1660 sine
690 1630 834 1669 peccato
849 1635 870 1659 a
893 1626 1067 1668 religione
1086 1633 1186 1660 rece-

188 1677 254 1718 dit,
270 1677 436 1719 quamvis
449 1677 612 1720 alioquin
630 1677 674 1710 ad
692 1677 797 1710 talem
816 1684 992 1710 recessum
1013 1677 1188 1719 peccami—

188 1733 291 1769 nose,
311 1728 450 1761 seclusa
467 1731 587 1760 tamen
613 1726 750 1764 fraude,
772 1727 821 1766 vi,
843 1731 923 1768 etc,
955 1735 1098 1760 causam
1121 1728 1186 1762 dc-

189 1775 294 1817 dcrit,
309 1781 371 1811 aut
385 1785 428 1811 ex
442 1777 538 1811 malo
561 1776 632 1810 tine
652 1777 690 1810 in
709 1776 812 1810 illum
826 1777 1060 1815 consenserit,
1084 1777 1133 1810 ib.

143 1823 200 1863 Ab
219 1827 395 1869 apostasia
409 1832 527 1861 autem
543 1835 691 1861 securus
704 1836 778 1861 non
795 1831 858 1862 est.
878 1828 940 1869 qui
959 1835 1002 1860 ex
1024 1827 1185 1863 instituto

188 1877 282 1910 male
302 1877 402 1917 vixit,
420 1882 460 1910 ut
474 1877 714 1912 dimitteretur
729 1887 749 1910 a
769 1877 956 1919 religione,
969 1878 1017 1910 ib.

141 1925 322 1969 &postatae
342 1936 362 1960 a
386 1926 563 1969 religione
583 1927 780 1967 societatis,
798 1933 924 1971 praeter
941 1928 1182 1970 poenasJuris,

188 1976 379 2010 incurrunt
402 1978 813 2011 excommunicationem
834 1982 1047 2011 reservatam
1068 1979 1185 2011 Gene-

184 2026 255 2061 {ali
276 2027 438 2068 ejusdem
455 2027 660 2070 Societatis;
689 2027 798 2069 idque
826 2027 992 2070 quamvis
1021 2027 1184 2061 habitum

185 2080 262 2111 nou
279 2075 476 2115 dimittant,
490 2076 548 2109 vel
576 2077 685 2110 etiam
711 2077 742 2112 si
767 2075 815 2112 ad
842 2078 950 2112 aliam
970 2077 1184 2119 religionem

187 2129 384 2164 transeant,
402 2125 450 2158 ib.

184 2175 263 2210 Non
279 2179 364 2209 sunt
385 2183 470 2208 vero
490 2175 663 2209 censendi
683 2178 850 2218 apostatae
869 2174 1075 2216 hujusmodi
1095 2177 1184 2209 reli-

183 2225 291 2269 giesi,
315 2225 343 2258 si
363 2229 500 2259 retento
522 2225 646 2258 habitu
662 2225 706 2259 ad
722 2226 828 2260 breve
840 2229 979 2267 tempus
998 2224 1036 2258 in
1055 2225 1184 2263 saeculo

185 2276 321 2312 vivant.
339 2276 462 2309 animo
478 2275 667 2315 redeundi,
686 2275 734 2308 ib.

184 2323 253 2359 (lbi
280 2333 366 2359 vero
395 2334 586 2360 censuram
614 2333 681 2368 apo
701 2325 800 2359 tasiae
819 2324 1049 2365 incurrerint,
1073 2325 1119 2359 ab
1139 2332 1183 2361 ea

186 2381 262 2409 non
278 2380 438 2418 possunt,
456 2376 562 2409 etiam
581 2384 644 2418 per
660 2376 798 2410 bullam
824 2375 1003 2415 cruciatae,
1030 2375 1180 2419 absolvi,

188 2426 260 2461 nisi
279 2435 300 2459 a
318 2427 394 2460 suis
408 2427 674 2470 Superioribus,
691 2426 739 2460 ib.

184 2475 281 2515 'Quas
300 2477 434 2511 deinde
458 2477 696 2520 obligationes
718 2477 906 2520 religionis
927 2477 1116 2517 retineant,
1133 2478 1180 2512 tr.

184 2526 403 2568 ⁸10‚1.11,c.
425 2530 455 2562 3.

141 2575 321 2620 firosialae
332 2586 421 2620 quas
437 2586 565 2621 poenas
581 2578 769 2612 incurrant
780 2578 860 2620 jure
875 2577 1074 2619 communi,
1087 2579 1132 2612 tr.
1147 2574 1184 2621 8t

187 2627 211 2660 l.
228 2630 258 2667 3,
278 2635 308 2661 c.
327 2631 358 2661 1.

187 2677 281 2717 Quas
297 2678 380 2720 jure
393 2685 488 2712 novo
501 2686 566 2712 seu
578 2677 738 2721 speciali,
751 2685 784 2712 c.
806 2679 842 2712 2,

140 2722 199 2769 Qu
234 2734 293 2760 eas
323 2727 510 2762 incurrant
534 2728 613 2771 ipso
634 2727 727 2763 facto
753 2730 836 2763 ante
865 2726 1092 2769 sententiam,
1120 2726 1179 2762 vel

185 2780 267 2819 post
288 2777 399 2819 illam,
415 2786 446 2812 c.
469 2781 501 2812 1.

183 2827 242 2862 An
275 2835 393 2869 poenae
419 2829 499 2870 jure
526 2827 708 2862 communi
737 2830 903 2871 apostalae
927 2826 1103 2870 impositae
1133 2825 1178 2862 ab

187 2878 360 2912 omnibus
379 2878 570 2921 religiosis.
593 2886 640 2912 an
661 2878 777 2912 solum
803 2885 827 2913 a
852 2878 1176 2913 monaehisincur-

187 2931 326 2965 rantur.
341 2935 372 2962 c.
390 2932 422 2961 2.

141 2974 320 3018 &postatae
338 2981 368 3010 et
388 2978 528 3020 fugitivi
544 2987 566 3012 a
580 2978 754 3020 religione
773 2982 920 3021 possunt
935 2977 1056 3021 puniri
1070 2986 1091 3011 a
1103 2977 1178 3013 suis

186 3025 442 3068 Superioribus
459 3028 559 3069 juxta
578 3036 661 3062 suas
679 3028 831 3071 regulas,
851 3027 907 3062 vel
923 3027 970 3062 ad
988 3027 1177 3063 arbitrium

188 3076 388 3118 prudentis,
404 3076 452 3109 ib.

144 3126 320 3169 &postatae
342 3136 364 3161 a
381 3127 514 3169 quibus
532 3130 566 3161 et
579 3127 759 3169 quomodo
776 3127 916 3170 possint
929 3126 1078 3171 absolvi,
1093 3126 1178 3164 vide

190 3176 386 3211 Absolutio.

146 3226 313 3270 &postata
350 3235 423 3260 non
448 3229 501 3261 est
531 3225 722 3264 religiosus
753 3227 815 3269 qui
849 3230 947 3260 extra
979 3226 1175 3260 claustrum

190 3277 413 3310 habitatcum
430 3276 587 3319 licentia,
598 3276 1094 3319 etaminvalida,Superi0ris,
1107 3279 1173 3309 c.7.

145 3327 313 3370 Apostata
337 3335 384 3360 an
416 3330 536 3369 peccet
550 3335 616 3360 eon
635 3335 676 3360 ra
694 3330 818 3360 votum
837 3325 1054 3369 paupertatis
1079 3325 1175 3361 bona

190 3376 229 3409 in
247 3375 367 3410 seculo
390 3376 586 3417 acquirend
643 3383 675 3409 c.
689 3377 724 3408 Ξ.

147 3426 393 3470 Apostatarum
415 3425 511 3459 bona
529 3425 607 3459 sine
625 3425 719 3468 turpi
735 3423 975 3467 negotiatione
987 3423 1172 3467 acquisita,

190 3484 250 3516 an,
269 3480 306 3510 et
321 3475 503 3518 quomodo
518 3475 720 3518 pertincant
734 3474 781 3509 ad
797 3473 1019 3516 religionem,
1034 3478 1069 3507 et
1080 3481 1174 3516 quo·

189 3528 298 3561 modo
314 3527 387 3560 illis
400 3526 450 3560 uti
466 3526 603 3570 possint
614 3529 780 3570 apostatae
791 3528 873 3559 ante
885 3525 1039 3559 reditum
1047 3525 1174 3562 admo-

189 3576 398 3615 nasterium,
420 3576 470 3610 ib.

146 3625 391 3669 &postatarum
407 3625 503 3660 bona
514 3628 639 3660 contra
650 3625 827 3669 justiliam
841 3622 1016 3670 acquisita
1027 3623 1174 3670 proprio
1221 3626 1257 3664 Δ
1273 3625 1408 3669 quibus
1428 3625 1567 3670 possint
1587 3627 1652 3660 aut
1670 3625 1825 3660 debeant
1829 3624 1954 3670 elegi
1960 3629 1992 3660 c.
2013 3624 2048 3659 4.

189 3675 340 3712 domino
354 3676 575 3712 restituenda
590 3680 688 3719 sunt,
701 3675 754 3716 ib,

1922 319 2192 391 ἱῆῗ-ὯῦΡεὶεψ
2193 336 2311 380 068,

1295 380 1342 413 tis
1358 378 1496 422 erogari
1524 381 1744 423 pauperibus
1770 382 1974 419 inconsulto
1994 373 2196 434 superiore.
2222 388 2299 427 aut*

1296 429 1419 463 saltem
1443 428 1554 471 possit
1571 430 1739 466 Praelatus
1753 432 1807 467 eis
1830 434 1979 469 modum
1996 431 2224 477 pmterihere
2241 439 2282 476 in

1296 478 1402 512 dictis
1418 477 1524 512 bonis
1539 479 1813 525 distribuendis,
1832 482 1884 517 ib
2328 479 2330 481 ’

1253 530 1498 571 Apostatarum
1518 529 1613 563 bona
1627 532 1789 574 turpiter,
1808 541 1881 567 non
1905 536 2026 568 tamen
2040 537 2164 572 contra
2172 538 2282 582 lusti·-

1294 578 1380 611 tiam
1406 579 1594 620 acquisita,
1614 588 1674 622 an,
1700 585 1736 616 et
1760 583 1907 624 quando
1927 583 2130 626 pertineant
2153 586 2199 621 ad
2211 588 2280 624 ca-

1292 636 1429 712 ugeram
1450 630 1701 672 Apostolicam,
1727 639 1803 666 non
1822 641 1907 668 vero
1936 633 1985 668 ad
2008 636 2279 682 monasterium,

1291 687 1302 711 ι
2329 706 2332 711 .

1247 727 1626 772 Apostasiaecooperari
1643 730 1763 766 dando
1777 732 1982 773 consilium,
1994 732 2181 776 auxilium,
2196 737 2279 779 etc„
2335 756 2336 759 =

1288 782 1472 821 peccatum
1489 784 1541 814 est
1559 781 1719 820 mortale.
1736 790 1767 816 c.
1784 787 1815 817 3.

1286 827 1456 871 Recipere
1469 837 1554 863 vero
1569 834 1763 872 apostatam
1777 831 1832 865 vel
1844 832 2020 867 occultare
2035 833 2072 867 in
2085 833 2193 868 domo
2209 835 2278 869 ali-

1287 878 1434 919 quando
1467 883 1656 914 excusatur
1692 887 1714 914 a
1747 885 1892 924 peccato
1927 882 2214 926 cooperationis;
2242 886 2279 919 et

1287 927 1509 970 quando,ib.

1237 976 1431 1019 apostasiae
1446 985 1643 1020 cooperans
1655 980 2028 1014 excommunicatione
2043 981 2207 1015 Pontifici
2223 989 2278 1018 re-
2342 979 2343 983 ’

1281 1032 1418 1061 servata
1436 1027 1514 1070 ipso
1528 1028 1620 1062 sacto
1638 1029 1798 1063 incurrit.
1819 1030 2053 1072 Exeipiuntur
2074 1035 2194 1065 tamen
2219 1039 2278 1067 re-

1281 1080 1477 1118 ceptatores
1488 1082 1740 1120 apostatarum.
1758 1084 1919 1121 respectu
1929 1088 2083 1122 quorum
2107 1082 2183 1115 haec
2195 1088 2278 1119 ceu·

1280 1134 1364 1160 sura
1383 1127 1661 1162 declarationem
1675 1129 1842 1169 admittit,
1863 1133 1898 1163 et
1910 1139 2032 1172 quam,
2048 1131 2097 1165 ib.

1237 1176 1431 1219 apostasiae
1454 1178 1640 1221 cooperari
1669 1179 1752 1223 quis
1779 1185 1978 1221 censeatur,
1999 1187 2041 1215 eo
2061 1181 2159 1223 quod
2177 1180 2276 1219 illam

1282 1234 1355 1260 non
1374 1227 1535 1270 impedit,
1555 1229 1604 1262 ib.

1236 1276 1432 1319 &postasiae
1447 1286 1645 1320 cooperans
1671 1278 1880 1314 inducendo
1896 1279 2106 1322 religiosum
2121 1283 2167 1315 ut
2188 1279 2277 1314 reli-

1279 1326 1426 1368 gionem
1437 1327 1587 1368 deserat,
1601 1336 1648 1362 an
1659 1328 1819 1372 aliquam
1829 1329 2092 1365 restitutionem
2106 1329 2275 1374 religioni

1282 1375 1421 1418 debeat,
1441 1377 1490 1412 il).

1240 1421 1306 1465 Qui
1321 1433 1384 1468 per
1397 1426 1471 1461 vim
1485 1430 1547 1462 aut
1565 1427 1729 1463 fraudem
1743 1429 1952 1472 religiosum
1976 1429 2126 1465 adduxit
2146 1437 2169 1466 a
2188 1429 2276 1465 reli·

1279 1481 1411 1517 190110,
1434 1484 1500 1516 an,
1523 1481 1560 1510 et
1580 1475 1671 1518 quid
1691 1479 1855 1513 teneatur
1886 1479 2073 1514 restituere
2096 1480 2165 1523 ipsi
2187 1480 2276 1515 reli-

1281 1524 1395 1566 gioso,
1420 1524 1468 1558 ib.

1281 1573 1324 1607 Et
1345 1573 1435 1616 quid
1458 1573 1526 1617 ipsi
1550 1573 1734 1617 religioni,
1757 1574 1817 1610 iba

1241 1620 1306 1665 Qui
1330 1632 1394 1666 per
1414 1623 1487 1657 vim
1507 1624 1552 1658 ad
1566 1625 1779 1667 apostasiam
1804 1626 1998 1666 concurrit,
2010 1629 2204 1663 avertendo
2215 1636 2277 1664 re·-

1283 1672 1451 1716 ligiosum
1474 1682 1495 1707 a
1517 1683 1581 1708 sua
1604 1675 1801 1717 religione,
1823 1683 1898 1710 non
1921 1680 2086 1719 tenetur,
2111 1678 2185 1713 imo
2208 1686 2276 1715 nec

1283 1729 1397 1768 potest
1421 1725 1566 1768 propria
1587 1726 1795 1760 auctoritate
1817 1735 1881 1770 per
1902 1727 2060 1762 similem
2081 1729 2155 1764 vim
2170 1729 2276 1766 illum

1282 1776 1467 1810 reducere.
1492 1775 1543 1810 ib.
2334 1777 2347 1823 ζ’,

1279 1827 1334 1860 An
1357 1826 1468 1868 possit
1489 1826 1698 1860 auctoritate
1722 1826 1822 1869 ipsus
1841 1826 2041 1871 religionis,
2064 1826 2115 1862 ib.
2335 1826 2352 1871 3⁴

1238 1873 1441 1917 cooperans
1463 1876 1631 1918 religioso
1651 1875 1784 1911 volenti
1807 1881 2027 1921 apostatare,
2052 1877 2145 1915 nihil
2165 1877 2274 1916 resti·
2332 1871 2352 1919 H.

1279 1927 1382 1960 tuere
1404 1930 1556 1968 tenetur,
1579 1926 1629 1962 ib.

1295 331 1350 365 An
1368 328 1398 363 si
1414 327 1461 362 sit
1472 327 1631 364 incertus
1643 329 1826 375 dominus,
1839 303 1926 377 poss*

2343 1773 2352 1809 ...
2335 1503 2352 1738 ..cm-u
2331 1162 2352 1476 ,naa-itm.·
2343 1103 2346 1106 -

1677 2009 1844 2039 arosrou.

1236 2076 1395 2120 Apostoli
1424 2075 1526 2111 fuere
1547 2075 1656 2120 primi
1679 2075 1802 2110 clerici
1826 2075 2032 2118 regulares,
2051 2078 2098 2110 tr.
2118 2080 2164 2118 8,
2182 2076 2211 2113 1.
2233 2081 2272 2120 3,

1236 2130 1487 2219 Affosf'olorum
1511 2183 1643 2209 nomen
1667 2184 1739 2217 quo
1770 2174 2007 2210 fundamento
2028 2178 2064 2210 et
2083 2176 2273 2212 occasione

1280 2224 1458 2267 religiosis
1480 2224 1664 2258 Societatis
1684 2226 1765 2259 Jesu
1789 2226 1827 2258 in
1850 2226 2044 2265 Lusitania.
2062 2229 2098 2260 et
2119 2227 2156 2260 in
2170 2227 2273 2262 India
2318 2235 2324 2242 ¹*

1279 2274 1445 2309 orientali
1469 2274 1579 2308 fuerit
1599 2275 1920 2317 accommodatum,
1943 2279 1988 2311 tr.
2011 2279 2064 2318 10,
2087 2275 2112 2311 1.
2136 2280 2169 2318 1,
2191 2285 2223 2313 c.
2238 2280 2270 2312 1.
2313 2288 2317 2295 ¹

1653 2360 1862 2387 APPELLATIO.

1233 2424 1422 2468 Appellare
1444 2434 1490 2458 an
1514 2425 1652 2468 possint
1674 2426 1833 2469 religiosi
1863 2435 1886 2461 a
1912 2428 2101 2464 sententiis
2121 2431 2158 2463 et
2177 2435 2270 2465 nrae·

1276 2475 1389 2517 ceptis
1411 2484 1556 2509 suorum
1585 2475 1825 2515 Praelatorum
1850 2481 1893 2511 tr.
1919 2480 1950 2514 8.
1972 2477 1999 2512 l.
2021 2482 2055 2521 2,
2077 2485 2111 2514 0.
2133 2481 2171 2514 11

1235 2525 1493 2568 Appellationis
1515 2525 1660 2560 effectus
1682 2527 1765 2569 quis
1786 2526 1842 2563 sit.
1868 2527 1917 2561 ib.
2308 2558 2309 2561 ,

1235 2577 1434 2620 Appellatio
1457 2586 1478 2610 a
1500 2577 1679 2611 sententia
1701 2586 1747 2611 an
1783 2578 1913 2613 habeat
1942 2578 2063 2616 locum
2083 2580 2125 2616 in
2142 2577 2268 2622 80010·

1278 2629 1359 2666 tate,
1384 2623 1430 2660 tt*
1452 2629 1504 2668 10,
1528 2627 1553 2661 l.
1577 2630 1630 2670 1ο,
1654 2634 1686 2662 c.
1709 2630 1761 2661 12.

1584 2711 1765 2739 Attrlcnws
1787 2713 1914 2740 uonna.

1233 2778 1274 2815 ln
1296 2777 1446 2811 articulo
1468 2777 1594 2812 mortis
1627 2786 1701 2812 non
1730 2781 1843 2821 potest
1866 2778 2037 2813 Sacerdos
2057 2778 2266 2816 ordinarius
2298 2807 2299 2810 η

1276 2827 1458 2862 absolvere
1480 2836 1501 2860 a
1524 2828 1710 2860 reservatis
1733 2828 2004 2863 moribundum.
2028 2828 2058 2863 si
2086 2830 2179 2863 adsit
2195 2830 2265 2864 Su·

1272 2877 1404 2920 perior,
1428 2877 1484 2910 vel
1508 2876 1600 2910 alius
1622 2876 1684 2918 qui
1710 2877 1837 2910 habeat
1853 2883 2058 2920 potestatem
2072 2879 2265 2915 absolven-

1271 2927 1309 2961 di
1334 2935 1355 2960 a
1378 2926 1576 2959 reservatis.
1598 2930 1640 2960 tr.
1668 2930 1719 2968 10,
1740 2926 1764 2959 l.
1789 2930 1821 2965 2,
1845 2935 1876 2961 c.
1901 2931 1953 2962 19.

1228 2973 1271 3016 In
1293 2977 1443 3010 articulo
1466 2976 1591 3009 niortis
1613 2980 1727 3019 potest
1748 2977 1902 3019 quilibet
1923 2978 2106 3013 confessor
2118 2979 2264 3015 ordina-

1272 3027 1348 3061 rius
1370 3027 1558 3069 religionis
1576 3027 1760 3061 absolvere
1775 3027 1982 3070 religiosum
1997 3029 2269 3077 mendicantem,

1272 3077 1317 3111 ab
1340 3077 1512 3111 omnibus
1533 3077 1676 3111 casibus
1698 3081 1733 3110 et
1754 3077 1927 3120 censuris,
1953 3081 1988 3115 et
2008 3079 2206 3114 concedere
2226 3078 2266 3122 et

1271 3126 1533 3170 indulgentiam
1557 3126 1770 3170 plenariam,
1795 3126 1845 3161 ib.

1228 3174 1317 3210 Vide
1339 3176 1594 3210 Mendicantes.

1228 3226 1268 3260 In
1292 3227 1441 3260 articulo
1464 3227 1589 3260 mortis
1610 3227 1724 3269 potest
1745 3225 1928 3259 absolvere
1950 3233 1972 3260 a
1992 3225 2155 3261 censuris
2175 3220 2262 3277 qui]

1270 3275 1357 3310 libet
1379 3277 1543 3319 clericus,
1565 3276 1675 3314 etiam
1697 3284 1771 3310 non
1794 3275 1982 3311 ordinatus
2003 3276 2043 3312 in
2064 3277 2191 3320 sacris,
2208 3262 2259 3326 1ξρ

1270 3325 1372 3369 10,1.
1396 3330 1429 3368 9,
1447 3334 1479 3360 0.
1494 3329 1527 3360 2.

1542 3411 1743 3436 asstsrnnrts
1763 3410 1960 3437 socruum.

1226 3474 1439 3518 assistentes
1458 3476 1650 3520 Praeposito
1672 3477 1829 3519 generali
1853 3476 2037 3512 societatis
2057 3465 2145 3523 (111ρῐ
2164 3467 2207 3510 's'i
2220 3459 2244 3479 ⁵

1267 3527 1366 3612 {wad
1381 3535 1532 3611 εξηιίῐὲἷιιε,
1557 3530 1593 3560 et
1613 3527 1711 3570 quod
1725 3526 1935 3570 suffragium
1958 3524 2123 3610 1181108111,
2142 3525 2188 3559 tr.
2199 3519 2218 3561 3

1265 3674 1399 3712 omnes
1424 3675 1610 3713 societatis
1632 3675 1792 3720 religiosi
1822 3662 1992 3711 tenentur
2022 3670 2143 3709 mani!
