2352 3880
184 278 235 326 m
246 280 417 320 mntem
435 278 543 318 solus
559 290 701 328 orare,
710 281 747 318 et
756 284 848 319 crat
862 282 1099 331 pernoctans

54 348 58 367 c
123 338 307 384 mitono
327 338 417 380 Dei.
449 338 567 386 Quod
602 338 839 390 exemplum
873 339 1008 392 magis
1037 339 1098 379 ad

66 426 85 439 .·
110 400 352 442 otidianam
383 399 648 440 solitudinem
667 411 743 439 seu
775 401 1093 451 separationem,

0 446 292 531 &velique
302 465 488 513 tempore
500 460 837 512 contemplationi
844 474 892 513 pi
895 461 1093 509 aestaudo,

169 598 190 624 r
206 587 230 626 J
233 598 406 635 oannes,
425 597 515 636 cap.
534 586 599 632 18,
621 596 716 623 cum
733 585 823 624 ait:
846 583 1007 626 Sciebat
1025 594 1096 624 au·

4 659 12 663 '·
21 641 143 691 'sem
155 646 303 693 Judas,
325 647 394 699 qui
415 646 595 687 tradebat
613 657 712 694 eum,
729 646 872 695 locum,
891 647 987 699 quia
1010 647 1095 696 fre-

17 702 265 778 ,ἵζέῃηαπταν
270 708 387 748 esus
397 718 583 748 convenei
583 711 626 747 at
648 707 746 747 illuc
778 719 866 747 cum
886 707 1097 760 discipulis

60 769 167 816 ouis,
185 767 341 808 scilicet
358 767 413 807 ad
431 767 668 806 orandum
658 780 702 806 ln
719 769 840 807 horto
861 771 1066 819 separato.

14 827 24 829 ⁴
39 823 57 870 s
116 831 156 872 9.
187 829 324 871 Annui
338 840 435 869 usus
454 830 673 880 exemplum
692 830 735 869 in
758 830 921 870 Christo
941 834 978 871 et
989 829 1095 869 anti-

20 886 28 933 ι
41 890 154 948 §quis
171 891 504 931 monachis—De
515 891 594 929 alia
605 903 703 929 vero
717 891 961 930 diuturniori
978 902 1095 941 sepa-

22 963 26 966 *
54 953 223 995 *ratione
244 963 319 1002 per
344 951 500 1002 aliquot
519 953 606 991 dies
625 983 633 997 ,
653 952 919 991 habemusin
938 953 1096 991 Christo

56 1013 236 1055 ‘Domino
250 1014 484 1064 exemplum
497 1015 538 1052 in
553 1015 811 1065 separatione
823 1014 1098 1065 quadraginta

56 1073 229 1116 ,dierum
250 1075 293 1112 in
314 1074 537 1123 desertum,
556 1077 602 1113 ut
613 1087 706 1113 cum
727 1075 874 1114 eodem
889 1076 936 1113 D.
950 1074 1094 1112 Thom.

61 1135 184 1176 latius
206 1136 420 1187 explicavi,
441 1136 484 1174 in
509 1139 534 1175 2
559 1140 687 1181 tomo,
710 1137 830 1175 tertia
847 1140 980 1187 parte,
1010 1135 1093 1174 dis-

61 1201 149 1250 put.
172 1199 240 1244 29,
276 1197 447 1235 sectiou.
484 1199 525 1236 2.
561 1197 767 1248 Optimum
792 1197 915 1235 etiam
951 1208 1092 1235 exem-

61 1258 176 1312 plum
215 1261 277 1296 est
313 1258 578 1308 antiquorum
618 1259 939 1303 monachorum,
979 1257 1092 1308 quod

61 1331 186 1370 snpra
205 1319 493 1358 adnotavimus
520 1331 571 1358 ex
588 1320 636 1357 D.
669 1319 916 1370 Augustino,
939 1319 1011 1358 lib.
1038 1319 1091 1359 de

59 1380 193 1432 Opere
224 1381 537 1429 monachorum,
576 1392 611 1419 c.
642 1381 707 1427 23,
732 1381 802 1419 ubi
840 1381 893 1420 de
922 1381 1092 1431 quibus-

61 1442 156 1484 dam
184 1442 398 1481 monachis
425 1443 483 1482 ait
505 1452 516 1480 :
540 1442 624 1483 Per
650 1443 795 1483 multos
818 1444 900 1483 dies
932 1455 958 1482 a
986 1455 1092 1483 cons-

56 1508 172 1556 pectu
190 1505 389 1550 hominum
408 1508 628 1556 separatos,
668 1508 706 1545 et
735 1504 839 1543 nulli
862 1505 916 1545 ad
931 1515 971 1544 se
986 1516 1091 1554 proe-

42 1566 188 1614 ,tontes
208 1578 420 1614 accessum,
435 1567 642 1606 includunt
662 1578 701 1606 se
725 1566 832 1617 ipsos
857 1566 1030 1606 viventes
1049 1565 1092 1605 in

59 1638 207 1679 maqna
233 1627 443 1668 intentione
472 1628 682 1667 orationis.
723 1626 951 1677 Subditque
987 1626 1092 1665 infe-

58 1687 166 1728 rius:
191 1689 404 1728 Etkorum
425 1689 578 1740 quidem
595 1689 931 1736 caercitationem,
946 1689 990 1727 in
1009 1692 1091 1728 tam

58 1750 241 1790 mirabili
261 1750 519 1797 continentia,
538 1751 847 1802 quandoquidem
875 1750 1018 1791 nabent
1054 1762 1094 1789 o-

58 1811 176 1857 tium,
196 1823 268 1862 quo
286 1811 368 1851 Iioec
388 1815 526 1864 ayant,
555 1823 667 1862 seque
685 1811 902 1851 imitandos
927 1823 1006 1851 ozon
1028 1823 1095 1852 su-

57 1871 178 1926 perba
197 1872 377 1918 elatione,
391 1874 462 1912 sed
473 1872 719 1912 misericordi
727 1873 944 1912 sanctitate
953 1883 1094 1924 propo-

58 1936 174 1979 nunt,
191 1944 267 1971 non
283 1932 410 1972 solum
427 1944 505 1971 non
524 1933 778 1984 reprehende,
806 1934 876 1972 sed
889 1937 1091 1984 ⁴quantum

60 1992 220 2048 difflzum
239 1998 295 2033 est
314 1994 479 2034 laudare
494 2006 572 2033 non
588 2005 762 2044 possum.
785 1993 903 2034 Unde
931 1996 1092 2032 constat

59 2054 401 2095 consuetudinem
420 2054 543 2102 hanc,
564 2065 649 2092 non
680 2057 842 2092 tantum
868 2064 942 2103 pro
982 2056 1091 2103 tyro-

59 2115 182 2156 nibus
198 2115 263 2153 vel
274 2113 584 2166 proficientibus
598 2114 742 2152 utilem
758 2125 864 2162 esse,
879 2113 951 2152 sed
966 2114 1091 2153 etiam

42 2186 133 2233 pro
156 2177 252 2216 viris
281 2175 484 2226 perfectis,
509 2179 597 2214 tum
621 2175 718 2226 quia
734 2175 823 2213 fieri
843 2186 926 2213 non
955 2178 1091 2224 potest

42 2239 159 2290 iquin
195 2237 374 2277 externis
411 2235 642 2276 actionibus
677 2239 718 2274 et
748 2236 1090 2287 occupationibus

44 2299 228 2340 interior
263 2298 424 2337 devotio
459 2298 706 2345 remittatur,
739 2308 830 2348 quae
856 2308 942 2347 per
981 2298 1090 2337 hanc

42 2361 347 2402 nuercitiorum
385 2359 708 2398 vicissitudinem
749 2363 1042 2409 compensatur
1075 2370 1086 2407 ;

42 2425 147 2463 Itum
169 2423 291 2462 eliam
310 2421 406 2471 quia
426 2420 504 2459 hoc
522 2432 625 2471 epus
638 2431 712 2471 per
731 2431 775 2459 se
793 2424 855 2459 est
875 2420 995 2459 valde
1016 2431 1089 2470 ap-

42 2485 230 2542 'petibile
252 2488 291 2524 et
306 2484 550 2534 perfectum,
575 2487 616 2522 et
630 2482 723 2522 ideo
744 2494 840 2521 cum
855 2481 946 2522 fieri
960 2481 1090 2534 possit

41 2546 219 2597 nubeque
239 2544 534 2596 impedimento
555 2544 731 2583 aliarum
752 2544 960 2582 actionum
995 2554 1089 2594 pro-

39 2607 182 2649 nimis
211 2605 558 2654 necessariarum,
582 2605 981 2657 praetermittendum
1003 2615 1089 2644 non

41 2673 139 2711 tut.

84 2729 181 2772 <Aio-
218 2731 344 2772 Uswm
371 2729 651 2773 enercitiorum
674 2727 783 2770 circa
807 2731 986 2770 externos
1003 2726 1090 2780 qui-

41 2788 476 2845 Qfflwi'reprellendunt.
520 2810 574 2821 -—
596 2790 711 2830 Alter
739 2801 840 2828 usus
874 2789 1090 2829 exercitio·-

43 2854 294 2898 inanima
318 2857 531 2901 externos,
561 2852 770 2903 praecipue
802 2851 1020 2890 saeculares
1050 2851 1091 2889 et

42 2914 187 2959 tudes
214 2915 488 2966 spiritualium
511 2926 651 2954 rerum
662 2944 675 2963 ,
698 2913 905 2964 aliquibus
925 2912 1091 2964 probari

43 2967 148 3020 istm
174 2977 351 3016 videtur.
385 2975 448 3015 Ad
473 2975 695 3015 hoc1enim
717 2975 880 3014 videtur
900 2974 1090 3013 allusisse

44 3035 287 3082 §modernus
314 3037 398 3085 ille,
432 3036 551 3088 eujus
583 3036 850 3075 meminimus
880 3036 922 3074 in
948 3035 1021 3075 lib.
1043 3037 1089 3084 1,

68 3101 158 3162 *P-
172 3102 226 3149 ’1,
254 3111 371 3138 num
402 3100 442 3145 2,
461 3098 515 3137 iu
531 3098 630 3145 fine,
661 3098 732 3149 qui
752 3109 963 3149 exponens
983 3097 1092 3136 Psal-

41 3166 42 3169 ’
67 3148 194 3203 inm
191 3162 293 3208 11,8
312 3158 486 3198 statim?
476 3171 519 3198 ιιι
535 3158 744 3198 versiculo
765 3159 791 3197 2
810 3158 1005 3206 adnotat,
1012 3159 1092 3209 pri·

44 3266 53 3274 ἱ
79 3264 82 3266 ,
123 3238 127 3253 ι
149 3237 171 3255 ιι
202 3232 368 3261 versum
385 3219 497 3259 illius
514 3220 680 3269 Psalmi,
697 3220 825 3260 Beati
843 3219 1092 3260 immaculati

65 3283 67 3286 ’
89 3282 101 3327 Ϊ
140 3283 218 3331 ia,
226 3283 302 3334 qui
313 3281 549 3322 ambulant·
533 3293 579 3322 in
591 3282 671 3334 leye
684 3280 867 3328 Domini,
885 3281 1092 3331 pertinere

62 3358 120 3417 l*
146 3344 284 3384 vitam
293 3342 501 3388 activam;
513 3342 759 3382 secundnm
782 3345 941 3389 autem,
973 3342 1095 3383 Beati

170 3409 382 3446 crutantur
393 3403 633 3445 testimonia
630 3404 737 3455 effus,
745 3404 803 3455 in
810 3404 1016 3445 totocorde
1028 3415 1094 3444 eo>-

123 3464 141 3515 ,”
161 3489 186 3497 ἰ
246 3477 346 3515 mm,
365 3464 422 3504 ad
438 3465 566 3503 vitam
580 3464 968 3515 contemplativam:
979 3464 1098 3512 Quia

48 3521 53 3530 ³
115 3519 118 3524 ’
134 3565 136 3567 ,
172 3530 178 3534 '
234 3539 262 3568 av
275 3525 1095 3578 (inquit)·vitoeaetivoe2proeoederedobem,

48 3579 57 3589 ’
108 3582 112 3587 ’
138 3583 155 3587 ”
197 3615 198 3618 =
262 3605 264 3615 ι
311 3586 995 3642 -ud‘oontmaplatiommffinispiam
1019 3587 1098 3639 erig

473 216 567 250 'CAP
599 215 671 250 vn.
691 215 748 250 DE
766 203 1077 251 retinueram
1081 203 1164 251 ibn
1178 205 1494 256 'manuninum
1513 218 1660 263 QUEM,
1680 220 1774 258 mc.

0 559 20 618 Ι,
0 518 334 642 ffrendum
360 522 536 565 videtur.
557 523 616 562 De
636 534 720 573 quo
739 523 866 562 etiam
892 523 1008 575 loqui
1022 522 1101 569 iri-¹

121 588 166 624 tu

1150 285 1289 331 yatar,
1311 285 1439 331 juxta
1463 286 1684 326 destruam
1707 286 1910 338 Greqorii,
1931 287 2074 333 ‘honest
2093 295 2188 338 isin

1149 341 1412 392 Ezechielem,
1443 349 1481 384 et
1511 346 1580 386 lib.
1600 348 1642 386 x6
1670 348 1908 397 Moralium,
1926 362 2023 402 cap.
2047 353 2112 395 ⁴7.
2137 355 2186 398 Bt

1150 402 1392 454 subiungit:
1417 404 1512 451 Quoe
1536 408 1712 447 consulto
1737 413 1821 450 tam
1843 411 1956 462 lonye
1982 416 2184 458 recensui·-

1149 473 1255 510 mus,
1283 467 1331 504 ut
1359 465 1510 505 sciant
1519 465 1702 508 nonnulli
1727 481 1812 509 παπ
1841 472 1935 511 adeo
1960 475 2122 522 facilem
2144 481 2187 520 tt

1149 525 1297 565 scitam
1309 536 1403 565 csse
1410 527 1517 566 viam
1539 529 1593 567 ad
1610 532 1954 598 contemplationis
1973 537 2185 588 fastiyium

1148 585 1256 625 sicut
1273 585 1353 635 ipsi
1369 586 1556 636 faciunt,
1586 590 1656 640 qui
1687 591 1863 633 nomines
1888 597 2186 646 perditissimos

1148 645 1357 694 illecebris,
1387 650 1427 687 et
1455 648 1610 689 coeteris
1635 652 1774 691 mundi
1803 656 2011 707 carni-sque
2033 661 2186 709 spurci-

1150 706 1237 754 tiis,
1257 711 1293 747 et
1313 707 1457 748 diaboli
1476 696 1608 758 dolis,
1605 714 1642 750 ct
1667 709 2005 763 inquietudinibus
2017 719 2182 771 deditos,

1146 778 1219 817 per
1238 769 1470 809 exercitium
1497 774 1580 811 octo
1612 775 1683 812 aut
1714 773 1935 824 quindecim
1962 778 2123 819 dierum
2133 782 2187 822 ad

1150 830 1491 881 contemplationis
1519 831 1671 873 culmen
1691 845 1756 873 eos
1774 835 1867 885 jam
1885 837 2056 878 evolasse
2073 845 2186 882 autu-

1150 893 1275 938 mant,
1302 892 1446 943 viaque
1460 894 1593 943 pedem
1612 905 1638 933 a
1655 896 1798 935 mundo
1817 901 2016 946 avertunt,
2035 903 2072 939 ct
2093 899 2185 950 jam

1149 950 1335 990 ultimum
1370 954 1519 1004 apicem
1556 956 1812 1006 perfectionis
1847 958 2037 1009 attiqissc
2068 963 2185 1013 affir-

1151 1016 1278 1053 mant.
1306 1013 1402 1052 Haee
1422 1014 1492 1053 ibi.

1207 1074 1271 1112 11.
1304 1074 1386 1121 Quo
1403 1087 1525 1115 sensu
1542 1075 1624 1118 suec
1641 1077 1886 1128 reprehensio
1903 1079 2029 1121 locum
2046 1082 2185 1125 habere

1143 1135 1287 1185 possit.
1313 1156 1366 1163 —
1385 1135 1502 1183 Quod
1527 1137 1562 1175 si
1579 1138 1650 1188 qui
1673 1142 1769 1176 sunt
1786 1139 1855 1221 qui
1873 1139 1924 1179 de
1944 1149 2186 1193 comparata

1145 1194 1397 1245 perfectione
1417 1197 1564 1236 leviter
1579 1198 1750 1249 glorian*
1746 1212 1797 1236 ιι
1811 1212 1927 1246 ,ιιοιι
1943 1202 2015 1241 illa
2032 1205 2182 1255 solum,

1147 1256 1220 1294 sed
1250 1252 1379 1295 multo
1409 1258 1557 1308 majori
1584 1259 1911 1314 reprehensione
1930 1262 2043 1314 digni
2071 1270 2180 1307 sunt.

1147 1317 1188 1357 Si
1216 1318 1309 1368 quis
1340 1318 1464 1356 etiam
1488 1319 1543 1357 ita
1570 1320 1763 1370 opinatur
1785 1321 1837 1360 de
1861 1325 2063 1364 exercitiis
2091 1331 2182 1367 octo

1146 1382 1218 1418 aut
1237 1379 1474 1429 quindecim
1491 1379 1667 1429 dierum,
1686 1382 1755 1420 ut
1744 1382 1866 1433 infeis
1880 1396 1964 1422 non
1979 1386 2115 1425 solum
2130 1388 2183 1427 ad

1145 1438 1356 1490 fastigium
1393 1442 1753 1492 contemplationis
1792 1445 1961 1484 ascendi
1985 1475 1995 1494 ,
2033 1459 2181 1488 verum.

1146 1501 1270 1539 etiam
1291 1501 1334 1539 in
1355 1501 1415 1540 eis
1436 1502 1617 1553 perfecte
1649 1505 1816 1554 purgari
1843 1510 1914 1544 aut
1930 1506 2182 1558 illuminari,

1146 1562 1211 1601 vel
1231 1563 1473 1601 exercitium
1490 1565 1719 1603 meditandi
1737 1566 1896 1605 satisse
1909 1568 1996 1617 J'am
2017 1581 2184 1620 compa-

1145 1635 1260 1662 rasse
1281 1624 1488 1674 opinetur,
1511 1626 1810 1676 turpissime-et
1824 1628 2038 1678 pueriliter
2055 1634 2182 1681 errat3

1147 1685 1243 1735 quia
1265 1698 1351 1723 non
1372 1686 1506 1724 solum
1527 1687 1710 1737 perfecta
1730 1688 1829 1726 unio
1853 1701 1948 1727 cum
1966 1691 2077 1740 Deo,
2110 1691 2184 1730 sed

1151 1745 1276 1784 etiam
1291 1746 1513 1786 mediocris
1532 1748 1729 1799 perfectio
1750 1750 1948 1789 orationis
1966 1755 2037 1790 aut
2057 1752 2186 1791 medi-

1149 1808 1314 1846 tationis
1332 1809 1528 1848 diuturno
1546 1813 1735 1860 tempore
1759 1815 1799 1850 et
1817 1812 1948 1850 multo
1976 1825 2054 1851 usu
2076 1813 2185 1852 indi-

1147 1872 1246 1920 get,
1283 1870 1624 1920 praerequiritque
1647 1872 1817 1922 longam
1846 1873 2184 1912 exercitationem

1146 1930 1189 1968 in
1204 1930 1315 1968 vitiis
1326 1931 1594 1980 extirpandis,
1615 1934 1655 1970 et
1671 1933 1890 1970 virtutibus
1904 1935 2183 1983 acquirendis,

1146 1995 1191 2029 ut
1209 2002 1284 2040 per
1305 2002 1349 2028 se
1371 1991 1468 2029 satis
1490 1994 1635 2029 notum
1655 1996 1801 2040 est‚-et
1820 1993 1944 2032 tradit
1963 1996 2011 2032 D.
2036 1997 2181 2035 Thom.

1144 2053 1184 2090 2.
1216 2053 1257 2100 2,
1286 2056 1429 2103 quaest.
1465 2054 1556 2101 180,
1580 2056 1658 2102 art,
1687 2054 1729 2102 2,
1759 2053 1868 2094 etin
1901 2056 2184 2106 superioribus

1147 2113 1271 2151 etiam
1309 2113 1514 2162 diximus,
1554 2113 1625 2152 lib.
1664 2115 1704 2161 2,
1745 2125 1836 2166 cap.
1875 2116 1914 2163 4,
1955 2120 1996 2155 et
2032 2117 2101 2157 lib.
2140 2119 2178 2167 6,

1145 2186 1236 2225 cap.
1260 2176 1299 2212 1.

1198 2236 1263 2274 12.
1290 2234 1372 2283 Quo
1390 2246 1508 2277 sensu
1527 2235 1744 2276 temeraria
1762 2236 1832 2284 sit,
1851 2239 2072 2279 ostenditur
2090 2251 2180 2280 auc-

1143 2296 1321 2336 toritate.
1362 2317 1414 2327 -
1449 2297 1490 2337 Si
1534 2300 1674 2336 autem
1713 2298 2045 2348 reprehendatur
2082 2313 2181 2340 usus

1145 2357 1436 2397 exercitiorum
1452 2357 1495 2396 in
1511 2357 1560 2396 iis
1578 2357 1647 2408 qui
1662 2358 1770 2397 male
1788 2359 1992 2406 vixerunt,
2017 2365 2058 2399 et
2075 2361 2183 2400 desi-

1143 2418 1290 2458 derant
1310 2419 1491 2458 converti
1510 2419 1565 2458 ad
1582 2420 1714 2458 Deum
1733 2432 1807 2471 per
1822 2432 1963 2460 veram
1980 2422 2183 2472 poeniten-

1142 2479 1258 2528 tiam,
1280 2480 1344 2519 vel
1362 2491 1657 2530 quemcunque
1676 2480 1803 2519 alium
1824 2484 1977 2521 statum
1997 2483 2179 2521 melioris

1142 2540 1248 2587 vitae,
1278 2540 1351 2579 sia
1377 2542 1464 2579 Deo
1484 2545 1698 2588 vocentur,
1730 2541 1818 2580 sine
1844 2554 1985 2589 causa,
2005 2555 2065 2582 vac
2087 2555 2181 2593 pro-

1142 2600 1241 2641 inde
1260 2605 1432 2650 temere,
1456 2601 1578 2640 datur
1596 2602 1882 2652 reprehensio,
1906 2615 1999 2642 cum
2019 2615 2086 2642 res
2106 2614 2181 2654 per

1142 2675 1189 2703 se
1213 2663 1264 2701 sit
1280 2667 1423 2701 sancta
1444 2667 1485 2702 et
1502 2663 1619 2702 valde
1631 2663 1879 2712 laudabilis,
1902 2668 1941 2703 et
1957 2676 1982 2702 a
1999 2665 2180 2704 Summis

1141 2723 1425 2771 Pontificibus,
1453 2724 1580 2763 Paulo
1608 2725 1677 2772 111,
1705 2723 1888 2771 indicta
1921 2725 2038 2763 Bulla
2062 2725 2181 2764 valde

1144 2785 1472 2825 commendatur.
1495 2785 1544 2823 Et
1557 2788 1759 2836 praeterea
1777 2786 1886 2824 idem
1906 2786 2057 2825 Paulus
2072 2787 2125 2825 III
2140 2790 2182 2826 et

1142 2847 1277 2887 Julius
1287 2847 1362 2895 ίΙΗ,
1384 2847 1426 2884 in
1443 2846 1585 2894 Bullis,
1607 2846 1762 2896 quibus·
1775 2846 2021 2886 confirmant
2041 2847 2182 2887 Socie-

1143 2909 1239 2949 tatis
1257 2908 1506 2956 institutum,
1534 2911 1575 2947 et
1592 2907 1815 2959 Gregorius
1834 2908 1938 2955 XIII,
1967 2908 2010 2945 in
2025 2907 2181 2946 Consti—

1145 2973 1221 3011 tut.
1242 2970 1485 3011 Ascendentc
1502 2969 1687 3015 Domine,
1708 2969 1818 3008 inter
1836 2969 1916 3007 alia
1934 2968 2074 3007 media
2094 2968 2181 3019 qui-

1145 3033 1229 3072 bus
1242 3032 1425 3071 Societas
1453 3030 1581 3070 utitur
1599 3030 1652 3069 ad
1668 3030 1904 3069 animarum
1930 3029 2177 3080 profectum,

1146 3094 1376 3146 specialiter
1416 3095 1639 3130 numerant
1679 3091 1919 3142 spiritualia
1949 3089 2140 3130 exercitia
2159 3104 2178 3135 ,-

1145 3159 1310 3197 constat
1321 3158 1462 3194 autem
1482 3153 1687 3204 eos.loqui
1706 3153 1758 3192 de
1779 3151 1984 3192 exercitiis
1997 3180 2006 3197 ‚
2039 3154 2080 3190 et
2101 3160 2179 3188 usu

1146 3230 1290 3258 eorum
1308 3247 1318 3266 ‚
1351 3218 1474 3269 prout
1498 3216 1684 3255 sciebant
1705 3226 1796 3254 esse
1816 3214 1859 3252 in
1876 3211 2079 3251 Societate
2097 3239 2108 3257 ‚
2141 3212 2180 3247 et

1145 3284 1268 3332 prout
1286 3280 1329 3318 in
1349 3279 1438 3330 ejus
1457 3275 1841 3322 Constitutionibus,
1864 3276 1905 3312 et
1931 3271 1974 3310 in
2001 3270 2179 3322 ipsomet

1145 3342 1434 3383 exercitiorum
1461 3339 1588 3378 libro
1597 3337 1870 3377 continentur.
1904 3333 2006 3372 Nam
2033 3332 2178 3380 quarta

1146 3406 1263 3456 parte
1277 3402 1638 3446 Constitutionum,
1656 3411 1691 3438 c.
1705 3397 1781 3448 8‚§
1798 3397 1838 3444 5
1853 3406 1913 3433 sm
1932 3391 2099 3432 dlfflfflf‘
2111 3387 2181 3428 Ad

1138 3465 1350 3506 ‘mamilia
1355 3462 1597 3516 spiritualia
1621 3460 1733 3500 aliis
1743 3455 1948 3500 tradenda,
1959 3454 2179 3504 postquam

1148 3526 1325 3579 quisque
1331 3525 1376 3565 in
1390 3537 1436 3566 ,αα
1449 3536 1502 3565 ea
1519 3522 1647 3573 fuerit
1667 3521 1874 3572 emper-tm,
1883 3513 2125 3554 assuescant
2140 3511 2179 3549 et

1138 3587 1242 3630 -dmt
1258 3595 1563 3640 oporamomncs
1571 3609 1597 3632 ,
1593 3583 1654 3624 ut
1664 3589 1806 3622 eorum
1814 3575 1981 3617 reddere
1984 3571 2177 3614 rationem
