2352 3880
127 283 268 336 ‚thoi-e,
283 281 431 335 majori
446 293 498 322 ex
512 284 629 333 parte
642 281 779 321 dicere
795 291 1016 332 possumus
1029 279 1177 331 priuci-

107 336 131 396 J
153 345 289 398 palem
307 344 415 383 illius
434 343 558 383 finem
579 356 669 383 esse
702 341 951 382 beneficium
970 341 1176 393 proximo-

152 417 267 454 rum,
289 418 385 444 nam
420 406 473 445 ad
499 406 708 456 propriam
729 403 1023 456 perfectionem
1041 403 1175 442 minor

153 468 344 510 eruditio,
364 468 582 518 minorque
604 467 837 518 linguarum
852 469 892 504 et
909 465 1173 505 scientiarum

153 530 418 581 congregatio
433 529 658 577 sufficeret,
673 527 942 566 nihilominus
971 527 1064 567 finis
1083 539 1176 579 per·

151 590 342 630 fectionis
359 590 534 642 propriae
564 601 778 639 nunquam
808 590 1090 629 excludendus
1113 593 1176 628 est

152 653 277 692 etiam
297 652 350 691 ab
370 652 456 702 ipso
492 651 720 690 studiorum
740 651 897 698 labore,
926 664 1010 690 non
1042 651 1175 690 solum

151 714 261 764 quia,
286 725 378 751 cum
398 713 464 751 ille
484 712 718 751 meritorius
739 713 803 762 sit,
823 714 955 765 magis
973 726 1021 752 ac
1041 712 1174 762 magis

151 786 314 824 semper
347 775 527 812 animam
559 774 808 821 sanctificat,
832 775 907 813 sed
934 775 1056 814 etiam
1078 774 1174 824 quia

149 835 228 874 hoc
248 835 441 884 studium,
461 839 662 886 quantum
680 840 741 875 est
758 837 797 874 in
813 837 1008 887 se,magis
1029 848 1077 875 ac
1087 848 1175 874 ma-

150 897 211 949 gis
226 897 432 936 hominem
454 897 774 937 illuminatcirca
791 899 860 937 Dei
880 899 1171 949 cognitionem,

150 963 190 998 et
225 971 388 998 morum
426 959 734 1010 perfectionem,
762 972 852 1011 quae
894 960 1174 1011 principaliter

148 1032 310 1071 semper
329 1021 582 1060 intendenda
602 1025 676 1060 est.
692 1024 823 1071 Atque
847 1022 902 1060 ita
921 1021 1030 1060 hunc
1048 1021 1173 1060 finem

146 1084 360 1135 proposuit
376 1084 496 1123 nobis
514 1085 559 1122 B.
581 1084 622 1122 P.
646 1084 843 1134 Ignatius,
869 1083 983 1121 initio
1020 1087 1174 1134 quartae

146 1147 273 1198 partis
296 1146 650 1192 Constitutionum,
671 1149 712 1184 et
742 1157 777 1185 c.
799 1147 839 1191 5,
865 1145 907 1183 in
932 1145 1142 1196 {principio
1161 1161 1171 1185 ε

150 1207 249 1248 Cum
273 1209 460 1248 doctrinoe
482 1205 655 1257 (inquit),
677 1218 764 1258 quoe
794 1207 838 1246 in
863 1207 936 1246 hac
977 1207 1175 1249 Societate

147 1269 380 1316 addiscitur,
404 1269 467 1308 liic
487 1281 624 1320 scopus
638 1268 708 1316 sit,
731 1267 830 1314 suis,
849 1273 885 1308 et
899 1270 1173 1318 proximorum

146 1332 306 1375 animis,
329 1331 405 1370 Dei
430 1333 562 1379 favore
589 1330 808 1380 aspirante,
837 1331 1030 1380 prodesse.
1054 1331 1103 1368 Et
1123 1341 1174 1370 ex

146 1392 223 1431 hoc
243 1392 323 1430 fine
344 1392 497 1442 colligit
512 1404 601 1443 cap.
620 1391 880 1439 duodecimo,
897 1392 938 1430 in
954 1391 1170 1444 printipio,

144 1455 401 1506 potissimum
438 1454 764 1493 incumbendum
796 1466 884 1493 esse
912 1455 1173 1507 'funologae

145 1515 353 1559 doctrinae.
374 1516 470 1565 quia
490 1516 557 1555 illa
593 1520 654 1554 est
682 1515 867 1554 medium
905 1517 1037 1566 magis
1075 1529 1171 1567 pro-

143 1578 279 1629 prium
299 1577 351 1616 ad
382 1577 534 1616 dictum
565 1576 707 1626 finem,
726 1582 772 1617 ut
791 1578 898 1617 circa
918 1578 1043 1617 ver-ha
1073 1578 1172 1618 Ber-

143 1639 263 1679 nardi
286 1639 584 1678 adnotavimus.

198 1704 236 1741 5.
266 1702 391 1741 Fines
411 1702 485 1742 alii
510 1701 734 1754 peculiares
751 1712 824 1752 pro
853 1702 1000 1742 studiis
1022 1702 1172 1743 nostris

146 1765 420 1814 assignantur.
436 1785 488 1791 —-
505 1763 698 1808 Quamvis
721 1766 861 1802 autem
885 1763 950 1801 hic
976 1764 1026 1802 sit
1045 1775 1172 1813 gene-

144 1825 238 1864 ralis
253 1824 346 1863 finis
357 1825 398 1862 in
412 1824 474 1863 his
489 1824 632 1863 studiis
654 1825 884 1873 habendus,
903 1825 1171 1865 nihilominus

143 1887 186 1925 in
209 1898 455 1937 unaquaque
474 1886 681 1932 facultate,
696 1898 769 1925 seu
792 1886 1022 1936 disciplina,
1037 1887 1170 1937 proxi-

142 1959 235 1986 mus
269 1950 308 1985 et
343 1947 560 1997 peculiaris
595 1946 689 1985 finis
715 1947 976 1986 adhibendus
1004 1950 1091 1993 est,
1125 1950 1169 1987 ut

141 2010 255 2061 juxta
277 2010 390 2048 illum
417 2021 611 2048 mensura
638 2014 678 2048 et
697 2010 843 2049 modus
863 2010 953 2060 ers
972 2008 1168 2049 adhibea-

142 2076 221 2111 tur.
259 2071 463 2121 Optimum
498 2072 734 2123 exemplum
766 2076 827 2110 est
855 2071 1034 2122 positum
1065 2083 1088 2112 a
1119 2072 1166 2110 B.

141 2133 314 2184 Ignatio,
337 2137 482 2183 quarta
509 2137 624 2183 parte
654 2132 1020 2178 Constitutionum,
1058 2143 1093 2171 c.
1125 2132 1166 2180 6,

141 2194 167 2247 ξ
186 2196 224 2240 5,
246 2194 317 2232 ubi
335 2195 391 2233 sic
407 2194 539 2244 inquit
555 2205 566 2232 :
585 2194 638 2235 Si
652 2195 880 2247 Zinyuarum
896 2194 1025 2234 studio
1040 2193 1168 2232 nostri

142 2259 300 2303 vacant,
317 2257 420 2295 inter
434 2259 575 2296 caetera
589 2257 640 2295 ad
654 2268 740 2308 quce
754 2256 986 2295 discentium
1001 2255 1167 2295 intentio

144 2319 327 2367 seratur,
349 2318 452 2357 illud
485 2317 560 2366 sit,
587 2321 634 2357 ut
663 2319 877 2357 versionem
906 2317 954 2356 ab
987 2317 1170 2357 Ecclesia

141 2379 347 2429 probatam
371 2379 592 2427 defendant.
624 2379 760 2418 Potest
788 2379 911 2417 etiam
939 2377 1169 2417 infidelium

144 2439 355 2479 nomez-sio
377 2451 466 2478 esse
486 2440 697 2490 proximus
715 2439 808 2478 finis
829 2439 1066 2478 addiscendi
1092 2439 1168 2478 lin-

145 2512 262 2551 guas,
280 2502 397 2551 Juxta
419 2501 607 2552 superius
627 2501 747 2539 dicta.
772 2502 941 2551 Propter
960 2500 1085 2550 quod,
1104 2512 1169 2539 se-

144 2562 278 2601 cunda
294 2567 407 2612 parte
423 2563 778 2606 Constitutionum,
795 2574 886 2612 cap.
906 2562 1165 2609 duodecimo,

142 2622 168 2676 g
183 2625 222 2671 2,
243 2623 355 2674 prius
377 2623 536 2670 dicitur,
556 2629 723 2675 propter
735 2623 1003 2675 Theologiam
1022 2627 1062 2662 et
1079 2624 1167 2674 ejus

142 2696 264 2724 usum
285 2685 556 2724 addiscendas
586 2697 691 2733 esse,
710 2685 882 2724 latinam
897 2715 907 2732 ‚
932 2696 1106 2736 graecam
1128 2688 1168 2724 et

142 2746 377 2786 hebraicam
411 2747 588 2798 linguas,
623 2751 765 2798 postea
798 2758 895 2786 vero
930 2746 1118 2786 subditur
1153 2756 1164 2785 ε

142 2808 329 2850 Aliarum
350 2812 540 2859 praterea
556 2809 800 2862 linguarum,
827 2809 959 2861 qualis
984 2813 1041 2849 est
1059 2809 1167 2849 chal-

144 2870 271 2918 daica,
304 2871 490 2920 arabica,
518 2876 552 2911 et
582 2872 730 2917 indica,
760 2871 827 2910 ubi
855 2871 1084 2911 necessariae
1108 2870 1168 2910 vel

143 2932 259 2974 utiles
290 2933 341 2972 ad
358 2934 505 2972 dictum
526 2934 643 2983 finem
662 2932 885 2973 viderentur
899 2961 912 2982 ‚
948 2933 1084 2973 habita
1102 2943 1167 2972 re-

144 2994 304 3045 qionum
333 2993 576 3034 diversarum
604 2998 640 3035 et
659 3006 890 3039 causarum,
921 3005 1008 3045 quoe
1031 2994 1084 3033 ad
1102 3004 1167 3034 eas

144 3054 350 3094 docendum
372 3058 536 3104 movent,
552 3058 719 3101 ratione,
739 3059 898 3106 possent
911 3059 1168 3106 praeceptores

146 3118 348 3156 constitui.
370 3118 445 3157 Ubi
477 3118 518 3156 in
548 3117 825 3157 declaratione
853 3117 911 3156 lit.
935 3118 965 3156 B
986 3117 1133 3156 dicitur
1154 3129 1164 3157 ε

150 3174 242 3216 Cum
263 3177 306 3216 in
321 3178 452 3228 aliquo
474 3179 633 3230 colleyio
653 3192 692 3219 eo
712 3182 971 3230 spectaretur,
987 3182 1031 3218 ut
1046 3179 1168 3219 homi-

147 3247 216 3276 nes
233 3238 286 3276 aa
306 3236 541 3288 Saracenos,
557 3240 615 3279 vel
635 3240 784 3280 Tureos
795 3240 996 3292 juvandos
1011 3251 1170 3291 proepa-

150 3301 353 3344 rare-ntur,
378 3299 539 3340 arabica
564 3301 718 3351 linqua,
739 3302 799 3341 vet
818 3301 1022 3341 chaldaica
1037 3313 1170 3341 conve-

147 3358 280 3404 niret,·
296 3370 382 3398 cum
405 3360 458 3398 ad
475 3360 611 3404 Indos.
631 3361 782 3409 indica,
806 3367 843 3402 et
861 3363 920 3402 sic
935 3363 979 3402 de
999 3362 1094 3402 aliis
1111 3364 1171 3403 di-

148 3420 324 3466 cendum,
343 3424 419 3458 etc.
442 3420 564 3470 Cujus
582 3422 886 3462 constitutionis
917 3427 958 3461 et
987 3422 1171 3462 declara-

150 3478 272 3518 tionis
291 3481 468 3532 vestigiis
486 3483 651 3532 egregie
667 3483 814 3523 insistit
832 3487 856 3523 5
883 3484 1168 3536 Congregatio,

151 3548 300 3582 canon.
324 3543 664 3593 quinquagesimo
692 3548 853 3593 quarto.
873 3544 1029 3583 Eodem
1047 3545 1168 3586 modo

153 3598 206 3640 de
223 3601 481 3655 philosophia
502 3607 543 3645 et
557 3603 712 3648 artibus
730 3604 966 3646 liberalibus
981 3605 1170 3659 ,iudican-

638 217 728 251 eAP.
750 216 806 251 111.
828 215 970 249 mmm
988 214 1113 248 RATIO
1135 214 1389 251 PROFICOENDI
1411 218 1453 251 IN
1474 219 1670 257 Ll'r'rffltts,
1692 220 1783 254 ETc.

1232 279 1330 320 dum
1364 287 1426 322 est
1436 297 1448 331 3
1481 295 1600 330 nam,
1632 289 1677 324 ut
1708 284 1898 336 superius
1918 282 2110 331 diximus,
2131 281 2198 323 hae
2217 285 2260 327 et

1230 342 1465 394 Theologiae
1484 344 1727 394 inserviunt,
1752 350 1792 386 et
1811 358 1886 398 per
1904 358 1949 385 se
1969 346 2092 385 etiam
2110 345 2258 396 juvare

1228 408 1403 454 possunt
1433 404 1486 443 ad
1515 404 1641 444 finem
1670 407 1776 446 circa
1805 408 2016 459 proximos
2034 407 2256 448 intentum.

1229 465 1345 512 Quod
1361 466 1423 505 his
1442 466 1565 505 etiam
1585 467 1722 506 verbis
1740 469 2014 520 significatum
2035 473 2096 509 est
2111 473 2259 521 quarta

1228 533 1343 579 parte
1361 528 1727 576 Constitutionum,
1747 542 1838 580 cap.
1858 531 2105 570 duodecimo
2119 561 2129 580 ‚
2158 530 2182 583 ἓ
2200 532 2224 571 3
2245 542 2255 570 :

1228 588 1353 630 Artes
1373 592 1409 630 et
1439 590 1616 630 scientiae
1634 590 1838 630 naturales
1856 592 2018 641 incenia
2046 595 2260 645 disponunt

1231 652 1284 692 ad
1301 651 1575 703 Theoloyv'am,
1610 655 1646 691 et
1672 652 1725 691 ad
1755 654 1973 702 perfectam
2005 654 2259 705 cognitionem

1229 717 1266 753 et
1282 725 1411 762 ,usum
1430 713 1675 760 inserviunt,
1704 715 1741 753 et
1757 725 1829 764 per
1848 715 2000 764 seipsas
2018 717 2070 753 ad
2087 717 2259 757 eumdem

1225 776 1342 823 finem
1353 776 1514 825 juvant.
1534 775 1702 826 Oportet
1719 786 1818 826 ergo
1840 778 1886 813 ut
1905 776 1973 824 qui
1993 775 2036 813 in
2054 777 2258 818 Societate

1228 835 1307 874 illis
1338 836 1564 884 incumbit,
1603 835 1728 875 finem
1757 836 1989 887 proximum
2025 837 2255 887 intueatur,

1230 901 1397 947 propter
1432 910 1555 948 quem
1575 897 1677 936 illud
1704 897 1883 936 studium
1905 904 2141 947 assumunt3
2163 912 2259 938 nam

1228 957 1351 1009 longe
1382 958 1501 998 aliter
1528 959 1798 1010 philosophiae
1828 960 1994 999 studere
2021 960 2165 1007 debet,
2188 961 2261 1011 qui

1228 1019 1297 1059 illa
1318 1032 1467 1059 usurus
1488 1026 1550 1060 est
1568 1026 1766 1072 tanquam
1786 1022 1971 1073 proximo
1986 1022 2259 1062 instrumento

1231 1082 1282 1121 ad
1297 1082 1484 1121 infideles
1499 1083 1816 1131 convincendos,
1836 1096 1959 1135 quam
1978 1084 2011 1122 is
2035 1084 2106 1134 qui
2126 1084 2260 1123 solum

1229 1143 1341 1182 illam
1365 1145 1557 1191 assumit,
1589 1149 1635 1183 ut
1662 1145 1973 1196 dispositionem
2008 1145 2062 1184 ad
2089 1145 2261 1184 Theolo-

1229 1207 1361 1258 giam;
1386 1211 1427 1246 et
1447 1207 1504 1246 sic
1526 1208 1578 1246 de
1600 1207 1703 1247 aliis.
1733 1209 1781 1247 Et
1807 1208 1900 1247 ideo
1921 1208 1960 1246 in
1983 1207 2260 1247 declaratione

1229 1269 1415 1319 ejusdem
1447 1270 1616 1320 capitis,
1649 1270 1710 1309 lit.
1742 1271 1786 1317 C,
1819 1271 2048 1321 generatim
2078 1270 2259 1310 dicitur:

1231 1331 1490 1372 Tractabitur
1509 1333 1653 1385 loyica,
1673 1331 1853 1384 physica,
1874 1333 2160 1383 metaphysica,
2181 1345 2261 1373 mo·

1227 1393 1331 1432 rutis
1350 1394 1518 1432 scientia
1540 1397 1577 1433 et
1595 1393 1900 1441 mathematicae,
1927 1397 2122 1446 quatenus
2142 1395 2196 1435 ad
2209 1394 2261 1447 fi-

1226 1465 1311 1494 nem
1334 1454 1444 1494 nobis
1462 1465 1564 1506 prop
1575 1455 1711 1493 isitum
1728 1456 1974 1495 conveniunt.

1281 1516 1320 1554 6.
1351 1516 1406 1555 In
1435 1516 1661 1555 coliatandis
1693 1516 1758 1555 Itis
1794 1516 1854 1555 vel
1893 1516 1981 1556 illis
2011 1517 2130 1558 libris
2160 1518 2262 1568 finis

1225 1577 1344 1619 etiam
1366 1578 1577 1628 proximus
1598 1578 1868 1617 attendendus.
1884 1598 1936 1607 —
1958 1579 2090 1629 Atque
2112 1580 2259 1620 eadem

1226 1638 1328 1677 ratio
1343 1638 1435 1676 finis
1454 1638 1672 1689 propinqui
1695 1638 1802 1677 circa
1819 1638 2037 1678 lectionem
2059 1641 2259 1681 librorum

1225 1700 1402 1739 maxime
1433 1700 1668 1739 necessaria
1698 1702 1783 1746 est;
1816 1705 1882 1748 ut,
1919 1701 2092 1750 scilicet,
2126 1703 2182 1742 illi
2206 1703 2259 1744 ab

1226 1773 1478 1812 unoquoque
1500 1762 1705 1812 legantur,
1723 1762 1792 1812 qui
1809 1763 1975 1813 proprio
1990 1765 2166 1813 muneri,
2183 1777 2258 1805 seu

1224 1821 1295 1861 fini
1320 1823 1397 1862 sibi
1417 1823 1679 1873 peculiariter
1697 1824 1878 1874 praefixo,
1898 1825 2018 1863 utiles
2039 1830 2257 1866 010000111-

1225 1885 1380 1923 modati
1408 1884 1503 1932 sint,
1533 1885 1715 1934 alioquin
1738 1885 1860 1923 lectio
1891 1885 1943 1923 ad
1978 1887 2258 1928 curiositatem

1224 1947 1362 1996 potius
1384 1947 1480 1993 erit,
1516 1958 1641 1996 quam
1664 1945 1717 1984 ad
1745 1946 1990 1996 religionem
2019 1949 2254 1998 pertinebit.

1223 2007 1272 2046 Et
1290 2007 1384 2046 ideo
1414 2007 1662 2058 quibusdam
1682 2006 1902 2046 Gentilium
1929 2020 2002 2048 seu
2030 2009 2256 2050 infidelium

1223 2068 1421 2108 librorum
1443 2069 1563 2108 lectio
1585 2069 1820 2107 necessaria
1844 2073 1920 2117 est,
1941 2075 1984 2108 ut
2010 2073 2167 2121 possint
2185 2084 2257 2111 eo-

1224 2141 1316 2170 rum
1348 2142 1510 2170 errores
1530 2129 1758 2176 confutare,
1779 2134 1819 2169 et
1838 2137 2083 2182 argumenta
2113 2133 2257 2172 dissol-

1223 2204 1343 2239 vere;
1367 2192 1458 2231 aliis
1486 2203 1584 2230 vero
1620 2191 1787 2237 inutiliS,
1808 2192 1872 2230 vel
1895 2193 2038 2231 nociva
2061 2194 2137 2234 erit
2161 2195 2256 2234 talis

1223 2254 1358 2293 lectio.
1387 2253 1580 2294 Similiter
1602 2254 1645 2292 in
1666 2253 1804 2304 aliquo
1830 2253 2070 2305 religiosum
2096 2256 2173 2295 erit
2192 2267 2255 2295 as-

1223 2316 1408 2366 trologiae
1425 2346 1435 2362 ‚
1463 2315 1577 2354 verbi
1606 2315 1752 2366 gratia,
1788 2327 1957 2366 operam
1981 2316 2103 2364 dare,
2126 2317 2161 2356 si
2181 2317 2255 2357 fini

1224 2377 1301 2416 sibi
1325 2377 1554 2428 praestituto
1579 2377 1796 2426 inserviat3
1826 2377 1868 2416 in
1899 2377 1979 2416 alio
2012 2379 2087 2417 erit
2107 2379 2254 2419 inutile

1225 2443 1265 2478 et
1296 2439 1487 2477 otiosum.
1520 2439 1632 2478 SIcut
1658 2438 1846 2484 Quodlib.
1869 2440 1918 2487 4,
1949 2442 2023 2478 art.
2055 2441 2131 2487 16,
2154 2441 2255 2481 dixit

1223 2498 1271 2538 D.
1292 2500 1494 2547 Thomas,
1518 2500 1683 2539 studere
1717 2500 1887 2551 magicae
1919 2501 1997 2539 arti
2031 2501 2084 2540 ad
2113 2514 2253 2553 repro-

1222 2560 1403 2599 bandam
1432 2566 1472 2600 et
1507 2560 1798 2600 confutandam
1830 2561 1944 2599 illam
1976 2562 2131 2601 bonum
2164 2567 2249 2612 est;

1224 2626 1362 2660 tamen
1383 2623 1414 2660 si
1435 2623 1486 2661 sit
1504 2622 1595 2660 talis
1614 2634 1807 2674 persona,
1832 2622 1886 2660 ad
1912 2635 2037 2674 quam
2057 2636 2141 2663 non
2159 2636 2252 2676 per·

1223 2683 1325 2722 tinet
1365 2684 1444 2724 hoc
1480 2684 1584 2723 scire
1599 2714 1613 2734 ,
1647 2683 1928 2723 inordinatum
1964 2695 2054 2724 esse
2094 2686 2252 2738 appeti-

1221 2750 1323 2786 tum.

1274 2810 1313 2846 7.
1348 2805 1540 2854 Quomodo
1572 2807 1854 2860 improbandus
1880 2807 2037 2860 primus
2069 2810 2167 2858 finis
2202 2820 2252 2852 es

1222 2869 1350 2909 trihus
1385 2868 1585 2909 damnatis
1617 2881 1642 2909 a
1670 2870 1890 2910 Bernardo.
1913 2891 1966 2902 -·-
1986 2871 2121 2921 Atque
2154 2871 2251 2912 hinc

1222 2930 1368 2982 colligo
1391 2943 1440 2969 ex
1460 2930 1540 2969 illis
1560 2930 1690 2970 tribus
1714 2931 1864 2970 finibus
1884 2932 2096 2983 quaerendi
2118 2933 2251 2972 scien-

1221 2992 1336 3040 tiam,
1358 3004 1462 3043 quos
1481 2994 1529 3030 D.
1553 2992 1787 3031 Bernardus
1816 3006 1898 3032 non
1927 2994 2136 3045 probavit,
2168 2993 2250 3046 pri-

1221 3064 1335 3091 mum
1364 3065 1448 3091 non
1482 3065 1572 3091 esse
1599 3053 1766 3104 quidem
1787 3066 1861 3105 per
1890 3066 1934 3093 se
1966 3055 2146 3103 malum,
2167 3065 2252 3094 res-

1221 3119 1344 3165 pectu
1364 3118 1505 3153 tamen
1524 3114 1703 3166 religiosi
1722 3127 1813 3155 esse
1834 3116 2113 3155 inordinatum
2128 3115 2250 3155 ratio-

1223 3188 1275 3215 ne
1306 3179 1435 3214 status
1469 3179 1509 3215 et
1540 3176 1785 3215 conditionis
1813 3178 1906 3216 talis
1927 3189 2139 3229 personae,
2162 3180 2206 3216 ut
2224 3187 2248 3215 a

1223 3237 1345 3276 simili
1365 3237 1514 3288 colligo
1534 3249 1585 3276 ex
1611 3238 1654 3278 D.
1679 3238 1851 3286 Thoma‚
1873 3239 1915 3278 in
1935 3239 2031 3279 dict.
2059 3236 2246 3285 Quodlib.

1223 3299 1324 3338 Cum
1345 3298 1456 3338 enim
1485 3298 1654 3338 scientia
1685 3299 1927 3339 naturaliter
1953 3303 2174 3351 appetatur
2199 3307 2251 3336 ex

1224 3372 1416 3412 suprema
1428 3360 1606 3399 hominis
1622 3360 1907 3410 inclinatione,
1921 3373 1996 3412 per
2010 3371 2053 3398 se
2066 3359 2173 3397 bona
2188 3360 2251 3399 est

1225 3426 1267 3463 et
1287 3422 1481 3471 honesta,
1506 3423 1603 3474 quia
1629 3422 1664 3461 si
1692 3434 1767 3473 per
1798 3435 1841 3461 se
1866 3424 2021 3473 spectat
2046 3418 2099 3457 ad
2123 3417 2252 3459 animi

1225 3487 1515 3523 ornamentum
1542 3487 1584 3522 et
1613 3483 1932 3534 perfectionem,
1955 3480 2066 3518 illam
2085 3483 2252 3532 propter

1225 3557 1270 3585 se
1291 3551 1486 3598 appetere
1514 3557 1599 3585 non
1634 3550 1697 3585 est
1720 3557 1794 3595 per
1820 3555 1864 3582 se
1893 3542 2064 3589 malum,
2091 3542 2252 3583 etiamsi

1224 3618 1299 3663 per
1317 3619 1410 3648 eam
1434 3607 1538 3647 nihil
1555 3606 1669 3647 aliud
1694 3604 1944 3650 intendatur,
1966 3604 2047 3645 nisi
2069 3603 2251 3659 cognitio

2177 216 2259 258 eta
2320 200 2326 206 ’
