2352 3880
119 256 222 297 1196

160 325 356 366 imponere,
374 326 409 358 et
421 323 467 359 ad
479 333 540 359 eas
557 324 597 360 in
622 331 663 360 se
685 321 775 366 ipsis
788 319 903 355 active
920 319 1147 361 exequendas

158 373 317 414 obligare
334 373 454 415 possit,
473 374 523 410 ib.

157 424 337 464 Denegare
350 430 424 456 non
435 423 541 458 debet
552 423 630 458 suis'
641 420 795 457 subditis
804 427 988 454 recursum
998 419 1044 453 ad
1056 427 1148 462 prae-

157 471 246 505 latos
258 472 471 515 superiores,
491 474 521 508 si
537 475 584 508 ad
595 482 657 507 eos
670 479 854 507 recurrere
872 469 997 509 velint.
1012 472 1052 504 ut
1064 477 1146 513 poe-

157 529 214 554 nae
228 521 297 554 sibi
320 522 497 566 impositae
519 524 565 559 ab
583 524 637 558 eis
654 523 712 559 vel
733 521 916 562 tollantur,
930 519 987 555 vel
1000 519 1146 554 lenian-

156 572 224 611 tur,
249 579 279 605 c.
302 575 354 606 11.

113 619 342 655 Praelatorum
357 622 544 665 religionis
556 626 709 666 potestas
727 622 773 656 ad
785 620 998 655 solvendum
1011 619 1050 654 in
1065 619 1144 654 foro

154 671 390 711 poenitentiae.
417 673 506 707 Vide
528 673 726 713 Absolutio,
754 671 856 705 Bulla
883 672 1015 711 Coenae,
1035 670 1145 703 Casus

155 721 336 763 reservati,
353 723 524 765 Censura,
545 728 580 757 et
594 721 937 757 Excommunicatio.

110 767 340 805 Praelatorum
363 773 551 815 religionis
574 776 725 816 potestas
737 772 783 805 ad
805 768 1090 812 dispensandum
1103 767 1143 803 in

151 819 255 860 votis,
281 821 627 864 irregularitatibus,
659 820 847 864 praeceptis
867 819 959 861 Juris
980 826 1144 853 commu-

153 869 222 910 nis,
239 874 273 903 et
290 872 436 914 regulis,
459 873 543 907 vide
565 871 802 914 Dispensatio,
818 872 852 903 et
866 868 1120 910 irregularitas.

107 916 263 953 Potestas
277 920 441 955 inferiori
466 923 612 964 praelato
628 928 796 954 concessa
823 927 865 952 eo
893 919 970 960 ipso
992 917 1142 952 concedi

149 973 314 1003 censetur
335 971 525 1013 superiori,
543 970 613 1003 nisi
627 970 726 1003 aliud
748 968 979 1012 exprimatur,
999 975 1030 1000 c.
1046 969 1099 1002 13.

107 1015 342 1052 Praelatorum
365 1020 514 1054 nomine
530 1020 681 1062 quinam
702 1019 852 1054 veniant
876 1018 914 1051 in
929 1016 1142 1060 privilegiis,

147 1074 179 1101 c.
204 1071 256 1102 22.

104 1114 244 1151 Praelati
261 1118 419 1160 supremi
443 1119 643 1162 religionis,
666 1127 688 1152 a
707 1127 778 1160 quo
793 1118 932 1161 possint
943 1115 1079 1151 absolvi
1094 1115 1141 1150 de

149 1166 292 1199 casibus
312 1167 458 1201 Summo
471 1168 636 1202 Pontifici
653 1169 853 1209 reservatis,
872 1176 902 1201 c.
921 1170 973 1199 23.

105 1216 172 1253 An,
195 1219 228 1248 et
250 1216 311 1257 qui
327 1217 464 1251 Praelati
482 1218 662 1260 regulares
680 1218 819 1260 possint
837 1217 984 1251 ordines
998 1214 1140 1257 aliquos

147 1265 323 1298 conferre.
343 1267 430 1300 Vide
453 1267 557 1302 Ordo.

101 1311 240 1349 Praelati
260 1315 477 1358 religionum
500 1321 680 1360 tenentur,
696 1327 760 1361 per
773 1326 811 1352 se
825 1316 1019 1359 loquendo,
1036 1322 1139 1358 quae-

143 1372 233 1397 rere.
253 1368 288 1398 et
309 1366 478 1400 reducere
501 1368 547 1401 ad
573 1368 786 1410 religionem
805 1369 999 1409 ApostataS‚
1020 1369 1054 1398 et
1076 1364 1136 1398 fu-

143 1413 284 1455 gitivos.
308 1416 349 1447 Et
365 1417 547 1457 quomodo
565 1417 651 1451 huic
672 1416 886 1460 obligationi
902 1414 1141 1456 satisfaciant,

141 1462 167 1497 l.
191 1467 223 1505 3,
245 1472 276 1497 c.
301 1466 335 1498 2.

140 1513 207 1549 An.
231 1517 265 1546 et
283 1514 429 1554 quando
451 1518 638 1550 excusetur
655 1516 824 1558 praelatus
847 1514 895 1549 ab
927 1512 1136 1556 hujusmodi

140 1561 374 1603 obligatione,
399 1564 451 1598 ib.

139 1612 193 1645 An
212 1615 375 1646 teneatur
385 1621 552 1648 revocare
568 1613 773 1658 fugitivum,
783 1621 892 1655 quem
903 1615 1026 1656 postea
1039 1612 1144 1655 ejec-

140 1663 243 1695 turus
264 1666 327 1702 est,
344 1662 394 1695 ib.

98 1710 164 1751 Qui
193 1712 329 1753 praelati
358 1713 547 1755 religionis
568 1713 748 1757 expellere
768 1713 909 1756 possint
926 1712 1136 1755 religiosum

140 1760 438 1804 incorrigibilem,
461 1770 493 1796 c.
517 1766 550 1797 ⁴.

97 1808 236 1844 Praelati
263 1812 329 1844 sub
352 1812 492 1846 mortali
524 1815 694 1848 tenentur
723 1811 920 1847 concedere
950 1811 1135 1845 licentiam

139 1860 285 1901 petendi
311 1861 357 1894 ad
385 1863 646 1896 transeundum
669 1862 715 1896 ad
746 1861 959 1896 strictiorem
986 1861 1134 1903 religio-

138 1917 234 1948 nem,
256 1917 286 1942 c.
303 1912 353 1943 1ο.

137 1958 209 1991 Hoc
226 1961 347 1992 tamen
364 1966 439 1993 non
459 1960 568 1994 habet
585 1959 706 1994 locum
726 1959 766 1993 in
783 1958 944 1993 Praelatis
958 1958 1134 1993 societate

135 2009 232 2050 Jesu,
245 2017 278 2044 e.
295 2012 351 2043 12.

94 2054 161 2097 Qui
179 2057 315 2091 Praelati
341 2057 538 2092 concedere
566 2058 705 2100 possint
725 2058 911 2092 licentiam
939 2057 1132 2100 religiosis,

139 2110 178 2140 ut
199 2109 356 2140 transeat
371 2107 415 2140 ad
432 2106 644 2149 religionem
662 2108 849 2148 laxiorem,
866 2106 890 2139 l.
906 2110 939 2147 2,
955 2115 986 2140 c.
1003 2110 1055 2140 11.

135 2155 225 2189 Vide
238 2156 438 2198 Religiosus
453 2156 633 2189 transiens
657 2157 702 2190 ad
730 2157 838 2189 aliam
862 2156 1091 2197 religionem.

93 2203 232 2240 Praelati
254 2206 436 2247 regulares
450 2206 632 2247 quomodo
651 2206 843 2248 gaudeant,
863 2208 898 2238 et
920 2205 971 2238 uti
990 2205 1133 2240 valeant

136 2255 336 2297 privilegiis
349 2255 418 2288 sibi
436 2255 492 2289 vel
514 2255 683 2297 religioni
699 2255 892 2289 concessis.
906 2254 995 2288 Vide
1015 2255 1132 2289 Privi—

134 2305 282 2347 legium.

92 2353 232 2390 Praelati
257 2354 441 2388 societatis
458 2355 540 2389 Jesu
562 2363 671 2397 quam
694 2357 902 2397 potestatem
922 2354 1130 2390 habeantin

134 2404 312 2446 subditos,
336 2408 379 2437 tr.
397 2404 490 2444 10,1.
508 2407 541 2446 4,
562 2412 594 2438 c.
618 2406 670 2437 12.

134 2452 246 2493 Quam
268 2454 315 2487 sit
348 2454 468 2495 ampla
503 2455 581 2487 haec
615 2456 769 2495 potestas
804 2456 878 2487 tam
911 2452 1128 2495 voluntaria,

134 2511 243 2544 quam
265 2503 520 2545 involuntaria,
536 2503 561 2536 1.
586 2505 638 2543 10,
657 2510 688 2536 c.
710 2506 741 2536 5.

133 2552 225 2591 Quot
246 2552 360 2586 titulis
374 2553 527 2586 diversis
549 2552 713 2586 subditos
731 2552 882 2594 obligari
906 2552 1057 2595 possint,
1076 2551 1126 2586 ib.

133 2600 271 2640 Quanta
297 2605 331 2634 et
359 2602 477 2643 qualis
498 2606 652 2644 potestas
673 2602 874 2644 specialiter
904 2602 1058 2635 resideat
1088 2601 1127 2636 in

132 2650 325 2692 Praeposito
348 2651 511 2685 Generali
529 2651 725 2685 societatis.
742 2652 831 2685 Vide
854 2651 1051 2685 Generalis.

132 2699 269 2739 Quanta
288 2700 326 2733 in
346 2701 428 2734 aliis
447 2701 600 2743 praelatis
619 2701 867 2743 inferioribus,
889 2701 937 2735 ib.

130 2749 212 2783 Haec
219 2754 371 2792 potestas
381 2752 609 2793 praelatorum
622 2751 836 2785 inferiorum
844 2751 1124 2794 estdependens,

132 2803 167 2831 et
181 2801 445 2834 communicata
464 2810 485 2834 a
500 2802 677 2843 Generali,
696 2802 745 2835 ib.

131 2848 192 2929 ξςῑ
206 2853 325 2882 autem
344 2850 530 2884 ordinaria
555 2851 593 2884 in
612 2851 910 2893 provincialibus,
924 2853 960 2885 et
974 2850 1126 2885 rectori-

161 2906 214 2939 us,
233 2896 281 2931 ib.

133 2945 207 2979 Sub
239 2955 281 2979 ea
311 2949 667 2990 comprehenduntur
696 2957 771 2983 non
796 2952 933 2982 tantum
958 2949 1123 2991 professi,

133 2996 197 3077 sled
219 2996 327 3030 etiam
350 2998 468 3030 caeteri
492 2999 651 3041 religiosi
666 3007 740 3032 non
757 2999 908 3041 professi
926 2999 1124 3043 societatis,

135 3053 146 3076 1
177 3069 185 3078 .

92 3090 231 3127 Praelati
251 3094 436 3128 Societatis
450 3094 738 3136 jurisdictionem
752 3105 931 3139 usumque
946 3097 1045 3131 illius
1059 3098 1126 3132 ha-

134 3142 222 3176 bent
236 3143 539 3186 independentem
554 3154 575 3178 a
592 3146 772 3188 suffragiis
795 3147 1041 3180 consultorum
1068 3147 1125 3182 vel

134 3192 390 3234 assistentium,
415 3201 445 3226 c.
463 3196 495 3227 1.

133 3243 188 3275 An
207 3242 253 3275 sit
274 3242 496 3277 conveniens
515 3245 650 3276 tantam
670 3246 878 3286 potestatem
897 3252 1025 3286 poenes
1042 3244 1125 3281 illos

135 3298 223 3330 esse,
241 3290 290 3324 ib.

93 3337 232 3373 Praelati
256 3340 439 3374 Societatis
460 3344 610 3383 possunt
624 3341 821 3375 concedere
835 3341 1039 3375 facultatem
1051 3342 1125 3377 suis

135 3389 330 3432 religiosis.
354 3390 418 3432 qui
441 3391 574 3424 habent
593 3394 731 3424 tantum
756 3394 838 3424 vota
868 3391 1056 3433 simplicia,
1084 3396 1125 3427 ut

134 3441 318 3472 transeant
338 3440 383 3473 ad
405 3440 511 3473 aliam
542 3440 776 3483 religionem,
800 3439 906 3472 etiam
927 3440 1122 3484 laxiorem;

137 3496 211 3521 non
235 3493 353 3523 tamen
375 3497 437 3524 eos
457 3490 504 3524 ad
526 3489 564 3524 id
587 3492 738 3532 possunt
762 3497 899 3532 cogere.
919 3493 962 3523 tr.
987 3493 1018 3533 8,
1041 3490 1066 3524 l.
1090 3495 1122 3535 3,

136 3544 167 3570 o.
187 3540 238 3571 12.

94 3583 232 3620 Praelati
256 3587 439 3623 societatis
455 3592 604 3632 possunt
630 3589 716 3623 dare
744 3588 926 3623 licentiam
954 3589 1123 3631 professis

138 3643 213 3669 suae
231 3637 417 3680 religionis
430 3663 441 3681 ‚
460 3642 499 3672 ut
521 3642 714 3682 transeant,
736 3641 843 3674 etiam
861 3638 908 3674 ad
929 3638 1121 3682 religiones

1029 252 1156 288 mbnx
1175 254 1326 290 RERUM.

1242 321 1406 360 laxioreS,
1423 327 1498 354 non
1526 322 1646 354 tamen
1667 327 1734 362 per
1760 319 1910 355 modum
1935 321 2229 371 dispensationis,¹
2274 323 2286 339 ”

1240 371 1304 406 sed
1325 370 1469 414 propter
1482 370 1571 404 tales
1590 370 1727 413 culpas,
1745 373 1787 404 ut
1806 371 1970 414 expediat
1982 380 2043 408 eos
2057 384 2079 410 a
2100 376 2225 411 Socie-

1238 423 1309 455 tate
1331 419 1472 462 eJicere,
1487 419 1538 454 ib.
1869 460 1873 465 ⁸

1239 471 1315 505 Non
1338 472 1487 512 possunt
1506 472 1627 504 tamen
1643 476 1707 504 eos
1730 469 1891 505 absolute
1906 478 2031 514 cogere
2049 473 2096 508 ad
2114 475 2224 511 talem

1238 520 1440 560 transitum,
1457 520 1505 553 ib.

1197 569 1334 606 Praelati
1358 570 1539 605 societatis
1566 578 1692 605 omnes
1713 572 1798 604 sunt
1815 571 1971 613 aequales
1997 570 2036 605 in
2055 575 2224 615 potestate

1239 620 1471 662 dispensandi
1503 620 1542 655 in
1575 620 1668 655 votis
1688 628 1836 654 suorum
1869 620 2112 663 subditorum,
2142 622 2168 658 l.
2189 626 2224 667 2,

1240 678 1271 703 c.
1294 674 1346 704 12.

1197 719 1334 754 Praelati
1357 719 1551 760 societatis,
1567 719 1664 754 infra
1677 719 1899 760 Generalem,
1912 722 2048 762 quanto
2065 723 2226 764 tempore

1240 769 1278 802 in
1296 768 1412 803 officio
1428 769 1558 803 durare
1572 770 1723 812 possint,
1741 773 1784 803 tr.
1800 773 1852 811 10,
1872 769 1896 803 1.
1914 773 1966 811 1ο,
1984 778 2014 803 c.
2034 773 2064 804 3.

1196 818 1262 854 Pro
1281 819 1465 860 electione,
1480 822 1515 852 et
1532 819 1615 854 aliis
1631 819 1868 860 facultatibus,
1883 828 1924 854 ac
1945 823 2114 863 potestate
2127 821 2225 857 Prae-

1238 869 1390 904 latorum
1412 869 1606 904 Societatis.
1630 869 1718 903 Vide
1733 869 1879 910 Electio,
1901 871 1937 903 et
1957 870 2151 905 Generalis.

1484 955 1808 980 Pnssuoxtsrnnlmms
1835 954 1934 980 ORDO·

1194 1018 1543 1106 Priaemonstratcnsis
1559 1017 1698 1053 ordinis
1710 1019 1811 1060 origo
1839 1021 1875 1052 et
1888 1017 2024 1061 regula,
2037 1020 2121 1059 etc„
2131 1019 2178 1054 tr.
2189 1020 2226 1064 ⁹,

1232 1082 1261 1104 ·.
1283 1071 1315 1111 a,
1336 1075 1368 1103 c.
1386 1071 1422 1104 1.

1595 1147 1819 1173 vaimmuu.

1191 1215 1424 1259 Privilegium
1445 1224 1511 1250 cur
1538 1214 1735 1257 aliquando
1757 1214 1974 1248 concedatur
2002 1214 2043 1249 in
2074 1215 2226 1250 materia

1233 1266 1323 1300 alias
1342 1266 1448 1307 licita,
1468 1266 1525 1300 vel
1546 1266 1627 1307 jure
1650 1265 1835 1299 communi
1856 1272 2044 1306 concessa;
2072 1268 2108 1300 et
2134 1264 2225 1308 quid

1234 1316 1329 1350 circa
1352 1316 1449 1350 illam
1469 1319 1646 1358 operetur,
1670 1319 1712 1348 tr.
1730 1319 1762 1356 S,
1779 1315 1803 1348 l.
1821 1318 1853 1356 2,
1869 1323 1899 1348 c.
1915 1317 1967 1348 12.

1192 1363 1383 1408 Privilegia
1404 1365 1623 1406 religionum
1646 1365 1944 1404 mendicantium,
1961 1372 2070 1406 quam
2091 1364 2223 1408 ampla,

1233 1419 1269 1450 et
1289 1415 1335 1449 ad
1358 1424 1447 1458 quas
1465 1414 1762 1458 dispensationes,
1783 1418 1819 1448 et
1835 1413 2078 1449 absolutiones
2099 1418 2224 1449 exten-

1233 1463 1376 1503 dantur,
1402 1463 1452 1497 ib.

1191 1512 1422 1555 Privilegium
1447 1515 1481 1546 et
1501 1514 1655 1554 potestas
1677 1511 1841 1546 inferiori
1864 1511 2010 1555 praelato
2038 1511 2224 1554 religionis

1233 1570 1402 1596 concessa
1417 1570 1459 1596 eo
1479 1562 1556 1604 ipso
1583 1562 1734 1596 concedi
1749 1564 1913 1596 censetur
1933 1562 2012 1603 ejus
2032 1561 2223 1604 superiori,

1233 1612 1303 1646 nisi
1327 1612 1427 1647 aliud
1443 1612 1675 1652 exprimatur,
1692 1620 1723 1645 c.
1745 1614 1798 1645 13.

1190 1659 1378 1704 Privilegia
1394 1662 1440 1695 ad
1459 1662 1718 1695 absolvendum
1740 1670 1762 1694 a
1783 1660 1925 1694 casibus
1942 1663 1977 1694 et
1992 1660 2153 1695 censuris
2163 1668 2225 1695 re-

1231 1712 1379 1745 servatis
1400 1719 1580 1752 concessa‚
1609 1711 1730 1745 valent
1750 1711 1858 1744 etiam
1879 1710 1910 1744 si
1932 1710 2124 1744 reservatio
2146 1713 2224 1753 post

1230 1762 1502 1796 concessionem
1525 1761 1597 1802 fiat,
1616 1769 1647 1795 c.
1664 1765 1698 1795 2.

1189 1809 1380 1854 Privilegia
1393 1811 1631 1854 religionibus
1645 1819 1823 1850 concessa,
1839 1813 1878 1844 ut
1887 1809 2025 1852 possint
2038 1817 2122 1844 suos
2134 1809 2223 1844 suh-

1231 1861 1325 1896 ditos
1338 1862 1521 1896 absolvere
1538 1870 1559 1894 a
1582 1861 1736 1903 peccatis
1747 1864 1781 1894 et
1799 1859 1961 1894 censuris
1975 1859 2144 1894 omnibus
2162 1868 2224 1895 re-

1230 1912 1390 1954 servatis,
1407 1920 1481 1947 non
1506 1915 1719 1946 revocantur
1742 1919 1806 1953 per
1824 1910 1959 1944 bullam
1978 1911 2110 1950 Coenae‚
2129 1909 2178 1943 ib.

1187 1959 1416 2003 Privilegium
1432 1962 1478 1995 ad
1500 1961 1760 1994 absolvendum
1774 1961 1819 1993 de
1833 1959 2030 1993 reservatis.
2047 1967 2093 1991 an
2110 1958 2221 2000 prosit

1227 2011 1334 2044 etiam
1350 2011 1432 2052 illis,
1450 2011 1510 2052 qui
1528 2018 1602 2052 spe,
1615 2013 1649 2042 et
1667 2010 1798 2043 fiducia
1813 2009 1934 2042 talium
1950 2007 2222 2050 privilegiorum

1227 2064 1405 2095 reservata
1426 2061 1668 2101 committunt,
1685 2068 1716 2093 c.
1733 2064 1786 2094 21.

1185 2109 1408 2154 Privilegiis,
1433 2120 1514 2154 quae
1549 2110 1705 2152 praelatis
1735 2109 1953 2152 religionum
1987 2109 2034 2143 ad
2055 2109 2218 2145 subditos

1228 2161 1467 2195 absolvendos
1486 2160 1745 2199 conceduntur,
1762 2167 1807 2191 an
1835 2158 1886 2192 uti
1918 2159 2057 2201 possint
2078 2159 2217 2202 vicarii,

1228 2210 1290 2252 qui
1314 2210 1524 2244 absentibus
1548 2209 1704 2252 propriis
1725 2208 1878 2251 praelatis
1896 2207 1974 2243 loco
1993 2216 2118 2243 eorum
2139 2218 2220 2244 ma—

1228 2263 1327 2301 nent,
1346 2267 1377 2293 c.
1400 2262 1453 2292 22.

1184 2308 1386 2351 Privilegia,
1415 2312 1450 2342 et
1469 2308 1665 2350 facultates,
1691 2316 1781 2350 quas
1795 2307 1931 2349 praelati
1954 2308 2134 2349 regulares
2151 2309 2219 2342 ba-

1226 2358 1313 2392 bent
1335 2358 1381 2392 ad
1403 2358 1641 2393 absolvendos
1662 2357 1846 2397 subditos,
1870 2365 1930 2390 eas
1950 2357 2032 2391 aliis
2053 2358 2217 2400 delegare

1227 2411 1388 2450 possunt,
1413 2408 1462 2442 ib.

1184 2457 1375 2500 Privilegia
1403 2457 1586 2491 societatis
1614 2457 1860 2491 conceduntur
1883 2457 2059 2496 Gener-ali,
2083 2460 2118 2491 et
2138 2465 2217 2493 me-

1225 2507 1348 2541 diante
1366 2507 1428 2541 illo
1444 2507 1599 2550 praelatis
1613 2507 1865 2541 inferioribus:
1879 2510 1914 2540 et
1925 2510 2044 2540 utrum
2058 2506 2094 2540 hi
2109 2507 2215 2541 etiam

1225 2557 1306 2590 aliis
1329 2557 1550 2591 committere
1570 2557 1709 2599 possint
1727 2557 1823 2590 vices
1840 2565 1933 2598 suas,
1951 2556 2001 2590 ib.

1181 2607 1235 2642 An
1255 2607 1390 2640 Praelati
1414 2607 1615 2649 superiores
1631 2607 1843 2648 restringere
1868 2605 2006 2648 possint
2031 2605 2215 2640 inferiori·—

1223 2656 1292 2690 bus
1313 2657 1467 2699 praelatis
1484 2656 1682 2700 privilegia,
1707 2665 1788 2698 quae
1807 2656 1966 2690 absolute
1988 2655 2140 2698 praelatis
2153 2662 2212 2690 re-

1224 2706 1370 2748 ligionis
1393 2706 1493 2740 fuere
1510 2715 1690 2746 concessa,
1715 2706 1765 2739 ib.

1179 2757 1233 2790 An
1256 2757 1488 2799 congregatio
1514 2755 1691 2799 generalis
1721 2754 1902 2789 societatis
1930 2754 2040 2796 possit
2059 2754 2213 2790 limitare

1222 2806 1412 2849 Praeposito
1434 2806 1593 2848 generali
1615 2805 1799 2838 facultates
1813 2804 1880 2846 ipsi
1903 2803 2062 2846 generali
2081 2804 2211 2838 imme-

1221 2854 1314 2890 diate
1338 2864 1360 2889 a
1381 2856 1527 2890 Summo
1554 2854 1725 2888 Pontifice
1747 2861 1946 2895 concessas,
1965 2857 2009 2887 tr.
2029 2856 2082 2896 1ο,
2107 2853 2131 2888 l.
2155 2856 2210 2895 11,

1220 2913 1251 2939 c.
1275 2909 1306 2940 3.

1177 2953 1405 2996 Privilegium
1434 2953 1599 2988 societati
1631 2961 1841 2987 concessum
1868 2952 1915 2986 ad
1938 2952 2210 2995 praedicandum

1219 3003 1367 3046 ubique,
1384 3006 1419 3037 et
1431 3004 1629 3038 audiendas
1651 3003 1817 3037 omnium
1832 3002 1993 3036 fidelium
2012 3002 2214 3037 confessio-

1221 3061 1296 3088 nes.
1309 3061 1441 3095 eosque
1456 3053 1501 3087 ab
1518 3053 1689 3088 omnibus
1702 3053 1843 3087 casibus
1855 3056 1891 3086 et
1904 3052 2066 3086 censuris
2080 3060 2210 3095 excep—

1220 3103 1265 3135 tis
1279 3103 1388 3137 bullae
1403 3105 1523 3137 Coenae
1546 3103 1796 3138 absolvendos.
1818 3103 1906 3137 Vide
1930 3102 2150 3143 Praedicatio‚
2174 3104 2212 3137 et

1219 3152 1442 3187 Poenitentiae
1461 3154 1740 3187 Sacramentum.

1177 3201 1365 3244 Privilegia
1379 3202 1582 3246 aliquarum
1594 3202 1824 3245 religionum,
1838 3201 1972 3244 quibus
1987 3200 2208 3240 conceditur,

1219 3260 1265 3285 ne
1281 3260 1405 3286 eorum
1429 3252 1583 3295 religiosi
1606 3253 1652 3286 ad
1673 3252 1760 3285 alias
1774 3251 1966 3294 religiones
1983 3250 2089 3284 etiam
2103 3249 2206 3284 stric-

1218 3301 1325 3335 tiores
1337 3302 1490 3336 transire
1500 3301 1651 3345 possint.
1664 3302 1846 3345 quomodo
1859 3300 2104 3343 intelligenda,
2115 3302 2161 3334 tr.
2172 3301 2210 3342 8,

1218 3350 1243 3384 l.
1266 3354 1298 3392 3,
1321 3358 1352 3386 c.
1377 3354 1431 3388 12.

1217 3401 1304 3435 Vide
1325 3402 1458 3438 Gratia.

1323 3486 1480 3512 ΡιιοηΑι-ιο
1502 3485 1776 3511 nummum:
1798 3486 1832 3510 m
1853 3484 2061 3512 numom.

1176 3540 1340 3575 Probatio
1350 3541 1654 3575 admittendorum
1662 3540 1699 3573 in
1714 3539 1926 3582 religionem
1939 3534 2202 3578 interrogando,

1218 3596 1254 3625 et
1266 3591 1505 3626 examinando
1516 3599 1589 3632 eos,
1600 3590 1781 3633 quomodo
1796 3589 1873 3624 fieri
1890 3589 2034 3630 debean
2047 3590 2083 3622 et
2093 3593 2207 3630 quam
2276 3592 2278 3594 ·

1218 3641 1413 3685 expediens
1431 3640 1488 3683 sit,
1510 3644 1554 3675 tr.
1571 3639 1664 3683 1ο,1.
1682 3641 1715 3682 2,
1735 3647 1768 3674 c.
1784 3643 1815 3674 3.

2307 1707 2352 1840 i

2341 1903 2346 1922 l

2316 1914 2352 2145 ἐ

2330 2150 2352 2201 ξι,

2328 2206 2352 2280 ,ii
