2352 3880
23 462 33 467 ..
64 402 455 469 ·fr2,“³91Ecclesiae‚
475 406 622 466 potest,
652 411 765 464 quod
795 411 930 451 dictus
961 414 1104 451 auctor

19 470 161 549 {pon
178 482 330 530 negat3
353 479 399 516 ut
417 480 557 515 autem
576 475 719 527 possit,
739 474 864 512 etiam
887 486 980 513 cum
1003 484 1104 525 prae·

107 539 196 580 ‘ctis
231 537 549 584 conditionibus,
571 547 742 576 necesse
763 538 826 574 est
858 540 902 575 ut
942 534 1106 587 privile-

18 596 34 647 }
50 534 191 704 &um
222 602 293 642 det
319 598 555 651 hujusmodi
581 601 850 648 potestatem3
882 597 994 648 quia,
1025 594 1104 635 nisi

59 710 62 714 .
103 675 162 704 aec
206 665 485 714 supponatur,
526 659 767 698 extrinsecae
806 658 989 698 rationes
1032 660 1104 698 aut

25 733 34 747 ³
56 718 206 765 >'causas
218 734 302 761 non
320 721 549 766 sufficiunt;
571 719 660 758 haec
680 723 818 758 autem
835 719 1013 771 supponi
1032 722 1102 759 aut

23 814 26 815 ν
46 784 219 827 vlhaheri
237 796 320 823 nou
340 785 475 836 potest
491 782 647 834 absque
663 782 899 834 privilegio.

58 915 63 935 ζ
106 877 170 921 De
184 880 354 921 secunda
367 878 571 931 particula
590 879 794 928 clausulae,
816 891 837 919 a
859 879 1058 921 censuris.

120 965 189 1007 23.
214 964 320 1014 Quid
335 966 489 1007 nomine
507 977 682 1008 censuroe
698 966 844 1007 veniat.
865 988 919 996 -
937 965 996 1007 De
1015 967 1101 1016 for-

69 1035 139 1069 ma
174 1027 396 1068 absolvendi
438 1038 511 1079 per
558 1027 707 1069 dictum
745 1026 1020 1082 pricileqium.
1047 1048 1103 1057 —

71 1086 187 1128 Circa
209 1089 436 1129 secundam
458 1088 719 1140 particulam,
741 1087 916 1137 seilicet,
945 1088 994 1129 ab
1023 1099 1102 1128 om-

69 1147 183 1191 nibus
206 1151 397 1198 censuris,
427 1150 673 1190 occurrebat
704 1150 830 1200 longa
861 1148 1104 1200 disputatio,

69 1210 171 1262 quid
191 1211 269 1249 sub
291 1211 401 1249 illam
423 1210 810 1262 comprehendatur.
828 1210 908 1250 Sed
928 1222 995 1249 res
1016 1211 1103 1250 haec

69 1275 114 1312 in
137 1272 312 1312 materia
333 1272 385 1312 de
413 1270 621 1317 Censuris,
639 1271 744 1322 disp.
770 1273 813 1319 1,
837 1275 936 1311 sect.
960 1272 983 1310 3
1001 1302 1010 1319 ,
1034 1283 1103 1311 co-

65 1333 186 1386 piose
213 1337 386 1372 tractata
406 1337 480 1375 est.
504 1334 620 1372 Nunc
643 1332 740 1374 satis
763 1333 815 1372 sit
846 1332 1103 1385 respondere

70 1393 369 1446 comprehendi
415 1406 723 1446 quamcumque
766 1395 1103 1434 excommunica-

69 1455 246 1502 tionem,
279 1455 594 1506 suspensionem
620 1461 660 1495 et
680 1446 957 1503 interdictum,
983 1456 1105 1508 juxta

70 1526 108 1557 c.
130 1516 343 1565 Quoerenti,
377 1517 430 1556 de
460 1517 573 1557 Sent.
603 1529 865 1557 excommun.
904 1519 969 1558 An
1002 1529 1103 1558 vero

68 1577 198 1631 possit
217 1577 381 1618 extendi
402 1578 454 1617 ad
474 1578 820 1629 irregularitatem
843 1579 1038 1629 aliquam,
1061 1580 1103 1619 iu

68 1640 243 1679 materia
278 1639 331 1678 de
365 1639 692 1691 irregularitate,
727 1644 825 1679 tom.
863 1640 915 1679 de
947 1641 1068 1680 Ceus.
1089 1671 1104 1690 ,

70 1698 177 1753 disp.
198 1702 265 1749 40,
296 1704 397 1740 sect.
422 1702 460 1748 1,
482 1700 638 1740 dictum
659 1705 735 1749 est,
758 1704 799 1741 et
823 1701 959 1740 statim
980 1702 1103 1741 attin-

70 1766 204 1814 getur.
223 1764 325 1802 Item
346 1762 471 1813 quaeri
492 1766 642 1813 potest,
662 1774 754 1814 quae
781 1762 915 1802 forma
938 1775 1105 1803 servan-

69 1824 124 1865 da
142 1825 194 1864 sit
221 1824 261 1864 in
281 1824 358 1863 hac
378 1824 635 1863 absolutione
655 1836 679 1862 a
699 1825 886 1863 censuris
905 1830 1110 1877 praestan-

63 1883 138 1926 da.
159 1885 242 1926 Sed
258 1885 438 1924 breviter
457 1885 678 1924 dicendum
706 1890 781 1932 est,
809 1898 892 1924 non
912 1890 1103 1937 oportere

70 1947 375 1988 solemnitatem
406 1947 587 1997 aliquam
604 1947 670 1985 vel
688 1948 980 1985 caeremoniam
996 1948 1105 1998 juris

69 2019 251 2057 servare,
274 2008 347 2047 sed
368 2008 607 2059 simpliciter
627 2008 797 2048 concedi
818 2021 866 2047 ex
888 2007 1102 2059 privilegio

69 2069 218 2110 Leonis
239 2070 278 2109 X
294 2082 489 2108 concesso
507 2069 757 2117 Minoribus,
789 2073 836 2108 ut
866 2070 1042 2109 habetur
1060 2070 1104 2108 in

71 2142 214 2172 eorum
235 2131 524 2182 supplemento
541 2160 551 2179 ,
576 2130 844 2170 concessione
867 2132 971 2179 174,
1001 2135 1041 2170 et
1060 2131 1105 2170 in

69 2197 210 2233 nostro
244 2192 517 2245 CompendiO,
550 2191 664 2232 verb.
701 2191 1102 2244 Excommunicatio,

122 2316 190 2356 24.
220 2313 287 2356 An
315 2313 592 2357 absolvendum
621 2315 845 2357 necessario
873 2315 990 2356 intra
1018 2326 1106 2357 con-

70 2378 296 2429 sessionem.
324 2395 378 2406 —-
401 2377 587 2416 Tandem
619 2377 745 2428 quaeri
782 2382 948 2429 potest,
993 2377 1105 2428 quod

73 2437 197 2479 etiam
217 2450 342 2488 supra
358 2437 491 2488 tetigi,
510 2442 626 2477 tract.
652 2439 699 2485 8,
730 2438 757 2475 l.
780 2439 820 2485 2,
840 2450 932 2490 cap.
954 2437 1107 2489 vigesi-

69 2510 142 2540 mo
165 2502 338 2549 quarto,
368 2510 542 2538 numero
572 2497 844 2547 duodecimo,
879 2509 933 2538 an
967 2499 1107 2539 danda

70 2560 306 2602 necessario
326 2559 377 2598 sit
393 2560 497 2598 intra
513 2564 817 2599 sacramentum
834 2561 1104 2612 poenitentiae,

73 2621 139 2663 vel
158 2622 287 2673 possit
304 2625 418 2660 extra
436 2620 537 2660 illud
555 2621 658 2660 dari.
676 2620 792 2667 Quod
812 2621 983 2661 dubium
1004 2623 1106 2661 allas

73 2684 240 2731 tractari
259 2682 362 2722 solet
382 2682 433 2721 de
451 2682 567 2721 Bulla
585 2683 795 2729 CrucIatae,
814 2692 856 2722 et
873 2684 962 2723 aliis
983 2684 1107 2735 privi-

74 2743 208 2797 legiis,
235 2744 279 2783 iu
307 2743 457 2795 quibus
483 2743 588 2783 solet
617 2744 701 2784 haec
729 2743 903 2784 facultas
934 2744 1106 2784 concedi

77 2799 152 2847 sub
177 2805 243 2844 his
261 2805 396 2844 verbis
425 2819 435 2843 ε
457 2803 705 2846 concedimus
722 2810 782 2854 ut,
804 2817 935 2845 eorum
957 2810 1107 2857 confes-

77 2866 252 2918 sionibus
284 2866 493 2918 diliyenter
525 2866 704 2914 auditis,
740 2878 765 2907 a
801 2868 1036 2908 criminibus
1069 2869 1107 2908 ec

76 2930 254 2982 pensuris
268 2929 416 2969 absolvi
428 2930 599 2980 possint,
614 2932 690 2968 etc.
709 2927 767 2967 Ex
785 2940 866 2979 qua
884 2930 1105 2969 verborum

44 2985 48 2987 ¹
75 2989 208 3037 firma
227 2992 387 3032 videtur
403 2992 538 3043 colligi
560 2992 860 3031 absolutionem
879 3005 903 3031 a
920 2994 1106 3032 censuris

74 3057 163 3106 ‘non
180 3066 302 3106 posse
322 3053 409 3092 dai-i
430 3053 504 3092 nisi
528 3053 570 3092 in
591 3053 850 3093 confessione
873 3066 1107 3094 sacramen-

76 3111 164 3170 tali,
183 3116 282 3155 etin
305 3115 448 3154 ordine
474 3115 527 3153 ad
547 3115 852 3154 absolutionem
873 3127 1108 3155 sacramen-

48 3220 51 3221 .
76 3170 204 3226 {ulem
224 3177 327 3227 ejus.
359 3176 514 3215 Eadem
534 3180 673 3215 autem
701 3176 832 3215 forma
860 3181 1045 3216 servatur
1062 3178 1108 3217 in

47 3263 53 3287 ς
80 3229 159 3287 ᾔει
181 3241 322 3276 nostro
350 3236 578 3287 privilegio.
598 3238 702 3277 Nam
723 3238 812 3277 haec
838 3238 1022 3277 clausula
1051 3239 1107 3279 ita

47 3292 53 3306 ³
126 3296 222 3349 jv‘pit
242 3308 254 3336 z
273 3297 360 3339 Nec
386 3309 478 3345 non,
501 3301 606 3347 etc„
636 3299 689 3338 ad
712 3310 780 3339 vos
805 3300 889 3339 und
907 3311 978 3351 que
1005 3311 1109 3342 acce-

172 3359 254 3399 ium
289 3358 544 3409 consessiones
576 3360 775 3407 audiendi,
807 3365 996 3400 eteorum
1023 3373 1110 3401 cow-

172 3419 182 3429 '
205 3419 320 3460 nibus
348 3418 557 3470 diligenter
586 3417 749 3467 auditis,
782 3431 845 3460 ecs
863 3432 887 3460 a
905 3420 1111 3473 quibusvis

158 3478 168 3489 ⁸
191 3490 253 3529 us,
282 3482 320 3521 et
336 3489 384 3520 ex
412 3479 515 3530 ipsis
533 3479 692 3520 casibus
711 3481 1000 3522 resultantibus
1023 3494 1112 3523 sen-

174 3539 235 3591 ⁸2⁶⁸,
264 3541 372 3587 etc.;
406 3551 506 3590 ergo
535 3540 627 3580 talis
660 3539 865 3581 absolutio
883 3554 907 3580 a
927 3543 1113 3584 censuris

204 3611 291 3642 non
309 3605 447 3653 potest
464 3601 543 3641 uisi
559 3600 754 3653 praedicto
786 3602 925 3643 modo.
956 3603 1112 3644 Confir-

292 3673 379 3709 avt.

389 188 489 263 αἱ).
509 225 551 261 11.
575 226 672 270 Qmo
691 224 860 260 Possum·
880 222 934 259 Ac
953 221 1142 258 nEBEANT
1162 222 1278 259 numu
1298 223 1502 260 Rsstlctosl
1523 221 1873 269 PRAESTAREJETC,

1156 291 1309 336 matur,
1331 300 1429 328 nam
1449 289 1537 328 haec
1557 290 1760 330 absolutio
1782 304 1867 331 non
1884 294 2022 344 potest
2038 291 2131 334 dari
2148 298 2196 337 ut

1157 350 1287 400 prosit
1315 349 1395 388 nisi
1422 350 1462 388 in
1494 350 1584 390 foro
1617 353 1824 397 interlori.
1857 357 1903 393 ut
1936 353 2195 397 declaratum

1159 414 1222 449 est
1249 423 1272 449 a
1302 411 1372 450 Pio
1391 411 1441 459 V,
1459 410 1504 450 in
1534 413 1713 463 quadam
1742 414 1859 453 Bulla
1887 415 1910 456 J
1917 416 2071 464 ubilaei,
2094 418 2195 460 anui

1159 471 1279 517 1568,
1296 471 1367 509 ubi
1385 473 1602 512 occasione
1624 474 1732 513 illius
1749 475 1925 523 Jubilaei,
1942 477 1999 516 ita
2018 479 2194 530 explicat

1159 543 1305 570 omnes
1334 531 1486 570 similes
1515 532 1734 573 facultates
1754 536 1807 574 ab
1825 537 2061 587 Apostolica
2086 539 2193 580 Sede

1158 598 1404 642 manantes3
1434 593 1503 632 ubi
1535 601 1842 645 consequenter
1875 598 1946 647 ait,
1979 601 2088 640 hanc
2124 601 2196 641 ab·

1158 655 1408 694 solutionem
1445 654 1628 709 dandam
1662 667 1755 695 esse
1785 656 1831 695 in
1869 658 1959 698 foro
1989 662 2196 712 poeniten-

1156 719 1256 760 tiali.
1279 722 1357 758 etc.

1209 782 1277 821 25.
1297 781 1572 820 Nihilominus
1591 782 2008 830 auctores-moderni,
2029 788 2076 824 ut
2093 786 2196 825 San-

1155 842 1259 887 cius,
1290 843 1363 881 lib.
1384 844 1409 883 8
1425 843 1476 883 de
1494 843 1690 889 Matrim.,
1712 843 1820 894 disp.
1847 845 1914 890 15,
1933 856 2051 884 num.
2082 847 2195 898 vige-

1157 904 1261 944 simo
1282 905 1440 955 quinto,
1464 909 1504 944 et
1527 905 1633 955 disp.
1659 906 1724 953 16,
1749 917 1864 943 num.
1887 905 1981 954 ult„
2018 909 2058 945 et
2088 907 2192 959 disp.

1156 967 1223 1012 34,
1247 978 1363 1004 uum.
1395 967 1465 1012 ⁶28,
1491 970 1531 1005 et
1561 967 1633 1005 lib.
1669 967 1696 1005 4
1729 967 1942 1018 Decalogi,
1971 979 2062 1017 cap.
2085 970 2153 1016 54,
2173 981 2196 1007 a

1155 1039 1269 1066 num.
1296 1029 1360 1075 14,
1378 1028 1446 1066 ubi
1468 1028 1570 1066 alios
1591 1028 1701 1074 citat,
1724 1032 1931 1076 asserunt,
1951 1041 2025 1079 per
2037 1029 2196 1068 Bullam

1155 1088 1358 1128 Cruciatee
1389 1101 1511 1139 posse
1553 1089 1639 1128 dari
1669 1089 1975 1128 absolutionem
2007 1102 2195 1129 censurae

1156 1150 1316 1200 absque
1338 1155 1597 1189 sacramento
1626 1151 1904 1198 Paenitentiae,
1926 1151 2038 1191 unde
2066 1165 2090 1190 a
2117 1152 2200 1190 for-

1156 1211 1249 1251 tiori
1271 1212 1459 1262 sequitur
1479 1212 1521 1250 id
1554 1224 1673 1264 posse
1703 1211 1794 1250 fieri
1818 1224 1891 1262 per
1922 1212 2003 1251 hoc
2033 1213 2199 1263 privile-

1157 1273 1285 1323 gium.
1311 1274 1462 1312 Verum
1491 1277 1552 1312 est
1579 1274 1740 1324 aliquos
1769 1285 1913 1311 eorum
1934 1274 1976 1312 in
1995 1274 2075 1313 hoc
2105 1275 2199 1313 fun-

1156 1334 1263 1384 dari,
1287 1335 1400 1384 quod
1423 1334 1542 1373 Bulla
1563 1347 1644 1372 nou
1667 1333 1829 1380 limitat,
1864 1338 1908 1373 ut
1943 1335 2147 1374 absolutio
2175 1348 2198 1374 a

1155 1407 1333 1436 censura
1364 1395 1499 1442 detur,
1537 1394 1688 1436 azcditis
1718 1395 2051 1444 confessionibus,
2086 1397 2198 1445 quod

1155 1456 1200 1497 in
1220 1458 1298 1495 hoc
1319 1456 1532 1508 privilegio
1563 1469 1646 1494 non
1675 1456 1732 1494 ita
1759 1460 1834 1494 est.
1868 1457 1916 1494 Et
1944 1455 2038 1495 ideo
2061 1457 2131 1495 alii
2156 1457 2199 1495 id

1156 1519 1403 1567 defendunt,
1432 1532 1516 1558 non
1538 1518 1801 1557 obstantibus
1820 1518 1900 1556 illis
1925 1519 2077 1566 verbis,
2101 1519 2199 1568 quia

1157 1582 1227 1621 illa
1254 1593 1340 1620 non
1371 1585 1468 1619 sunt
1498 1580 1630 1631 posita
1656 1583 1826 1630 propter
1846 1579 2151 1618 absolutionem
2175 1591 2199 1618 a

1156 1655 1350 1689 censura,
1374 1642 1446 1681 sed
1467 1646 1637 1693 propter
1663 1641 1968 1680 absolutionem
1998 1654 2022 1679 a
2052 1653 2201 1692 pecca-

1156 1704 1221 1751 tis,
1243 1703 1294 1743 de
1320 1716 1402 1755 qua
1422 1704 1609 1755 proxime
1634 1715 1773 1742 sermo
1804 1703 2083 1754 subjungitur.
2115 1704 2200 1742 Hu-

1154 1765 1225 1817 jus
1247 1769 1385 1804 autem
1407 1764 1761 1816 interpretationis
1782 1765 1888 1803 ratio
1911 1769 1994 1810 est,
2018 1765 2116 1815 quia
2138 1775 2201 1804 se·

1160 1826 1342 1867 cundum
1379 1839 1605 1866 commune
1632 1826 1706 1876 jus
1741 1825 1796 1863 ad
1833 1825 2138 1864 absolutionem
2176 1837 2201 1863 a

1159 1899 1334 1928 censura
1368 1899 1453 1926 non
1489 1891 1552 1929 est
1587 1886 1824 1925 necessaria
1860 1886 2087 1932 confessio,
2123 1897 2200 1924 nec

1157 1948 1363 1987 absolutio
1382 1948 1710 1994 sacramentalis,
1730 1950 1775 1985 ut
1798 1950 1859 1986 est
1878 1959 1953 1998 per
1973 1959 2016 1985 se
2037 1950 2197 1994 notum,

1159 2013 1201 2049 et
1218 2009 1375 2060 disput.
1403 2011 1441 2056 7,
1466 2009 1520 2049 de
1541 2010 1681 2057 Cens.,
1704 2012 1808 2047 sect.
1840 2009 1862 2047 7
1881 2037 1893 2056 ,
1929 2020 1982 2047 ex
2013 2008 2199 2058 professo

1157 2072 1379 2111 tractatum
1400 2074 1487 2118 est;
1521 2083 1620 2122 ergo
1647 2070 1717 2108 illa
1739 2069 1866 2109 verba
1886 2069 2199 2119 interpretanda

1158 2137 1255 2173 sunt
1276 2132 1507 2171 secuudum
1527 2133 1596 2182 jus
1619 2143 1864 2179 commune,
1888 2135 1932 2168 ut
1953 2130 2107 2168 scilicet
2127 2130 2200 2168 ad-

1153 2193 1243 2233 dita
1264 2198 1512 2232 censeantur
1533 2206 1606 2244 pro
1630 2193 1695 2230 ilia
1722 2192 1983 2232 absolutione
1999 2191 2053 2230 ad
2073 2203 2198 2242 quam

1157 2255 1393 2296 necessaria
1414 2258 1478 2293 est
1496 2254 1717 2294 confessio.

1209 2317 1278 2356 26.
1307 2317 1404 2355 Haec
1439 2320 1579 2354 autem
1617 2316 1721 2354 ratio
1762 2315 1993 2366 retorqueri
2028 2319 2164 2366 potest
2184 2329 2197 2365 3

1158 2387 1254 2417 nam
1278 2378 1414 2428 potius
1430 2381 1569 2416 essent
1583 2377 1794 2427 superflua
1810 2376 1878 2415 illa
1898 2377 2039 2422 verba,
2057 2377 2091 2414 si
2105 2388 2198 2427 pro-

1160 2443 1251 2492 pter
1271 2440 1574 2478 absolutionem
1606 2438 1739 2477 solam
1763 2438 2107 2477 sacramentalem
2127 2450 2200 2489 po-

1159 2503 1384 2547 nerentur3
1422 2501 1520 2551 quia
1553 2500 1758 2538 absolutio
1792 2499 2105 2538 sacramentalis
2138 2511 2199 2537 es-

1161 2562 1390 2602 sentialiter
1417 2561 1514 2601 dicit
1545 2565 1781 2611 respectum
1813 2560 1866 2598 ad
1896 2561 2198 2599 confessionem

1161 2623 1523 2669 sacramentalem,
1546 2626 1587 2661 et
1603 2622 1713 2668 ideo,
1740 2633 1788 2659 eo
1810 2621 1900 2671 ipso
1922 2621 2034 2672 quod
2054 2632 2199 2660 conce-

1159 2683 1270 2724 ditur
1305 2684 1480 2723 facultas
1517 2683 1571 2722 ad
1604 2682 1906 2721 absolvendum
1943 2695 1968 2720 a
2002 2682 2196 2733 peccatis,

1160 2746 1484 2797 subintelligitur
1499 2775 1508 2792 ‚
1540 2745 1680 2784 audita
1700 2743 1985 2792 confessione;
2007 2756 2107 2795 ergo
2140 2744 2199 2782 vi—

1159 2807 1312 2846 dentur
1338 2818 1534 2858 expresse
1564 2806 1706 2844 addila
1736 2805 1806 2844 illa
1834 2806 1982 2853 verba,
2007 2809 2051 2843 ut
2072 2804 2198 2856 expli-

1160 2872 1302 2907 carent
1315 2868 1594 2907 necessariam
1609 2866 1891 2906 conditionem
1906 2866 1959 2905 ad
1978 2870 2197 2916 utramque

1161 2929 1480 2977 absolutionem,
1501 2933 1586 2968 tam
1607 2940 1879 2967 censurarum
1903 2939 2030 2978 quam
2058 2928 2200 2978 culpa-

1160 3004 1268 3031 rum.
1304 2993 1400 3031 Esto
1425 2992 1537 3030 enim
1568 3002 1717 3030 verum
1747 2989 1819 3038 sit,
1848 2989 2152 3028 absolutionem
2174 3000 2198 3026 a

1162 3065 1339 3093 censura
1356 3066 1441 3091 non
1455 3052 1667 3104 postulare
1683 3052 2026 3091 sacramentalem
2044 3063 2117 3101 per
2135 3060 2195 3097 se,

1161 3115 1430 3154 nihilominus
1456 3115 1590 3167 potuit
1617 3114 1802 3153 Pontifex
1821 3113 1948 3161 nolle,
1977 3117 2018 3151 et
2038 3111 2197 3150 videtur

1161 3178 1346 3217 noluisse
1384 3178 1498 3216 illam
1540 3177 1779 3216 facultatem
1817 3175 2046 3215 concedere
2067 3202 2077 3220 ,
2119 3171 2196 3210 nisi

1163 3251 1259 3279 cum
1277 3251 1326 3278 ea
1341 3238 1612 3285 restrictione,
1633 3238 1729 3290 quia
1749 3249 1834 3276 non
1848 3236 1973 3275 dabat
1986 3235 2099 3274 illam
2119 3231 2195 3271 nisi

1161 3303 1208 3340 ut
1226 3305 1396 3352 possent
1424 3299 1630 3340 removeri
1659 3298 1958 3351 impedimenta
1979 3294 2196 3335 absolutio-

1161 3362 1227 3402 nis
1247 3363 1571 3402 sacramentahs.
1596 3363 1644 3401 Et
1663 3362 1719 3400 ita
1739 3363 1880 3399 censet
1898 3359 2024 3399 tutius
2046 3357 2196 3395 Navar-

1161 3435 1250 3471 ruS,
1273 3436 1363 3475 cap.
1386 3425 1438 3463 26
1452 3454 1462 3471 ,
1484 3435 1659 3462 numero
1679 3421 1890 3472 trigesimo
1911 3419 2066 3470 primo;
2099 3414 2196 3452 Cor·

1164 3483 1292 3532 duba,
1314 3484 1359 3524 iu
1375 3485 1548 3538 *Summa
1569 3483 1773 3535 Hispana,
1795 3483 1940 3532 quaest.
1975 3479 2025 3516 19
2045 3478 2085 3515 et
2103 3475 2193 3522 187,

1164 3545 1296 3586 citans
1317 3546 1484 3585 Covarr.
1498 3575 1509 3593 ,
1529 3546 1572 3584 in
1596 3557 1685 3595 cap.
1707 3543 1845 3589 Alma,
1866 3543 1891 3580 2
1909 3551 1949 3590 p-
1963 3567 1974 3585 ‚
2006 3537 2030 3590 ἓ
2057 3538 2122 3583 11,
2149 3547 2192 3576 ¹1·

1164 3605 1328 3646 decimo
1347 3610 1482 3657 sexto,
1499 3605 1573 3646 ubi
1588 3605 1643 3645 de
1662 3606 1743 3644 hoc
1764 3601 1867 3642 nihil
1885 3598 2012 3640 habet
2023 3628 2036 3648 ,
2051 3596 2128 3639 sed
2142 3595 2195 3637 de
