2352 3880
90 52 117 96 '.
135 63 146 85 '¹
164 43 171 59 ³
194 50 279 98 '525'
323 81 326 83 >
348 70 353 75 ·
562 66 583 90 o

81 88 117 128 '¹'
146 121 174 142 .-
291 102 293 105 ⁴
432 108 444 119 ο
924 107 944 132 4

157 167 161 170 ’
198 163 202 165 ’
258 172 278 190 ν

0 255 33 307 13
93 252 516 328 &confirmationibus
541 282 730 335 priorum
759 280 1022 322 Pontificum.
1056 283 1164 323 Nam

131 341 283 384 Paulus
306 343 377 393 111,
397 344 444 383 in
471 343 649 383 secunda
675 341 789 383 bulla
818 342 1159 393 confirmationis,

129 403 372 445 auctoritate
390 404 623 456 Apostolica
643 403 843 452 concedit,
863 408 911 443 ut
928 417 1003 456 per
1017 404 1160 456 hujus-

137 462 247 503 modi
266 463 359 502 v‘ota
376 459 532 510 possint
549 456 746 500 scholares
762 458 804 497 in
823 458 1062 500 Societatem
1093 459 1167 499 ad-

137 525 256 568 mitti.
284 526 323 565 et
354 520 552 564 Societati
591 520 822 572 aqqreqari.
843 520 892 560 Et
926 521 969 560 in
991 520 1104 560 bulla
1120 523 1159 569 4,

135 585 326 639 prohibet
361 581 600 634 hujusmodi
647 581 857 623 scholares
901 584 1077 623 transire
1107 583 1164 625 ad

132 649 255 688 aliam
271 645 516 696 religionem
534 646 705 694 excepto
722 643 1074 685 Carthusiensium
1094 657 1162 684 or·-

130 709 251 758 dine3
288 707 371 746 imo
406 718 479 745 eos
516 704 721 745 inhabiles
759 706 813 745 ad
851 719 1160 758 quamcumque

130 771 251 811 aliam
266 767 565 820 professionem
584 767 740 807 faciunt
756 768 851 807 Pius
867 770 920 807 IV
937 773 976 808 et
997 769 1090 808 Pius
1109 768 1158 815 V,

130 831 172 872 in
210 830 323 871 bulla
357 822 458 870 anni
499 829 618 874 1565,
657 841 752 880 quae
780 830 922 881 incipit
943 843 952 870 ε
973 831 1161 883 AE'quum

129 897 374 945 reputamus,
397 902 491 942 quae
520 903 545 930 a
576 891 701 942 priori
734 891 858 939 edita,
893 896 934 932 et
971 905 994 931 a
1020 896 1160 943 poste-

129 955 224 994 riori
252 954 461 1006 publicata
480 956 521 992 et
551 952 794 992 confirmata
818 953 910 992 fuit.
937 954 1158 1005 Nunquam

128 1020 268 1056 autem
309 1014 528 1055 Pontifices
561 1014 828 1065 prohiberent
866 1015 932 1054 his
966 1017 1159 1066 personis

129 1079 349 1118 transitum
381 1076 434 1116 ad
475 1076 714 1127 religiosum
758 1080 930 1121 statum,
969 1077 1050 1116 nisi
1086 1089 1159 1116 eos

130 1151 250 1180 veros
282 1150 330 1178 ac
360 1137 562 1189 perfectos
582 1137 798 1188 religiosos
821 1149 914 1177 esse
949 1150 1161 1189 suppone-

131 1205 242 1248 rent;
269 1203 310 1239 et
328 1199 384 1239 ita
406 1199 448 1236 in
470 1197 666 1249 praedicta
693 1198 807 1237 bulla
843 1211 955 1249 saepe
985 1212 1058 1239 eos
1098 1212 1162 1240 re-

129 1262 296 1316 ligiosos
328 1259 552 1311 appellant.
574 1259 623 1298 Et
654 1271 678 1299 e
709 1261 917 1299 contrario
947 1266 1160 1313 apostatas

129 1325 287 1369 vocant,
306 1326 346 1361 et
363 1326 563 1372 tanquam
578 1321 811 1362 desertores
825 1325 956 1361 status
975 1323 1160 1375 religiosi

126 1385 302 1438 puniunt
318 1395 404 1432 eos,
425 1383 496 1434 qui
516 1387 610 1434 post
628 1383 717 1423 haec
743 1388 839 1423 vota
871 1385 962 1424 sine
992 1385 1159 1425 licentia

126 1447 394 1499 Superiorum
426 1446 537 1485 hunc
577 1449 728 1484 statum
764 1446 1026 1497 relinquunt;
1058 1458 1158 1498 ergo

126 1513 364 1562 supponunt
395 1520 466 1547 eos
485 1519 574 1547 esse
596 1508 637 1546 in
671 1519 769 1547 vero
805 1512 913 1547 statu
943 1508 1155 1560 religioso.

125 1573 175 1612 Et
195 1571 473 1618 confirmatur,
495 1570 593 1620 quia
616 1570 709 1608 Pius
740 1569 784 1616 V,
806 1570 850 1609 in
863 1570 977 1610 bulla
997 1572 1036 1619 3,
1060 1570 1160 1609 anni

127 1636 247 1680 1571,
265 1643 358 1684 quae
378 1632 523 1682 incipit
544 1645 553 1669 ε
577 1632 685 1671 Dum
716 1631 949 1681 indefessoei,
971 1632 1161 1671 declara-

129 1697 187 1734 vit
203 1694 439 1736 Societatem
467 1693 606 1741 (etiam
629 1692 662 1731 si
684 1693 858 1744 collegia
877 1693 1042 1741 habeat,
1068 1704 1160 1744 quae

127 1769 178 1797 ex
206 1755 379 1808 propriis
396 1754 595 1793 reditibus
617 1755 932 1803 sustentantur),
955 1755 1160 1807 Praeposi-

127 1821 225 1865 tum,
246 1830 292 1858 ao
307 1818 489 1870 singulas
504 1827 692 1866 personas
708 1816 795 1866 ejus
811 1828 897 1856 vere
915 1820 953 1856 et
970 1829 1047 1856 non
1069 1817 1161 1864 ficte

123 1881 387 1921 mendicantes
420 1878 560 1928 fuisse.
581 1889 661 1917 esse
680 1880 716 1916 et
739 1881 851 1927 fore,·
869 1881 905 1917 et
933 1878 1037 1917 inter
1057 1878 1160 1917 alio-

123 1954 214 1982 rum
235 1944 415 1991 fratrum
429 1944 466 1981 et
481 1939 758 1990 religiosorum
771 1940 1081 1979 mendicantium
1097 1951 1159 1980 or-

123 2004 248 2050 dines,
286 2002 461 2054 aliosque
498 2004 668 2052 fratres,
699 2006 736 2042 et
764 2002 974 2052 reliqiosos
1008 2003 1161 2042 mendi-

124 2068 271 2112 cantes,
286 2067 407 2116 prout
432 2063 526 2104 illos
550 2075 621 2103 nos
638 2075 979 2111 connumeramus,
1002 2067 1043 2104 et
1068 2075 1160 2104 con-

123 2126 331 2167 numerari
350 2125 498 2170 debere;
516 2137 563 2165 ac
579 2137 709 2165 omnes
726 2129 762 2164 et
777 2125 972 2175 simonias,
993 2128 1075 2166 tam
1086 2126 1158 2175 ju-

124 2189 186 2228 ris
212 2199 328 2240 quam
366 2187 566 2226 bominum
586 2186 876 2237 dispositiones,
897 2187 944 2226 in
976 2189 1158 2237 favorem

125 2250 401 2301 reliyiosorum
419 2260 487 2289 seu
509 2251 688 2293 fratrum
706 2248 1027 2294 mendicantium,
1052 2260 1158 2291 nunc

126 2315 166 2353 et
183 2323 257 2364 pro
283 2314 451 2362 tempore
470 2314 687 2357 emanatas,
708 2311 828 2350 etiam
860 2310 905 2349 in
940 2309 1151 2360 Societate,

127 2373 314 2424 illiusque
332 2372 522 2420 domibus,
543 2371 734 2424 colhqiis,
753 2373 988 2422 Praeposito,
1002 2377 1040 2413 et
1058 2373 1158 2413 aliis

126 2434 328 2487 reliyiosis
362 2434 487 2472 locum
523 2433 675 2472 babere.
711 2432 865 2478 Quibus
898 2434 1034 2472 verbis
1070 2447 1157 2473 non

121 2496 264 2554 ⁸minus
283 2506 473 2546 expresse
490 2505 616 2544 quam
632 2493 854 2545 Gregorius
865 2494 1064 2544 declarat,
1079 2496 1158 2535 has

124 2568 338 2610 personas,
360 2559 400 2594 et
435 2555 650 2604 religiosas
684 2566 791 2602 esse,
815 2560 857 2594 et
886 2556 964 2594 sub
996 2557 1159 2596 mendi-

125 2618 314 2659 cantibus
332 2615 645 2667 comprehendi,
663 2615 789 2666 idque
810 2616 887 2655 sub
907 2616 970 2656 his
992 2618 1157 2668 juribus

126 2684 168 2721 et
186 2678 537 2731 dispositionibus,
560 2689 651 2728 quae
668 2677 711 2715 in
730 2677 916 2716 favorem
941 2679 1158 2730 religioso-

125 2754 233 2790 rum,
255 2752 330 2781 seu
360 2739 685 2779 mendicantium
718 2738 825 2777 facta
855 2739 1022 2779 fuerint.
1046 2743 1094 2781 Et
1123 2743 1157 2782 si

126 2805 278 2843 attente
298 2802 538 2854 inspiciatur
554 2805 770 2840 contextus
790 2802 1013 2850 Pontificis‚
1035 2803 1158 2844 facile

125 2865 375 2916 intelligetur
400 2863 514 2902 illam
531 2863 867 2903 constitutionem
888 2865 1028 2914 quoad
1049 2867 1157 2906 hanc

123 2930 288 2981 partem
309 2925 444 2978 potius
460 2937 552 2965 esse
569 2925 891 2964 declarationem
927 2926 982 2966 ad
1008 2927 1158 2967 tollen-

125 2989 224 3029 dam
241 2999 406 3028 omnem
420 2987 746 3039 ambiguitatem,
757 2991 802 3025 ut
820 2987 974 3027 ibidem
991 2989 1154 3040 dicitur,

28 3100 30 3105 ,
126 3060 254 3102 quam
265 3060 417 3090 novam
433 3049 759 3100 dispositionem.
781 3049 917 3088 Potest
935 3050 1061 3090 etiam
1077 3051 1156 3092 hoc

91 3110 363 3182 ι1·,011111·111111·1
396 3122 449 3151 ex
465 3110 645 3150 Concilio
667 3110 922 3158 Tridentino,
950 3123 1053 3151 sess.
1087 3115 1156 3163 25,

130 3181 224 3222 01η).
245 3171 312 3220 16,
335 3171 390 3212 de
416 3173 583 3224 Regul.,
612 3172 755 3212 inillis
784 3172 920 3212 verbis
940 3184 952 3213 :
975 3173 1058 3214 Per
1074 3175 1159 3216 koec

86 3242 98 3253 ··
134 3233 266 3273 autem
277 3235 419 3274 saneta
434 3233 622 3285 Synodus
642 3245 720 3275 non
737 3235 909 3275 intendit
922 3235 1078 3288 aliquid
1095 3237 1160 3276 in-

133 3302 279 3334 novare
302 3293 375 3331 aut
395 3294 614 3343 prohibere,
634 3295 730 3347 quin
755 3295 899 3346 religio
930 3296 1160 3337 clericorum

76 3408 78 3412 ι
129 3351 354 3411 ἱΒοιήειιιτίε
385 3351 502 3400 Jesu,
531 3357 611 3395 eto.
660 3355 738 3397 Ubi
765 3356 934 3396 nomine
952 3357 1162 3410 reliyionis

130 3415 226 3455 ¹sine
256 3412 386 3454 dubio
405 3416 537 3454 totam
552 3415 797 3458 Societatem
829 3419 1160 3470 comprehendit,

134 3477 344 3528 quatenus
378 3474 465 3514 suis
494 3475 684 3516 omnibus
702 3479 900 3518 membris
926 3483 1101 3529 constat,
1120 3484 1163 3520 et

137 3536 196 3576 ibi
210 3535 331 3576 tacite
349 3534 553 3587 approbat
578 3536 657 3576 hoc
691 3538 934 3585 institutum,
956 3544 1163 3592 quatenus

136 3596 184 3648 in
198 3607 249 3638 eo
272 3600 423 3650 praeter
437 3597 611 3638 novitios
631 3597 735 3638 varii
763 3604 858 3640 sunt
874 3601 1164 3654 religiosorum

407 216 512 261 ,CAR
534 215 590 255 IV.
611 214 894 255 COROLLARIA
908 213 1012 251 ‘rmA
1033 214 1135 253 SIVE
1152 214 1490 255 CONCLUSIONES
1510 218 1575 255 Ex
1593 216 1859 264 PRINCIPALL’
1870 219 1972 260 ETC.

2189 187 2263 260 siis

1218 281 1372 333 gradus
1385 309 1400 332 ‚
1446 283 1544 334 quia
1583 297 1727 326 omnes
1770 299 1866 327 vere
1914 285 2099 339 religiosi
2135 290 2264 340 sunt3

1216 343 1379 383 etiamsi
1403 356 1489 383 non
1521 357 1664 386 omnes
1695 349 1934 389 solemniter
1963 345 2140 406 professi
2160 349 2261 401 sint,

1215 408 1263 444 ut
1279 405 1429 444 clarius
1447 407 1671 457 Gregorius
1690 410 1782 459 XIII
1802 415 1944 462 postea
1964 411 2204 452 declaravit.

1274 462 1312 500 4.
1345 461 1548 502 Probatur
1578 466 1721 514 quarto
1755 477 1803 505 eat
1837 469 2008 510 ratione.
2023 491 2077 501 —
2102 472 2254 513 Ultimo

1218 522 1419 574 probatur
1435 523 1611 571 ratione,
1629 524 1726 574 quia
1742 525 1917 576 ipsemet
1931 529 2152 583 Gregorius
2164 534 2251 573 XIII

1218 595 1338 623 suam
1389 583 1710 624 declarationem
1762 587 2000 638 confirmat3
2038 593 2252 643 nimirum,

1216 645 1314 696 quia
1346 644 1586 695 hujusmodi
1620 659 1810 698 personae
1839 661 1915 700 per
1934 651 2022 692 haec
2042 655 2118 693 tria
2139 659 2250 704 vota,

1215 711 1261 746 ut
1277 707 1563 747 substantialia
1593 708 1819 759 religionis,
1846 722 1889 749 se
1915 713 2084 753 tradunt
2113 717 2253 756 Socie-

1214 769 1303 818 tati,
1329 773 1370 808 et
1390 769 1428 807 in
1449 781 1514 815 ea,
1537 772 1739 820 tanquam
1759 771 1802 809 in
1821 772 2020 824 religione
2040 775 2092 814 ab
2115 777 2254 817 Eccle-

1216 831 1277 870 sia
1298 831 1544 882 approbata,
1567 844 1611 870 se
1633 836 1741 871 totos
1758 833 1897 873 divino
1913 835 2078 875 servitio
2098 837 2141 875 in
2159 850 2254 889 per-

1214 895 1390 943 petuum
1411 897 1676 940 consecrant;
1699 906 1749 932 ex
1773 906 1857 944 quo
1890 895 2016 944 infert
2048 897 2140 936 illos
2161 911 2255 939 esse

1214 966 1314 994 vere
1334 958 1376 994 et
1394 956 1561 1006 proprie
1576 956 1805 1007 religiosos.
1822 957 1928 996 Illud
1945 962 2084 997 autem
2096 971 2253 999 assum-

1214 1020 1331 1068 ptum
1348 1028 1492 1055 verum
1520 1017 1596 1055 fuit
1617 1029 1641 1056 a
1662 1018 1879 1068 principio,
1902 1031 1952 1058 ex
1972 1031 2053 1070 quo
2071 1025 2166 1071 post
2183 1034 2254 1072 ap-

1215 1078 1433 1129 probatam
1466 1079 1714 1117 Societatem
1740 1080 1839 1118 talia
1870 1085 1965 1120 vota
1999 1082 2043 1120 in
2079 1093 2130 1120 ea
2161 1081 2254 1122 fieri

1213 1143 1446 1190 coeperunt,
1467 1144 1513 1178 ut
1530 1152 1605 1190 per
1624 1152 1668 1179 se
1689 1145 1834 1179 notum
1863 1146 1947 1188 est;
1968 1154 2067 1194 ergo
2095 1147 2135 1182 et
2155 1155 2255 1182 0011-

1213 1213 1395 1251 sequens
1417 1201 1516 1239 illud
1535 1213 1701 1252 semper
1719 1214 1865 1241 verum
1885 1204 1975 1251 fuit,
1998 1217 2095 1242 nam
2115 1205 2159 1243 in
2181 1205 2253 1243 illo

1215 1263 1474 1302 antecedenti
1496 1264 1731 1302 continetur
1748 1265 1956 1304 sufficiens
1978 1270 2018 1304 et
2034 1267 2255 1317 adaequata

1216 1336 1342 1364 causa
1362 1325 1671 1376 consequentis,
1691 1337 1765 1364 seu
1786 1330 1915 1365 status
1933 1339 2030 1366 vere
2047 1329 2248 1379 religiosi.

1214 1386 1492 1425 Confirmatur
1517 1398 1566 1424 ae
1602 1386 1862 1436 declaratur3
1895 1400 2007 1435 nam,
2032 1401 2127 1427 cum
2154 1390 2256 1428 Gre-

1216 1448 1356 1499 gorius
1375 1447 1488 1485 illam
1523 1448 1846 1488 declarationem
1874 1450 1984 1497 fecit,
2006 1463 2091 1489 non
2117 1453 2256 1490 minus

1216 1512 1376 1548 certum
1394 1508 1470 1547 fuit
1490 1521 1575 1556 eos,
1601 1510 1670 1559 qui
1697 1511 1785 1560 jam
1826 1515 1944 1549 erant
1963 1512 2005 1549 in
2037 1513 2252 1561 Societate,

1216 1582 1308 1610 esse
1328 1582 1424 1610 vere
1448 1583 1495 1610 ac
1513 1572 1679 1622 proprie
1693 1572 1925 1623 religiosos,
1949 1586 2075 1624 quam
2093 1587 2164 1613 eos
2184 1576 2256 1625 qui

1214 1633 1369 1671 fuerint
1394 1632 1591 1683 deinceps
1613 1633 1654 1670 in
1677 1646 1725 1672 ea
1744 1634 1930 1683 admissi,
1950 1639 1996 1674 111
2012 1640 2173 1675 constat
2205 1632 2258 1676 ex

1215 1694 1352 1732 verbis
1372 1694 1561 1744 ejusdem
1579 1695 1897 1743 constitutionis,
1913 1701 1953 1734 et
1973 1709 2023 1735 ex
2042 1698 2258 1737 communi

1215 1756 1402 1795 omnium
1424 1768 1570 1801 sensu;
1593 1760 1634 1794 et
1665 1757 1761 1806 quia
1781 1769 1866 1795 non
1884 1758 2002 1796 aliter
2021 1764 2115 1798 vota
2138 1762 2257 1799 emit-

1214 1821 1322 1864 tunt,
1341 1818 1406 1855 vel
1430 1817 1474 1855 in
1493 1817 1742 1856 Societatem
1762 1818 2039 1858 admittuntur
2056 1822 2259 1870 posterio-

1212 1891 1281 1917 res
1303 1889 1429 1927 quam
1459 1878 1632 1927 priores.
1672 1878 1762 1916 Non
1791 1882 1985 1929 poterant
2017 1886 2156 1920 autem
2179 1883 2254 1931 illi,

1214 1940 1285 1989 qui
1302 1939 1389 1989 jam
1408 1943 1526 1977 erant
1557 1939 1597 1976 in
1618 1940 1838 1987 Societate,
1864 1941 1895 1978 si
1916 1942 2003 1992 jam
2039 1955 2124 1981 non
2158 1943 2257 1983 fuis-

1215 2006 1307 2040 sent
1325 2001 1411 2040 veri
1431 2000 1628 2051 religiosi,
1643 2001 1826 2051 incipere
1850 2014 1943 2041 esse
1961 2004 2064 2042 tales
2085 2010 2256 2056 propter

1215 2063 1345 2102 solam
1368 2063 1645 2102 extrinsecam
1668 2064 2006 2103 constitutionem
2033 2067 2253 2115 Pontificis‚

1214 2125 1314 2175 quia
1333 2136 1419 2163 non
1439 2128 1575 2174 potest
1602 2124 1790 2163 Pontifex
1814 2125 1952 2165 facere
1971 2127 2023 2165 de
2042 2140 2126 2166 non
2163 2130 2254 2167 reli-

1213 2188 1329 2239 gioso
1344 2186 1584 2237 religiosum
1603 2185 1690 2224 sine
1711 2187 1926 2225 voluntate
1946 2189 2051 2237 ejus,
2074 2190 2253 2229 maxime

1211 2259 1308 2288 cum
1335 2259 1420 2286 non
1441 2247 1647 2286 addiderit
1668 2247 1859 2297 religioni
1880 2260 2031 2287 novam
2050 2251 2253 2301 approha-

1211 2310 1383 2355 tionem,
1405 2320 1545 2359 neque
1564 2320 1718 2347 novam
1737 2313 1988 2359 potestatem
2006 2311 2252 2352 admittendi

1213 2370 1479 2417 concesserit,
1514 2381 1592 2409 nec
1625 2382 1783 2409 novum
1816 2372 1990 2411 modum
2020 2374 2252 2414 traditionis

1212 2438 1284 2473 aut
1301 2432 1598 2483 acceptationis
1618 2432 1710 2483 ejus
1729 2432 1978 2480 instituerit3
1995 2446 2095 2487 ergo
2110 2448 2252 2476 neces-

1212 2495 1322 2534 sario
1341 2493 1567 2533 dicendum
1587 2497 1663 2541 est,
1684 2505 1829 2533 omnes
1849 2494 2092 2546 hujusmodi
2108 2510 2251 2549 perso-

1212 2569 1304 2603 nas,
1327 2567 1493 2606 semper
1513 2559 1597 2593 eta
1627 2555 1832 2606 principio
1858 2558 2041 2597 extitisse
2069 2571 2168 2599 vere
2202 2573 2251 2600 ac

1211 2616 1377 2670 proprie
1421 2615 1652 2666 religiosas.
1688 2617 1876 2657 Tandem
1920 2619 2193 2661 confirmatur
2225 2634 2250 2661 a

1212 2677 1447 2730 posteriori,
1469 2689 1567 2715 nam
1587 2681 1728 2716 votum
1748 2679 1961 2730 religionis
1989 2681 2185 2732 impletur
2205 2683 2250 2723 in

1213 2741 1431 2785 Societate,
1451 2739 1577 2778 etiam
1593 2739 1636 2777 in
1659 2740 1737 2779 hoc
1758 2741 1904 2791 gradu,
1920 2742 2045 2781 etiam
2064 2745 2153 2783 sine
2175 2757 2251 2796 spe

1211 2800 1454 2842 transeundi
1475 2800 1528 2840 ad
1544 2801 1827 2851 professorum
1849 2803 2040 2853 gradum,
2069 2805 2143 2844 sed
2160 2797 2252 2852 tan-f

1210 2869 1302 2904 tum
1332 2863 1624 2914 coadjutorum
1643 2862 1931 2903 formatorum.
1962 2866 2063 2914 1m0,
2086 2867 2250 2906 etiamsi

1211 2929 1354 2964 votum
1386 2923 1599 2974 religionis
1632 2924 1789 2963 factum
1819 2925 1872 2964 sit
1902 2925 1955 2965 de
1984 2938 2250 2978 quacumque

1212 2987 1293 3026 alia
1311 2985 1512 3036 religione
1526 2985 1815 3034 determinata,
1836 2990 1974 3038 potest
1990 2988 2032 3026 in
2045 2988 2135 3027 haec
2152 2992 2250 3028 vota

1212 3046 1475 3094 commutari,
1497 3051 1543 3085 ut
1566 3050 1730 3086 constat
1755 3059 1806 3087 ex
1826 3060 1989 3088 summa
2008 3043 2251 3101 privilegioss

1212 3121 1306 3149 rum
1336 3107 1612 3159 Societatis,§
1646 3110 1672 3147 2
1698 3113 1739 3148 et
1770 3111 1809 3158 3,
1840 3110 1953 3160 quod
1987 3111 2117 3150 multo
2152 3115 2248 3150 ante

1213 3170 1551 3210 constitutionem
1573 3169 1761 3220 Gregorii
1792 3171 1881 3210 XIII
1911 3183 2058 3210 verum
2086 3172 2249 3210 habuit,

1213 3233 1322 3283 Ergo
1343 3231 1506 3281 signum
1529 3234 1592 3270 est
1610 3243 1687 3282 per
1701 3233 1791 3271 haec
1809 3236 1905 3272 vota
1939 3245 2104 3284 semper
2120 3232 2248 3270 fuisse

1214 3292 1458 3333 constitutos
1487 3303 1586 3331 vere
1625 3293 1857 3345 religiosos,
1887 3294 2040 3345 alioqui
2073 3304 2150 3345 per
2177 3274 2252 3333 illa*

1214 3366 1302 3394 non
1319 3353 1562 3407 impleretur
1576 3354 1789 3406 religionis
1814 3359 1974 3395 votum.

1469 3456 1739 3500 Corollarium
1757 3457 1984 3497 secundum.

1269 3542 1310 3580 5.
1341 3539 1545 3581 Probatur
1563 3552 1611 3580 em
1646 3540 1739 3590 fide.
1759 3558 1812 3567 —
1830 3535 2023 3576 Secundo
2037 3566 2048 3585 ,
2074 3536 2251 3578 infertur

1218 3613 1271 3642 ex
1284 3601 1420 3652 dictis,
1441 3612 1568 3654 quam
1583 3601 1634 3640 sit
1658 3602 1772 3639 certa
1790 3597 1882 3638 haeo
1900 3599 2055 3639 veritas
2069 3611 2095 3639 a
2113 3599 2249 3639 Ponti-
