2352 3880
23 314 26 315 γ
88 276 172 323 ’,4.
203 271 392 317 Secunda
423 275 593 316 assertio
625 287 701 326 pro
733 274 898 315 secundo
933 273 1102 313 membro

80 333 202 398 hujus
220 337 380 389 capitis.
397 357 451 366 —
475 336 681 378 Suo-,detur
700 337 937 376 auctoritate
962 333 1103 374 Ponti-

74 383 214 455 fium-
234 417 288 428 —
305 398 408 438 Item
427 398 594 438 rarione.
610 397 777 436 -Hinc
803 395 980 435 secundo
1005 393 1102 432 dici-

32 488 35 489 .
76 461 148 499 tur
173 462 314 498 votum
334 459 426 507 hoc,
459 463 499 498 et
517 471 589 511 per
616 470 659 498 se
688 458 933 497 conveniens
953 468 1036 496 esse
1062 460 1103 495 et

76 519 192 566 utile,
221 520 403 571 atquem
429 519 507 558 1100
538 531 659 558 5811511
686 519 972 564 necessarium,
995 517 1103 569 quod

24 582 34 609 ’·’
50 585 248 625 ἕποι’-81111
267 579 325 619 ad
337 579 482 621 melius
499 592 596 619 8558.
620 579 831 625 Probatur,
847 592 940 618 nam
964 579 1103 630 impri-

56 633 155 680 sniis
173 640 274 679 illud
290 644 428 679 votum
447 639 659 690 probatum
677 644 736 678 est
750 640 801 678 ab
819 641 994 678 Ecclesia
1009 650 1103 678 cum

78 702 231 740 caeteris
251 714 324 753 per
342 701 476 740 Bullas
495 701 738 747 Ponfificias,
760 706 800 740 et
818 702 1046 753 specialiter
1058 701 1102 738 in

76 761 194 801 Bulla
215 762 391 801 secunda
413 762 527 801 Pauli
547 763 699 801 III.-Est
715 763 844 812 igitur
862 763 943 802 tale
963 767 1102 801 votum

75 833 148 874 per
159 834 200 861 58
214 822 430 862 honestum
450 836 496 863 ac
514 825 783 873 conveuiens3
800 829 839 863 et
859 825 1016 863 ratione
1033 836 1104 874 pa-

76 887 146 928 tet,
168 884 262 934 quia
280 888 338 922 est
351 884 400 922 de
415 884 575 923 meliori
591 885 715 934 bono,
733 886 840 936 quod
858 885 1100 932 ostenditur,

75 943 172 995 quia
190 944 289 983 alias
306 956 450 984 verum
469 950 611 984 votum
627 959 708 984 non
730 951 830 986 esset
842 958 855 996 ;
878 951 963 985 tum
982 947 1104 985 etiam

74 1005 186 1056 quia,
206 1009 253 1043 ut
281 1005 431 1046 dicitur
450 1007 494 1045 in
517 1007 807 1054 declaratione,
829 1009 960 1058 quint.
981 1011 1102 1057 part„

74 1077 162 1116 cap.
190 1067 231 1114 4,
250 1066 273 1117 ξ
297 1068 336 1114 4,
359 1067 420 1106 lit.
444 1068 474 1106 F
491 1098 500 1114 ,
522 1069 733 1119 promissio
760 1068 1014 1118 ingrediendi
1036 1068 1104 1106 So-

73 1127 262 1166 cietatem
280 1133 339 1166 est
359 1128 408 1167 de
427 1130 530 1168 votis
548 1129 819 1180 professorum
839 1128 1100 1177 solemnibus,

74 1192 144 1226 aut
176 1189 458 1239 coadjutorum
487 1189 769 1228 formatorum.
794 1191 942 1228 Votum
965 1194 1102 1228 autem

73 1249 246 1300 simplex
270 1250 318 1289 de
337 1254 428 1289 voto
448 1250 619 1288 solemni
644 1250 847 1297 faciendo,
870 1255 938 1289 aut
959 1251 1008 1289 de
1022 1251 1102 1289 alio

74 1313 168 1348 voto
196 1322 449 1361 quacumque
469 1312 626 1350 ratione
655 1311 882 1361 perfectiori
903 1316 972 1349 aut
990 1312 1104 1350 stric-

74 1370 182 1418 tiori,
207 1383 278 1421 per
298 1384 338 1411 58
359 1373 603 1411 conveniens
624 1377 698 1421 cst,
717 1377 757 1411 et
781 1373 830 1412 de
849 1372 1009 1411 meliori
1028 1372 1104 1412 bo-

72 1442 151 1480 no;
175 1444 286 1482 ergo.

125 1494 165 1532 5.
196 1494 384 1534 Primum
404 1495 655 1536 corollarium
687 1507 735 1536 ea
760 1496 946 1546 proxima
975 1508 1104 1536 asser—

72 1553 188 1595 tione.
205 1578 257 1584 -—
275 1555 497 1596 Secundum
521 1557 792 1596 corollarium.
805 1579 857 1585 —
875 1557 989 1595 Unde
1018 1557 1103 1596 obi-

71 1618 135 1654 ter
155 1616 299 1666 colligo
319 1618 466 1668 primo,
484 1619 671 1668 quamvis
687 1619 838 1668 gradus
857 1618 1103 1656 scholarium

73 1675 118 1714 in
138 1678 335 1716 Societate
363 1691 505 1717 verum
533 1679 770 1729 religiosum
789 1680 1025 1728 constituat,
1042 1680 1103 1717 ni-

71 1735 294 1776 hilominus
331 1752 629 1790 quemcumque
661 1740 895 1779 ulteriorem
929 1741 1102 1790 gradum

72 1810 158 1837 esse
194 1799 430 1849 simpliciter
466 1801 679 1839 meliorem
718 1806 757 1840 et
797 1802 1074 1851 perfectiorem
1087 1832 1100 1850 ,

70 1858 224 1909 alioqui
248 1872 332 1898 11011
359 1865 467 1899 recte
487 1861 601 1899 fieret
623 1866 761 1900 *fotum
784 1864 1023 1901 transeundi
1051 1864 1102 1902 ab

70 1931 153 1958 uno
173 1920 224 1958 ad
244 1926 421 1959 caeteros.
437 1922 486 1960 Et
507 1923 556 1960 de
577 1923 707 1972 gradu
728 1924 888 1974 quidem
909 1925 1103 1975 professo-

70 1993 162 2019 rum
184 1981 226 2019 id
260 1994 331 2032 per
364 1994 405 2020 se
436 1982 590 2021 clarum
612 1989 695 2033 est3
732 1985 827 2035 quia
859 1994 899 2023 et
932 1985 1102 2024 includit

70 2042 188 2094 pluta
206 2047 300 2082 vota
319 2048 359 2082 et
379 2045 582 2094 graviora,
599 2046 839 2097 inducitque
862 2046 991 2085 multo
1014 2048 1101 2098 plu-

68 2115 132 2142 res
161 2108 199 2142 et
233 2116 374 2154 graves
404 2106 688 2156 obligationes.
715 2109 770 2146 De
801 2108 929 2158 gradu
961 2113 1100 2147 autem

69 2164 350 2215 coadjutorum
367 2166 635 2206 formatorum
647 2169 688 2206 id
704 2171 826 2207 etiam
844 2173 968 2219 patet,
986 2170 1097 2219 quia,

70 2230 237 2276 excepto
247 2231 341 2265 voto
351 2229 515 2278 speciali
533 2229 773 2268 obedientiae
791 2230 841 2268 acl
865 2231 1099 2269 Pontif1<=em

71 2285 176 2325 circa
210 2287 434 2337 missiones,
455 2289 614 2340 reliqua
647 2292 786 2329 omnia
820 2295 914 2329 vota
951 2292 994 2329 in
1029 2292 1098 2330 illo

69 2344 191 2393 fiunt,
213 2352 253 2386 et
271 2349 434 2388 effectus
454 2353 703 2402 paupertatis
723 2356 817 2390 sunt
835 2353 879 2390 in
900 2365 946 2391 80
967 2354 1098 2403 gradu

69 2408 256 2458 majores,
281 2422 405 2460 quain
422 2412 465 2449 in
483 2412 612 2462 gradu
633 2413 896 2459 scholarium,
933 2414 1023 2452 licet
1054 2414 1098 2452 in

68 2468 159 2507 aliis
178 2470 334 2510 (luobus
350 2473 454 2511 votis
482 2474 533 2511 sit
557 2474 780 2524 aequalitas.
803 2475 872 2512 Est
901 2476 1022 2513 etiam
1054 2476 1097 2515 in

67 2540 116 2568 eo
134 2535 240 2570 niatu
268 2533 397 2583 major
416 2534 602 2585 quaedam
630 2535 728 2573 unio
763 2548 854 2573 cum
883 2535 1095 2585 religione,

65 2593 225 2631 ratione
245 2594 360 2642 cujus
381 2598 421 2632 et
440 2599 582 2644 status,
602 2595 784 2634 absolute
802 2596 1022 2646 loquendo,
1038 2602 1097 2636 est

65 2651 223 2692 firmior
239 2659 278 2692 et
296 2654 492 2703 stabilior,
512 2660 552 2694 et
571 2656 784 2706 religiosus
803 2658 887 2706 ipse
914 2659 1028 2707 quasi
1046 2671 1096 2697 ex

65 2713 195 2752 ossicio
212 2715 340 2765 inagis
354 2715 559 2767 obligatur
576 2717 625 2755 ad
643 2729 766 2756 onera
785 2718 992 2768 religionis
1011 2732 1094 2758 sus-

63 2773 246 2815 tinenda.
278 2777 399 2816 Recte
418 2790 514 2829 ergo
533 2778 579 2817 fit
611 2779 681 2817 illa
713 2780 924 2830 promissio
955 2780 1004 2819 de
1026 2781 1094 2820 illo

63 2834 266 2886 ingressu,
289 2842 483 2889 tanquam
503 2839 552 2878 de
573 2839 733 2878 meliori
752 2840 875 2887 bono,
892 2846 932 2879 et
953 2853 1000 2879 ex
1020 2842 1094 2880 hac

63 2901 179 2948 parte
194 2897 315 2937 etiam
337 2898 459 2939 habet
478 2912 618 2939 veram
637 2903 838 2940 rationem
860 2903 957 2940 voti.
980 2903 1093 2942 Unde

65 2959 188 2998 etiam
224 2964 331 3010 patet.
362 2958 486 3012 quod,
519 2962 613 3001 licet
632 2963 732 3000 illud
758 2976 841 3002 11011
863 2964 913 3002 511
933 2967 1093 3015 proprie

65 3024 205 3059 votum
217 3021 438 3072 religionis,
452 3023 641 3074 quiajam
653 3025 843 3074 supponit
855 3025 1094 3074 religiosum

66 3085 237 3130 statum,
263 3086 322 3120 est
351 3087 488 3123 tamen
514 3085 630 3135 quasi
652 3090 791 3123 votum
820 3086 985 3136 majoris
1003 3098 1093 3137 per-

65 3139 250 3180 fectionis
261 3143 312 3181 -in
333 3145 473 3184 eodem
490 3149 595 3184 statu
616 3146 828 3195 religionis
845 3161 856 3194 3
880 3147 981 3185 sicut
1001 3160 1093 3186 auc-

64 3203 172 3240 tores
198 3205 467 3243 communiter
499 3207 640 3245 dicunt
669 3213 810 3244 votum
844 3219 868 3245 a
903 3207 1091 3258 religioso

65 3260 217 3301 factum
245 3265 484 3304 transeundi
514 3267 564 3305 ad
602 3268 815 3306 arctiorem
850 3267 1092 3318 religionem

63 3333 150 3362 non
169 3334 254 3363 esse
285 3325 446 3376 proprie
477 3331 617 3366 votum
637 3328 846 3378 religionis
866 3328 909 3366 in
928 3341 1091 3380 genere,

63 3383 133 3423 sed
159 3387 321 3423 tantum
339 3385 472 3436 quoad
493 3388 666 3437 speciem
695 3394 735 3428 et
749 3389 916 3428 modum
937 3390 1095 3441 religio-

66 3444 143 3484 nis.
165 3445 228 3484 Sic
247 3457 359 3497 ergo,
381 3448 640 3498 proportione
657 3455 830 3498 servata,
852 3451 930 3489 hoc
947 3456 1095 3491 votum

67 3503 109 3545 in
125 3514 314 3557 praesenti
334 3506 646 3558 intelligendum
669 3516 741 3549 est.

117 3565 161 3607 6.
180 3566 420 3609 Declaratur
429 3567 606 3619 amplius
619 3570 770 3611 veritas
782 3572 959 3613 secunda·
972 3583 1100 3614 asser-

348 209 438 245 cAP.
460 208 544 246 xvi.
567 191 624 244 ΑΝ
643 208 856 244 Pnomssio
875 204 1134 242 scnommtm
1153 206 1197 240 IN
1215 206 1444 243 sommus
1464 210 1804 251 APPROBATORUM,
1825 211 1917 245 mc.

2102 208 2188 248 '193
2213 203 2216 206 ’

1158 273 1294 314 tionis.
1311 296 1364 304 -
1381 275 1580 333 Αῒᾳιιψ
1594 276 1658 316 1115
1686 275 1805 316 facile
1832 278 1951 328 patet.
1967 277 2184 320 necessitas

1156 346 1227 373 5811
1246 335 1401 374 utilitas
1425 336 1549 386 hujus
1576 339 1674 376 voti.
1697 339 1766 377 Est
1793 339 1904 377 enim
1924 337 2184 378 consideran-

1157 395 1255 434 dum
1277 396 1479 435 scholares
1500 397 1711 437 Societatis
1731 400 1788 438 ita
1806 399 1994 438 constitui
2014 399 2056 438 in
2077 403 2184 439 statu

1156 456 1366 506 religionis
1396 469 1469 508 per
1505 458 1585 496 tria
1611 464 1707 498 vota
1733 460 2033 507 substantialia,
2050 465 2097 500 111
2128 466 2186 502 ta-

1157 529 1252 556 men
1289 530 1372 556 non
1400 518 1569 556 omniuo
1599 521 1898 559 constituantur
1924 527 2038 561 extra
2058 522 2184 572 viam,

1156 590 1227 617 seu
1244 580 1287 616 in
1311 579 1484 617 termino
1504 578 1686 629 religiosi
1715 584 1858 628 status,
1876 586 1922 619 ut
1956 583 2012 621 sic
2028 583 2185 624 dicam:

1156 643 1197 677 et
1233 639 1340 687 ideo,
1360 639 1548 690 quamvis
1585 639 1692 678 ultra
1723 640 1911 679 ordinem
1938 644 2188 684 novitiorum

1157 701 1252 748 sint,
1278 713 1360 738 non
1381 704 1521 738 tamen
1539 705 1634 738 sunt
1651 700 1822 739 omnino
1840 706 1955 741 extra
1983 705 2188 753 probatio-

1156 773 1250 800 nem
1270 766 1309 799 et
1329 761 1670 804 experimentum.
1693 762 1790 800 Haec
1804 764 1915 801 enim
1933 763 2014 802 duo
2035 777 2190 816 respec-

1157 826 1200 860 tu
1221 823 1472 861 diversorum
1487 834 1568 860 non
1589 827 1683 861 sunt
1702 825 1987 874 repugnantia.
2006 825 2065 863 Ob
2085 826 2190 866 118118

1159 895 1256 931 ergo
1270 895 1449 930 causam,
1470 884 1655 934 quamvis
1681 897 1752 935 per
1786 885 1865 923 tria
1885 889 1978 923 vota
1998 885 2191 925 substan-

1158 944 1270 982 tialia
1288 944 1388 982 fiant
1408 945 1451 982 hi
1483 945 1684 984 scholares
1704 958 1798 985 vere
1824 958 1870 984 80
1903 946 2066 997 proprie
2097 946 2192 985 reli-

1159 1004 1276 1054 giosi,
1298 1009 1337 1043 et
1359 1005 1662 1044 constituantur
1695 1007 1738 1045 in
1769 1011 1900 1056 statu3
1921 1006 2193 1046 nihilominus

1160 1066 1432 1104 necessarium
1455 1071 1514 1104 est
1533 1071 1578 1104 ut
1596 1071 1772 1106 voveant
1790 1068 2008 1107 transitum
2025 1068 2076 1106 ad
2091 1068 2194 1108 ulte-

1157 1127 1305 1165 riorem
1329 1128 1518 1176 gradum,
1539 1129 1636 1178 quia
1656 1129 1705 1166 ad
1737 1128 1854 1166 illum
1875 1129 2063 1175 tendunt,
2089 1132 2129 1167 et
2149 1129 2194 1168 in

1157 1187 1226 1226 illo
1246 1193 1341 1226 sunt
1362 1192 1539 1227 maxime
1563 1190 1778 1228 necessarii
1797 1190 2002 1239 religioni,
2024 1190 2089 1228 cui
2109 1202 2193 1229 non

1157 1250 1253 1287 satis
1267 1254 1370 1288 esset
1390 1250 1636 1296 consultum,
1650 1251 1682 1288 si
1703 1251 1777 1299 illi,
1799 1263 2038 1302 permanere
2053 1251 2194 1290 volen-

1160 1314 1219 1348 tes
1240 1311 1280 1348 in
1298 1317 1504 1361 assumpto
1522 1315 1645 1359 statu,
1665 1311 1820 1350 nollent
1842 1312 2009 1350 ulterius
2028 1323 2195 1362 progre-

1160 1371 1217 1416 di,
1238 1376 1358 1422 prout
1375 1373 1419 1409 in
1434 1374 1569 1421 rigore
1588 1372 1675 1410 sine
1693 1377 1855 1423 peccato
1868 1372 2002 1411 facere
2015 1376 2192 1423 possent,

1159 1432 1238 1471 nisi
1265 1433 1341 1470 1100
1360 1433 1589 1482 specialiter
1610 1434 1909 1483 promitterent.
1930 1435 1978 1473 Et
2007 1434 2194 1484 quamvis

1158 1499 1405 1545 praeceptum
1436 1493 1676 1532 obedientias
1711 1495 1906 1545 potuisset
1935 1495 2135 1542 sufficere,
2159 1495 2195 1534 si

1159 1556 1259 1594 alias
1285 1555 1539 1594 declaratum
1578 1559 1678 1593 esset
1712 1555 1819 1594 hanc
1857 1568 1942 1595 8558
1979 1558 2195 1596 materiam

1160 1616 1416 1663 obedientiae,
1440 1621 1578 1655 tamen
1597 1617 1775 1655 suaviori
1804 1621 1844 1656 et
1878 1617 2038 1656 meliori
2073 1618 2194 1657 modo

1159 1678 1245 1717 haec
1262 1679 1458 1729 obligatio
1480 1679 1688 1717 inducitur
1705 1691 1776 1730 per
1794 1681 1999 1749 propriam
2024 1681 2194 1731 promis-

1157 1741 1312 1779 sionem
1331 1742 1409 1779 Deo
1436 1741 1585 1779 factam
1604 1741 1832 1780 voluntarie
1866 1742 1909 1780 in
1940 1746 2111 1794 ipsamet
2131 1755 2194 1781 as-

1158 1803 1392 1853 sumptione
1430 1803 1522 1842 talis
1560 1806 1710 1849 status,
1744 1807 1864 1853 prout
1907 1803 1951 1842 in
1993 1805 2193 1844 Societate

1157 1875 1267 1902 nunc
1296 1863 1355 1902 fit.

1210 1926 1249 1962 7.
1281 1923 1347 1963 Aa
1370 1924 1547 1974 primum
1587 1930 1886 1977 arqumeutum,
1914 1926 2076 1977 ejusque
2107 1936 2193 1967 oon·

1153 1986 1419 2036 firmationem
1446 1986 1488 2023 in.
1518 1997 1628 2025 uum.
1661 1988 1697 2023 1.
1720 2006 1773 2015 —
1807 1986 1877 2025 Ad
1915 1991 2193 2039 aryumeulum

1158 2051 1294 2086 contra
1308 2047 1507 2096 posterius
1521 2047 1736 2086 membrum
1757 2048 1801 2086 iu
1825 2048 1951 2087 eodem
1969 2061 2077 2087 uum.
2096 2050 2192 2088 1.-

1156 2108 1338 2146 Tandem
1355 2107 1450 2146 hinc
1487 2107 1605 2146 facile
1626 2107 1769 2146 satisfit
1788 2109 1932 2159 primae
1947 2110 2097 2147 rationi
2118 2110 2193 2150 du-

1155 2167 1312 2206 bitandi
1328 2169 1370 2206 in
1393 2169 1615 2218 principio;
1637 2173 1677 2207 et
1691 2169 1875 2207 redditur
1893 2170 2047 2220 optima
2067 2172 2189 2220 ratio,

1154 2229 1206 2268 ob
1233 2242 1356 2280 quam
1376 2230 1596 2274 Gregorius
1619 2231 1722 2278 XIII,
1739 2231 1781 2268 in
1802 2231 2112 2271 confirmatione
2133 2233 2190 2272 al-

1153 2289 1324 2340 legatus,
1348 2303 1441 2328 cum
1462 2295 1608 2328 tractat
1628 2291 1677 2329 de
1711 2303 1806 2329 vero
1829 2303 1875 2330 ac
1899 2294 2061 2343 proprio
2080 2297 2189 2333 statu

1153 2351 1339 2400 religioso
1380 2351 1527 2389 horum
1562 2351 1825 2401 scholarium,
1847 2353 1979 2403 solum
2007 2366 2189 2394 comme-

1152 2408 1285 2451 morat
1302 2414 1378 2452 tria
1396 2418 1490 2451 vota
1509 2412 1807 2461 substantialia,
1831 2416 1928 2465 quia
1957 2427 2097 2454 revera
2116 2415 2187 2455 illa

1151 2478 1313 2512 tautum
1334 2478 1428 2512 sunt
1451 2486 1539 2525 quae
1571 2474 1693 2512 talem
1727 2478 1878 2513 statum
1916 2477 2184 2526 constituunt,

1153 2539 1192 2572 et
1232 2535 1281 2572 de
1334 2534 1440 2572 facto
1492 2535 1813 2583 constituerent,
1860 2537 2020 2574 etiamsi
2068 2537 2183 2577 aliud

1151 2599 1292 2633 votum
1330 2607 1401 2633 seu
1455 2595 1671 2645 promissio
1717 2597 1775 2634 eis
1815 2608 1899 2635 non
1937 2598 2186 2648 adjungere-

1150 2661 1231 2705 tur,
1266 2656 1361 2707 quia
1408 2656 1493 2694 haec
1536 2656 1638 2704 duo,
1678 2656 1829 2695 scilicet
1843 2687 1856 2706 ,
1900 2669 1985 2696 esse
2028 2659 2069 2696 in
2110 2659 2184 2699 tali

1149 2718 1294 2768 gradu,
1327 2722 1367 2756 et
1401 2717 1452 2755 ad
1487 2717 1725 2756 ulteriorem
1767 2718 1958 2766 tendere,
1990 2718 2184 2760 distincta

1150 2784 1245 2816 sunt
1266 2783 1306 2816 et
1339 2778 1596 2829 separabilia,
1621 2782 1660 2817 et
1693 2778 1795 2817 illud
1834 2780 1946 2829 prius
1975 2785 2036 2818 est
2072 2781 2182 2832 quod

1150 2840 1361 2878 constituit
1380 2841 1591 2890 proprium
1617 2843 1768 2877 statum
1800 2840 2058 2890 religiosum;
2083 2854 2181 2882 nam

1148 2901 1223 2939 hoc
1254 2901 1451 2951 posterius
1485 2901 1618 2950 potius
1645 2901 1806 2951 respicit
1835 2901 2022 2940 futurum
2055 2915 2181 2954 quam

1149 2967 1298 3000 statum
1325 2967 1580 3012 praesentem.
1603 2961 1673 2999 Est
1692 2973 1789 3011 ergo
1807 2961 1883 3000 hoc
1901 2969 2092 3013 quartum
2109 2977 2180 3004 vo-

1148 3027 1235 3062 tum
1255 3035 1461 3061 annexum
1489 3027 1529 3060 81
1552 3022 1792 3072 adjunctum
1824 3023 1883 3062 illi
1903 3026 2025 3063 statui
2043 3038 2091 3064 ex
2113 3038 2180 3077 pe-

1148 3083 1288 3123 culiari
1314 3083 1526 3122 Societatis
1542 3084 1846 3132 constitutione,
1870 3097 1952 3123 non
1975 3098 2070 3125 vero
2101 3087 2180 3126 for-

1148 3146 1310 3184 maliter
1324 3145 1631 3184 constitutivum
1654 3145 1763 3184 illius
1779 3150 1905 3185 status
1913 3157 1926 3196 ;
1940 3153 1979 3185 et
1990 3149 2079 3187 ideo
2096 3160 2180 3187 non

1147 3207 1324 3258 oportuit
1359 3207 1408 3246 de
1431 3207 1501 3245 illo
1529 3206 1616 3245 fieri
1638 3208 1905 3255 mentionem,
1928 3209 1999 3247 ubi
2018 3210 2067 3247 de
2096 3210 2180 3248 sola

1147 3268 1371 3307 substantia
1391 3268 1500 3306 illius
1535 3271 1684 3314 status,
1703 3274 1742 3308 et
1770 3270 1819 3308 de
1851 3270 1970 3318 vetis,
1990 3283 2035 3308 ac
2053 3271 2181 3309 tradi-

1147 3329 1258 3367 tione
1286 3328 1451 3376 actuali,
1475 3328 1625 3380 quibus
1649 3329 1720 3368 illa
1748 3335 1919 3378 constat,
1940 3343 2071 3369 sermo
2104 3333 2178 3368 est.

1150 3390 1262 3429 Sicut
1281 3391 1405 3429 etiam
1423 3403 1516 3428 cum
1535 3390 1584 3428 de
1606 3391 1735 3441 gradu
1757 3392 2025 3442 professorum
2044 3391 2086 3427 in
2103 3390 2182 3428 eis-

1150 3451 1243 3490 dem
1265 3451 1627 3490 constitutionibus
1654 3452 1839 3502 Gregorii
1876 3453 2027 3500 agitur‚
2049 3450 2181 3490 solum

1151 3511 1199 3551 fit
1226 3513 1381 3551 mentio
1408 3522 1583 3564 quatuor
1600 3518 1788 3552 votorum
1806 3511 2066 3558 solemnium,
2085 3511 2180 3562 quia

1152 3584 1226 3626 per
1243 3573 1314 3613 1118
1331 3573 1377 3613 111
1395 3573 1469 3613 1811
1487 3578 1596 3614 statu
1613 3574 1838 3613 formaliter
1859 3573 2179 3623 constituuntur,
