2352 3880
514 63 533 98 ⁸5
640 83 642 86 ·
704 77 726 96 r:
792 92 802 99 .

507 122 527 164 ,ζ
576 138 611 150 r*
677 120 687 128 ³
745 128 794 156 ς’
884 117 934 151 '³’

172 315 174 320 ι
207 314 211 316 -
252 312 289 343 gg
321 291 400 330 etc.
430 289 508 331 Uhi
541 290 680 331 statim
710 290 860 331 eadem
891 291 1116 332 declaratio

52 339 68 353 '⁴
98 346 320 392 Minatur.

22 458 95 532 '⁶3
162 476 197 515 te
219 473 468 514 discentium.
503 493 559 504 -
589 474 664 516 Em
679 476 797 526 parte
816 474 1045 516 docentium.
1061 495 1114 505 -

108 547 174 576 am
205 547 317 583 vero,
349 536 413 575 his
443 536 664 587 suppositis
696 536 862 585 mediis,
896 550 988 589 quae
1018 537 1114 576 licet

41 581 241 654 ‘'Jssnltiora,
269 601 410 636 tamen
436 598 661 637 remotiora
693 602 802 646 sunt,
832 599 921 650 ipsa
946 598 1112 650 propria

58 659 125 700 “et
148 658 343 697 litteraria
369 657 504 697 media
535 658 593 711 (ut
619 659 677 698 sic
707 659 858 712 dicam)
883 661 1048 713 copiose
1070 662 1111 699 et

85 719 197 760 valde
231 719 417 759 ordinate
450 719 670 761 traduntur
701 719 747 761 in
781 723 929 763 eadem
962 725 1110 774 quarta

7 809 26 832 4
67 784 69 786 '
81 786 195 835 parte
213 780 570 830 Constitutionum‚
592 786 678 823 toto
700 796 790 836 cap.
814 786 854 832 6,
878 785 950 824 ubi
969 784 1108 836 praeci-

59 839 62 842 ’
79 854 158 896 pue
176 854 226 882 ea
244 842 467 891 docentur,
490 856 583 895 quae
607 857 659 884 ex
680 850 798 897 parte
816 847 1001 898 ipsorum
1024 850 1109 886 stu·-

78 903 260 944 dentium
287 904 522 943 adhibenda
551 910 658 945 sunt.
698 908 826 955 Quale
855 912 915 947 est
937 907 1039 946 illud
1062 907 1107 945 in

77 966 140 1020 §2
157 979 165 1005 :
188 965 303 1007 Serio
321 970 358 1006 ct
374 971 598 1009 constanter
613 968 790 1010 animum
807 971 956 1010 studiis
975 970 1108 1023 appli-

75 1039 163 1069 care
186 1028 395 1068 deliberent
408 1045 426 1074 ,·
452 1033 492 1068 et
516 1029 633 1078 illud,
659 1030 728 1082 §8
753 1043 761 1068 :
789 1031 1035 1072 scholastici
1062 1032 1107 1070 in

74 1088 277 1130 audiendis
293 1089 521 1130 lectionibus
538 1091 621 1131 sint
637 1092 804 1137 assidui,
825 1094 922 1138 etc„
940 1095 980 1129 et
994 1091 1106 1141 quod

74 1148 124 1191 de
144 1150 346 1189 continuis
364 1151 712 1202 disputationibus
730 1152 935 1198 statuitur,
956 1151 978 1203 ἓ
998 1154 1048 1192 10
1066 1156 1105 1192 et

73 1213 338 1263 sequentibus
356 1226 365 1260 ;
391 1218 431 1252 et
455 1213 505 1252 de
525 1214 684 1264 privato
705 1215 840 1253 studio
856 1245 866 1261 ,
897 1214 920 1266 ἓ
941 1214 1103 1254 decimo

72 1278 228 1328 quarto,
253 1278 295 1314 et
316 1274 367 1313 de
385 1275 645 1325 repetitione,
670 1288 743 1315 seu
763 1277 939 1315 lectione
961 1281 1103 1316 aucto-

64 1331 162 1377 'rum
197 1339 289 1388 post
319 1336 508 1375 absoluta
542 1337 691 1385 studia,
722 1337 746 1388 ξ
776 1338 936 1377 decimo
969 1342 1099 1378 sexto.

22 1446 25 1448 ,
70 1398 286 1438 Adduntur
308 1410 406 1437 vero
427 1398 521 1445 alia,
553 1410 645 1449 quae
668 1411 719 1438 ex
739 1403 855 1449 parte
876 1401 1103 1449 praecepto-

31 1455 36 1458 *
67 1472 159 1501 rum
181 1459 415 1499 necessaria
438 1463 553 1508 sunt,
579 1459 775 1499 nimirum
797 1464 842 1499 ut
863 1460 943 1499 sint
963 1460 1101 1499 idonei

69 1525 109 1564 et
128 1522 288 1569 eruditi,
310 1525 351 1561 et
368 1521 408 1559 in
430 1534 478 1560 eo
495 1534 686 1570 numero,
712 1522 783 1572 qui
804 1522 1000 1561 doctrinae
1019 1526 1101 1561 tra-

67 1583 228 1632 dendae,
257 1587 299 1623 et
317 1584 574 1623 auditoribus
595 1584 933 1623 accommodatus
954 1588 996 1623 et
1015 1584 1102 1623 suf-

65 1645 209 1686 ficiens
240 1646 317 1694 sit,
347 1646 501 1697 quique
534 1646 752 1696 diligenter
790 1658 943 1684 munus
978 1656 1101 1685 suum

67 1710 338 1758 exequantur,
359 1711 397 1746 et
415 1707 754 1746 scholasticorum
765 1708 997 1758 profectum
1012 1720 1101 1759 spe-

66 1769 202 1808 ciatim
226 1772 475 1819 procurent,
509 1772 554 1807 ut
580 1770 623 1807 in
647 1769 795 1808 eadem
818 1774 962 1820 quarta
984 1774 1100 1821 parte

65 1830 420 1878 Constitutionum,
441 1842 532 1880 cap.
557 1832 606 1869 1⁶).
625 1834 664 1869 et
687 1831 748 1878 13,
773 1843 904 1881 usque
923 1831 976 1869 ad
992 1831 1100 1870 deci-

63 1903 178 1931 mum
200 1892 410 1942 quintum,
441 1891 510 1929 ubi
531 1892 654 1930 etiam
676 1892 726 1930 de
747 1892 892 1930 ordine
915 1896 955 1930 et
975 1893 1099 1930 modo

65 1953 264 1994 servando
284 1953 327 1991 in
349 1952 534 1991 doctrina
552 1952 765 1999 tradenda,
791 1956 831 1991 et
850 1953 901 1991 de
922 1954 1102 1992 auctori-

63 2014 141 2054 bus
159 2014 212 2066 {in
241 2013 422 2065 qualibet
451 2013 646 2053 facultate
675 2014 961 2065 perlegendis,
989 2014 1100 2054 etde

64 2080 247 2127 tempore
270 2076 311 2113 in
335 2087 586 2126 unaquaque
609 2076 909 2123 consumendo,
941 2075 1096 2124 omnia,

22 2166 26 2168 ι
65 2149 155 2190 quae
175 2137 410 2176 necessaria
430 2141 552 2185 sunt,
589 2138 686 2175 satis
714 2139 905 2175 accurate
927 2137 1099 2175 tradun-

64 2203 141 2240 tur.
173 2201 231 2238 Ac
259 2199 438 2249 denique
470 2198 759 2250 Superioribus
789 2203 829 2237 et
854 2199 1098 2238 Rectoribus

64 2262 264 2313 praecipue
287 2260 550 2299 committitur
567 2265 607 2300 et
628 2260 944 2299 commendatur
964 2261 1097 2300 delec-

63 2325 129 2362 tus
142 2334 426 2374 personarum,
445 2322 514 2373 qui
530 2322 582 2361 ad
599 2322 807 2361 doctrinas
822 2322 1096 2362 addiscendas

63 2385 240 2423 maxime
263 2384 522 2422 necessarius
548 2387 637 2431 est,
671 2388 716 2422 ut
737 2384 1023 2434 unusquisque
1043 2384 1098 2423 ad

64 2445 175 2485 illam
194 2445 434 2496 applicetur,
457 2443 527 2495 qui
546 2449 737 2484 naturam
756 2450 795 2483 et
813 2446 1026 2495 ingenium
1044 2445 1098 2484 ad

25 2553 33 2562 „
64 2508 176 2546 illam
195 2507 294 2545 satis
323 2507 677 2546 accommodatum
698 2507 852 2545 habere
871 2506 1098 2556 prudenter

65 2570 332 2617 existimetur,
364 2574 408 2608 ut
439 2569 577 2608 videre
607 2573 670 2607 est
697 2568 739 2606 in
770 2568 918 2607 eadem
951 2572 1096 2618 quarta

35 2647 37 2649 ¹
64 2626 196 2684 parte,
218 2643 308 2682 cap.
332 2633 372 2679 5,
392 2630 415 2682 ξ
432 2633 469 2677 2,
491 2635 531 2670 et
549 2642 638 2681 cap.
658 2631 722 2676 13,
742 2630 765 2681 ἓ
783 2633 822 2677 4,
845 2641 939 2668 cum
960 2630 1096 2669 decla-

65 2693 224 2741 rat.,lit.
248 2694 293 2741 Ε,
307 2697 346 2732 et
364 2693 459 2743 quia
477 2692 684 2731 interdum
704 2692 909 2742 aliquibus
927 2692 1092 2739 durum,

68 2761 108 2805 et
137 2757 301 2796 difficile
335 2756 463 2796 videri
492 2760 632 2807 posset
664 2755 716 2794 ad
746 2756 852 2794 hanc
884 2756 948 2794 vel
981 2756 1094 2794 illam

68 2820 273 2859 scientiam
290 2821 431 2857 contra
448 2819 656 2870 propriam
674 2817 846 2856 fortasse
863 2817 1094 2856 inclinatio—

12 2879 13 2882 '
67 2892 175 2926 nem,
208 2884 278 2919 aut
310 2880 563 2919 voluntatem
594 2879 938 2926 accommodare,
969 2879 1090 2928 ideo,

65 2942 136 2994 qui
166 2941 209 2980 in
247 2941 449 2981 Societate
475 2941 682 2980 scholares
714 2941 930 2992 approbati
966 2940 1093 2980 futuri

45 3007 175 3055 sunt,
201 3003 335 3042 statim
360 3003 403 3041 in
422 3003 510 3054 ipso
533 3003 721 3042 examine
739 3033 749 3050 ,
784 3003 896 3053 quod
918 3006 1012 3041 ante
1034 3003 1094 3040 in-

30 3051 68 3116 ἶ
117 3077 251 3106 essum
272 3064 330 3112 fit,
352 3076 441 3115 cap.
464 3067 504 3112 7,
525 3063 548 3116 ἓ
566 3066 604 3113 3,
626 3064 934 3115 interrogantur
951 3076 1003 3102 an
1023 3075 1094 3103 ve·

84 3126 92 3134 '
127 3131 141 3166 t
159 3138 202 3165 se
219 3126 352 3165 sinere
373 3125 465 3164 duci
483 3126 588 3164 circa
605 3137 655 3164 ea
672 3125 822 3176 quibus
840 3125 1006 3164 studere
1025 3124 1094 3164 de-

55 3187 180 3243 »,bent,
211 3201 258 3226 ac
274 3188 501 3226 studiorum
517 3188 688 3227 modum
709 3191 749 3227 et
765 3191 946 3239 tempus,
973 3187 1094 3239 juxta

14 3249 180 3314 {ffguod
201 3249 485 3300 Superioribus
500 3249 718 3288 videbitur.

30 3314 85 3361 ἲς.
121 3313 186 3350 14.
219 3311 289 3350 Em
333 3313 446 3360 parce
488 3309 752 3362 Superiorem
788 3309 1094 3361 aspernantium

26 3370 267 3457 wrosque.
300 3391 353 3401 -
381 3370 566 3422 Denique
593 3372 780 3423 ipsismet
805 3370 1094 3422 Superioribus

27 3432 44 3469 .'
100 3433 296 3485 fungitur
316 3431 559 3478 sollicitudo,
585 3431 810 3490 vigilantia,
841 3445 889 3471 ac
908 3444 1021 3479 cura,
1048 3434 1093 3470 ut

11 3535 20 3548 ;
134 3542 138 3549 Ι
172 3498 445 3546 praeceptores
469 3505 594 3545 quam
614 3493 843 3533 scholastici
873 3493 983 3532 omni
1005 3492 1096 3531 dili--

2 3564 7 3574 ²
17 3551 210 3621 Jggentia
228 3568 302 3596 sua
321 3567 494 3595 munera
514 3557 770 3604 exequantur
785 3583 795 3601 ,
825 3554 1011 3605 nihilque
1032 3553 1091 3592 eis

51 3616 57 3631 ‘
149 3617 159 3625 “
181 3646 192 3666 ,
221 3617 412 3675 quodad
435 3617 547 3658 hunc
569 3615 698 3656 finem
724 3616 1005 3656 necessarium
1024 3614 1090 3656 sit.

269 3696 351 3724 xvi.

26 230 30 239 ·
179 196 190 204 ’
204 198 216 204 ”
277 199 322 266 ‘ss
371 226 470 275 leae.
493 225 546 262 iv.
569 225 627 262 AN
647 224 900 264 convenicus
921 214 1071 262 suanir
1091 214 1330 278 miclosos
1350 228 1589 265 semermis
1610 230 1798 274 rustica,
1822 229 1915 268 arc.

1170 292 1450 348 Quampbrem
1491 298 1647 346 sperari
1689 308 1775 338 non
1818 286 2049 342 immerito*
2069 233 2214 352 poffls}

1170 353 1381 394 scholares
1412 355 1626 396 Societatis
1659 370 1857 400 evasuros
1883 362 1926 400 in
1945 361 2091 402 litteris
2110 374 2212 403 con-
2255 408 2258 411 ,

46 399 99 471 ff
140 413 204 453 13.
226 412 286 452 De
300 412 442 453 mediis
453 413 635 466 propriis
650 423 720 454 seu
734 412 963 455 litterariis.
977 434 1032 445 —
1043 409 1117 455 E’ae
1170 414 1349 464 spicuos,
1369 415 1403 454 si
1420 415 1469 454 iis
1485 417 1632 456 mediis
1649 423 1830 470 utantur,
1854 431 1950 474 qua
1967 413 2127 464 ratione
2143 423 2210 465 sui

1166 474 1343 515 instituti
1365 476 1424 515 eis
1442 476 1582 525 licent,
1604 469 1758 521 ac'Deo
1775 483 1863 523 sine
1881 483 2007 524 dubio
2026 486 2210 537 gratissi-
2264 513 2269 518 ⁴
2302 477 2308 483 ⁹

1166 548 1234 576 ma
1251 542 1369 584 sunt;
1391 543 1559 590 propter
1572 541 1684 591 quod
1699 543 1824 584 etiam
1837 546 1960 594 addo,
1977 560 2063 587 non
2079 559 2210 601 parva

1167 599 1419 650 obligatione
1436 601 1567 639 teneri
1585 613 1657 641 eos
1677 604 1732 643 ad
1748 609 1915 646 strenue
1932 609 2209 651 laborandum

1164 659 1208 699 in
1229 660 1467 711 hujusmodi
1490 663 1637 702 studiis
1651 693 1661 712 ,
1692 668 1782 704 tum
1802 667 1900 718 quia
1920 681 2011 707 eam
2033 671 2087 710 ob
2109 684 2208 711 cau-

1166 732 1254 759 sam
1269 721 1320 760 de
1335 722 1631 763 Ecclesiasu'cis
1644 725 1765 765 bonis
1779 727 1963 777 aluntur,
1980 734 2067 769 tum
2080 733 2207 773 etiam

1164 783 1262 833 quia
1279 796 1353 834 pro
1372 796 1421 823 eo
1434 788 1622 836 tempore
1639 787 1742 826 illud
1759 792 1820 828 est
1838 791 2019 840 speciale
2035 804 2206 843 munus,

1164 847 1204 883 et
1223 846 1435 896 proprium
1454 847 1699 898 obsequium
1719 848 1920 898 divinum,
1947 851 2000 889 ad
2019 854 2134 903 quod
2152 855 2207 894 ab

1163 904 1252 956 ipso
1285 907 1371 945 Deo
1405 920 1481 958 per
1515 920 1612 948 suos
1647 914 1837 961 pastores
1871 912 2058 963 deputati
2094 919 2204 954 sunt.

1161 968 1266 1006 Tum
1300 968 1483 1019 denique
1520 971 1634 1021 quia,
1674 972 1780 1012 sicut
1813 974 2058 1013 Aristoteles
2089 975 2204 1024 dixit,

1160 1029 1189 1068 l.
1214 1032 1254 1078 1,
1273 1029 1325 1069 de
1347 1031 1471 1079 Coelo,
1496 1044 1586 1083 cap.
1607 1034 1631 1072 5
1649 1043 1658 1071 ε
1678 1034 1841 1075 Parvus
1862 1047 1975 1075 error
1991 1037 2037 1075 in
2051 1036 2208 1087 princi-

1157 1091 1227 1142 pio
1244 1121 1254 1138 ,
1280 1092 1481 1133 maximus
1498 1098 1554 1133 esc
1574 1094 1617 1133 in
1638 1095 1746 1143 finem
1766 1099 1808 1134 et
1826 1096 1885 1135 ita
1906 1097 1976 1147 qui
1996 1097 2040 1135 in
2062 1097 2207 1137 studiis

1158 1153 1377 1204 negligens
1410 1159 1485 1203 est,
1520 1160 1665 1206 postea
1702 1157 1847 1196 inutile
1880 1158 2205 1198 instrumentum

1159 1215 1234 1254 erit
1260 1216 1368 1255 circa
1398 1218 1716 1256 conversionem
1744 1219 1811 1257 vel
1831 1221 2093 1260 curationem
2113 1222 2204 1260 ani-

1158 1287 1343 1324 marum;
1369 1282 1422 1325 et,
1442 1279 1553 1328 quod
1571 1280 1737 1330 gravius
1752 1285 1828 1328 est,
1849 1282 2035 1332 periculo
2051 1283 2203 1332 saepius

1158 1336 1330 1377 fortasse
1364 1340 1529 1378 errandi
1565 1352 1609 1379 se
1646 1341 1830 1391 exponit.
1878 1343 2051 1393 Propter
2089 1343 2203 1395 quod

1158 1399 1320 1447 merito,
1348 1399 1390 1437 in
1408 1407 1554 1450 quarta
1571 1406 1690 1450 parte
1709 1403 2077 1453 Constitutionum,
2106 1417 2199 1456 cap.

1158 1464 1288 1507 sexto,
1312 1460 1514 1511 §decimo
1536 1462 1698 1512 quinto,
1722 1463 1836 1513 prius
1857 1466 2007 1503 Rector
2032 1466 2203 1518 Collegii

1158 1522 1516 1572 animadvertitur,
1540 1528 1585 1563 ut
1605 1529 1789 1574 moneat,
1811 1526 1969 1575 incitet,
1991 1532 2030 1566 et
2047 1529 2204 1568 animet

1157 1583 1210 1622 ad
1240 1585 1376 1623 studia
1405 1597 1477 1624 eos
1505 1586 1656 1636 quibus
1680 1587 1722 1625 id
1749 1589 2034 1627 necessarium
2062 1589 2199 1631 fuerit.

1156 1645 1313 1685 Deinde
1333 1659 1431 1686 vero
1451 1648 1630 1696 additur,
1666 1649 1779 1700 quod
1799 1650 1834 1688 si
1851 1651 2201 1691 animadverteret

1158 1708 1339 1758 aliquem
1369 1710 1413 1748 in
1449 1711 1592 1749 studiis
1624 1716 1789 1763 tempus
1820 1713 2019 1752 inutiliter
2047 1719 2200 1763 terere,

1158 1771 1267 1820 quod
1290 1771 1417 1819 nolit,
1450 1777 1522 1811 aut
1542 1777 1651 1813 certe
1673 1785 1758 1812 non
1779 1775 1910 1824 possit
1927 1788 2200 1827 progressum

1157 1831 1199 1870 in
1218 1832 1362 1871 litteris
1382 1833 1518 1872 facere
1538 1864 1552 1883 ,
1588 1835 1755 1885 expedit
1772 1835 1888 1874 illum
1910 1837 1963 1874 ab
1985 1836 2044 1876 eis
2064 1849 2200 1878 remo-

1156 1904 1269 1941 vere,
1291 1897 1337 1933 ut
1358 1894 1463 1933 alius
1483 1895 1575 1934 loco
1595 1895 1706 1934 illius
1726 1896 2018 1937 substituatur.

1544 2039 1710 2083 CAPUT
1734 2040 1803 2085 IV.

1152 2145 1291 2176 UTRUM
1324 2146 1568 2177 GONVENIENS
1596 2149 1740 2178 FUERIT
1767 2148 1987 2180 RELIGIOSOS
2015 2151 2197 2182 SOGIETA-

1205 2210 1267 2239 TIS
1292 2210 1451 2238 PUBLICA
1479 2210 1623 2239 STUDIA
1653 2211 1702 2240 ET
1730 2211 2043 2244 UNIVERSITATES
2071 2216 2198 2245 HABE-

1206 2272 1272 2310 RE,
1304 2271 1355 2300 ΕΤ
1382 2272 1422 2300 IN
1451 2272 1513 2300 Eis
1542 2272 1708 2301 DOGERE.

1206 2384 1431 2434 Postquam
1458 2383 1612 2421 dictum
1641 2385 1704 2421 est
1731 2383 1785 2422 de
1815 2383 1982 2434 proprio
2003 2396 2194 2434 munere,

1153 2444 1207 2484 ad
1228 2445 1340 2495 quod
1360 2445 1544 2495 proxime
1564 2444 1808 2484 ordinantur
1826 2446 2037 2485 scholares
2056 2448 2194 2487 Socie-

1124 2515 1125 2518 ’
1155 2507 1260 2553 tatis,
1279 2519 1540 2556 consequens
1558 2509 1678 2545 estut
1695 2507 1881 2546 dicamus
1896 2508 1946 2547 de
1963 2508 2193 2549 ministerio

1153 2568 1342 2606 docendi.
1377 2567 1570 2613 Quamvis
1599 2568 1709 2606 enim
1728 2580 1881 2606 munus
1902 2569 2081 2608 docendi
2098 2582 2193 2621 pro-

1151 2629 1267 2668 fessis
1304 2629 1428 2668 etiam
1463 2640 1684 2667 commune
1720 2641 1812 2668 esse
1851 2630 1998 2680 possit,
2034 2635 2191 2678 tamen,

1150 2691 1246 2742 quia
1279 2703 1373 2729 cum
1403 2691 1633 2729 litterarum
1664 2691 1812 2729 studiis
1838 2692 2108 2742 conjunctum
2130 2696 2193 2732 est

1151 2752 1380 2802 (disciplina
1425 2752 1538 2791 enim
1574 2755 1614 2790 et
1652 2751 1839 2791 doctrina
1879 2753 2191 2803 quodammodo

1149 2814 1391 2853 coi-relativa
1413 2815 1521 2862 sunt)
1543 2843 1552 2861 ,
1584 2816 1625 2852 et
1645 2813 1743 2864 quia
1764 2826 1917 2852 munus
1943 2815 2021 2853 hoc
2039 2815 2192 2866 majori

1149 2887 1198 2916 ex
1229 2880 1344 2928 parte
1376 2876 1418 2914 in
1448 2874 1613 2920 scholis,
1644 2876 1872 2926 praesertim
1900 2876 2188 2925 inferioribus,

1147 2950 1224 2989 per
1238 2938 1447 2976 scholares
1467 2937 1720 2988 approbatos
1736 2941 1967 2985 exercetur,
1984 2939 2078 2978 ideo
2097 2939 2189 2990 ejus

1149 2999 1425 3039 consideratio
1463 2999 1507 3038 in
1543 3000 1654 3037 hunc
1691 2999 1828 3038 locum
1865 2999 2019 3050 optime
2063 3000 2186 3039 cadit.

1149 3061 1262 3100 Circa
1287 3072 1413 3111 quam
1433 3061 1475 3098 in
1494 3060 1686 3111 praesenti
1713 3060 1846 3111 capite
1872 3061 2076 3099 rationem
2094 3061 2187 3100 red-

1147 3122 1308 3170 demus,
1326 3135 1398 3161 cur
1413 3122 1597 3162 Societas
1613 3122 1721 3160 hanc
1739 3134 1881 3160 curam
1896 3123 2182 3173 assumpserit.

1146 3183 1302 3224 Deinde
1323 3196 1404 3235 quo
1426 3183 1617 3232 consilio,
1649 3182 1773 3221 modo
1791 3214 1799 3229 ‚
1831 3187 1872 3222 et
1892 3183 2052 3221 ratione
2074 3182 2186 3220 illam

1144 3244 1418 3294 administret,
1440 3244 1744 3284 declarabimus
1762 3245 1807 3283 in
1823 3244 1985 3283 duobus
2006 3255 2182 3294 sequen-

1143 3307 1269 3344 tibus.

1198 3369 1236 3405 1.
1269 3364 1439 3405 Publica
1456 3364 1591 3405 studia
1609 3364 1804 3418 quomodo
1829 3363 1996 3404 evadant
2020 3362 2180 3400 univer-

1143 3427 1288 3466 sitates.
1306 3425 1506 3466 —Error
1533 3425 1728 3466 damnans
1760 3426 1843 3466 lzoec
1871 3423 2015 3464 studia.
2032 3444 2086 3451 -
2103 3421 2178 3462 Ju-

1148 3488 1254 3529 liani
1278 3490 1499 3542 persecutio
1528 3489 1706 3529 tollentis
1736 3486 1869 3527 studia
1899 3484 2028 3536 major
2060 3494 2179 3536 quam

1145 3555 1407 3604 tyrannorum
1426 3550 1686 3590 mac-tantiam
1704 3547 1964 3589 Christianos.
1983 3565 2033 3574 -
2047 3544 2179 3596 Igitur

1145 3610 1312 3665 publica
1343 3611 1481 3651 studia
1507 3620 1703 3651 vocamus
1733 3619 1795 3657 ea,
1817 3616 2014 3709 quae530n
2043 3604 2179 3644 solum
