2352 3880
5 199 42 278 ἑ.

361 267 457 305 CAP.
478 268 539 308 1v.
559 265 840 308 COROLLARIA
857 264 962 303 TRIA
982 266 1083 304 SIVE
1102 259 1441 306 CONGLUSIONES
1457 267 1524 306 Ex
1540 269 1801 316 PRINCIPALI,
1822 269 1919 309 ETC.

31 331 41 339 ²
79 336 206 381 creto,
225 329 386 375 licitum
403 333 508 375 8558
525 327 747 375 transitum
776 326 910 372 illum.
944 330 1061 380 Quod
1079 324 1115 372 si

47 398 342 450 oppugnator
358 394 430 436 1118
446 391 717 466 responderet
742 407 786 434 se
809 391 1021 445 ignorasse
1039 394 1111 434 de-

77 460 237 501 oretum
261 457 380 508 illud,
402 458 590 499 excusari
615 456 783 510 quidem
800 461 940 509 posset
969 457 1021 496 ab
1046 469 1114 497 er-

73 504 186 571 fore,
218 533 304 562 non
332 524 474 560 tamen
504 532 531 560 a
556 519 816 569 temeritate,
846 520 957 571 quod
986 520 1036 558 de
1067 532 1113 559 re

81 578 188 619 adeo
206 580 336 632 gravi,
359 581 400 617 et
414 579 650 616 animarum
669 580 790 616 saluti
812 580 917 616 adeo
948 578 1109 623 nociva,

79 639 426 691 dependenteque
445 650 470 676 a
485 637 683 690 speciali
667 650 762 688 Jure
776 635 1034 689 particularis
1046 647 1111 675 re-

79 699 257 753 ligionis,
288 699 493 750 judicium
524 699 742 750 protulerit
771 699 859 738 sine
893 696 1112 738 sufficienti

80 761 224 802 notitia
235 761 424 810 instituti,
435 760 746 812 approbationis
758 763 797 800 et
805 760 1114 812 privilegiorum

78 823 174 864 talis
195 822 425 873 religionis,
445 822 556 873 quod
578 822 749 873 quilibet
769 822 952 874 prudens
981 821 1114 860 Theo-

78 885 200 936 logus
220 884 400 924 maxime
432 879 582 923 cavere
606 884 742 924 debet.
766 883 1009 924 Confirmari
1035 883 1114 921 hoc

77 949 214 999 potest
236 956 287 985 ex
316 945 430 984 bulla
449 945 508 984 Pii
526 945 576 993 V,
597 946 704 986 Dum
729 946 945 996 indefhssoe,
967 945 1010 982 in
1032 954 1115 994 qua

77 1005 260 1048 declarat
277 1007 541 1055 Societatem,
559 1011 599 1046 et
612 1006 795 1057 singulas
812 1006 902 1057 ejus
915 1015 1115 1056 personas

77 1078 175 1109 vere
190 1072 230 1108 et
243 1080 327 1107 non
345 1067 439 1108 ficte
454 1068 738 1107 mendicantes
752 1079 860 1116 esse,
874 1071 915 1106 et
931 1066 1012 1105 frui
1027 1078 1114 1105 om-

78 1129 203 1170 nibus
230 1133 272 1170 et
304 1129 476 1180 singulis
504 1128 870 1179 dispositionibus,
902 1128 1112 1167 favoribus

82 1195 124 1232 et
139 1189 302 1241 gratiis,
324 1194 411 1228 tam
442 1200 467 1228 a
492 1189 603 1239 jure,
623 1201 750 1240 quam
767 1189 820 1228 ab
843 1189 1027 1237 homine,
1046 1201 1114 1228 re-

78 1250 233 1302 ligiosis
259 1249 591 1290 mendicantibus
621 1251 843 1290 concessis.
873 1251 1009 1293 Unum
1039 1263 1113 1289 au-

79 1317 164 1355 tem
197 1323 246 1354 ex
276 1312 341 1351 his
364 1311 574 1351 favoribus
600 1316 642 1351 et
663 1312 805 1363 gratiis
828 1314 903 1360 est,
927 1316 971 1351 ut
994 1324 1112 1352 men-

80 1373 311 1414 dicantibus
338 1384 423 1413 non
454 1373 576 1413 liceat
604 1374 801 1413 transitus
833 1374 887 1413 ad
916 1374 1017 1413 alias
1048 1386 1117 1413 re·-

77 1433 252 1486 ligiones
272 1445 356 1473 non
378 1434 679 1479 mendicantes,
710 1436 787 1474 sub
806 1448 931 1487 poena
952 1447 1117 1475 excom-

78 1496 366 1536 municationis
397 1497 491 1536 latae
524 1498 884 1549 sententiae‚juxta
919 1499 1116 1537 constitu-

78 1559 234 1599 tionem
256 1559 420 1599 Martini
449 1560 493 1606 V,
519 1559 563 1598 in
582 1560 763 1599 Concilio
794 1560 1111 1610 Constantiensi‚

78 1632 206 1673 quam
225 1620 352 1660 refert
383 1620 554 1668 Anton.,
579 1621 699 1660 tertia
721 1625 854 1673 parte,
876 1622 937 1661 tit.
966 1623 1115 1673 vigesi-

79 1693 147 1722 mo
167 1686 330 1734 quartO,
365 1693 456 1733 cap.
491 1683 798 1734 septuagesimo
818 1683 966 1734 primo.
992 1685 1041 1723 Et
1061 1685 1114 1724 si-

78 1743 219 1783 milem
238 1743 450 1783 Benedicti
467 1744 539 1783 XII
555 1743 679 1783 refert
693 1744 883 1793 Tabien..
901 1746 1014 1786 verb.
1035 1747 1115 1788 Re-

79 1805 260 1859 liyc'osm,
282 1804 306 1857 ξ
325 1807 391 1844 23.
413 1806 520 1855 Ergo
551 1805 676 1845 etiam
695 1810 791 1844 ante
812 1806 995 1858 Gregorii
1016 1819 1112 1846 con-

78 1866 349 1914 stitutionem,
374 1878 425 1906 ex
443 1866 482 1904 vi
504 1866 612 1905 illius
638 1865 761 1905 bullae
783 1867 840 1906 Pii
861 1869 910 1916 V,
933 1872 1023 1908 erat
1040 1867 1112 1907 fal-

78 1937 171 1967 sum
190 1927 432 1978 praedictum
452 1927 623 1968 illatum.

130 1989 195 2029 18.
228 1988 371 2031 Altera
404 1990 531 2031 evasio
564 1991 866 2043 reprehenditur
896 1993 1042 2044 primo.
1059 2014 1114 2023 —

81 2050 230 2093 Deinde
257 2053 344 2102 ejus
368 2063 506 2092 sensus
527 2054 796 2095 ewaminatur.
811 2055 933 2096 -Et
951 2055 1114 2104 falsita-

77 2113 134 2154 tis
160 2113 407 2154 convincitur
426 2114 893 2164 triplicium—Diceret
920 2116 1111 2166 fortasse,

76 2173 305 2214 illationem
323 2174 436 2213 illam
453 2175 763 2226 intelligendam
781 2188 872 2216 esse
889 2189 937 2217 ιω
953 2179 993 2218 vi
1009 2182 1114 2219 voto-

78 2246 185 2284 rum,
206 2238 247 2275 et
261 2236 354 2287 jure
373 2235 595 2285 ordinario,
628 2249 712 2277 non
730 2242 870 2278 tamen
891 2243 1113 2290 propterea

79 2296 240 2336 excludi
260 2297 359 2348 quin
380 2309 431 2337 ex
446 2298 643 2349 peculiari
670 2299 884 2351 privilegio
906 2301 1114 2341 Pontificis

81 2358 287 2410 prohiberi
306 2359 449 2410 possit.
472 2360 553 2399 Sed
572 2361 651 2400 hoc
671 2361 872 2413 imprimis
898 2362 1113 2403 declaran-

81 2420 180 2460 dum
200 2421 343 2460 fuisset
353 2432 366 2471 3
397 2426 598 2472 quantum
630 2424 741 2463 enim
760 2436 811 2463 ex
829 2425 1111 2467 declaratione

79 2482 265 2533 Gregorii
288 2482 492 2535 colligitur
512 2483 739 2535 (proprium
766 2487 877 2525 enim
907 2500 1011 2539 opus
1041 2490 1112 2528 ha-

78 2555 173 2583 rum
202 2545 560 2596 impugnationum
587 2546 640 2584 ad
670 2557 819 2586 manus
847 2561 932 2588 non
965 2549 1108 2600 venit),

78 2605 316 2656 simpliciter
334 2606 496 2646 videtur
515 2607 582 2646 ille
610 2607 846 2660 Theologus
865 2611 1108 2662 asseruisse,

79 2677 130 2705 eo
150 2671 336 2718 tempore
366 2668 409 2707 id
437 2667 565 2707 fuisse
593 2668 765 2708 licitum.
804 2671 961 2711 Deinde
988 2672 1112 2713 inter-

80 2740 181 2780 rogo
199 2739 281 2780 quo
300 2740 426 2768 sensu
450 2729 612 2769 dicatur
629 2741 677 2771 ece
697 2731 739 2770 vi
768 2731 909 2772 talium
932 2736 1112 2775 votorum

79 2790 235 2830 licitum
251 2802 342 2831 csse
354 2791 589 2839 transitum,
611 2792 772 2831 seclusa
787 2794 955 2843 speciali
971 2795 1112 2846 prohi-

80 2851 249 2891 bitione.
271 2852 375 2891 Nam
393 2853 518 2892 etiam
551 2852 594 2891 in
615 2864 876 2906 quacumque
911 2856 989 2895 alia
1016 2857 1111 2896 reli-

81 2913 203 2966 gione
219 2913 315 2953 licet
345 2916 556 2963 transitus,
580 2928 666 2955 non
692 2921 833 2957 tamen
858 2918 1107 2968 indistincte,

81 2974 155 3014 sed
173 2975 226 3014 ad
255 2976 526 3024 strictiorem,
552 2989 637 3017 non
666 2990 765 3017 vero
797 2979 851 3018 ad
882 2980 1107 3030 laxiorem,

82 3036 179 3088 qnia
204 3041 344 3077 votum
361 3039 531 3090 majoris
549 3039 650 3078 boni
670 3052 754 3079 non
774 3044 909 3092 potest
925 3054 1111 3083 commu·

83 3097 162 3136 tari
189 3097 232 3136 in
263 3099 424 3149 minus,
454 3101 621 3152 propria
659 3103 931 3151 auctoritate3
971 3116 1111 3156 neque

85 3156 209 3198 etiam
227 3158 281 3197 ad
309 3161 526 3212 aequalem,
554 3162 620 3201 vel
650 3163 748 3214 quia
775 3166 1041 3205 commutatio
1068 3166 1111 3206 in

84 3218 262 3270 aequale,
292 3220 464 3262 fortasse
483 3224 655 3274 requirit
678 3226 803 3264 etiam
826 3229 1112 3268 auctoritatem

85 3280 332 3332 Superioris,
361 3283 428 3321 vel
445 3288 554 3324 certe
581 3291 749 3338 propter
766 3288 835 3340 jus
866 3290 1115 3340 acquisitum

83 3342 213 3394 priori
241 3342 447 3394 religioni,
477 3355 559 3395 quo
579 3348 731 3397 privari
764 3362 849 3389 non
867 3349 1006 3401 debet,
1032 3352 1115 3391 nisi

84 3403 158 3446 ubi
177 3404 313 3456 majus
333 3405 491 3444 honum
518 3406 643 3456 ipsius
670 3410 851 3463 religiosi
881 3413 1111 3454 intercedit.

84 3464 258 3507 Videtur
292 3479 391 3519 ergo
425 3479 572 3507 sensus
591 3468 700 3510 illius
727 3475 964 3515 assertionis
986 3475 1115 3517 fuisse

38 3526 42 3530 ’
87 3526 134 3567 in
174 3527 254 3568 hoc
283 3529 416 3581 gradu
449 3529 665 3570 Societatis
694 3531 853 3574 licitum
883 3548 976 3578 esse
1003 3541 1115 3578 tran-

85 3588 212 3628 situm
247 3589 532 3632 indifferenter
565 3591 620 3631 ad
652 3603 966 3648 quamcumque
990 3599 1148 3642 8118111

57 3646 380 3703 religionem,
368 3664 413 3694 111
427 3665 511 3705 qua
528 3658 622 3694 vota
638 3654 840 3695 solemnia
857 3657 1112 3710 emittuntur,

2137 270 2202 308 67!

1169 331 1435 384 quantumvis
1451 331 1548 373 laxa
1566 338 1607 374 et
1623 337 1796 376 remissa
1814 336 1881 376 sit.
1901 335 1955 376 Et
1983 333 2064 375 hoc
2080 333 2211 376 etiam

1167 394 1339 435 omnino
1363 394 1516 436 falsum
1535 398 1597 435 est
1614 408 1664 435 ea.-
1687 397 1728 436 vi
1753 398 1928 450 ipsorum
1955 401 2145 446 votorum,
2167 398 2212 436 et

1170 457 1327 498 seclusa
1346 457 1513 509 speciali
1522 457 1803 508 prohibitione
1813 459 2037 499 Pontifieis.
2053 459 2207 509 Primo,

1168 520 1280 570 quia,
1302 523 1348 558 ut
1367 523 1578 565 ostensum
1598 522 1672 566 est,
1695 519 1821 558 etiam
1839 533 1914 570 per
1930 522 2019 561 hmo
2031 524 2129 560 vota
2147 522 2211 560 est

1163 571 1232 623 jus
1258 572 1507 624 acquisitum
1527 571 1734 622 religioni.
1756 575 1963 619 secundo,
1985 573 2083 623 quia
2108 582 2204 625 pro-

1165 631 1310 672 batum
1339 637 1416 682 est,
1439 633 1661 683 etiamper
1687 631 1777 670 haec
1806 635 1903 670 vota
1922 633 2114 672 constitui
2132 643 2204 674 ve-

1164 705 1259 734 rum
1272 707 1320 734 ac
1336 695 1551 746 proprium
1565 693 1821 745 religiosum,
1837 693 1923 744 qui,
1940 698 2203 744 comparatus

1168 755 1222 795 ad
1241 755 1371 795 alium
1392 758 1542 795 statum
1563 754 1834 794 constitutum
1853 765 1929 805 per
1943 754 2036 792 vola
2056 755 2204 794 solem-

1167 818 1253 867 nia,
1281 821 1416 869 potest
1444 829 1535 856 esse
1555 816 1687 855 multo
1718 816 1897 855 strictior
1917 820 1958 856 et
1985 816 2205 867 perfectior

1168 879 1258 926 illo;
1282 891 1395 928 nam,
1414 875 1511 917 licet
1530 878 1753 918 excedatur
1766 877 1810 917 in
1827 877 2088 916 solemnitate
2104 878 2205 926 voti,

1167 940 1272 981 etin
1296 939 1422 979 modo
1449 939 1712 991 obligationis
1742 948 1794 978 ex
1825 942 1942 990 parte
1975 938 2204 989 religionis,

1171 1001 1370 1041 excedere
1396 1005 1538 1041 tamen
1559 1005 1698 1052 potest
1715 1000 1756 1039 in
1777 1000 2028 1050 perfectione
2048 1000 2142 1039 finis
2164 1000 2207 1039 et

1168 1063 1419 1110 mediorum,
1440 1067 1481 1102 et
1497 1063 1539 1101 in
1558 1063 1732 1102 materia
1750 1066 1941 1101 votorum
1961 1061 2207 1101 substantia-

1167 1125 1285 1173 lium,
1318 1123 1420 1164 etin
1451 1125 1587 1176 rigore
1620 1124 1889 1163 observantiae
1911 1135 1961 1163 ac
1980 1123 2207 1175 disciplinae

1166 1188 1389 1239 religiosae,
1411 1187 1481 1238 qui
1503 1199 1699 1227 excessus
1719 1187 1853 1237 major
1871 1186 1959 1226 sine
1981 1186 2108 1226 dubio
2128 1189 2206 1234 est,

1166 1250 1385 1300 magisque
1409 1249 1622 1300 pertinens
1646 1248 1700 1288 ad
1724 1248 2023 1300 perfectionem
2043 1248 2207 1296 animae,

1167 1315 1209 1351 et
1225 1311 1277 1349 ad
1293 1310 1450 1350 cultum
1470 1310 1564 1357 Dei;
1588 1322 1687 1348 nam
1702 1310 1944 1349 solemnitas
1960 1311 2042 1349 voti
2058 1310 2209 1349 extrin-

1173 1384 1314 1412 secum
1332 1372 1431 1423 quid
1448 1375 1523 1420 est,
1537 1371 1725 1423 pendens
1736 1372 1871 1422 magis
1887 1383 1937 1412 ex
1951 1371 2209 1412 constitutio-

1172 1445 1225 1474 ne
1260 1435 1513 1478 extrinseca,
1542 1446 1669 1485 quam
1696 1446 1746 1474 ex
1774 1435 1986 1474 voluntate
2023 1435 2207 1486 propria.

1171 1496 1374 1548 Obligatio
1387 1500 1526 1535 autem
1543 1508 1593 1535 ex
1607 1500 1723 1547 parte
1740 1496 1967 1548 religionis,
1984 1496 2050 1535 vel
2067 1509 2209 1536 caren-

1169 1558 1227 1598 tia
1243 1559 1334 1609 ejus
1345 1587 1356 1606 ,
1368 1570 1454 1597 non
1469 1557 1618 1597 minuit
1632 1557 1888 1597 voluntatem
1902 1562 1942 1597 et
1957 1558 2209 1597 oblationem

1171 1631 1222 1659 ex
1245 1623 1363 1671 parte
1389 1619 1573 1670 religiosi
1599 1631 1643 1658 se
1663 1620 1881 1668 tradentis,
1904 1620 1986 1658 imo
2011 1620 2146 1659 reddit
2165 1620 2210 1658 il-

1169 1682 1253 1720 lam
1277 1680 1588 1732 quodammodo
1616 1681 1751 1732 magis
1780 1681 2010 1730 liberalem,
2041 1686 2087 1721 ut
2114 1695 2208 1733 cap.

1170 1742 1367 1789 secundo,
1389 1754 1564 1782 numero
1580 1742 1778 1790 secundo,
1802 1743 2005 1783 dicebam.
2023 1744 2129 1794 Ergo
2143 1743 2211 1782 hic

1170 1810 1299 1845 status
1324 1804 1543 1856 religiosus
1573 1804 1788 1844 Societatis
1813 1817 1909 1844 cum
1944 1816 2212 1856 quacumque

1167 1867 1370 1917 religione
1394 1866 1475 1904 alia
1504 1866 1546 1904 in
1566 1866 1645 1904 hoc
1665 1867 1872 1914 convenit,
1896 1867 2023 1916 quod,
2047 1867 2211 1906 seclusa

1169 1929 1337 1981 speciali
1369 1927 1639 1968 concessione
1671 1931 1743 1966 aut
1764 1928 2042 1979 prohibitione
2067 1930 2208 1969 Ponti-

1167 1990 1258 2030 ficis
1279 2020 1291 2039 ,
1327 1989 1382 2029 ab
1413 1990 1482 2029 illo
1518 1989 1571 2029 ad
1607 1989 1853 2029 strictiorem
1888 1995 2040 2030 statum
2072 1991 2209 2030 licitus

1169 2057 1279 2093 esset
1316 2052 1529 2100 transitus,
1561 2063 1644 2091 non
1684 2063 1783 2091 vero
1818 2052 1872 2091 ad
1909 2053 2109 2092 laxiorem
2142 2053 2209 2093 vel

1167 2114 1387 2166 aequalem,
1415 2114 1541 2155 etiam
1567 2114 1600 2152 si
1627 2117 1722 2152 vota
1750 2114 1841 2165 ejus
1872 2114 1953 2154 sint
1979 2116 2180 2155 solemnia
2190 2127 2206 2167 3

1168 2189 1266 2217 nam
1297 2176 1387 2215 haec
1416 2175 1505 2214 sola
1532 2175 1840 2215 circumstantia
1867 2189 1952 2215 non
1972 2177 2108 2217 reddit
2125 2183 2209 2217 sta-

1169 2244 1256 2279 tum
1285 2238 1547 2277 strictiorem.
1578 2237 1695 2285 Quod
1727 2238 1898 2288 quidem
1929 2239 2028 2278 satis
2060 2239 2209 2288 confir-¹

1167 2305 1281 2341 mant
1302 2300 1515 2339 Pontificia
1547 2299 1730 2347 indulta;
1766 2313 1865 2340 nam
1899 2301 1932 2340 si
1960 2303 2205 2353 generatim,

1166 2368 1209 2403 et
1229 2375 1279 2402 ex
1302 2363 1342 2400 vi
1361 2362 1507 2401 talium
1532 2365 1738 2410 votorum,
1761 2366 1907 2410 status,
1928 2363 1972 2401 in
1999 2375 2082 2415 quo
2102 2364 2208 2404 fiunt

1166 2429 1262 2465 vota
1289 2423 1507 2471 solemnia,
1528 2430 1638 2462 esset
1658 2423 1849 2472 strictior,
1871 2426 1912 2463 et
1930 2426 2086 2475 gratior
2104 2426 2204 2474 Deo,

1166 2487 1365 2538 injustum
1379 2485 1501 2536 plane
1521 2485 1665 2524 fuisset
1681 2485 1792 2524 hunc
1808 2487 2028 2526 transitum
2046 2489 2207 2528 univer-

1166 2549 1305 2588 saliter
1324 2547 1566 2598 prohibere;
1595 2558 1695 2598 ergo
1717 2547 1883 2598 signum
1902 2552 1965 2588 est
1991 2549 2103 2588 illam
2126 2550 2206 2588 cir-

1167 2609 1455 2651 cumstantiam
1472 2620 1522 2647 ex
1538 2613 1676 2647 mente
1697 2609 1903 2648 Pontificis
1923 2622 2006 2649 non
2027 2612 2204 2652 multum

1166 2673 1336 2720 referre,
1359 2671 1438 2710 nisi
1460 2670 1532 2709 ubi
1551 2675 1696 2710 caetera
1714 2672 1830 2722 paria
1845 2677 1996 2712 essent.
2018 2674 2204 2714 Tandem

1161 2735 1308 2787 juvare
1322 2735 1470 2784 potest,
1483 2732 1595 2784 quod
1610 2733 1650 2770 hi
1665 2733 1876 2773 scholares
1889 2735 2104 2786 approbati
2119 2748 2204 2776 non

1166 2797 1300 2836 solum
1335 2795 1413 2834 tria
1444 2798 1540 2834 vota
1571 2795 1857 2835 substantialia
1887 2796 1928 2834 in
1963 2809 2037 2835 suo
2071 2798 2204 2849 gradu

1167 2859 1372 2906 emittunt,
1400 2856 1474 2895 sed
1495 2857 1619 2895 etiam
1638 2857 1884 2907 promittunt
1903 2858 2203 2909 professionem

1163 2921 1299 2960 facere
1319 2919 1363 2957 in
1383 2918 1601 2966 Societate,
1621 2919 1788 2969 quando
1801 2919 1907 2970 jussi
1924 2919 2096 2968 fuerint;
2117 2934 2202 2962 non

1165 2994 1265 3034 ergo
1292 2983 1465 3032 possunt
1483 2980 1801 3032 promissionem
1820 2981 1934 3020 illam
1960 2982 2132 3036 implere
2156 2984 2203 3023 in

1166 3055 1430 3096 quacumque
1446 3043 1527 3082 alia
1546 3042 1748 3095 religione
1768 3043 1940 3084 laxiore.

1220 3108 1284 3146 19.
1332 3103 1638 3153 Quoeetiunculoe
1677 3104 1890 3147 incidentis
1927 3106 2112 3148 resolutio
2157 3108 2201 3148 de

1165 3170 1290 3219 fa0t0.
1306 3187 1359 3196 —
1377 3167 1438 3207 De
1447 3166 1545 3217 jwre
1564 3166 1684 3208 etiam
1700 3167 1888 3209 resolutio
1911 3169 2041 3209 eadem
2054 3169 2201 3221 proba-

1166 3230 1301 3270 bilior.
1319 3249 1373 3258 --
1391 3228 1534 3268 Solum
1564 3233 1706 3280 posset
1732 3230 1800 3270 hic
1834 3230 2019 3282 aliquam
2039 3231 2202 3271 dubita-

1167 3292 1322 3331 tionem
1342 3290 1512 3338 habere,
1537 3303 1592 3330 an
1608 3291 1808 3343 professio
1824 3292 1932 3332 facta
1953 3293 1994 3332 in
2011 3293 2090 3331 alia
2106 3291 2201 3348 reli-¹

1168 3353 1305 3405 gione,
1327 3365 1413 3392 non
1436 3353 1698 3393 obstantibus
1718 3354 1925 3406 prioribus
1943 3353 2048 3394 votis
2066 3351 2201 3391 Socie-

1166 3414 1276 3463 tatis,
1307 3414 1359 3454 sit
1386 3414 1538 3463 valida,
1562 3418 1651 3454 esto
1680 3415 1730 3455 sit
1756 3415 1923 3465 illicita3
1943 3413 2055 3465 quod
2074 3413 2200 3452 etiam

1166 3476 1396 3516 nonhabet
1408 3476 1710 3516 dubitationem
1723 3476 1774 3517 de
1785 3476 1907 3515 facto.
1922 3474 2023 3519 Quia
2042 3472 2075 3512 si
2087 3476 2201 3522 reate

1166 3538 1451 3591 ponderentur
1473 3538 1613 3577 omnia
1641 3538 1768 3577 verba
1800 3535 1913 3575 Pauli
1942 3534 2009 3582 III,
2043 3533 2202 3575 irritam

1169 3599 1404 3659 significant
1430 3611 1524 3639 esse
1564 3598 1677 3638 illam
1710 3595 2044 3654 professionem,
2077 3595 2203 3647 idque

1170 3671 1365 3712 expresse
1384 3659 1649 3700 declararunt
1675 3648 1770 3696 Pius
1798 3656 1851 3696 IV
1884 3660 1927 3696 et
1955 3656 2053 3697 Pius
2086 3657 2139 3709 V,
2157 3657 2204 3698 in
