2352 3880
151 285 336 330 inaximo
355 287 467 339 quod
484 288 524 327 in
543 290 851 340 propi-iocansa
878 293 988 342 saepe
1007 287 1098 340 q'uis

5 369 15 387 ς
49 392 51 394 r
113 365 119 383 e
147 349 243 402 itur,
261 348 329 388 vel
358 348 539 390 timendo
569 351 638 391 ubi
664 362 755 405 non·
776 353 839 392 est
869 350 1004 398 timor,
1032 350 1098 390 vel

16 442 27 456 u
65 402 109 461 ,αἶ’
126 409 291 451 'cando
314 410 392 449 sibi
415 411 608 463 injuriam
628 408 799 457 fieri,'se
819 411 954 462 potius
972 407 1099 462 quam

18 467 25 481 ”
115 471 198 510 ''um
228 472 442 512 mittendo.
479 473 750 513 Nihilominus
781 476 921 512 tamen
953 483 1098 512 verum

22 575 25 578 Α
50 525 69 551 ⁷⁶
83 554 91 567 ›
106 550 114 565 ι
131 527 221 571 seso
235 561 247 579 ‚
267 533 311 572 in
328 534 463 584 rigore
483 535 673 586 praecepti
686 564 698 582 ,
717 533 864 585 majori
884 533 1097 586 obligatio-

19 610 22 611 ⁷
66 587 139 653 sne,
156 593 280 631 etiam
297 594 519 642 extensiva,
537 595 667 633 teneri
684 594 913 646 professum
936 596 988 634 ad
1008 595 1096 633 abs-

69 654 280 697 tinendum
300 655 352 693 ab
369 655 717 704 excusationibus,
736 661 775 695 et
793 657 1095 695 ostendendum

0 705 2 741 ?
64 727 115 763 se
138 719 327 767 paratum
347 716 400 755 ad
418 717 492 755 has
512 717 752 764 missiones,
777 719 964 768 quamvis
991 717 1094 757 diffi-

0 780 1 783 ’
38 818 42 820 ,
69 777 179 823 cites,
202 777 299 828 quia
318 777 398 818 hoc
423 779 558 819 totum
586 790 781 831 expresse
813 783 855 819 et
883 780 926 820 in
959 779 1093 831 specie

15 880 20 881 γ
67 841 201 882 vovet.

118 901 183 940 34.
213 899 469 941 Concludatur
488 899 697 954 quaesitum
716 903 761 942 in
779 913 888 942 num.
910 902 977 949 26,
995 901 1095 942 unde

67 963 214 1012 satisfit
233 962 363 1013 primo
382 967 612 1014 arqumento
631 964 688 1004 ibi
706 964 849 1016 posim.
865 986 917 993 —
932 962 1098 1002 Accedit

66 1026 266 1076 praeterea
285 1023 395 1072 quod
418 1024 645 1076 professus,
667 1036 718 1064 ex
744 1026 783 1063 vi
810 1025 1093 1076 professionis,

64 1084 250 1136 pluribus
282 1086 459 1136 negotiis
488 1090 529 1125 et
560 1084 825 1125 missionibus
860 1087 1092 1137 exponitur,

65 1156 189 1198 quam
210 1146 294 1194 alii,
316 1147 413 1198 quia
445 1159 540 1186 cum
570 1147 770 1198 professio
800 1147 888 1186 dari
909 1159 993 1186 non
1025 1148 1096 1186 de—

64 1205 158 1247 beat
184 1208 261 1246 nisi
289 1208 526 1247 hominibus
546 1209 787 1260 prudentia,
808 1209 953 1248 litteris
975 1212 1014 1247 et
1033 1220 1094 1246 re-

64 1267 214 1320 ligione
235 1270 481 1320 conspicuis,
501 1281 549 1309 eo
566 1270 654 1322 ipso
678 1270 790 1321 quod
811 1271 863 1309 ad
878 1269 1094 1320 professio-

27 1345 30 1348 ·
63 1340 159 1369 nem
178 1330 463 1380 admittuntur,
487 1331 606 1381 quasi
625 1332 864 1382 judicantur
884 1332 1023 1370 idonei
1044 1331 1097 1371 ad

65 1391 199 1431 omnia
218 1392 459 1440 ministeria,
478 1393 531 1432 ad
551 1405 643 1443 quae
666 1394 785 1433 dotes
804 1394 885 1432 illae
908 1398 1004 1432 sunt
1023 1406 1097 1432 ne-

63 1453 265 1494 cessariae.
285 1454 333 1492 Et
352 1455 552 1503 similiter,
574 1468 669 1494 cum
695 1453 772 1506 ipsi
793 1454 1097 1505 professionem

59 1518 292 1580 ‘acceptann
322 1516 512 1555 omnibus
537 1516 615 1555 illis
645 1516 885 1555 ministeriis
916 1528 959 1555 se
990 1515 1093 1554 offe-

60 1582 170 1623 runt,
203 1579 324 1627 prout
351 1578 547 1628 Superior
568 1578 816 1629 judicaverit
825 1589 837 1627 ;
871 1589 999 1628 quare
1025 1577 1091 1616 vix

59 1637 144 1690 jam
171 1637 214 1675 in
235 1639 293 1676 eis
320 1639 458 1677 locum
491 1639 618 1680 habet
648 1640 832 1692 legitima
864 1640 1090 1679 excusatio.

58 1698 140 1738 Alii
183 1703 319 1737 autem
338 1729 350 1746 ,
385 1699 485 1738 dum
514 1701 562 1739 in
598 1700 860 1740 inferioribus
895 1701 1093 1752 gradihus

58 1753 262 1806 existunt,
284 1760 429 1800 merito
450 1765 624 1812 possunt
652 1774 696 1801 se
726 1763 778 1800 ab
799 1762 877 1800 illis
898 1762 1094 1813 graviori·

59 1821 139 1861 bus
165 1821 454 1871 missionibus,
486 1824 632 1862 saltem
656 1836 704 1862 ex
724 1828 841 1874 parte
872 1834 1011 1862 rerum
1030 1822 1097 1861 vel

59 1883 317 1934 negotiorum
335 1883 386 1921 ad
401 1895 493 1933 quae
514 1884 787 1932 destinantur,
806 1895 1015 1922 excusare.
1035 1884 1094 1921 Ita

61 1955 160 1995 ergo
195 1944 364 1995 intelligi
403 1948 538 1995 potest
575 1945 766 1983 omnibus
795 1945 929 1983 modis
961 1944 1095 1994 major

60 2005 253 2056 obligatio
278 2006 401 2056 hujus
425 2005 531 2050 voti,
554 2006 678 2045 etiam
706 2009 895 2057 respectu
917 2006 1091 2044 aliorum

60 2067 340 2107 membrorum
361 2067 591 2106 Societatis.
608 2069 656 2106 Et
673 2072 978 2119 consequenter
994 2067 1092 2105 satis

60 2133 218 2168 constat
237 2140 320 2167 non
339 2129 472 2167 solum
490 2129 757 2178 conveniens,
778 2130 851 2168 sed
869 2130 992 2168 etiam
1014 2128 1092 2168 uti-

58 2190 278 2236 lissimum,
298 2194 337 2229 et
353 2191 469 2241 juxta
498 2203 619 2230 suum
639 2191 871 2231 institutum
900 2202 1091 2230 necessa-

59 2253 166 2292 rium
186 2252 312 2290 fuisse
333 2252 413 2291 tale
431 2257 571 2291 votum
586 2257 734 2291 nostrae
751 2252 957 2292 Societati.
976 2252 1023 2289 Et
1037 2251 1091 2290 ita

60 2312 313 2352 satisfactum
348 2317 410 2351 est
446 2314 588 2365 primae
616 2313 766 2352 rationi
796 2311 1013 2352 dubitandi
1050 2311 1091 2350 in

59 2373 259 2426 principio
278 2374 434 2424 positae.

114 2437 179 2475 35.
211 2435 295 2476 Cur
318 2439 506 2487 quartum
522 2438 654 2477 votum
674 2436 749 2485 fiat
767 2434 895 2488 Papoe
912 2437 1090 2476 nomina-

38 2498 147 2539 rim.
166 2517 217 2526 —
231 2495 288 2534 Ex
308 2496 456 2547 quibus
474 2498 597 2536 etiam
617 2497 750 2536 obiter
767 2498 1014 2547 explicatum
1030 2501 1090 2536 est

42 2572 131 2600 cur
151 2560 228 2597 hoc
254 2562 396 2596 votum
422 2558 494 2598 fiat
512 2560 680 2598 Summo
701 2558 882 2597 Pontifici
899 2559 943 2596 in
969 2559 1093 2609 parti-

40 2612 201 2667 ‘culari,
225 2623 264 2658 et
285 2631 367 2657 non
395 2619 632 2670 simpliciter
657 2621 837 2659 Praelatis
862 2620 1089 2670 religionis,

39 2679 162 2722 “sieut
188 2681 291 2719 solet
320 2680 408 2719 fieri
430 2681 636 2732 generalis
668 2682 912 2721 obedientiae
931 2686 1087 2720 votum.

50 2742 173 2782 fRatio
195 2742 304 2780 enim
326 2754 417 2781 esse
437 2743 700 2793 potuitjuxta
717 2743 824 2782 dicta
854 2744 894 2781 in
917 2755 1089 2782 numero

42 2798 285 2855 ·‘trigesimo‚
304 2807 348 2842 ut
378 2804 454 2843 hoc
476 2808 618 2844 votum
639 2817 689 2843 ex
718 2805 829 2843 omni
854 2808 970 2855 parte
997 2817 1090 2856 gra-

43 2865 149 2906 “vius
179 2866 242 2912 sit,
263 2866 550 2918 majoremque
578 2868 856 2906 reverentiam
885 2867 1087 2906 conciliet.

56 2927 161 2982 Jtem
180 2931 240 2966 est
261 2928 341 2967 alia
365 2929 484 2975 ratio,
505 2929 601 2980 quia
628 2941 720 2967 cum
741 2929 833 2968 finis
859 2929 981 2980 hujus
1007 2928 1089 2967 voti

11 2990 14 2991 ⁷
39 2987 113 3029 'ssit
131 2990 371 3028 universalis
398 2990 591 3029 Ecclesiae
619 2991 863 3041 obsequium
890 2991 956 3030 vel
975 2991 1087 3029 auxi-

41 3039 184 3099 '‘1ium‚
206 3051 436 3091 distributio
466 3052 788 3092 ministeriorum
810 3053 885 3091 soli
906 3052 1090 3091 Pontifici

119 3113 282 3152 iversali
313 3115 404 3164 ejus
442 3116 595 3166 pastori
631 3116 774 3155 debuit
811 3115 1090 3166 principaliter

40 3170 54 3203 f
86 3174 274 3213 ommitti.
310 3175 510 3215 Praeterea
538 3177 690 3216 factum
722 3177 898 3223 videtur,
930 3180 975 3215 ut
1003 3176 1092 3226 ipse

12 3286 17 3290 ι
72 3246 257 3286 Γιιιιυηιιε
291 3235 476 3275 Pontifex
514 3235 760 3291 intelligeret
795 3250 838 3277 se
872 3237 1089 3287 acquirere

44 3311 45 3314 ¹
88 3297 274 3348 roprium
294 3298 335 3335 et
348 3298 524 3348 speciale
540 3299 608 3350 jus
626 3301 667 3339 in
681 3305 810 3340 totam
826 3300 934 3338 hanc
954 3299 1089 3338 Socie-

94 3360 204 3405 ⁴tem,
228 3357 305 3396 sibi
329 3358 525 3408 peculiari
549 3361 672 3400 modo
706 3362 954 3412 subjectam
976 3371 1088 3407 nam,

119 3420 160 3458 et
193 3419 279 3459 sola
315 3419 497 3459 Societas
527 3421 711 3472 professa
744 3423 851 3461 hanc
883 3420 1094 3473 propriam

7 3531 11 3535 ‚
104 3532 109 3538 ι
151 3484 216 3520 eat
234 3481 540 3532 obligationem,
561 3494 656 3522 cum
679 3495 822 3523 omnes
844 3484 911 3522 alii
941 3482 1093 3534 gradus

24 3557 30 3561 ·
49 3541 65 3598 '3
78 3584 101 3596 ,Α
123 3539 281 3582 Ὁίεῒειῐίε
298 3542 352 3582 ad
368 3542 482 3583 illum
501 3555 740 3595 supremum
757 3544 1013 3591 ordinentur,
1028 3543 1095 3585 vel

41 3591 325 3682 vffoqp‘erando
353 3604 429 3655 illi,
444 3605 513 3650 vel
538 3605 592 3648 ad
608 3605 723 3649 illum
742 3605 933 3647 homines
955 3605 1094 3661 dispo-

51 3679 54 3682 ⁴
278 3679 363 3713 xvi.

52 3811 89 3847 t'r':

7 3874 10 3880 2
46 3872 52 3876 -
62 3853 100 3880 Sa

1912 144 1942 184 ὑ

1152 289 1306 337 nendo,
1333 291 1433 330 dum
1457 291 1550 331 talis
1568 293 1722 345 gradus
1748 294 1981 347 specialiter
1998 295 2175 339 devinci-

1151 353 1217 388 tur
1235 351 1405 390 Summo
1434 350 1630 402 Pontifici,
1652 357 1738 394 tota
1758 357 1902 408 religio
1919 357 1977 409 ilii
1994 358 2174 411 subjecta

1151 411 1385 461 specialiter
1412 412 1560 452 evadit.
1582 415 1767 455 Tandem
1796 419 1965 469 speciali
1984 420 2060 460 Dei
2085 432 2170 472 pro·

1149 471 1330 510 videntia
1361 472 1440 512 hoc
1470 474 1687 514 consilium
1714 477 1931 519 inventum
1962 485 2003 521 et
2032 481 2181 526 initum

1150 533 1356 572 credimus
1367 563 1380 582 ,
1401 536 1446 572 ut
1466 545 1548 584 quo
1568 538 1755 586 tempore
1779 538 1955 580 haeretici
1981 543 2182 594 Apostoli-

1150 604 1240 633 cam
1264 594 1415 633 Sedem
1444 595 1613 646 speciali
1634 596 1728 636 odio
1754 606 2074 651 prosequuntur,
2096 616 2180 644 una

1149 655 1286 706 aliqua
1306 656 1498 707 religiosa
1514 656 1671 695 familia
1692 669 1785 697 eam
1799 661 1966 710 speciali
1990 670 2182 705 reveren-¹

1147 717 1202 755 tia
1227 722 1518 768 prosequatur,
1540 722 1580 756 et
1593 717 1694 757 ideo
1722 731 1766 759 se
1794 723 1922 759 totam
1944 722 2032 772 ejus
2060 726 2180 766 obse-

1146 778 1243 829 quio
1262 779 1477 827 devoveat,
1494 780 1668 831 ejusque
1684 793 1920 834 supremam
1933 788 2181 836 potestatem

1147 840 1379 892 specialiter
1399 845 1683 892 recognoscat.

1203 902 1267 940 36.
1299 903 1474 942 Dubium
1496 903 1746 955 bipartitum.
1763 922 1816 933 ——
1833 904 1914 944 Sed
1942 911 2101 958 quaeret
2115 909 2182 949 hic

1149 962 1311 1013 aliquis,
1333 963 1500 1012 quando
1521 968 1742 1004 teneantur
1772 966 1961 1016 professi,
1991 968 2062 1019 qui
2093 969 2182 1008 mit-

1149 1026 1294 1063 tuntur
1315 1036 1340 1063 a
1361 1025 1531 1064 Summo
1552 1026 1766 1075 Pontifice,
1795 1028 1862 1066 vel
1899 1040 1924 1067 a
1962 1030 2182 1080 Praeposito

1149 1085 1355 1132 Generali‚
1379 1086 1546 1124 nomine
1568 1087 1692 1136 illius,
1707 1100 1757 1126 ex
1776 1088 1815 1127 vi
1832 1089 1956 1140 hujus
1983 1091 2065 1130 voti
2086 1091 2183 1131 obe·

1150 1146 1238 1186 dire
1254 1147 1331 1186 sub
1351 1148 1473 1198 culpa
1487 1149 1617 1199 gravi,
1636 1153 1676 1187 et
1692 1161 1746 1187 an
1762 1149 1941 1190 debeant
1957 1152 2062 1190 hanc
2084 1153 2179 1192 obli-

1150 1210 1359 1260 gationem
1393 1215 1610 1261 expectare
1636 1215 1681 1250 ut
1705 1212 1914 1252 obediant.
1937 1215 2182 1265 Respondeo

1150 1271 1203 1310 ad
1239 1272 1421 1322 priorem
1443 1275 1623 1323 partem,
1647 1285 1697 1311 ex
1728 1278 1844 1323 parte
1876 1276 2059 1315 materiae
2096 1277 2183 1316 fere

1149 1345 1317 1384 semper
1336 1346 1425 1372 esse
1447 1334 1554 1372 hanc
1576 1334 1870 1384 obligationem
1890 1348 2073 1387 gravem,
2087 1338 2183 1389 quia

1149 1394 1323 1433 materia
1345 1395 1483 1446 gravis
1504 1395 1707 1434 momenti
1739 1400 1821 1442 est;
1845 1397 1956 1436 unde
1981 1403 2184 1448 quantum

1149 1455 1201 1494 ad
1236 1456 1362 1494 animi
1403 1458 1768 1507 praeparationem,
1791 1469 1957 1508 semper
1989 1462 2184 1498 tenentur

1150 1528 1240 1556 esse
1273 1518 1421 1568 parati.
1444 1519 1540 1567 quia
1570 1531 1620 1556 ex
1653 1524 1770 1569 parte
1791 1519 1998 1557 Pontilicis
2020 1532 2184 1571 semper

1145 1583 1206 1618 est
1225 1582 1408 1630 potestas
1428 1579 1702 1631 praecipiendi.
1726 1580 1870 1627 Quoad
1890 1581 2096 1619 actualem
2117 1593 2184 1621 ve·

1143 1652 1190 1680 ro
1217 1641 1526 1692 obligationem,
1554 1653 1605 1680 ex
1629 1645 1745 1692 parte
1768 1642 1879 1680 modi
1902 1643 2180 1693 praecipiendi,

1146 1714 1220 1741 seu
1240 1703 1443 1746 mittendi,
1473 1715 1567 1741 raro
1593 1703 1819 1753 imponitur
1839 1704 2055 1754 proprium
2077 1716 2183 1755 prae-

1149 1768 1328 1815 ceptum.
1372 1764 1568 1802 Existimo
1605 1764 1731 1812 enim,
1766 1766 1873 1814 quod
1907 1765 1959 1803 de
1998 1766 2182 1816 generali

1148 1830 1242 1863 voto
1261 1824 1505 1863 obedientiae
1527 1827 1695 1863 cautum
1718 1828 1793 1871 est,
1818 1830 1931 1864 sexta
1952 1831 2067 1876 parte
2084 1826 2182 1865 Con-

1149 1886 1423 1934 stitutionum,
1453 1898 1487 1925 c.
1511 1886 1605 1934 ult.,
1628 1898 1711 1924 non
1743 1886 1898 1936 imponi
1928 1892 2181 1937 praeceptum

1148 1947 1254 1998 ejus,
1280 1947 1354 1985 sed
1386 1946 1615 1996 simplicem
1637 1946 1932 1993 obedientiam,
1952 1949 2034 1987 nisi
2055 1949 2181 2000 Supe-

1146 2009 1231 2047 rior
1239 2008 1282 2047 in
1295 2007 1450 2046 nomine
1460 2007 1756 2047 Domininostri
1769 2008 1802 2047 J
1805 2020 1871 2047 esu
1884 2007 2054 2057 Christi,
2071 2010 2131 2049 cel
2139 2010 2181 2049 in

1145 2069 1293 2109 virtute
1311 2067 1534 2108 obedientiae
1546 2069 1702 2118 jubeat,
1726 2068 1767 2107 id
1786 2069 1909 2107 etiam
1929 2070 1970 2107 in
1988 2070 2066 2108 hoc
2086 2074 2180 2110 voto

1145 2129 1459 2181 intelligendum
1479 2141 1583 2167 esse.
1608 2129 1724 2174 Quod
1740 2130 1906 2179 quidem
1932 2131 2070 2181 quoad
2086 2132 2179 2171 mis-

1145 2192 1297 2234 siones,
1310 2202 1401 2241 quae
1421 2202 1444 2228 a
1464 2190 1653 2228 Generali
1673 2191 1887 2239 jubentur,
1905 2192 2180 2232 certissimum

1146 2257 1222 2299 est,
1252 2257 1291 2291 et
1329 2264 1407 2289 usu
1441 2255 1675 2301 receptum3
1711 2251 1806 2301 quia
1838 2251 2081 2291 Constitutio
2111 2253 2178 2293 illa

1144 2313 1390 2352 universalis
1409 2316 1470 2350 est
1490 2324 1564 2363 pro
1586 2311 1777 2350 omnihus
1795 2313 1992 2351 materiis.
2009 2314 2062 2352 De
2082 2315 2178 2354 mis-

1145 2375 1331 2414 sionibus
1358 2377 1498 2412 autem
1529 2373 1582 2411 ab
1604 2373 1694 2423 ipso
1718 2373 1913 2412 Pontifice
1938 2374 2177 2416 immediate

1144 2436 1353 2487 injuncti&
1373 2438 1508 2485 potest
1536 2433 1628 2484 quis
1649 2433 1853 2482 dubitare,
1871 2435 1967 2484 quia
1986 2436 2073 2486 ipse
2093 2449 2176 2476 non

1145 2497 1510 2548 comprehenditur
1545 2495 1929 2535 Constitutionibus.
1964 2497 2175 2537 Nihilomi-

1143 2571 1221 2597 nus
1243 2563 1384 2597 tamen
1404 2557 1512 2595 idem
1530 2556 1792 2595 sentiendum
1809 2558 1987 2607 est,quia
2002 2559 2101 2597 dum
2113 2559 2176 2598 his

1142 2619 1344 2670 religiosis
1366 2617 1562 2669 praecipit,
1585 2617 1831 2667 intelligitur
1855 2618 1974 2668 juxta
2004 2620 2175 2658 modum

1144 2692 1312 2719 suarum
1325 2678 1668 2718 Constitutionum
1684 2678 1763 2716 illis
1780 2680 2018 2729 praecipere,
2035 2692 2174 2730 quam·

1143 2742 1214 2782 diu
1247 2741 1359 2779 aliud
1386 2753 1469 2779 non
1508 2740 1703 2779 declarat.
1725 2741 1825 2778 Item
1847 2742 1942 2790 quia
1960 2754 2172 2792 nunquam

1143 2803 1410 2855 praesumitur
1452 2801 1609 2852 imponi
1657 2802 1870 2852 proprium
1907 2807 2172 2855 praeceptum,

1144 2866 1275 2904 donec
1294 2863 1593 2903 sufficientibus
1613 2863 1749 2902 verbis
1768 2864 2035 2914 exprimatur.

1197 2928 1264 2966 37.
1286 2926 1347 2965 Ad
1368 2925 1541 2964 alteram
1567 2935 1664 2963 vero
1687 2929 1865 2975 partem,
1899 2925 2085 2975 quamvis
2104 2925 2173 2964 So-

1148 2994 1201 3036 to,
1221 2988 1291 3026 lib.
1311 2988 1334 3026 7
1350 2986 1567 3034 deJustit.,
1587 2997 1627 3035 q.
1641 2987 1682 3033 2,
1698 2986 1870 3024 articulo
1890 2990 2052 3036 quarto,
2070 2987 2172 3024 indi—

1142 3054 1207 3090 cet
1224 3051 1268 3088 in
1292 3047 1528 3099 hujusmodi
1544 3047 1671 3086 rebus
1689 3047 1828 3086 arduis
1845 3051 1883 3086 et
1908 3048 2172 3087 missionibus

1144 3111 1362 3151 consilium
1389 3121 1479 3148 esse
1498 3113 1716 3159 expectare
1734 3109 1948 3160 proprium
1980 3108 2173 3158 Superio-

1143 3174 1199 3212 ris
1219 3175 1488 3224 praeceptum,
1516 3174 1555 3209 et
1574 3170 1747 3209 fortasse
1771 3170 1810 3207 in
1836 3182 1935 3209 casu
1963 3169 2087 3208 dubio
2109 3169 2172 3219 (in

1143 3248 1223 3286 quo
1241 3235 1328 3285 ipse
1350 3233 1527 3272 maxime
1542 3232 1654 3283 loqui
1677 3232 1852 3281 videtur)
1874 3232 1928 3270 ita
1949 3234 2058 3269 esset
2079 3243 2171 3269 con-

1143 3296 1378 3341 sulendum;
1393 3294 1631 3344 simpliciter
1641 3297 1782 3332 tamen
1794 3305 1842 3331 ac
1860 3292 2000 3337 regula
2008 3292 2104 3330 riter
2114 3291 2175 3338 lo-⁴

1145 3359 1326 3411 quendo,
1342 3357 1381 3396 id
1398 3355 1698 3396 consulendum
1716 3368 1799 3393 non
1815 3354 1966 3397 est,sed
1981 3353 2116 3403 potius
2126 3351 2171 3387 ut

1146 3421 1199 3461 ad
1209 3424 1355 3459 nutum
1367 3417 1596 3470 Superioris
1615 3416 1847 3455 obediatur.
1861 3415 1975 3460 Quia,
1998 3413 2092 3450 licet
2108 3421 2169 3448 ra-

1146 3483 1201 3523 tio
1211 3493 1294 3534 prae
1301 3481 1405 3532 cepti
1424 3480 1612 3519 videatur
1621 3477 1787 3529 aliquod
1799 3476 1989 3514 meritum
2001 3471 2170 3519 addere,

1146 3548 1284 3584 tamen
1296 3542 1400 3581 illud
1415 3543 1720 3592 compensatur,
1735 3536 2026 3582 excediturque
2035 3542 2170 3584 prom-

1146 3603 1349 3660 ptitudiiie
1374 3601 1611 3648 voluntatis,
1632 3603 1675 3640 et
1706 3597 1823 3651 prius
1856 3594 2049 3634 meritum
2087 3603 2168 3638 non
