2352 3880
163 262 167 264 ’
188 285 203 307 ,
229 254 414 304 linguam
447 251 657 303 corripere
686 251 804 290 illum
833 259 1080 290 moneamus
1090 258 1104 298 ;

55 310 64 326 ⁰
90 315 108 341 s
123 319 227 362 {ero
246 315 371 355 etiam
394 313 503 353 male
525 314 664 359 sentit,
687 312 801 351 illum
826 311 923 351 totis
952 310 1106 350 viribus

50 368 315 448 &emendat-e.
336 379 377 414 et
396 376 449 415 ab
469 387 608 415 errore
629 385 826 414 securum
845 373 1021 413 reddere
1040 383 1105 412 co-

51 432 238 490 ·fiemur.
266 437 312 476 In
340 436 419 476 hoc
445 440 583 476 autem
613 436 749 486 potest
778 434 929 484 aliquis
967 434 1103 474 statim

77 492 293 549 fflsitare:
315 510 411 536 nam
433 497 467 536 si
488 508 604 537 errcr
623 495 674 534 sit
694 499 835 535 contra
856 494 998 543 fidem,
1017 506 1104 534 non

77 557 172 608 fitis
202 563 264 599 est
294 559 463 598 fratrem
493 557 715 608 corripere,
743 556 817 596 sed
848 569 956 608 saepe
988 560 1103 597 tene-

47 604 166 676 ?ssur
185 633 280 661 eum
309 619 571 667 denuntiare,
595 619 824 669 praesertim
855 619 1023 669 quando
1053 630 1103 658 ex

47 657 331 729 'contumacia
361 681 524 731 lapsum
555 691 646 719 esse
685 681 784 719 satis
815 685 989 720 constat.
1022 681 1102 720 Ve-

73 747 319 790 mmtamen,
336 741 524 792 quamvis
538 741 581 780 in
600 740 668 779 illa
688 742 900 780 notatione
921 741 1000 781 hoc
1017 753 1100 785 non

72 803 298 856 oxplicetur
318 803 331 852 (
347 802 444 854 quia
462 814 544 841 non
567 802 722 854 pendet
742 814 792 842 ex
812 803 900 842 solo
912 803 1006 854 jure
1027 815 1101 842 na—

51 864 189 911 ssurali
201 894 216 913 ‚
238 863 311 903 sed
332 863 456 902 etiam
478 875 527 903 ex
555 864 840 904 ecclesiasticis
869 865 1099 917 praeceptis,

53 926 282 976 unultaque
315 925 474 976 indiget
504 925 650 964 morali
686 925 888 973 doctrina,
921 938 1010 976 quae
1044 925 1100 965 ibi

51 992 158 1035 flerat
193 991 309 1026 extra
344 987 576 1026 institutum
599 987 644 1026 B.
670 988 798 1026 nostri
823 986 993 1037 Patris),
1015 999 1101 1026 non

51 1048 208 1099 'famen
240 1048 486 1095 excluditur,
510 1048 583 1087 sed
611 1049 901 1088 universaliter
920 1049 1096 1089 dicitur:

54 1108 171 1159 {rias
191 1122 320 1150 omnes
340 1115 582 1162 opportunas
599 1114 732 1157 tentet,
750 1109 888 1161 quibus
904 1110 1020 1149 illum
1038 1123 1099 1152 Sa-

50 1181 163 1215 uum
193 1172 413 1218 intellectu,
435 1183 481 1210 ao
501 1183 681 1211 securum
712 1172 852 1211 reddat
879 1171 927 1210 ab
950 1183 1096 1212 erroro.

50 1233 177 1280 ilnter
195 1245 298 1284 quas
317 1234 403 1272 vias
423 1232 531 1272 dicta
552 1232 817 1272 denunciatio
838 1233 1098 1273 numeranda

51 1300 144 1343 cest,
166 1295 332 1345 quando
359 1294 589 1334 secundum
620 1297 774 1333 rectam
809 1298 1012 1334 rationem
1032 1297 1099 1335 vel

49 1356 334 1408 lSuperiorum
351 1360 554 1408 praecepta
565 1355 689 1394 fuerit
703 1356 988 1395 necessarium
1002 1369 1012 1396 :
1027 1358 1097 1396 illa

0 1468 1 1473 ¹
50 1423 205 1461 cautem
225 1419 350 1458 verba
369 1418 577 1457 sufficiunt
599 1418 690 1456 loco
710 1418 1094 1467 animadversionis,

49 1485 111 1523 tut
129 1481 161 1521 si
180 1493 357 1533 persona
378 1481 497 1521 docta
517 1481 580 1528 sit,
601 1484 641 1519 et
658 1492 733 1531 per
749 1491 792 1519 se
818 1481 1026 1520 sufficiens
1046 1482 1099 1522 ad

50 1542 379 1595 iintelligendum
407 1555 509 1594 quas
530 1542 616 1580 vias
638 1545 799 1581 tentare
830 1547 1035 1592 teneatur,
1058 1544 1100 1584 id

0 1602 6 1620 '
49 1602 212 1652 §facian
236 1605 271 1644 si
289 1607 427 1644 autem
457 1604 508 1644 sit
535 1603 719 1652 indocta,
737 1604 884 1645 saltem
909 1604 1099 1646 dubitare

2 1677 3 1681 ¹
48 1666 184 1718 iaciat,
202 1670 244 1709 et
259 1667 535 1718 interrogare.

387 1761 587 1810 Quartum
613 1761 791 1803 dubium.

117 1848 183 1888 ss.
213 1845 382 1894 Quarto,
401 1848 444 1885 in
478 1847 682 1897 principio
717 1859 793 1887 seu
818 1848 1098 1890 fundamento

48 1907 353 1950 aexercitiorum
377 1919 425 1947 ea
446 1907 728 1947 indifferentia
748 1910 921 1949 affectus
942 1912 1096 1950 homini

67 1969 381 2013 commendatur
402 1982 510 2009 clrca
530 1982 597 2008 res
618 1975 777 2010 creatas
807 1984 890 2011 non
918 1974 1098 2024 prohibi-

1 2038 7 2049 *
67 2035 141 2080 tas,
163 2036 209 2072 ut
227 2044 303 2072 non
321 2033 453 2083 maqis
471 2044 697 2084 quoeramus
731 2034 944 2073 sanitate-m
978 2047 1097 2086 quam

0 2143 3 2148 ¹
67 2095 356 2147 oeqritudinem,
384 2106 452 2133 nec
479 2095 608 2133 vitam
636 2095 794 2146 Zonqam
820 2096 925 2134 brevi
952 2098 1098 2147 praefe-

65 2164 218 2197 ramus.
250 2155 396 2196 Statim
431 2167 531 2194 *fero
566 2156 743 2196 occurrit
776 2156 979 2207 obiectio,
1003 2158 1098 2207 quia

46 2215 180 2258 salus
205 2220 245 2256 et
275 2222 358 2256 vita
389 2220 485 2255 sunt
518 2228 569 2256 ex
596 2216 660 2255 bis
690 2215 817 2255 rebus
846 2229 949 2267 quas
973 2217 1097 2257 homo

64 2278 230 2321 tenetur
262 2290 313 2317 ex
351 2282 559 2330 praecepto
597 2279 823 2326 custodire,
847 2282 888 2318 et
911 2291 1097 2330 quaerere

64 2340 212 2382 mediis
233 2339 417 2379 honestis
438 2351 486 2378 ac
515 2339 788 2379 decentibus:
809 2352 894 2379 non
915 2345 976 2380 est
1000 2353 1097 2392 ergo

63 2397 284 2444 laudabilis
308 2401 586 2440 indifferentia
614 2413 698 2440 non
721 2402 854 2453 magis
883 2403 1099 2453 quaerendi

63 2463 287 2505 sanitatem
315 2475 443 2514 quam
477 2462 795 2513 aegritudinem,
829 2467 906 2502 etc.
942 2464 1096 2503 Deinde

37 2530 151 2577 Aaou
181 2527 293 2562 recte
323 2524 633 2574 aequiparantur
650 2523 708 2562 ibi
732 2523 820 2562 haec
839 2524 922 2562 duo
944 2536 1097 2575 genera

32 2588 33 2593 ’
61 2585 272 2637 ΔΒοηοιήιῐιι
306 2587 456 2627 divitiis
484 2591 525 2626 et
545 2586 693 2626 honori
713 2599 723 2633 ;
747 2598 846 2626 nam
875 2587 1025 2626 divitiae
1058 2592 1100 2628 et

64 2646 199 2692 honor
223 2661 310 2688 non
340 2651 438 2688 sunt
468 2649 577 2687 bona
600 2653 770 2699 propter
792 2661 837 2688 se
863 2649 1097 2700 appetenda

65 2711 294 2753 secundum
322 2715 479 2750 rectam
512 2710 732 2756 rationem,
762 2711 860 2761 quia
884 2723 969 2750 non
1003 2715 1097 2750 sunt

65 2780 138 2825 per
152 2784 196 2812 se
219 2773 411 2821 honesta,
427 2775 497 2811 aut
517 2773 807 2810 convenientia
828 2777 1002 2820 naturae,
1021 2772 1096 2812 sed

65 2826 354 2880 indifferentia,
375 2845 424 2872 ao
454 2837 675 2884 propterea
699 2834 832 2872 solum
868 2837 913 2872 ut
947 2834 1095 2872 instru«

64 2887 204 2947 {trenta
225 2894 388 2934 virtutis
416 2894 482 2933 vel
513 2898 671 2933 naturae
699 2895 994 2934 conservandae
1023 2906 1095 2946 ap-

66 2956 244 3011 ¹petenda
263 2959 373 3001 sunt,
394 2959 433 2994 et
448 2955 543 2994 ideo
561 2956 614 2994 ad
628 2955 697 2994 illa
713 2956 941 2995 secundum
959 2968 1002 2995 se
1022 2956 1091 2996 de-

65 3013 140 3065 bet
167 3029 259 3058 esse
290 3017 529 3056 indifferens
555 3017 717 3055 animus
742 3021 854 3056 recte
888 3017 1093 3068 composi-

112 3091 159 3128 s;
179 3079 290 3119 salus
306 3085 448 3117 autem
469 3082 509 3118 et
525 3079 607 3117 vita
628 3082 724 3118 sunt
744 3090 795 3117 ex
816 3079 934 3117 bonis
954 3091 1028 3130 per
1047 3090 1093 3119 se

119 3140 368 3192 petibilibus,
391 3139 487 3190 quia
503 3144 599 3179 sunt
617 3152 693 3192 per
708 3151 753 3178 se
770 3144 928 3179 naturae
944 3152 1093 3181 conve-

31 3214 34 3215 ’
66 3198 248 3252 fientiag
278 3205 319 3241 et
335 3200 431 3240 ideo
450 3201 652 3241 rectitudo
669 3202 831 3240 virtutis
853 3213 932 3240 non
951 3206 1094 3253 postu-

67 3253 127 3313 ht
142 3264 251 3304 circa
276 3263 346 3302 illa
375 3263 567 3302 eamdem
595 3263 931 3302 indifferentiam.
953 3264 1096 3303 Dicen-

26 3318 33 3374 ζ
69 3315 167 3371 §nm
184 3335 282 3363 vero
303 3327 381 3370 est,
403 3335 637 3363 sermonem
658 3337 749 3364 esse
775 3336 898 3376 posse
932 3324 986 3364 de
1016 3325 1096 3364 dis-

27 3393 34 3438 j
68 3374 271 3487 &sitione
291 3384 464 3424 affectus
483 3386 716 3424 necessaria
737 3386 791 3426 ad
818 3386 1093 3436 honestatem,

25 3440 33 3443 ²
90 3439 97 3448 ²
130 3444 184 3484 ad
198 3446 411 3485 vitandam
439 3445 604 3496 culpam
625 3447 749 3486 etiam
776 3447 1005 3495 venialem,
1030 3447 1098 3488 vel

42 3519 46 3522 ·
71 3502 205 3553 gotum
221 3507 274 3546 de
294 3505 457 3546 meliori
475 3508 691 3557 magisque
718 3507 900 3557 perfecta
923 3507 1097 3559 disposi-

26 3568 29 3569 ’
73 3559 199 3609 Hune.
217 3567 443 3621 Loquendo
461 3568 589 3624 priori
609 3568 751 3620 mode,
768 3571 883 3611 recte
910 3569 1098 3624 procedit

419 187 511 222 cAP.
534 186 575 221 V.
598 186 653 220 DE
673 184 981 220 spinlruaunus
1000 181 1243 223 Exmtcmls,
1265 183 1320 218 m·
1339 184 1498 218 Panum
1518 185 1617 226 Qum
1637 185 1742 226 SJNT,
1764 185 1854 222 mc.

1161 248 1366 298 objectio:
1390 261 1487 289 nam
1511 261 1657 290 revera
1686 261 1772 289 non
1788 249 2021 302 postulatur
2044 255 2196 296 eadem

1159 308 1436 350 indifferentia
1469 311 1643 351 affectus
1677 313 1786 351 circa
1818 311 1887 351 illa
1920 313 2003 353 duo
2040 327 2197 367 genera

1157 370 1378 411 bonorum.
1400 372 1502 412 Nam
1524 373 1649 412 homo
1669 384 1753 412 non
1779 378 1888 414 recte
1911 375 2049 424 faciet,
2080 377 2114 416 si
2142 378 2196 419 sit

1157 433 1332 473 affectus
1352 434 1404 472 ad
1425 434 1606 473 honores
1636 435 1703 474 vel
1735 436 1896 495 divitias
1929 443 2098 490 propter
2130 452 2192 490 se,

1157 495 1318 545 eritque
1337 494 1430 533 talis
1447 494 1661 545 dispositio
1678 498 1865 543 actualis,
1888 500 2007 550 culpa
2034 501 2088 540 ad
2118 501 2187 540 mi-

1157 568 1236 595 nus
1260 556 1436 594 venialis
1470 556 1616 594 saltem
1641 567 1692 595 ex
1726 558 1912 608 objecto,
1943 562 2042 612 quia
2062 562 2191 602 fertur

1155 617 1199 657 in
1223 617 1432 668 objectum
1453 617 1584 663 aliter,
1608 620 1648 655 et
1668 617 1803 656 altiori
1827 621 1951 660 modo
1973 635 2100 672 quam
2133 625 2192 676 ip-

1155 691 1247 718 sum
1274 679 1446 728 dignum
1477 678 1542 724 sit,
1563 677 1742 717 fruendo
1770 681 1967 720 nimirum
1994 685 2188 732 utendis3

1156 743 1197 780 et
1216 741 1310 779 ideo
1331 742 1439 780 circa
1460 740 1548 779 haec
1568 740 1678 778 bona
1706 740 1984 781 indifferentia
2019 746 2192 785 affectus

1155 801 1207 840 ad
1228 802 1469 841 habendum
1489 802 1553 841 vel
1574 802 1801 840 carendum
1819 803 1895 841 illis
1910 816 1984 854 per
2013 818 2057 844 se
2074 819 2192 857 spec-

1154 863 1265 911 tatis,
1289 868 1330 902 et
1350 863 1492 914 (quod
1527 875 1790 913 consequens
1814 866 1902 914 est)
1927 866 2061 904 solum
2083 869 2190 908 velle

1155 925 1240 968 illa,
1264 929 1470 975 quatenus
1500 936 1591 964 esse
1620 929 1795 975 possunt
1819 926 2093 966 instrumenta
2114 929 2192 967 vir-

1154 986 1269 1034 tutis,
1289 990 1351 1026 est
1369 985 1424 1026 ad
1441 986 1733 1026 rectitudinem
1751 987 1974 1027 voluntatis
1997 1001 2193 1030 necessa·-

1153 1048 1276 1088 rium.

1208 1112 1274 1149 12.
1305 1109 1357 1148 At
1374 1120 1475 1149 vero
1495 1109 1653 1149 bonum
1684 1111 1776 1150 vitae
1807 1115 1847 1151 et
1874 1111 2018 1151 salutis
2046 1115 2111 1153 est
2141 1124 2194 1154 ex

1153 1172 1233 1220 his,
1257 1185 1348 1223 quae
1381 1176 1551 1223 propter
1585 1183 1632 1212 se
1663 1173 1800 1224 appeti
1832 1179 2020 1224 possunt.
2043 1175 2085 1213 id
2112 1179 2190 1225 est,

1155 1239 1362 1285 quatenus
1392 1246 1465 1284 per
1494 1247 1538 1274 se
1566 1238 1663 1274 sunt
1690 1236 1977 1275 convenientia
2012 1242 2191 1288 naturae,

1155 1301 1195 1336 et
1223 1297 1463 1335 necessaria
1503 1295 1557 1334 ad
1595 1296 1821 1346 quamdam
1859 1298 1947 1347 ejus
1979 1298 2189 1349 integrita-

1152 1362 1252 1404 tem,
1275 1361 1447 1408 propter
1467 1369 1594 1408 quam
1619 1358 1794 1396 honeste
1822 1363 2076 1409 appetuntur
2103 1361 2192 1400 sine

1153 1426 1339 1471 respectu
1361 1421 1414 1458 ad
1435 1420 1562 1458 alium
1582 1419 1706 1458 finem
1726 1435 1735 1467 ;
1757 1424 1797 1459 et
1823 1421 1916 1459 ideo
1951 1421 2039 1460 sine
2070 1422 2193 1473 culpa

1154 1486 1289 1534 potest
1321 1481 1493 1520 affectus
1517 1493 1602 1519 non
1628 1493 1720 1520 esse
1749 1482 1918 1520 omnino
1951 1482 2193 1523 indifferens

1154 1544 1261 1583 circa
1283 1543 1371 1582 haec
1393 1544 1502 1581 bona
1525 1543 1755 1581 secundum
1778 1554 1822 1582 se
1855 1548 2053 1594 spectata.
2083 1545 2194 1584 Nihi-

1153 1605 1336 1645 lominus
1375 1609 1515 1643 tamen
1561 1605 1614 1643 ad
1661 1605 1861 1655 majorem
1895 1606 2193 1656 perfectionem

1153 1671 1312 1718 spectat
1333 1668 1403 1715 (et
1423 1667 1530 1705 hanc
1559 1666 1747 1704 existimo
1774 1666 1900 1705 fuisse
1933 1672 2116 1706 mentem
2148 1668 2200 1708 S.'

1155 1730 1199 1770 P.
1220 1730 1268 1769 N.
1291 1728 1464 1779 Ignatii)
1486 1729 1574 1766 haec
1593 1728 1682 1778 ipsa
1704 1727 1813 1766 bona
1832 1740 1917 1766 non
1938 1741 2079 1767 amare
2112 1729 2195 1768 nisi

1154 1797 1201 1832 ut
1226 1795 1320 1831 sunt
1346 1791 1620 1829 instrumenta
1647 1790 1807 1828 virtutis
1827 1802 1837 1836 ;
1861 1792 2050 1840 quamvis
2081 1792 2201 1830 enim·

1153 1866 1230 1906 per
1248 1866 1291 1893 se
1311 1853 1504 1891 amabilia
1527 1853 1622 1898 sint,
1645 1851 1857 1890 interdum
1875 1852 1978 1890 solet
1995 1852 2121 1891 homo
2142 1865 2194 1892 ex

1154 1915 1233 1954 illis
1267 1914 1533 1953 occasionem
1573 1924 1739 1951 sumere
1773 1911 1838 1950 vel
1868 1913 2102 1962 peccandi,
2128 1913 2194 1952 vel

1154 1988 1238 2015 non
1253 1973 1495 2026 profic-iendl
1512 1973 1555 2010 in
1573 1973 1736 2019 virtute,
1756 1974 1798 2011 et
1819 1972 1911 2011 ideo
1930 1974 2192 2012 utilissimum

1154 2041 1216 2076 est
1247 2048 1329 2075 non
1350 2036 1444 2085 plus
1463 2034 1515 2073 ad.
1536 2034 1603 2072 illa
1623 2034 1745 2081 affici,
1768 2045 1894 2083 quam
1916 2038 1958 2073 ut
1986 2036 2194 2074 conduce-

1154 2110 1199 2137 re
1233 2101 1408 2147 possunt
1439 2096 1491 2135 ad
1527 2096 1730 2145 majorem
1752 2096 1914 2134 virtutis
1944 2096 2187 2145 profectum.

1156 2159 1340 2202 Accedit,
1364 2158 1477 2208 quod
1497 2157 1708 2195 interdum
1740 2161 1801 2195 est
1827 2158 1890 2195 vel
1918 2158 1969 2195 ad
1996 2159 2188 2197 virtutem

1154 2220 1455 2268 necessarium,
1475 2219 1541 2257 vel
1561 2218 1706 2257 saltem
1728 2218 1780 2257 ad
1799 2218 2095 2268 perfectionem
2113 2218 2191 2258 vir-

1154 2280 1286 2330 tutis,
1324 2279 1414 2319 haec
1446 2279 1557 2318 hona
1592 2283 1859 2318 contemnere
1897 2284 1936 2319 et
1970 2280 2190 2330 prodigere

1154 2346 1324 2394 propter
1346 2343 1492 2381 Deum,
1517 2341 1568 2380 Ut
1597 2353 1697 2392 ergo
1722 2341 1864 2387 homo,
1886 2343 1927 2380 et
1946 2346 2130 2391 paratus,
2149 2344 2192 2382 et

1154 2407 1371 2456 promptus
1392 2404 1442 2443 sit
1461 2403 1514 2442 ad
1534 2402 1612 2441 hoc
1636 2402 1930 2452 praestandum,
1952 2402 2088 2441 oblata
2121 2413 2190 2443 oo-

1154 2467 1335 2511 casione,
1369 2477 1473 2517 opus
1507 2465 1595 2503 sine
1623 2464 1748 2503 dubio
1783 2464 1940 2503 consilii
1977 2470 2049 2511 est,
2074 2464 2187 2505 illam

1153 2527 1475 2566 indifferentiam
1504 2538 1714 2573 exercere,
1734 2528 1776 2564 et
1795 2526 1838 2563 in
1859 2537 1904 2564 ea
1933 2525 2186 2566 conservari.

1154 2589 1271 2637 Quod
1300 2589 1455 2627 dictum
1472 2587 1728 2636 intelligatur
1751 2585 1802 2625 de
1827 2586 2019 2625 omnibus
2048 2587 2184 2636 bonis,

1154 2661 1244 2700 quae
1264 2650 1359 2688 licet
1379 2660 1454 2700 per
1486 2660 1531 2687 se
1561 2647 1756 2686 amabilia
1786 2648 1880 2693 sint,
1902 2648 2027 2686 homo
2051 2648 2188 2699 potest

1154 2712 1213 2751 eis
1237 2712 1345 2750 bene
1374 2714 1415 2750 et
1440 2710 1550 2749 male
1576 2710 1650 2748 uti.
1674 2711 1718 2748 In
1735 2709 1952 2748 virtutibus
1970 2710 2080 2748 enim
2098 2710 2187 2759 qui-

1152 2772 1230 2812 bus
1251 2772 1376 2812 homo
1398 2772 1506 2811 male
1536 2771 1594 2810 uti
1624 2783 1710 2809 non
1742 2775 1892 2822 potest,
1923 2771 1992 2809 illa
2018 2770 2187 2810 indiffe-

1151 2835 1285 2874 rentia
1315 2833 1534 2872 laudabilis
1555 2844 1639 2871 non
1664 2836 1739 2871 est.
1762 2832 2010 2871 Occurrebat
2043 2835 2184 2871 autem

1150 2895 1217 2935 hic
1251 2896 1331 2934 alia
1367 2895 1590 2943 dubitatio,
1612 2905 1740 2945 quam
1768 2894 1891 2943 infra,
1918 2893 1964 2935 in
1987 2893 2115 2934 dubio
2139 2894 2181 2942 9,

1151 2959 1419 3010 attingemus.

1465 3032 1659 3081 Quintum
1686 3031 1862 3074 dubium:

1202 3141 1268 3180 13.
1300 3136 1473 3189 objectio
1510 3140 1648 3179 contra
1673 3138 1841 3178 citatum
1871 3135 1996 3176 locum
2035 3135 2183 3177 exerci-

1149 3202 1313 3242 tiorum.
1332 3223 1384 3230 —
1400 3201 1575 3241 Dilutio.
1591 3222 1635 3229 —
1660 3199 1827 3246 Quinto,
1850 3198 1918 3236 ubi
1948 3197 2052 3236 ratio
2086 3209 2179 3237 exa-

1149 3263 1335 3303 minandi
1375 3261 1624 3314 generaliter
1657 3260 1950 3300 conscientiam
1976 3259 2176 3306 traditur,

1149 3326 1279 3365 multa
1294 3325 1346 3364 ad
1361 3324 1560 3363 moralem
1575 3323 1803 3362 doctrinam
1821 3322 1872 3360 de
1891 3320 2068 3372 peccatis
2088 3329 2179 3369 per-

1149 3387 1323 3427 tinentia
1339 3385 1459 3425 valde
1481 3386 1610 3431 utilia,
1632 3389 1672 3425 et
1689 3395 1782 3423 cum
1797 3394 1959 3422 summa
1978 3379 2178 3419 brevitate

1150 3453 1454 3499 proponuntur,
1474 3449 1559 3485 tam
1589 3445 1698 3484 clare
1728 3449 1768 3484 et
1797 3444 2001 3487 distincte,
2023 3444 2068 3479 ut
2086 3451 2179 3478 ma-

1150 3520 1278 3560 gnam
1307 3509 1367 3548 rei
1402 3506 1820 3559 comprehensionem
1839 3503 2034 3548 indicent,
2052 3511 2180 3552 quam

1148 3573 1292 3613 tamen
1305 3569 1500 3611 habuisse
1513 3568 1720 3622 Ignatium
1732 3566 1973 3619 priusquam
1986 3562 2029 3602 in
2045 3562 2188 3604 'rhem
