2352 3880
47 96 51 106 l
171 90 181 98 ⁷
297 86 308 94 “

0 170 8 184 Ι
23 162 46 184 ν’·
94 160 98 165 ¹
409 159 414 167 Ι.

0 193 23 211 '-
253 194 256 197 ,

6 215 10 220 ’
19 214 28 230 ι’

1012 250 1144 303 ΨΒ
1163 248 1319 312 mult,

134 325 232 355 circa
248 316 410 353 internas
426 312 716 363 illuminationes
731 321 768 363 et
784 304 1040 368 inspirationes
1057 315 1146 366 ‹te-

134 367 333 419 {enduntur
347 373 383 405 et
396 369 632 413 explicantur.

87 417 294 454 Hethodum
309 423 344 454 et
358 419 630 463 dispositionem
645 419 744 455 illius
757 421 930 464 optimam
944 429 1021 458 esse
1035 418 1124 458 dot>-

131 469 338 525 trinamque
360 470 521 527 ejusdem
542 471 589 506 ad
610 470 720 506 finem
743 470 922 509 intentum
944 470 1124 520 profectus

128 518 337 559 animarum
359 521 514 557 maxime
531 521 849 563 accommodatam,
873 531 904 558 c.
924 526 956 559 6.

84 560 181 603 Satis
198 579 263 613 per
278 580 358 605 eam
374 572 546 607 omnibus
560 571 644 607 vitae
658 571 856 615 spiritualis
873 573 1024 622 statibus
1035 580 1120 621 pro-

129 620 249 656 visum
271 630 360 664 esse.
378 630 410 656 c.
426 625 457 656 7.
565 648 571 651 .

84 669 344 706 Exercitiorum
365 672 606 715 spiritualium
627 680 725 711 usus,
749 672 867 715 qualis
888 672 926 706 in
950 672 1120 709 societate

125 725 299 764 servetur,
319 722 492 764 illumque
509 721 573 756 tini
591 725 626 756 et
637 722 799 758 instituto
812 724 920 766 hujus
937 721 1122 768 religionis

126 772 283 805 maxime
302 780 378 806 esse
394 772 683 814 convenientem,
706 772 755 807 ib.

82 817 270 855 Exercitiis
289 822 518 865 mentalibus,
539 822 672 865 quibus
687 827 721 856 et
737 826 871 866 quanto
886 826 1045 867 tempore
1059 831 1120 860 re-

123 869 245 914 ligiosi
259 871 445 908 societatis
459 881 504 909 ex
520 873 557 910 vi
571 873 704 919 regulae
717 882 846 911 vacare
858 874 1025 918 debeant,
1043 873 1068 910 l.
1084 876 1119 920 8,

125 926 156 959 C·
174 923 206 957 1.

81 967 172 1005 vide
194 964 326 1015 Oratio,

80 1021 257 1056 Exercitia
280 1022 484 1067 spiritualia
502 1023 688 1059 societatis
709 1024 923 1060 hominibus
943 1021 1119 1060 seculari-

121 1070 203 1111 bus,
225 1071 331 1106 etiam
352 1073 617 1116 perditissimis,
634 1076 787 1114 tradere,
805 1084 879 1110 non
893 1075 1010 1110 solum
1026 1075 1118 1108 irre-

120 1122 379 1166 prehensibile,
398 1125 462 1160 sed
477 1125 632 1161 maxime
648 1125 830 1161 laudabile
845 1125 1119 1168 etconveuiens

119 1179 213 1213 esse,
238 1172 261 1206 l.
277 1177 311 1214 9,
331 1183 361 1208 c.
379 1177 413 1209 7.

77 1220 130 1263 Ea
143 1232 229 1259 vero
240 1234 393 1267 sumere,
410 1232 483 1261 non
500 1230 638 1261 tantum
653 1226 842 1271 religiosis,
857 1225 924 1264 sed
934 1224 1045 1262 etiam
1057 1233 1117 1262 so-

120 1275 307 1319 cularibus
319 1277 475 1313 maxime
490 1277 592 1317 utile,
606 1277 658 1312 ib.

521 1361 671 1387 Exn-luu-

75 1419 184 1459 Exilii
207 1430 329 1466 poena,
351 1430 421 1469 an,
443 1427 480 1458 et
501 1432 573 1466 qua
598 1422 736 1457 ratione
758 1423 897 1457 Praelati
926 1423 1116 1466 religionis

118 1473 252 1516 punire
270 1474 409 1518 possint
425 1482 509 1508 suos
527 1474 707 1514 subditos,
726 1477 769 1509 tr.
789 1476 819 1514 8,
841 1474 864 1508 l.
885 1476 918 1516 2,
938 1482 970 1509 c.
985 1478 1039 1510 10.

406 1561 541 1586 urum}
563 1560 584 1585 A
603 1560 790 1584 numerous.

74 1619 166 1660 vide
185 1622 374 1668 omissio,
395 1629 432 1661 ct
446 1623 648 1668 Religiosus
662 1625 845 1669 expulsus.

449 1710 747 1735 exrnnuA-uucrlo.

74 1767 511 1807 Extremam—Unctionem
532 1773 739 1808 ministrare
757 1770 796 1806 in
813 1781 898 1807 casu
916 1772 1116 1809 necessita·

115 1821 164 1855 tis
177 1822 347 1856 omnibus
364 1823 542 1864 fidelibus,
563 1823 708 1866 speciali
733 1824 871 1857 ratione
890 1829 1040 1867 possunt
1062 1834 1116 1860 re-

114 1871 236 1915 ligiosi
254 1873 449 1908 societatis.
465 1875 571 1908 Extra
586 1875 692 1908 talem
706 1883 790 1908 vero
804 1883 926 1909 casum
941 1884 1015 1910 non
1032 1885 1116 1919 pos-

114 1926 202 1957 sunt
225 1923 295 1959 sub
320 1932 430 1967 poena
463 1925 850 1961 excommunicationis
865 1953 873 1968 ‚
898 1929 942 1965 tr.
964 1929 1016 1970 10,
1039 1927 1063 1961 l.
1080 1930 1116 1970 ⁹,

113 1981 147 2009 ο.
160 1975 196 2008 t.

73 2021 156 2058 Suis
174 2025 292 2058 autem
311 2024 489 2067 religiosis
507 2027 542 2058 et
560 2024 805 2060 familiaribus
820 2026 891 2060 boc
905 2033 1114 2063 sacramen·

115 2077 194 2110 tum
213 2074 417 2110 ministrare
437 2075 549 2111 libere
566 2079 727 2118 possunt,
752 2075 803 2112 ib.

73 2123 230 2166 Quinam
258 2125 429 2160 censendi
463 2126 539 2160 sint
567 2125 767 2160 familiares
789 2125 839 2164 ad
869 2126 970 2163 hunc
990 2125 1115 2165 defec-

117 2177 205 2213 tum,
230 2173 279 2207 ib.

72 2224 129 2262 An
147 2232 274 2258 omnes
286 2224 487 2258 sacerdotes
503 2223 686 2269 simplices
701 2224 887 2258 societatis
901 2225 947 2259 ad
962 2227 1030 2260 hoc
1043 2227 1117 2260 mi-

117 2275 307 2309 nisterium
322 2274 396 2308 sint
415 2275 552 2315 idonei,
567 2283 613 2307 an
633 2274 755 2316 aliqua
768 2275 934 2317 specialis
953 2277 1116 2311 conditio

116 2332 182 2361 seu
201 2325 414 2369 approbatio
435 2325 529 2361 ultra
549 2325 791 2361 sacerdotium
814 2325 1040 2367 requiratur,
1061 2326 1116 2366 ib.

577 2449 618 2504 F

544 2553 647 2584 ΙΔΙΑ3

75 2623 116 2660 In
134 2623 306 2659 societate
320 2622 360 2657 ut
374 2621 603 2667 renunciatio
614 2619 708 2667 juris
722 2622 841 2667 famae,
857 2622 956 2668 quod
972 2623 1114 2662 obstare

118 2678 247 2719 posset,
267 2682 314 2707 ne
328 2682 454 2707 omnes
470 2673 630 2707 defectus
645 2677 681 2708 et
693 2674 848 2709 crimina
861 2675 1058 2718 Superiori,
1074 2679 1115 2712 ut

117 2726 208 2770 patri
235 2725 562 2764 manifestarentur,
588 2733 652 2768 per
678 2725 845 2767 quemvis
865 2726 929 2770 qui
950 2734 994 2761 ea
1014 2731 1113 2763 extra

118 2776 382 2810 consessionem
406 2774 621 2817 agnoverit,
643 2775 883 2819 praetermissa
908 2777 1111 2812 monitione

117 2831 263 2868 secreta,
282 2829 325 2859 tr.
342 2828 395 2867 10,
409 2825 434 2857 1.’
451 2828 505 2865 10,
528 2832 559 2858 c.
578 2827 610 2857 7.

76 2876 158 2910 liaec
173 2880 291 2910 autem
306 2875 532 2915 renunciatio
546 2875 640 2918 juris
655 2874 761 2913 famae
780 2882 855 2912 non
871 2876 912 2910 tit
927 2876 966 2910 in
981 2876 1112 2912 ordine

118 2925 165 2960 ad
200 2925 518 2959 denunciationem
547 2925 758 2966 judicialem
775 2952 784 2968 ,
817 2926 883 2964 sed
903 2929 1044 2964 tantum
1063 2926 1113 2964 ad

118 2975 365 3018 evangelicam
383 2978 421 3010 et
440 2977 638 3018 paternam,
659 2983 693 3013 e.
709 2978 767 3013 12.

385 3058 592 3095 vitumnus,
613 3057 655 3088 ετ
673 3057 809 3087 enou-

77 3124 326 3163 familiarium
356 3124 506 3163 nomine
535 3123 628 3168 quid
655 3123 780 3164 veniat
804 3124 846 3162 in
870 3124 967 3169 iure,
987 3128 1035 3163 tr.
1054 3127 1112 3171 1ο,

77 3178 331 3263 Fssffissss‘ssnfus
363 3223 547 3259 societatis
578 3228 729 3268 possunt
755 3225 915 3268 ‚religiosi
948 3225 1114 3268 ejusdem

119 3276 305 3332 societatis
318 3278 541 3311 sacramenta
558 3275 776 3318 ministrare,
797 3283 890 3319 quae,
910 3278 946 3310 et
963 3286 1035 3319 qua
1050 3285 1112 3311 ra·

119 3326 337 3412 xgnffimlnes
367 3375 569 3412 sacerdotes
590 3374 775 3413 Sociemis
793 3376 871 3410 haec
891 3379 1116 3415 sacramenta

121 3425 235 3464 libere
254 3425 458 3466 ministrare
477 3425 626 3468 possint,
651 3434 699 3463 au
722 3426 845 3468 aliqua
865 3426 1030 3469 conditio
1053 3425 1113 3470 val

121 3475 333 3521 approbatio
345 3475 511 3520 Episcopi
533 3474 749 3533 requiratur,
765 3476 818 3513 ib.

542 3560 648 3589 mm·

47 3627 52 3637 ·
81 3622 208 3661 Fidem
231 3623 449 3663 catholicam
466 3632 591 3666 veram
615 3632 706 3668 esse,
730 3622 864 3669 quibus
891 3625 1112 3671 argumentis

39 3698 63 3783 ζί

124 3673 188 3710 liat
201 3673 387 3712 evidenter
402 3673 593 3718 credibile,
608 3676 654 3710 tr.
670 3676 725 3718 10,
743 3673 769 3710 1.
785 3677 818 3718 1,
832 3682 864 3710 c.
879 3676 914 3709 4.

42 3789 77 3831 '³⁴⁴‘-

16 3877 17 3880 ,
25 3833 61 3880 ti

1626 177 1641 194 Δ

2108 258 2215 304 1183

1219 319 1296 361 Qua
1308 299 1454 356 ratione
1482 327 1524 357 se
1546 318 1727 359 occultare
1745 317 1857 360 liceat
1879 317 1928 361 ad
1942 324 2212 373 pmdicapdam

1219 370 1504 421 tidem,1.1⁰,c.
1523 375 1561 409 8.
1908 422 1911 423 ⁷

1642 434 1756 488 mm

1175 519 1227 556 Ex
1245 520 1332 563 fine.
1354 526 1396 556 ut
1410 525 1555 558 bonitas
1572 526 1609 559 et
1628 523 1800 568 perfectio
1818 526 1984 569 actionis,
2005 527 2057 564 ita
2082 531 2119 565 et
2137 532 2210 567 sta-

1217 575 1274 604 tus
1296 571 1454 614 religiosi
1471 567 1684 617 assumitur,
1699 580 1741 610 tr.
1759 580 1811 619 10,
1832 578 1855 611 l.
1880 580 1911 619 1,
1935 586 1965 613 c.
1982 581 2015 613 2-

1128 648 1130 651 .
1173 620 1274 654 Finis
1291 622 1471 664 generalis
1485 624 1532 658 ad
1549 634 1657 667 quem
1679 635 1805 662 omnes
1824 628 2016 671 religiones
2038 628 2209 666 ordinan-

1215 674 1274 707 tur
1294 676 1347 710 est
1366 673 1538 715 perfectio
1564 675 1757 711 charitatis.
1785 678 1826 711 Et
1847 680 2028 723 quomodo
2047 680 2093 714 ad
2112 680 2211 714 huuc

1214 722 1419 764 generalem
1439 723 1673 766 particulares
1694 728 1903 761 earumdem
1925 728 2014 763 fines
2033 729 2212 764 ordinen-

1214 775 1272 809 tur
1291 776 1324 806 et
1340 778 1606 817 comparentur
1619 778 1664 809 tr.
1679 778 1711 817 9,
1727 775 1751 808 l.
1770 779 1802 817 1,
1819 784 1850 810 c.
1869 781 1901 813 1.

1213 822 1268 855 An
1286 826 1406 865 etqua
1419 823 1558 860 ratione
1578 824 1690 867 possit
1708 834 1783 860 esse
1799 826 2026 870 particularis
2042 827 2127 862 finis
2149 827 2213 865 in-

1214 874 1335 907 tentus
1368 873 1522 916 alicujus
1554 874 1745 918 religionis
1779 876 2025 921 proximorum
2058 877 2212 914 salutem

1213 929 1420 966 procurare,
1437 927 1480 959 tr.
1503 927 1556 967 10,
1577 925 1601 959 l.
1623 928 1655 967 1,
1671 933 1702 960 c.
1721 928 1752 961 2.

1172 970 1403 1015 Religionum
1433 974 1619 1010 distinctio
1648 984 1691 1010 ex
1714 976 1850 1011 finibus
1866 977 2105 1020 desumenda„
2117 980 2160 1014 tr.
2174 982 2209 1020 0,

1213 1022 1238 1056 l.
1255 1027 1287 1065 1,
1302 1032 1333 1058 c.
1355 1027 1386 1058 1.

1212 1072 1308 1106 Varii
1325 1074 1456 1116 gradus
1471 1078 1506 1109 et
1519 1075 1618 1109 modi
1635 1076 1743 1117 hujus
1758 1076 2015 1117 distinctionis,
2034 1077 2083 1113 ib.

1170 1121 1270 1157 Finis
1292 1124 1492 1159 formaliter
1514 1125 1652 1160 divisus
1679 1126 1807 1161 sufficit
1829 1128 1874 1161 ad
1896 1128 2095 1183 quamlibet
2120 1128 2208 1163 reli-

1209 1173 1357 1216 gionem
1395 1174 1734 1220 diversificandam,
1768 1178 1936 1221 quamvis
1977 1177 2206 1213 materialiter

1212 1223 1310 1259 idem
1328 1225 1386 1268 sit,
1399 1228 1444 1261 tr.
1462 1229 1514 1269 10,
1529 1225 1555 1261 l.
1566 1229 1599 1269 1,
1614 1233 1647 1262 c.
1663 1230 1696 1262 2

1619 1311 1755 1337 Fffl

1169 1371 1335 1407 Feminas
1365 1381 1437 1415 qua
1465 1375 1713 1410 moderatione
1738 1381 1773 1411 et
1791 1376 2112 1422 circumspectione
2139 1378 2207 1414 So-

1210 1423 1320 1458 cietas
1338 1427 1472 1466 tractet,
1487 1428 1530 1459 tr.
1548 1429 1600 1468 10,
1618 1426 1642 1460 l.
1664 1430 1695 1469 9,
1715 1435 1744 1461 c.
1763 1430 1796 1463 8.

1168 1472 1335 1507 Feminas
1354 1474 1563 1516 alloquendi
1593 1477 1737 1519 egregia
1763 1476 1903 1521 forma,
1925 1478 1974 1514 ab
1992 1477 2207 1522 Augustino,

1210 1527 1250 1556 ut
1273 1524 1445 1563 referunt,
1461 1525 1602 1567 tradita,
1620 1526 1668 1561 ib.

1170 1573 1328 1607 Feminae
1363 1574 1609 1617 ingredientes
1639 1576 1792 1611 claustra
1823 1576 2093 1622 religiosorum.
2123 1577 2209 1614 vide

1212 1623 1414 1660 elaustrum
1434 1628 1469 1659 et
1483 1626 1667 1660 clausura.

1632 1712 1758 1739 Forum.

1168 1772 1337 1813 Censurae
1360 1775 1537 1812 absolutio
1567 1776 1605 1810 in
1636 1778 1713 1811 soro
1737 1778 1967 1813 conscientiae
1984 1778 2074 1823 quid
2095 1780 2153 1821 sit,
2172 1783 2209 1817 et

1212 1825 1249 1859 in
1281 1834 1353 1868 quo
1383 1826 1525 1860 differat
1548 1827 1593 1860 ab
1622 1828 1848 1863 absolutione
1874 1830 1911 1864 in
1931 1830 2009 1866 foro
2031 1832 2209 1868 exten-nor

1210 1877 1512 1921 Explicanturqiie
1529 1878 1735 1919 hujusmodi
1754 1879 1845 1922 sora,
1861 1883 1903 1914 tr.
1920 1883 1973 1923 10,
1990 1881 2014 1915 l.
2033 1883 2066 1924 9,
2083 1890 2114 1916 c.
2132 1885 2167 1916 2.

1367 1961 1399 1987 s.
1423 1963 1627 1996 tamensem,

1168 2022 1260 2062 Vide
1274 2023 1454 2062 minorum
1472 2025 1577 2062 orde.

1648 1964 1798 1990 utnonuu
1818 1964 2004 2005 FUNDATQR.

1471 2111 1499 2134 S.
1527 2110 1721 2136 Pnauclscus
1739 2111 1907 2137 XAvsnms.

1167 2169 1204 2204 S.
1221 2170 1432 2206 Franciscus
1445 2172 1619 2206 xaverius
1639 2173 1684 2206 ob
1700 2174 1919 2216 singularem
1940 2173 2210 2217 praedicationis

1212 2224 1246 2254 et
1266 2221 1348 2255 vilae
1366 2230 1438 2255 suae
1457 2223 1645 2262 rationem,
1664 2232 1797 2258 nomen
1817 2224 2066 2266 Apostolorum
2082 2225 2152 2260 sibi
2173 2228 2208 2260 et

1211 2280 1285 2305 suae
1320 2272 1489 2316 relig1oni
1526 2274 1728 2316 promeruit
1756 2274 1795 2310 in
1828 2274 2013 2311 Lusitania
2039 2278 2077 2312 et
2104 2275 2209 2311 India

1210 2321 1395 2365 Orientali,
1412 2326 1456 2356 tr.
1473 2326 1524 2365 10,
1542 2323 1564 2356 l.
1584 2327 1615 2365 1,
1631 2332 1663 2358 c.
1684 2327 1720 2360 1.

1494 2408 1666 2434 ruolrlvus
1688 2409 1891 2444 Βηιῦιοευε.

1166 2472 1255 2510 vide
1266 2473 1467 2518 Religiosus
1481 2475 1666 2519 fugitivus.

1616 2560 1758 2586 PUM'UI.

1167 2621 1233 2657 Ubi
1254 2624 1454 2657 reservatur
1471 2626 1655 2665 peccatum
1674 2622 1759 2658 furti
1780 2622 1826 2657 de
1844 2623 1953 2659 rebus
1977 2627 2205 2663 monasterii.

1210 2680 1284 2706 non
1300 2676 1438 2707 tantum
1457 2673 1668 2715 intelligitur
1687 2673 1822 2706 furtum
1842 2673 1886 2706 de
1906 2674 2013 2707 rebus
2032 2674 2078 2707 ad
2097 2683 2204 2708 usum

1208 2724 1458 2766 particularem
1477 2724 1630 2765 alicujus
1644 2724 1804 2766 religiosi
1819 2724 1986 2758 nundum
2001 2724 2204 2767 applicatis,

1206 2775 1271 2811 sed
1287 2775 1398 2811 etiam
1414 2776 1459 2810 de
1472 2775 1548 2818 jam
1560 2775 1763 2819 applicatis,
1780 2778 1825 2812 tr.
1847 2778 1882 2818 8,
1899 2775 1926 2811 l.
1942 2779 1976 2817 ³.
1995 2782 2028 2811 c.
2050 2778 2107 2815 18.

1663 2894 1712 2947 G

1484 3001 1663 3027 GENssnALls
1685 3001 1881 3029 iil-:blelonls-

1165 3068 1354 3106 Generales
1372 3067 1590 3112 religionum
1613 3077 1679 3112 per
1705 3069 1919 3103 electionem
1939 3071 2023 3103 sunt
2037 3068 2200 3109 creandi.

1206 3125 1241 3156 et
1257 3129 1322 3155 cur
1340 3121 1384 3154 de
1405 3120 1498 3154 sacto
1522 3121 1569 3153 ita
1591 3123 1770 3163 creentur,
1790 3125 1834 3156 tr.
1854 3124 1885 3162 8,
1902 3120 1925 3153 l.
1942 3123 1972 3160 2,
1989 3128 2020 3153 c.
2034 3123 2065 3152 3.

1163 3173 1217 3207 An
1235 3171 1342 3204 etiam
1358 3170 1465 3213 primi
1483 3171 1657 3213 qu'usque
1674 3171 1860 3213 religionis
1874 3169 2057 3213 generales
2071 3171 2199 3212 potue-

1206 3221 1282 3256 rint
1301 3229 1385 3255 vere
1411 3221 1526 3254 crcari
1554 3229 1618 3263 per
1640 3221 1875 3262 electionem;
1905 3222 1940 3253 et
1964 3227 2011 3252 an
2035 3219 2080 3254 de
2104 3219 2198 3255 racto

1207 3271 1256 3306 ita
1270 3271 1379 3305 creati
1394 3271 1467 3305 sint
1479 3271 1605 3314 aliqui,
1621 3270 1672 3305 ib.

1165 3322 1375 3357 Generalem
1391 3323 1531 3364 electio,
1546 3326 1585 3356 ut
1602 3322 1761 3365 legitima
1777 3319 1836 3362 sit,
1853 3327 1944 3363 quas
1969 3319 2202 3355 conditiones

1207 3373 1378 3415 requirat,
1392 3372 1476 3407 vide
1490 3373 1626 3405 Electio.
1718 3416 1738 3420 ..

1166 3422 1355 3457 Generales
1372 3423 1601 3466 religionum,
1625 3417 1775 3463 quitiam
1793 3419 1866 3453 sint
1882 3419 2056 3462 perpetui,
2076 3420 2111 3452 et
2133 3418 2197 3461 qui

1209 3474 1435 3516 temporales,
1454 3478 1488 3507 et
1511 3474 1639 3506 borum
1659 3479 1767 3513 quam
1786 3469 1886 3505 varia
1905 3469 2046 3503 duratio
2066 3469 2104 3502 in
2118 3468 2198 3503 sin-

1207 3523 1302 3566 gulis
1317 3523 1565 3567 religionibus,
1581 3530 1612 3555 c.
1630 3524 1662 3555 7.

1164 3573 1350 3613 Generalis
1367 3574 1479 3612 totius
1509 3570 1707 3617 religionis,
1733 3578 1780 3604 an
1799 3572 1835 3605 et
1854 3568 2035 3615 quomodo
2056 3567 2198 3612 oblige-

1207 3626 1266 3659 tur
1296 3619 1435 3659 stat'utis
1466 3622 1548 3659 latis
1575 3621 1614 3656 in
1636 3619 1798 3664 capitulo
1824 3627 1887 3653 seu
1915 3618 2196 3662 congregatione

1206 3674 1381 3719 generali,
1392 3682 1425 3710 c.
1444 3676 1481 3712 8.
