2352 3880
55 0 255 135 *gy-f:
279 0 356 38 ,=;'*-“T'
370 8 376 15 ’
394 23 399 30 “

171 44 211 54 u..-
266 38 294 58 μ’·

125 62 153 85 νὴ
173 63 177 75 ³
227 60 270 90 ἤι’,

78 137 103 152 ’ν
137 139 141 146 =
166 151 167 155 ,
248 127 252 130 ’

33 162 49 189 'a
83 175 96 184 μ

336 228 435 269 CAP.
461 229 490 266 1.
515 227 578 265 AN
600 228 645 264 IN
669 225 914 266 SOCIETATE
938 224 1045 262 JESU
1070 223 1239 261 STATUS
1263 222 1441 269 ALIQUIS
1464 224 1742 269 RELIGIOSUS‚
1769 223 1867 262 ETC.

30 292 167 349 §mm
183 297 329 335 noceat
346 294 438 345 (hoc
462 294 573 335 enim
590 297 651 334 est
681 305 731 333 ex
748 291 862 345 puris
891 290 1072 342 particu-

31 352 206 414 'ffibus
241 356 562 407 argumentari),
596 355 668 395 sed
700 354 799 406 quia
833 352 947 392 aliud
985 352 1078 392 vitae

51 420 182 478 mus
197 417 369 469 professi
398 421 508 465 sunt,
530 417 582 456 ad
601 416 712 468 quod
729 420 814 454 tam
839 417 1078 453 accuratum

28 426 233 529 ‚audium
251 479 527 518 necessarium
544 490 631 517 non
643 481 744 525 erat,
758 476 828 515 sed
845 475 950 514 illud
968 474 1080 527 quod

30 539 104 588 nd
126 543 258 580 rectos
286 551 422 579 mores
448 539 640 591 proprios
672 537 947 578 instituendos
964 539 1007 576 et
1024 535 1078 576 ad

33 598 238 654 «divinam
262 597 651 648 contemplationem
686 597 774 635 sine
805 609 944 636 errore
963 611 1079 638 exer-

32 662 228 704 mendam
267 659 487 706 sufficeret,
520 657 632 708 quod
664 658 743 696 illis
780 670 865 697 non
899 659 1078 699 defuisse

34 723 220 763 ·0mnino
241 719 494 759 credendum
515 723 596 765 est;
623 723 785 770 oportet
805 732 904 771 ergo
941 720 1079 771 quoad

51 777 130 823 hoc
147 783 322 821 multum
345 780 598 831 distinguere
619 780 726 819 inter
751 782 995 821 monachale
1015 783 1080 821 in-

34 845 251 890 «stitutum,
277 847 315 881 et
342 842 663 880 mendicantium
692 843 750 892 (ut
771 844 1000 893 generatim
1019 844 1080 883 lo-

31 905 193 956 quar),
214 915 311 941 nam
350 904 391 941 in
427 903 505 941 hoc
545 903 774 953 posteriori,
810 905 944 942 studia
984 908 1080 944 sunt

33 965 178 1004 ‘multo
196 965 325 1014 magis
341 964 590 1011 necessaria,
609 976 656 1003 eo
677 965 788 1015 quod
806 965 853 1003 ad
872 966 1078 1015 juvandos

49 1026 258 1077 proximos
274 1025 501 1073 ordinetur,
524 1028 569 1064 ut
589 1025 742 1064 dictum
763 1030 837 1064 est.
862 1026 978 1064 Unde
996 1039 1077 1076 quo

49 1087 291 1126 mendicans
311 1087 453 1137 religio
471 1086 693 1137 perfectius
713 1088 822 1125 hunc
839 1087 964 1125 finem
985 1100 1079 1138 par-

49 1148 290 1199 ticipaverit,
315 1161 363 1188 eo
384 1149 571 1199 pluribus
589 1149 746 1199 filitteris
781 1153 821 1188 et
855 1149 999 1188 studiis
1015 1150 1078 1190 in-

49 1208 218 1259 digebit.

103 1273 166 1310 Μ.
199 1270 267 1311 Ad
283 1272 407 1311 locum
428 1271 585 1312 Basilii
621 1271 664 1311 in
684 1272 809 1310 eodem
836 1283 945 1311 nam.
970 1274 1009 1311 1.
1025 1295 1077 1303 —

47 1333 108 1372 Ita
139 1346 237 1383 ergo
273 1333 389 1372 facile
413 1345 659 1383 responsum
682 1338 743 1372 est
774 1333 827 1371 ad
854 1335 989 1384 priora
1011 1347 1078 1373 ex—

49 1394 197 1445 empla.
243 1395 539 1433 Testimonium
581 1399 718 1433 autem
765 1395 904 1433 Basilii
942 1397 1078 1446 potius

48 1459 229 1495 nostram
249 1455 520 1494 intentionem
537 1456 768 1503 confirmat,
793 1460 879 1494 turn
901 1457 995 1507 quia
1020 1457 1077 1496 di-

49 1517 103 1556 cit
128 1529 468 1567 unumquemque
500 1517 739 1567 religiosum
761 1518 887 1557 deberi
908 1518 1079 1559 studiose

48 1579 195 1620 discere
214 1591 300 1630 qnoe
323 1580 388 1619 sui
418 1579 544 1629 officii
573 1583 690 1623 sunu
712 1579 928 1629 religiosus
963 1591 1077 1630 ergo,

48 1641 119 1690 qui
158 1641 289 1679 tendit
325 1641 377 1679 ad
411 1640 593 1679 officiium
621 1640 796 1678 ministri
828 1641 1077 1689 Evangelici,

50 1701 172 1741 debet
189 1706 377 1741 accurate
397 1702 554 1741 discere
580 1713 670 1751 quae
692 1702 745 1740 ad
773 1702 873 1740 illud
901 1703 1079 1742 officium

50 1770 248 1814 speciant,
268 1764 378 1815 quod
399 1765 485 1803 sine
505 1776 656 1813 magno
690 1764 920 1802 litterarum
943 1766 1079 1805 studio

48 1824 139 1864 fieri
161 1838 241 1863 non
264 1830 409 1876 potest.
433 1827 536 1864 Tum
565 1826 687 1864 etiam
709 1827 807 1875 quia
829 1826 908 1864 hoc
943 1828 1077 1877 ipsum

49 1886 262 1926 confirmat
281 1888 464 1932 Basilius,
490 1887 656 1935 dicens,
690 1889 751 1926 cuz·
769 1889 940 1927 alteram
959 1891 1079 1929 rectio

51 1950 258 1989 conimissa
291 1951 363 1995 sst,
402 1960 504 1995 eum,
524 1945 613 1999 'quae
634 1949 741 2000 apud
763 1960 893 1988 omnes
926 1952 1079 2000 scripta

51 2009 149 2056 sint,
184 2010 354 2050 scientia
388 2010 663 2060 comprehensa
693 2010 845 2057 habere,
879 2022 925 2050 ac
954 2011 1079 2051 dicere

51 2070 205 2116 debem-
228 2071 339 2120 quod
361 2083 436 2110 nos
472 2072 594 2122 plane
627 2071 764 2109 dicere
785 2083 1006 2121 possumus
1027 2072 1078 2111 de

51 2141 311 2182 quocumque
333 2133 545 2171 sacerdote
585 2133 822 2178 Societat1s;
847 2146 957 2179 nam,
981 2134 1077 2173 licet

49 2204 200 2231 munus
214 2195 396 2232 Rectoris
423 2207 506 2232 non
541 2194 689 2232 habeat.
720 2195 857 2244 quoad
886 2195 1075 2245 jurisdic-

51 2254 221 2299 tionem,
259 2255 472 2305 participat
511 2255 614 2294 illud
652 2256 789 2306 quoad
826 2257 1071 2305 doctrinam,

54 2319 94 2353 et
141 2315 453 2354 instructionem
492 2317 687 2363 aliorum;
725 2322 892 2368 propter
951 2331 1076 2369 quam

54 2375 223 2414 scientia
250 2381 309 2414 est
325 2378 571 2426 necessaria,
590 2391 677 2418 cum
705 2380 835 2418 doceat
852 2380 981 2429 (sicut
1002 2381 1077 2419 Ba-

54 2437 167 2476 silius
187 2437 415 2488 subjnngit)
437 2443 610 2487 cunctos,
629 2441 886 2489 multiplicem
909 2443 985 2482 Dei
1012 2455 1078 2481 vo—

53 2498 246 2538 luntatem
265 2499 434 2551 ²sz'agyuf'·z's›·
465 2502 806 2550 praemonstrando
828 2503 958 2549 officio
991 2514 1074 2542 suo,

52 2561 349 2599 Testimonium
382 2565 520 2600 autem
550 2562 813 2613 Hieroonymi
838 2563 997 2602 sinistre
1015 2576 1078 2603 re—

50 2619 205 2674 fertur3
226 2633 321 2659 nam
343 2622 396 2659 ibi
423 2635 496 2672 per
518 2623 652 2661 studia
674 2635 756 2661 non
781 2624 967 2674 intelligit
986 2626 1081 2665 Hie-

53 2693 252 2733 ronymus
295 2683 429 2722 studia
464 2684 708 2732 litterarum,
736 2685 808 2723 sed
843 2686 1080 2727 affectiones

53 2743 202 2791 varias,
224 2748 267 2782 ut
298 2745 340 2784 D.
379 2745 557 2784 Thomas
594 2750 704 2784 recte
726 2747 931 2796 exposuit,
953 2752 994 2787 et
1030 2761 1080 2788 ex

56 2809 245 2845 contextu
266 2810 392 2857 patet,
411 2808 482 2857 qui
502 2808 558 2846 sic
576 2808 699 2847 habet
721 2820 729 2846 :
749 2809 972 2860 Antequam
994 2812 1079 2850 dia-

53 2861 132 2923 boli
149 2867 233 2906 inst
251 2871 343 2908 netu
361 2870 495 2908 stadia
514 2869 558 2908 in
575 2870 763 2921 reliyione
780 2871 936 2919 fierent,
955 2876 991 2912 el
1021 2873 1079 2912 di-

0 2966 1 2978 2
57 2932 207 2968 caretur
223 2929 265 2967 in
273 2930 431 2981 populis
445 2947 459 2968 .·
474 2931 564 2982 qu
578 2943 666 2970 sum
683 2932 819 2977 Pauli,
839 2944 906 2983 eqo
919 2931 1075 2984 Apollo,

0 2985 1 2989 ’
57 2999 124 3042 eqo
145 2994 274 3031 autem
300 2990 452 3042 cephae,
474 2996 551 3031 etc.
559 3007 570 3041 ;
594 2993 653 3032 sic
666 2993 890 3044 Virgilius:

121 3084 295 3119 Scinditur
314 3087 485 3120 incertum
506 3088 622 3121 studia
644 3088 678 3121 in
697 3089 874 3122 contraria
886 3089 1022 3132 vulgus„

114 3171 178 3209 12.
210 3169 274 3209 Ad
292 3172 463 3223 primam
481 3175 673 3214 rationem
699 3176 743 3214 in
761 3187 868 3214 num.
901 3177 940 3221 2,
958 3179 1087 3227 quoad

57 3231 233 3284 primum
267 3233 310 3271 dc
344 3237 588 3284 occupatione
623 3239 823 3287 temporis.
861 3257 912 3265 -
950 3237 1086 3284 Quoad

60 3293 271 3333 secundum
291 3294 335 3333 de
355 3294 626 3336 distractione.
644 3319 698 3327 —
715 3299 778 3337 Ad
812 3299 987 3349 primam
1020 3312 1083 3338 ra-

61 3353 218 3392 tionem
239 3354 320 3392 duo
355 3354 397 3392 in
430 3367 479 3394 ea
514 3356 718 3407 dicuntur,
755 3360 924 3407 scilicet,
951 3360 1085 3400 studia

65 3425 267 3465 occupare
281 3420 360 3454 tem
368 3428 457 3466 pus,
470 3420 510 3455 et
520 3422 700 3457 mentem
717 3420 957 3459 distrahere.
973 3421 1086 3460 Prius

21 3517 24 3519 ,
64 3473 243 3517 fatemur
275 3489 359 3515 non
395 3477 446 3516 de
479 3482 579 3526 toto,
608 3478 681 3517 sed
711 3480 763 3519 de
801 3493 951 3532 magna
970 3486 1086 3532 parte

57 3537 284 3588 tempori&
311 3551 403 3577 cum
422 3551 472 3579 ea
492 3540 603 3578 enim
624 3540 907 3581 moderatione
934 3543 978 3580 in
993 3543 1086 3581 reli-

59 3595 191 3649 gIone
211 3600 446 3647 assumitur,
466 3604 513 3639 ut
546 3613 667 3639 suum
685 3602 896 3653 proprium
911 3615 961 3641 ac
978 3603 1088 3642 suffi-

1128 289 1238 329 ciens
1273 293 1438 341 tempus
1475 289 1690 329 altioribus
1724 289 1938 342 religionis
1971 289 2168 342 operibus

1131 354 1390 398 reservetur3
1426 349 1566 388 omnia
1597 351 1710 390 enim
1738 354 1903 403 tempus
1937 361 2060 390 suum
2089 350 2168 390 ha-

1131 411 1245 460 bent,
1268 414 1309 450 et
1335 410 1550 460 religionis
1567 413 1698 463 status
1725 411 1784 451 ita
1815 411 1956 451 omnia
1986 410 2170 463 disponit

1133 477 1175 512 et
1200 472 1366 511 ordinat
1384 471 1491 522 (ideo
1510 470 1623 510 enim
1653 471 1755 510 ordo
1773 474 1975 524 vocatur),
1996 477 2044 512 ut
2059 476 2169 512 tem-

1129 545 1234 587 pora
1250 545 1337 573 non
1349 532 1670 572 confundantur.
1681 531 1800 573 Unde
1812 533 1858 572 in
1874 535 2010 585 prima
2023 533 2170 586 regula

1132 595 1345 636 Societatis
1380 606 1431 634 ex
1473 592 1787 640 communibus,
1818 604 1910 643 quae
1944 594 2168 646 desumpta

1134 661 1195 696 est
1215 669 1265 696 ex
1291 659 1407 707 parte
1427 657 1451 693 4
1472 654 1832 705 Constuutionum‚
1849 665 1886 692 c.
1906 654 1944 700 3,
1961 654 2018 693 sic
2036 655 2159 694 habe-

1133 722 1223 758 tur:
1247 718 1414 770 Sinyuli
1428 717 1672 768 proefinitam
1691 715 1769 755 sibi
1798 718 1952 766 tempus
1975 727 2059 755 suoe
2073 728 2163 756 con-

1132 779 1307 820 scientiae
1330 779 1388 818 bis
1414 779 1458 818 in
1484 779 1545 817 die
1567 776 1852 822 eoeaminandoe,
1875 776 2063 820 orationi,
2084 788 2164 816 mc·-

1134 841 1338 888 dicationi,
1359 839 1592 890 lectionique
1626 836 1836 889 spirituali
1866 837 2084 887 impendat,
2122 841 2163 876 et

1133 906 1280 941 caetera
1297 912 1388 951 quae
1417 902 1672 950 sequuntur;
1698 902 1822 948 atque
1854 897 1932 937 hoc
1952 897 2075 936 modo
2093 896 2163 936 illa·

1133 963 1330 1014 temporis
1348 961 1562 1012 occupatio
1584 960 1689 998 nihil
1708 959 1833 998 officit
1849 959 2059 1010 religionis
2074 971 2168 1010 per-

1131 1024 1312 1064 fectioni.
1347 1024 1429 1062 Nec
1462 1026 1662 1073 praeterea
1699 1025 1864 1072 tempus
1894 1021 2018 1068 illud,
2053 1017 2166 1072 quod

1133 1087 1278 1126 studiis
1311 1085 1578 1136 impenditur,
1620 1084 1709 1122 sine
1742 1083 1941 1134 spirituali
1977 1082 2165 1133 profectu

1133 1148 1400 1193 consumitur,
1434 1159 1527 1185 cum
1551 1149 1680 1184 totum
1716 1145 1819 1184 illud
1857 1145 2037 1184 studium
2075 1158 2167 1184 ma-

1133 1224 1261 1262 gnum
1286 1211 1357 1249 Dei
1380 1209 1628 1259 obsequium
1667 1208 1732 1255 sit,
1754 1212 1841 1246 tum
1877 1208 2036 1247 ratione
2071 1207 2168 1247 finis

1132 1273 1186 1312 ad
1202 1285 1325 1322 quem
1348 1271 1577 1317 ordinatur,
1600 1275 1688 1309 tum
1713 1269 1873 1308 ratione
1895 1270 2105 1308 charitatis
2126 1272 2167 1310 et

1133 1334 1393 1382 obedientiae,
1406 1345 1428 1371 a
1444 1333 1594 1383 quibus
1611 1331 1898 1383 proficiscitur,
1911 1336 1956 1370 ut
1972 1343 2167 1383 expresse

1132 1395 1310 1433 habetur
1335 1395 1374 1432 in
1406 1394 1539 1444 prima
1561 1397 1601 1432 et
1632 1393 1815 1431 secunda
1851 1394 1983 1444 regul.
2008 1395 2166 1434 schola-

1132 1457 1237 1495 rium
1267 1455 1496 1501 Societatis‚
1521 1454 1696 1505 sumptis
1713 1466 1763 1492 ex
1779 1454 2163 1504 Constitutionibus,

1133 1532 1174 1571 p.
1190 1521 1230 1564 4,
1260 1530 1352 1569 cap.
1371 1521 1408 1558 6.
1437 1517 1619 1556 Alteram
1636 1520 1797 1567 partem
1826 1516 1877 1554 de
1901 1517 2166 1558 distractione

1135 1580 1376 1631 simpliciter
1411 1591 1630 1630 negamus,
1650 1578 1746 1628 quia
1785 1578 1933 1616 animae
1956 1579 2165 1619 distractio

1134 1644 1174 1682 in
1199 1642 1446 1680 deteriorem
1469 1644 1628 1691 partem
1647 1640 1842 1686 sumnum
1861 1640 1993 1678 studia
2010 1645 2164 1689 autem,

1135 1708 1335 1755 quantum
1349 1706 1410 1741 est
1424 1715 1474 1741 ex
1492 1714 1535 1740 se
1557 1701 1774 1751 (quidquid
1799 1702 1850 1740 sit
1871 1702 1966 1740 vitio
1994 1707 2066 1741 aut
2086 1703 2166 1742 fra-

1135 1767 1290 1817 gilitate
1323 1764 1553 1815 personae),
1581 1775 1664 1801 non
1701 1763 1934 1802 distrahunt
1966 1769 2166 1813 mentem,

1136 1828 1358 1878 quominus
1378 1826 1429 1864 de
1457 1826 1557 1872 Dec,
1577 1825 1642 1863 vel
1669 1824 1721 1863 de
1750 1837 1795 1863 re
1828 1826 1968 1875 aliqua
1998 1827 2167 1866 honesta

1134 1892 1305 1940 propter
1323 1889 1455 1925 Deum
1477 1886 1650 1935 cogitet;
1677 1898 1776 1935 ergo
1804 1898 1886 1924 non
1918 1887 2167 1935 distrahunt,

1135 1950 1209 1989 sed
1229 1949 1364 2000 potius
1399 1947 1597 1997 colligunt
1616 1951 1813 1993 mentem,
1841 1949 1881 1985 et
1918 1949 2052 1987 solent
2078 1962 2168 1989 esse

1135 2011 1319 2049 medium
1339 2010 1392 2047 ad
1410 2020 1558 2059 pravas
1573 2008 1842 2058 cogitationes
1863 2010 2168 2060 impediendas,

1135 2076 1176 2111 et
1209 2074 1511 2121 consequenter
1531 2069 1761 2119 impediunt
1794 2071 1928 2108 carnis
1956 2073 2170 2122 concupis-

1135 2133 1306 2180 centias,
1330 2135 1371 2170 et
1397 2131 1477 2169 alia
1504 2130 1647 2168 infima
1678 2131 1899 2180 desideria,
1923 2135 1967 2171 ut
1989 2134 2034 2173 D.
2063 2134 2168 2174 Tho-

1132 2207 1236 2239 mas,
1257 2195 1361 2232 dict.>
1375 2192 1548 2231 articulo
1569 2192 1728 2242 quinto,
1753 2192 1951 2232 declarat.

1188 2258 1250 2296 13.
1275 2256 1483 2296 Iactantia
1503 2257 1737 2294 removetur.
1750 2255 1947 2302 —Dices,
1967 2256 2166 2307 impedire

1132 2319 1276 2358 saltem
1299 2317 1500 2355 actualem
1519 2316 1808 2365 cogitationem
1828 2317 1893 2355 vel
1913 2319 2167 2369 contempla-

1132 2381 1286 2420 tionem
1304 2379 1354 2416 de
1375 2379 1473 2416 Deo.
1494 2377 1758 2427 Responde0‚
1780 2378 1812 2416 si
1837 2379 1916 2418 hoc
1939 2380 2166 2419 incommo-

1132 2442 1231 2482 dum
1244 2440 1417 2479 afferant
1436 2451 1509 2490 pro
1530 2439 1598 2478 illo
1610 2439 1758 2477 eodem
1776 2443 1977 2491 tempore,
1996 2455 2069 2492 pro
2085 2454 2166 2493 quo

1134 2505 1215 2541 Deo
1234 2502 1466 2540 vacandum
1497 2505 1571 2546 est,
1594 2513 1676 2538 non
1704 2501 1745 2538 id
1772 2502 1865 2539 oriri
1887 2514 1938 2541 ex
1968 2503 2067 2553 ipsis
2087 2508 2167 2543 stu-

1135 2564 1227 2609 diis,
1254 2563 1325 2600 sed
1350 2562 1417 2600 vel
1434 2573 1483 2599 ex
1512 2565 1651 2599 nostro
1670 2561 1906 2601 inordinato
1926 2563 2076 2603 affectu
2096 2569 2167 2605 aut

1134 2623 1399 2676 negligentia,
1420 2622 1486 2661 vel
1510 2622 1731 2672 aliquando
1754 2635 1804 2661 ex
1826 2626 2000 2663 naturali
2025 2626 2167 2665 condi-

1137 2687 1244 2726 tione
1266 2690 1305 2724 et
1320 2684 1567 2734 fragilitate;
1590 2696 1672 2722 non
1698 2696 1794 2735 ergo
1816 2685 1868 2723 ob
1888 2698 1978 2724 eam
1997 2699 2164 2726 causam

1136 2748 1269 2787 studia
1295 2746 1564 2796 relinquenda
1586 2748 1657 2783 aut
1683 2746 2027 2796 reprehendenda
2055 2753 2163 2798 sunt,

1135 2809 1208 2848 scd
1228 2807 1479 2846 moderanda
1493 2807 1667 2853 affectio,
1682 2811 1722 2845 et
1740 2808 1847 2846 circa
1860 2811 2085 2859 spiritualia
2098 2810 2167 2850 ad—

1135 2870 1315 2908 hibenda
1335 2868 1558 2918 diligentia,
1585 2872 1735 2907 etcum
1756 2869 1893 2908 divina
1914 2872 2044 2922 gralia
2062 2872 2167 2910 diffi-

1133 2933 1264 2972 cultas
1283 2931 1353 2969 illa
1382 2929 1632 2980 superanda,
1656 2942 1746 2980 quae
1769 2932 1896 2970 multo
1917 2936 2050 2983 magis
2070 2933 2168 2972 oriri

1136 2994 1238 3033 solet
1258 3004 1307 3031 ex
1327 2991 1418 3030 aliis
1432 2991 1555 3038 curis,
1574 2996 1614 3030 et
1632 2991 1876 3042 phantasiis,
1893 2999 1934 3032 et
1953 2995 2168 3045 cogitatio-

1136 3055 1257 3094 nibus
1280 3053 1452 3091 aliarum
1473 3065 1627 3092 rerum.
1661 3053 1702 3092 Si
1730 3057 1868 3092 autem
1904 3055 2062 3095 dicatur
2087 3061 2168 3096 stu-

1137 3117 1251 3155 dium
1268 3115 1346 3153 hoc
1366 3114 1708 3165 impedimentum
1728 3115 1874 3155 afferre
1898 3130 1971 3168 pro
1994 3131 2042 3156 eo
2061 3123 2167 3157 tem-

1137 3190 1235 3230 pore
1256 3189 1337 3228 quo
1358 3176 1607 3215 studendum
1629 3180 1704 3223 est,
1729 3177 1915 3218 absolute
1942 3179 2165 3230 loquendo,

1137 3239 1295 3277 nullum
1316 3237 1355 3276 id
1376 3242 1436 3276 est
1456 3238 1765 3287 inconveniens,
1783 3244 1870 3278 tum
1889 3242 1983 3291 quia
2002 3254 2086 3280 non
2107 3245 2170 3280 est

1137 3300 1320 3339 mortalis
1339 3299 1584 3338 conditionis
1613 3311 1776 3351 semper
1799 3307 1892 3342 actu
1917 3304 2096 3353 cogitare
2116 3302 2167 3340 de

1138 3363 1238 3410 Deo,
1270 3365 1311 3401 et
1340 3365 1433 3412 post
1455 3361 1590 3412 ipsum
1611 3361 1713 3400 nihil
1731 3364 1880 3402 melius
1906 3363 2072 3413 cogitari
2093 3374 2167 3412 po-

1139 3426 1231 3468 test,
1262 3434 1387 3473 quam
1408 3434 1499 3473 quae
1526 3423 1578 3461 ad
1607 3436 1767 3463 sacram
1788 3424 2015 3463 doctrinam
2044 3422 2169 3473 perti-

1139 3487 1264 3529 nent;
1284 3486 1373 3522 tum
1400 3484 1522 3523 etiam
1544 3487 1656 3535 quia,
1692 3490 1735 3524 ut
1761 3485 1964 3529 dicebam,
1987 3483 2168 3534 cogitare

1141 3544 1191 3583 de
1209 3546 1335 3584 rebus
1351 3545 1441 3584 aliis
1459 3552 1626 3597 propter
1648 3548 1790 3592 Deum,
1813 3547 1960 3584 virtute
1979 3550 2040 3584 est
2059 3546 2170 3597 cogi-

1141 3609 1229 3644 tare
1249 3605 1303 3644 de
1322 3606 1412 3657 ipso
1423 3621 1437 3655 3
1455 3607 1563 3646 sicut
1579 3607 1682 3646 dixit
1703 3607 1754 3647 D,
1779 3606 1975 3652 Thomas,
1995 3609 2016 3646 -1
2036 3619 2099 3657 9.,
2121 3618 2169 3659 q.
