2352 3880
171 384 255 424 sint
276 377 445 422 omnino
464 376 702 418 necessaria
722 375 777 416 ad
794 375 897 415 illud
913 387 1090 424 munus,
1123 371 1198 416 sed

171 447 216 483 ut
230 438 460 487 commoda,
487 442 529 478 et
547 442 658 478 certa
680 437 733 477 ad
753 436 981 477 ordinarias
1003 436 1200 489 praedica-

170 504 318 544 tiones,
329 501 382 540 ad
393 512 496 551 quas
504 499 638 538 fidelis
649 499 827 550 populus
842 503 986 550 sponte
1002 499 1087 538 suis
1095 500 1199 538 tem-

167 563 336 617 poribus
358 572 605 601 concurrere
628 561 745 599 solet.
769 560 880 599 Sicut
903 560 1026 599 etiam
1042 560 1198 611 templa

168 627 265 663 sunt
277 622 483 662 destinata
497 621 551 661 ad
565 621 785 670 orandum,
797 621 909 672 quod
926 634 1010 660 non
1026 621 1199 672 impedit

168 685 390 736 quominus
408 684 499 724 aliis
521 684 642 723 etiam
665 684 768 723 locis
795 683 997 722 orandum
1015 683 1082 730 sit,
1103 693 1198 722 cum

167 746 388 798 Apostolus
408 746 542 785 dicat:
567 746 660 789 Volo
676 746 786 785 viros
804 757 918 784 orare
937 745 980 783 iu
994 744 1099 783 omni
1118 743 1198 783 loco

166 809 201 857 (1
222 808 327 847 Tim.
349 806 403 859 2).
426 807 489 846 Ad
503 807 730 847 secundam
748 805 1103 845 confirmationem
1123 815 1198 844 ne-

164 872 285 921 gatur
306 869 509 920 imprimis
528 869 607 908 hoc
631 880 723 907 esse
755 870 896 906 contra
931 865 1197 905 consuetudi-

162 943 260 970 nem
291 931 482 970 Ecclesiae
493 940 506 980 ;
537 934 749 969 ostensum
769 932 831 967 est
849 927 960 967 enim
981 938 1072 967 esse
1093 925 1196 966 anti-

95 1003 98 1006 *
163 992 426 1043 quissimam;
447 990 560 1041 quod
579 995 719 1029 autem
739 1001 851 1028 nunc
874 989 926 1027 sit
955 989 1091 1027 miuus
1115 988 1194 1027 fre-

162 1065 308 1105 quens,
325 1065 449 1091 causa
468 1063 559 1090 esse
585 1055 736 1102 potest,
756 1051 822 1090 vel
840 1045 957 1101 quod*
977 1050 1114 1088 minor
1132 1053 1195 1089 est

160 1113 200 1152 in
220 1114 483 1153 audientibus
504 1112 725 1151 necessitas
742 1142 754 1159 ,
773 1112 839 1151 vel
862 1111 906 1150 in
936 1110 1195 1163 praedicanti·

158 1173 236 1213 hus
255 1174 466 1213 remissior
481 1173 690 1212 charitatis
705 1173 855 1213 fervor.
869 1174 1053 1223 Negatur
1066 1172 1194 1213 etiam

157 1234 235 1274 hoc
251 1247 342 1275 esse
359 1235 528 1282 inutile;
546 1247 659 1283 nam,
679 1234 774 1274 licet
792 1234 967 1274 fortasse
987 1234 1030 1272 in
1047 1234 1196 1285 plateis

157 1297 295 1336 minus
316 1297 535 1336 commode
551 1297 695 1336 concio
714 1295 801 1344 fiat,
819 1307 946 1347 quam
961 1295 1004 1334 in
1021 1295 1193 1346 templo,

157 1360 297 1396 tamen
332 1358 474 1397 utilius
507 1361 572 1397 est
594 1358 661 1396 vel
692 1357 761 1396 illo
788 1357 914 1396 modo
941 1356 1046 1403 fieri,
1068 1367 1195 1407 quam

156 1419 325 1457 omnino
348 1419 495 1466 omitti,
517 1430 613 1458 cum
634 1419 690 1457 ob
709 1430 804 1457 eam
832 1430 1001 1457 causam
1019 1429 1195 1457 consue-

155 1480 257 1519 tudo
278 1479 532 1531 praedicandi
552 1480 594 1518 in
615 1480 781 1531 templls
805 1491 946 1530 neque
966 1479 1190 1527 omittatur,

154 1553 297 1592 neque
318 1542 568 1589 remittatur,
601 1541 675 1580 sed
704 1541 761 1579 illi
793 1540 973 1580 addatur
1000 1543 1097 1589 alia,
1118 1552 1194 1592 per

153 1613 279 1653 quam
296 1603 454 1642 fructus
471 1614 614 1654 augerl
629 1602 746 1650 solet,
762 1603 942 1642 maxime
958 1602 1001 1640 in
1017 1602 1082 1641 his
1099 1612 1192 1653 per·

154 1665 269 1702 sonis
290 1676 382 1714 quae
402 1665 540 1702 minus
577 1664 711 1703 solent
735 1664 890 1715 templa
908 1663 1190 1716 frequentare,

153 1729 201 1765 ut
217 1725 397 1765 diximus
418 1726 459 1764 in
479 1738 520 1765 n.
543 1725 743 1776 vigesimo
763 1725 956 1777 septimo.

479 1825 711 1867 observatio
726 1830 864 1868 sexta·

205 1910 272 1949 29.
303 1910 358 1949 Iu
370 1909 514 1961 quibus
534 1908 775 1961 temporibus
795 1910 852 1951 sit
872 1923 921 1952 eo>
944 1913 1051 1954 dicto
1063 1912 1193 1964 privi-

152 1969 251 2023 Zeyio
274 1970 733 2010 concionandum—An
748 1972 948 2021 possimus
964 1973 1192 2014 concionari

143 2040 230 2072 *ua
250 2033 349 2072 liora
367 2032 597 2084 Episcopus
619 2032 1064 2074 concionatur.-—Sexto
1079 2034 1189 2073 circa

169 2093 301 2132 ‚adem
320 2093 463 2142 verba,
485 2104 578 2143 quae
599 2093 951 2134 circumstantiam
971 2096 1049 2134 loci
1067 2096 1188 2134 attin-

151 2159 270 2207 gunt,
290 2155 592 2194 advertendum
620 2158 696 2202 est,
719 2155 763 2194 in
788 2156 867 2196 hoc
902 2157 1065 2196 Indulto
1086 2157 1189 2196 nihil

151 2216 339 2256 additum
359 2228 451 2255 csse
468 2216 580 2267 quod
597 2216 651 2255 ad
670 2217 1019 2257 circumstantiam
1031 2223 1189 2269 tempo-

149 2279 206 2318 ris
224 2278 444 2329 pertineat,
465 2278 541 2317 sed
562 2278 749 2318 absolute
769 2283 810 2318 et
823 2280 1036 2319 indefinite
1057 2280 1185 2319 facul-

150 2343 279 2379 tatem
293 2340 483 2388 concedi,
496 2340 673 2390 ideoque
698 2340 750 2379 ad
771 2353 894 2380 omne
912 2346 1075 2393 tempus
1097 2341 1187 2381 sine

149 2401 236 2440 ulla
262 2401 521 2441 restrictione
554 2402 800 2442 extenditur.
822 2403 867 2441 In
897 2403 1007 2442 dicta
1046 2408 1188 2443 autem

150 2463 352 2503 Clement.
388 2464 576 2511 Dudum,
599 2469 641 2503 et
676 2465 718 2502 in
745 2465 1037 2515 Extravagant.
1070 2466 1188 2506 Inter

151 2529 331 2573 cunctas,
353 2524 519 2564 additur
548 2526 753 2565 restrictio
775 2526 839 2564 his
871 2527 1006 2566 verbis
1028 2537 1042 2564 ε
1067 2526 1191 2568 Hora·

150 2585 226 2627 ilia
247 2588 446 2628 duntaxat
471 2590 643 2638 excepta,
661 2588 705 2627 iu
724 2598 801 2639 qua
825 2588 996 2628 locorum
1012 2588 1190 2628 Proelati

149 2648 368 2699 praedicare
385 2648 598 2696 voluerint,
621 2648 681 2687 vel
702 2660 834 2689 coram
846 2661 887 2688 sc
904 2651 1036 2699 facere
1051 2650 1194 2690 solem-

150 2709 255 2749 niter
282 2710 513 2761 praedicari,
535 2709 581 2748 iri
612 2721 689 2760 qua
714 2711 938 2762 praedicare
964 2712 1190 2753 cessabunt.

152 2770 266 2809 Circa
286 2783 413 2821 quam
438 2770 729 2809 limitationem
766 2770 946 2811 dubitari
972 2776 1109 2824 potest
1132 2785 1190 2812 an

149 2832 266 2882 juxta
285 2831 397 2870 iilam
416 2831 677 2870 limitandum
697 2832 822 2870 etiam
840 2833 893 2872 sit
912 2834 992 2874 hoc
1008 2834 1189 2874 Societa-

154 2894 207 2932 tis
225 2893 502 2943 privilegium.
526 2894 628 2931 Nam
661 2892 695 2931 si
715 2898 950 2944 spectemus
983 2896 1190 2935 rationem

155 2965 279 3004 quam
293 2954 540 2992 Benedictus
554 2954 607 2992 XI
618 2954 833 3004 expressit,
847 2955 1089 2995 affirmative
1104 2968 1191 2995 res·

154 3014 423 3067 pondendum
442 3014 628 3053 videtur:
651 3015 853 3056 Putamus
871 3016 1011 3056 etenim
1023 3018 1193 3069 diynum

156 3075 239 3128 (ait)
258 3079 303 3114 ut
322 3075 471 3125 majori
496 3076 643 3122 minor,
659 3079 699 3116 et
727 3078 926 3127 superiori
944 3078 1111 3129 inferior
1129 3080 1191 3121 dc-
1218 3125 1222 3129 ,
1239 3120 1243 3127 ,

155 3138 266 3187 serat
283 3137 326 3176 in
346 3137 420 3176 hac
442 3140 572 3187 parte.
592 3137 640 3176 In
666 3139 919 3177 contrarium
951 3144 1091 3179 autem
1111 3145 1187 3191 est,
1231 3189 1235 3192 ,

156 3198 269 3249 quod
287 3199 357 3249 jus
375 3197 477 3236 illud
502 3209 587 3236 non
608 3202 672 3237 est
692 3200 886 3249 generale
906 3213 980 3252 pro
997 3203 1189 3243 omnihus

153 3258 443 3309 religionibus,
467 3258 542 3297 sed
560 3270 636 3310 pro
652 3259 895 3309 Minoribus,
912 3266 952 3301 et
966 3262 1058 3302 ideo
1080 3275 1131 3302 ex
1150 3262 1190 3303 vi

152 3320 237 3371 sui,
257 3319 350 3358 illos
379 3322 541 3358 tantum
568 3321 897 3371 comprehendit,
918 3323 983 3361 vel
1007 3323 1060 3362 ad
1080 3336 1191 3363 sum-

156 3392 272 3420 mum
290 3392 362 3420 eos
384 3380 454 3431 qui
475 3392 550 3431 per
575 3381 685 3420 viam
705 3383 1091 3424 communicationis
1118 3385 1189 3425 illo

158 3444 223 3483 usi
250 3442 404 3482 fuerint
426 3442 658 3494 privilegio.
689 3444 738 3482 Et
761 3444 818 3483 ita
837 3444 962 3484 etiam
987 3446 1188 3496 Societas,

159 3505 195 3544 si
213 3501 382 3556 praecise
402 3503 701 3553 consideretur,
723 3509 930 3555 quatenus
953 3509 1014 3546 est
1033 3519 1117 3546 una
1137 3519 1190 3547 ex

160 3565 494 3605 mendicantibus
510 3565 793 3617 religionibus,
814 3569 854 3607 et
869 3578 946 3618 per
963 3569 1191 3609 communi-

163 3627 363 3665 cationem
381 3629 517 3666 utatur
531 3627 601 3666 illo
615 3627 842 3679 privilegio,
862 3628 1047 3679 subJecta
1064 3630 1190 3672 etiam

162 3686 241 3727 erit
251 3687 314 3727 illi
326 3687 562 3748 limitationi
575 3698 590 3738 ς
608 3691 751 3730 tamen
771 3691 987 3743 proprium
1002 3691 1094 3743 ojus
1109 3690 1192 3744 priq
1210 3728 1213 3730 ,

505 309 586 347 mi.
608 310 664 346 IX.
689 310 742 345 m:
763 309 912 351 munus,
934 308 1012 344 SEU
1033 310 1285 353 ammanus,
1309 308 1458 352 QUIBUS
1476 308 1534 343 ΑΒ
1553 306 1834 348 Pnoxtuonuu,
1854 307 1945 342 mc.

2280 235 2308 257 9-

2270 270 2332 307 4³·-

1251 376 1446 427 vilegium
1466 385 1552 413 non
1570 377 1634 413 est
1644 384 1719 412 cur
1735 384 1813 425 per
1831 371 1944 412 aliud
1958 369 2158 418 limitetur
2156 382 2294 430 ,cnm
2301 348 2309 359 ·

1250 435 1486 488 generalius
1508 446 1754 474 concessum
1775 434 1840 473 sit.
2250 448 2259 469 i

1305 499 1370 538 30.
1393 496 1597 537 Resolutio
1615 496 1809 537 auctoris.
1811 495 1964 536 —Dico
1985 508 2087 550 ergo
2107 510 2159 539 ex
2171 499 2211 540 vi
2222 471 2274 543 i'i-
2311 506 2314 550 j

1251 561 1329 601 lius
1350 558 1457 609 juris
1475 570 1560 597 non
1586 557 1750 597 limitari
1768 556 2006 598 facultatem
2024 563 2164 611 postea
2182 572 2275 601 con·

1249 631 1411 662 cessam
1431 631 1455 658 a
1477 620 1602 658 Paulo
1626 619 1692 667 111,
1709 618 1783 658 sed
1805 619 1939 659 solum
1971 622 2198 671 quantum·
2187 634 2274 675 ipsa
2296 655 2298 657 ,

1251 681 1452 723 naturalis
1474 681 1577 719 ratio
1597 684 1639 720 et
1659 680 1823 719 debitus
1840 681 1941 720 ordo
1960 683 2156 733 postulat,
2174 687 2220 722 ut
2232 682 2289 724 in-

1251 755 1303 784 eo
1330 755 1430 782 casu
1467 741 1639 781 inferior
1669 753 1753 780 non
1785 746 1925 781 utatur
1959 743 2029 782 tali
2049 743 2313 796 privilegio.,·

1250 804 1368 845 Addo
1383 807 1595 855 praeterea,
1609 815 1660 842 ex
1679 803 1857 843 Concilio
1874 804 2129 853 Tridentino,
2149 805 2216 844 cit.
2232 806 2273 846 iu

1249 877 1423 905 numero
1442 864 1581 912 tertio,
1605 863 1742 915 colligi
1756 877 1894 915 posse,
1906 866 2057 906 dictam
2074 866 2273 907 limitatio-

1248 939 1346 967 nem
1364 927 1490 966 etiam
1508 925 1550 964 in
1568 930 1708 964 nostro
1730 938 1827 964 casu
1839 926 1974 965 locum
1995 927 2165 976 habere,
2179 939 2275 968 nam

1248 987 1499 1042 generaliter
1516 987 1708 1038 prohibet
1722 987 1982 1038 regularibus
2000 993 2060 1038 ut,
2082 988 2276 1030 contradi-

1247 1056 1351 1093 cente
1370 1050 1586 1101 Episcopo,
1607 1049 1651 1088 in
1669 1049 1756 1088 suis
1770 1050 1891 1089 etiam
1912 1050 2110 1091 Ecclesiis
2131 1050 2276 1101 proedi-
2293 1055 2310 1103 j

1248 1123 1337 1153 care
1349 1123 1427 1150 nou
1440 1113 1685 1162 proesumarit
1695 1125 1712 1154 ‚·
1725 1121 1824 1161 ergo
1842 1110 1883 1148 in
1897 1111 2101 1161 praedictis
2117 1111 2276 1152 casibus

1247 1185 1333 1213 non
1350 1172 1488 1212 licebit
1507 1172 1644 1210 invitis
1668 1171 1879 1223 Episcopis
1895 1172 2138 1223 praedicare,
2155 1173 2274 1212 etiam
2299 1196 2308 1222 ,¹
2348 1179 2352 1182 ⁴

1247 1234 1409 1273 seclusa
1445 1233 1689 1272 limitatione
1724 1233 1944 1273 Clementis
1969 1246 2018 1274 ac
2052 1233 2274 1274 Benedicti.

1248 1294 1402 1334 Verum
1423 1299 1486 1334 est
1500 1294 1672 1345 quidem
1693 1306 1743 1333 ex
1765 1295 1805 1333 vi
1839 1295 1962 1346 hujus
1987 1295 2274 1345 fundamenti,

1247 1367 1334 1396 non
1354 1356 1453 1396 satis
1475 1368 1565 1396 esse
1586 1355 1698 1407 quod
1722 1356 1949 1407 Episcopus
1974 1357 2016 1396 in
2046 1370 2120 1396 sua
2140 1356 2277 1396 Eccle-

1249 1419 1311 1457 sia
1345 1417 1627 1465 concionetur,
1650 1420 1697 1455 ut
1723 1417 1859 1455 statim
1892 1418 2021 1457 veluti
2050 1418 2140 1469 ipso
2167 1417 2276 1457 facto

1244 1483 1468 1519 censeatur
1483 1478 1635 1518 nostris
1647 1479 1850 1529 religiosis
1862 1479 2111 1530 prohibitum
2129 1479 2276 1530 praedi-

1247 1551 1343 1579 care
1358 1539 1400 1578 in
1421 1540 1517 1586 suis,
1538 1539 1618 1577 nisi
1634 1540 1860 1590 Episcopus
1876 1542 1941 1580 vel
1959 1539 2277 1592 specialiter,vel

1247 1601 1497 1652 generaliter
1514 1600 1750 1652 prohibeat;
1773 1601 1869 1651 quia
1889 1614 1964 1652 per
1981 1603 2111 1642 solam
2130 1602 2278 1654 praedi-
2350 1629 2352 1632 -

1246 1663 1452 1703 cationem
1484 1674 1602 1700 suam
1621 1673 1706 1700 non
1733 1663 1990 1710 contradicit,
2013 1668 2056 1702 et
2078 1663 2276 1715 quamdiu

1245 1734 1332 1763 non
1359 1723 1616 1772 contradicit,
1637 1724 1855 1775 religiosus
1876 1725 1933 1764 uti
1955 1729 2091 1775 potest
2123 1738 2198 1764 sua
2220 1724 2276 1764 fa-

1247 1786 1416 1834 cultate,
1435 1786 1646 1837 supposita
1671 1786 1855 1835 generali
1878 1787 2064 1837 ejusdem
2087 1784 2275 1838 Episcopi

1244 1847 1568 1899 approbatione;
1592 1851 1631 1885 et
1651 1847 1705 1886 ita
1721 1848 1910 1887 existimo
1925 1848 2064 1899 quoad
2083 1849 2277 1887 circums-

1242 1909 1415 1949 tantiam
1426 1909 1639 1959 temporis,
1650 1909 1806 1948 nullam
1817 1910 1938 1948 aliam
1951 1910 2277 1949 moderationem

1242 1974 1342 2009 tunc
1362 1982 1452 2009 esse
1484 1971 1779 2016 necessariam,
1804 1971 2028 2011 dummodo
2051 1972 2276 2023 Episcopus

1242 2031 1404 2070 nullum
1431 2036 1595 2081 tempus
1615 2031 1691 2070 sibi
1712 2032 1946 2082 specialiter
1975 2033 2247 2073 reservaverit
2261 2054 2282 2086 ⁹}

1243 2104 1317 2132 seu
1326 2093 1438 2142 justa
1458 2093 1617 2131 ratione
1632 2093 1903 2143 prohibuerit,
1923 2094 2008 2133 sive
2027 2095 2079 2134 de
2093 2094 2166 2133 tali
2183 2090 2282 2145 pro·¹

1241 2153 1441 2192 bibitione
1462 2158 1622 2193 constet
1639 2167 1713 2204 per
1734 2167 1929 2206 expressa
1948 2156 2074 2195 verba
2098 2156 2202 2207 ejus,
2221 2168 2277 2194 Si-

1242 2227 1292 2254 ve
1310 2227 1386 2266 per
1405 2215 1765 2265 consuetudinem,
1780 2217 1864 2256 sive
1883 2229 1959 2267 per
1968 2227 2275 2268 quamcumque

1242 2277 1367 2315 aliam
1407 2277 1679 2316 sufficientem
1714 2278 2078 2329 significationem;
2100 2290 2185 2317 non
2213 2282 2276 2320 est
2298 2283 2308 2301 ³

1240 2339 1353 2378 enim
1380 2339 1662 2378 necessarium
1692 2343 1738 2378 ut
1762 2352 2002 2391 expressum
2024 2343 2274 2392 praeceptum

1241 2400 1440 2451 imponat,
1460 2400 1533 2438 sed
1554 2401 1651 2439 satis
1668 2401 1855 2451 estquod
1873 2401 2026 2441 indicet
2040 2402 2116 2440 sibi
2137 2402 2274 2453 displi-
2351 2418 2352 2426 ι

1238 2473 1351 2509 cere,
1373 2461 1600 2512 praesertim
1630 2461 1672 2499 in
1699 2462 1863 2501 casibus
1882 2462 1927 2501 in
1949 2463 2151 2514 praedictis
2166 2463 2274 2514 juri·

1242 2522 1322 2563 hus
1342 2521 1584 2573 designatis,
1604 2523 1674 2573 qui
1694 2535 1769 2573 per
1789 2535 1833 2563 se
1852 2528 1948 2563 sunt
1971 2524 2119 2563 rationi
2147 2522 2273 2564 maxi-

1240 2596 1308 2624 me
1325 2585 1610 2624 consentanei.
1634 2586 1803 2624 Seclusa
1834 2590 1976 2625 autem
1995 2586 2290 2638 prohibitione¹

1241 2647 1436 2695 hominis,
1449 2659 1544 2686 cum
1559 2647 1603 2685 in
1619 2647 1713 2698 jure
1725 2648 1839 2686 nulla
1859 2648 1940 2687 alia
1958 2648 2025 2696 sit,
2047 2660 2132 2687 nou
2148 2649 2272 2688 relin-
2290 2654 2294 2661 '

1242 2709 1383 2760 quitur
1403 2708 1571 2759 aliquod
1589 2712 1753 2759 tempus
1770 2709 1882 2759 quod
1898 2709 2147 2760 generaliter
2165 2709 2272 2749 exci-

1242 2771 1284 2822 pi
1299 2770 1443 2821 possit,
1460 2770 1558 2820 quia
1574 2782 1709 2809 sermo
1719 2770 1769 2809 de
1780 2772 1882 2816 Deo,
1895 2783 1970 2822 per
1985 2782 2028 2809 se
2045 2771 2268 2821 loquendo,

1242 2832 1356 2871 omni
1375 2836 1562 2882 tempore
1580 2831 1715 2869 bonus
1730 2835 1790 2870 est
1802 2836 1842 2870 et
1858 2832 2078 2882 proficuus.
2102 2832 2196 2871 Sola
2212 2844 2271 2871 ει·-

1243 2904 1295 2944 go
1309 2892 1528 2943 prudentia
1547 2891 1673 2932 debet
1691 2893 1770 2932 hoc
1789 2893 2010 2941 moderari,
2024 2897 2069 2933 ut
2081 2905 2159 2933 nec
2172 2897 2286 2933 tem-1

1240 2954 1414 3005 poribus
1450 2953 1699 3006 importunis
1720 2983 1732 3004 ‚
1763 2965 1843 2995 nec
1877 2954 2008 2995 nimia
2040 2953 2274 3007 prolixitate·
2320 2987 2334 2991 ,

1240 3015 1359 3056 fiant.

1547 3104 1772 3146 Observatio
1789 3105 1974 3159 septima.

1296 3201 1362 3241 31.
1377 3202 1543 3244 Dictum
1555 3200 1818 3256 privileqium
1835 3203 2269 3255 depraedicationem

1239 3264 1330 3316 prie
1345 3268 1504 3316 sumpta
1518 3265 1708 3317 procedit.
1721 3286 1775 3295 —
1790 3263 1856 3305 Ad
1867 3264 2270 3305 catechizandumm

1243 3326 1467 3377 requiritur
1496 3325 1772 3377 privileqium.
1787 3346 1841 3355 —
1855 3325 2068 3377 Septimo,
2089 3315 2272 3366 notanda}

1243 3391 1339 3426 sunt
1357 3387 1426 3426 illa
1438 3387 1562 3426 verba
1583 3386 1752 3435 Indulti,
1768 3387 1868 3428 ciero
1892 3390 1928 3427 et
1954 3386 2096 3438 populo
2114 3383 2270 3426 verbm

1241 3448 1317 3488 Dei
1337 3449 1607 3502 praedicandi,
1624 3448 1882 3499 proponendi,
1899 3450 1938 3488 ct
1963 3439 2266 3498 interpretanda»

1242 3509 1325 3548 Illis
1346 3509 1458 3548 enim
1478 3509 1721 3560 explicatur,
1745 3508 1796 3549 de
1815 3520 1898 3560 quo
1917 3517 2070 3560 genere
2086 3509 2128 3545 et
2146 3501 2270 3556 modss

1243 3570 1546 3622 praedicationis
1563 3571 1629 3610 hic
1662 3582 1799 3610 sermo
1820 3570 1885 3612 sit,
1906 3570 2023 3615 Nam,
2040 3567 2159 3618 Juxta
2173 3564 2268 3613 doe?

1242 3631 1394 3671 trinam
1413 3631 1496 3671 divi
1518 3631 1690 3671 Thomae
1715 3631 1755 3670 ⁶2..
1775 3631 1818 3677 2,
1838 3632 1984 3680 quaest.
2007 3627 2101 3676 177,
2119 3623 2266 3681 urtica?
2311 3632 2323 3670 ἓ

1241 3691 1287 3734 lo
1314 3692 1516 3746 secundo,
1542 3692 1755 3746 dupliciter
1769 3691 1901 3744 potest
1925 3686 2076 3742 aliquis
2095 3687 2272 3743 ’Μ
2309 3692 2319 3747 Q

2232 3785 2262 3816 ,Α
