2352 3880
111 281 117 305 ²
132 299 137 318 ·‘
154 316 159 323 -·
202 286 408 333 &antio
425 288 678 339 affirmativa
691 289 886 340 molatur
903 289 1119 332 annosita-

52 344 84 406 j
142 349 325 392 ..ι-ΖΜ
341 349 622 398 experimento.
639 349 982 391 -Nihilominus
998 349 1119 391 credo

55 411 172 471 {pn
185 411 273 452 sine
291 409 492 461 peculiari
508 408 583 450 Dei
610 410 866 462 providentia
886 415 926 451 et
945 411 1119 464 Spiritus

56 482 69 517 1
86 471 227 530 μοίι
242 471 518 542 inspiratione
513 467 569 515 Β
595 472 803 523 ignatium
819 471 930 512 hunc
950 473 1119 515 modum

55 539 109 584 fl
162 533 299 573 ‘minis
317 531 511 573 Societati
530 531 754 584 reliquisse,
782 545 959 585 eumque
977 544 1119 575 censeo

191 606 246 635 ex
261 592 412 634 rehus’
401 593 604 645 imprimis
621 594 857 634 necessariis
872 595 924 635 ad
943 595 1120 636 Societa-

56 651 139 711 jffs
155 655 503 696 conservationem
523 658 565 694 et
579 655 821 707 profectum,
835 660 876 696 et
894 657 1119 708 praesertim

57 715 139 760 <d
155 717 245 767 eius
265 727 408 767 pacem
438 718 479 756 et
510 717 863 768 tranquillitatem.
886 718 938 758 Et
957 719 1009 758 ad
1039 719 1116 759 hoc

55 776 434 829 ''mmprobandum
455 781 602 829 praeter
625 779 910 820 auctoritatem
929 781 1116 821 fundato-

56 847 60 850 ’
82 837 143 883 xis
160 842 201 878 et
213 838 415 878 sociorum
436 839 539 890 ejus,
555 843 594 879 et
613 852 854 881 consensum
871 847 1116 894 perpetuum

57 924 61 926 -
80 899 208 944 totius
220 899 449 951 religionis,
460 900 658 941 habemus
675 902 963 942 auctoritatem
981 903 1116 942 Ponti-

81 956 210 1003 ficum
227 961 342 1001 Pauli
354 961 406 1001 ΠΙ
420 965 461 1002 et
470 962 570 1001 Julii
583 963 652 1010 ΙΙΙ,
664 963 709 1002 ιιι
725 976 900 1014 quorum
917 964 1045 1004 Bullis
1064 964 1115 1004 de

82 1021 395 1064 confirmatione
413 1023 591 1063 instituti
627 1024 715 1064 haec
735 1024 860 1063 verba
876 1024 1113 1065 habentur·

82 1082 253 1136 Roprii
268 1085 457 1137 cujusque
473 1086 624 1136 §radus
624 1086 830 1137 judicium
839 1089 876 1126 et
887 1087 1115 1136 officiorum

82 1143 270 1186 discretio
283 1157 330 1186 ac
342 1146 571 1186 distributio
588 1150 671 1187 tota
688 1146 743 1187 sit
756 1148 800 1187 in
817 1158 938 1187 manu
948 1146 1115 1199 Proepo-

81 1204 155 1248 siti
168 1218 243 1259 per
259 1218 332 1246 nos
351 1207 533 1258 diffudi,
550 1208 610 1248 vel
640 1219 772 1248 eorum
797 1219 892 1259 quos
922 1209 1007 1259 ipsc
1036 1209 1116 1248 sibi

82 1277 130 1308 ea
148 1279 236 1307 cum
255 1269 490 1309 auctoritate
509 1267 774 1314 substituerit,
787 1271 832 1308 ut
845 1280 1040 1319 conqruus
1053 1281 1116 1308 or-

83 1327 131 1368 do
150 1332 329 1368 servetur
344 1329 388 1368 in
406 1329 515 1368 omni
528 1330 616 1370 bene
626 1330 818 1370 instituta
839 1332 1116 1371 communitate

81 1391 344 1430 necessarius.
368 1389 574 1428 Habemus
608 1389 754 1430 deinde
773 1403 845 1442 per
879 1391 1116 1431 diuturnam

83 1451 376 1502 experientiam
414 1462 464 1490 ex
491 1450 570 1490 hoc
600 1451 720 1490 modo
759 1452 975 1502 regiminis
1005 1453 1117 1493 nulla

82 1510 342 1551 incommoda
362 1511 534 1563 alicujus
551 1513 748 1552 momenti
767 1513 962 1551 hactenus
980 1519 1117 1552 secuta

84 1571 210 1612 fuisse
226 1584 239 1623 ;
259 1573 342 1613 imo
363 1574 520 1613 ratione
548 1573 655 1612 illius
675 1586 767 1612 cum
788 1586 939 1624 magna
963 1587 1058 1625 pace
1077 1578 1118 1614 et

82 1635 394 1685 tranquillitate,
418 1640 457 1673 et
475 1639 633 1674 servato
658 1635 827 1685 justitiae
851 1640 891 1674 et
909 1635 1117 1675 charitatis

82 1695 240 1742 ordine,
259 1696 384 1735 fuisse
407 1697 648 1734 Societatem
665 1697 952 1746 gubernatam.
974 1697 1117 1736 Merito

83 1767 180 1806 ergo
206 1756 406 1796 credimus
440 1757 550 1796 bunc
581 1757 748 1796 modum
784 1758 997 1808 regiminis
1032 1771 1118 1798 esse

82 1818 439 1857 accommodatum
458 1819 553 1857 huic
573 1818 775 1865 instituto,
787 1819 907 1869 juxta
922 1830 1118 1870 suumpe-

81 1878 275 1918 euliarem
293 1878 460 1917 vivendi
480 1879 664 1926 modum,
684 1879 880 1930 quidquid
897 1880 948 1918 sit
961 1881 1010 1919 de
1029 1881 1119 1919 aliis

82 1939 348 1990 religionibus
389 1939 452 1979 vel
490 1940 874 1991 congregationibus
897 1970 909 1990 ,
942 1952 1117 1994 quorum

81 2002 266 2053 proprios
286 2012 418 2041 mores
434 2013 519 2040 non
538 2001 833 2053 improbamus.

59 2103 61 2107 ,
136 2063 176 2101 6.
197 2062 374 2114 Denique
396 2062 444 2101 ab
463 2063 719 2103 incommodis
738 2064 860 2104 aliter
877 2063 1119 2118 eligendi.—

83 2123 341 2165 Incommoda
374 2124 492 2164 varia
520 2135 567 2164 ea>
594 2136 670 2165 uno
706 2125 877 2178 eligendi
905 2128 1030 2167 modo.
1066 2148 1118 2157 —

83 2183 397 2235 Rationes,qnae
419 2185 638 2225 utilitatem
663 2185 788 2236 hujus
816 2188 1028 2237 regiminis
1059 2200 1120 2227 os-

84 2245 274 2292 tendunt,
297 2245 501 2296 praecipue
518 2250 736 2284 sumuntur
755 2259 805 2285 ex
822 2248 1045 2296 majoribus
1058 2248 1120 2286 in-

83 2305 334 2354 commodis,
357 2317 448 2357 quae
473 2318 522 2346 ex
542 2306 623 2346 alio
643 2306 765 2346 modo
786 2308 947 2346 creandi
971 2308 1119 2348 Prasia--

82 2371 146 2408 tos
165 2371 430 2418 sequerentur
452 2368 642 2407 societati
659 2399 670 2414 ,
701 2372 742 2408 et
762 2380 834 2420 per
853 2368 966 2408 hunc
987 2370 1119 2409 vitan-

83 2431 164 2468 tur.
191 2427 337 2467 Tribus
352 2428 463 2468 enim
484 2429 615 2468 modis
629 2430 756 2469 creari
775 2434 946 2480 possunt
970 2430 1119 2470 Praela-

68 2502 69 2505 ¹
83 2489 117 2528 ti
133 2488 369 2528 inferiores:
384 2490 531 2540 primo,
549 2501 621 2541 per
634 2490 873 2530 electionem
891 2490 1119 2531 faciendam

32 2567 35 2590 ι
83 2562 110 2590 ιι
123 2553 209 2588 tota
227 2551 521 2589 communitate
546 2551 916 2601 proportionaliter,
944 2563 1015 2591 seu
1034 2564 1116 2592 res-

85 2611 266 2663 pective;
297 2610 498 2659 secundO,
525 2611 576 2650 ab
609 2611 745 2663 aliquo
777 2612 985 2663 superiore
1013 2614 1116 2653 Prae·

70 2671 183 2718 lato,
216 2683 310 2711 cum
340 2671 476 2723 aliquo
509 2672 676 2711 consilio
711 2672 939 2722 definitivo,
971 2685 1043 2713 seu
1065 2674 1117 2713 ad

85 2733 203 2787 plura
215 2733 427 2784 suffragia3
450 2734 583 2782 tertio,
599 2746 623 2772 a
638 2734 822 2781 Praelato,
838 2736 897 2774 ita
918 2739 964 2773 ut
984 2735 1030 2775 in
1047 2735 1117 2775 illo

80 2794 171 2836 nolo
199 2795 250 2834 sit
273 2799 463 2846 potestas,
483 2795 671 2846 quamvis
690 2796 750 2835 uti
765 2796 909 2835 debeat
927 2796 1118 2847 prudenti

64 2855 252 2900 *consilio
278 2867 444 2895 suorum
463 2857 758 2897 ministrorum.
796 2858 956 2897 Primus
974 2859 1118 2898 modus

31 2907 235 2959 stabat·
225 2917 427 2967 imprimis
441 2928 638 2968 magnum
652 2919 881 2970 periculum
893 2920 1119 2970 generandi

63 2975 279 3030 spiritum
298 2977 548 3026 ambitionis,
571 2990 660 3030 quae
678 2980 800 3030 pestis
815 2985 876 3020 est
893 2981 1115 3033 religionis,

28 3091 30 3093 Υ
62 3032 136 3080 ut
154 3043 304 3077 nostrae
336 3038 649 3078 Constitutiones
676 3051 783 3091 saepe
805 3041 960 3090 dicunt,
987 3046 1027 3081 et
1053 3055 1118 3082 su-

32 3096 34 3099 ’
203 3099 276 3138 lib.
293 3101 334 3146 6,
357 3112 392 3138 c.
416 3101 456 3148 7,
477 3105 642 3151 agentes
658 3101 708 3140 de
726 3102 830 3140 votis
847 3102 1119 3152 professorum

28 3163 37 3195 i
113 3171 142 3200 x
159 3161 309 3200 sanctis
328 3161 511 3200 Patribus
528 3162 858 3201 confirmavimus
873 3173 886 3212 3
911 3175 1020 3202 nunc
1036 3164 1119 3203 sut-

21 3238 30 3241 *
95 3262 98 3266 ,
143 3219 177 3260 it
201 3221 304 3260 illud
327 3221 465 3261 Basilii
484 3223 528 3262 in
555 3223 723 3263 Constit.
746 3227 941 3271 monast„
969 3235 1005 3262 c.
1035 3226 1083 3264 10
1105 3239 1115 3264 :

28 3310 37 3336 ς
147 3285 209 3324 ter
227 3284 382 3331 fratres
395 3283 669 3336 principatum
686 3285 792 3326 nullo
815 3285 925 3325 modo
944 3288 1121 3336 appetere

29 3338 35 3395 ζ
101 3335 107 3341 ’
183 3343 307 3384 ochus
325 3344 450 3391 debet,
474 3345 664 3397 siquidem
685 3345 879 3386 diabolica
899 3346 981 3385 ista
994 3347 1122 3397 pestis

152 3431 167 3452 ,
185 3407 224 3445 et
237 3404 422 3445 libidinis
443 3405 670 3446 dominandi
685 3406 806 3446 labes.
827 3407 877 3445 Et
893 3405 1025 3445 infra:
1046 3405 1123 3454 Qui

24 3479 35 3522 -3
64 3463 225 3508 iontem
244 3465 291 3505 ab
310 3476 351 3506 eo
370 3466 469 3505 vitio
489 3467 638 3518 captivi
657 3469 853 3515 tenentur,
875 3478 937 3507 eos
953 3467 1122 3515 invidos,

27 3525 378 3578 smmum,
410 3527 722 3574 insimulatores,
754 3528 1035 3580 imprudentes,
1064 3539 1125 3569 ca·

63 3555 378 3661 {mm
391 3591 675 3637 assentatores,
687 3591 941 3638 vetantem,
956 3588 1125 3630 humiles

28 3663 111 3714 ‚¹223

20 3733 34 3759 ..¹
98 3741 126 3762 ιι*

42 3830 55 3859 .—
131 3846 133 3852 .
210 3835 212 3838 .

135 3870 138 3880 Ι
152 3870 158 3873 .

319 221 412 260 ω.
431 219 491 258 ula
512 219 570 258 AN
590 219 863 259 convuumml
882 219 997 258 10110
1013 217 1182 265 Bm
1198 220 1389 258 eum!
1407 222 1646 260 somnum
1664 223 1980 263 mmmmm.

2097 221 2205 264 1⁰⁶7

1171 287 1243 330 ubi
1255 299 1335 330 non
1350 290 1547 340 convenit,
1565 290 1798 344 illiberales,
1817 290 2029 342 gloriosos,
2047 300 2206 332 κισσοκ-

1173 348 1230 389 tir
1248 351 1410 403 denique
1421 351 1519 391 aliis
1532 351 1762 402 huiusmodi
1774 351 1904 392 turbis
1918 353 2085 400 refertos
2102 351 2206 395 emia-

1172 412 1253 451 tore
1269 423 1422 452 necesse
1437 414 1507 458 est,
1529 422 1620 462 quae
1635 411 1846 462 sigillatim
1864 412 2041 464 explicat
2058 416 2101 452 et
2113 420 2203 464 pro-

1171 471 1368 522 sequitur.
1403 471 1517 519 Quod
1538 475 1678 511 autem
1698 473 1774 512 hoc
1793 473 1944 512 vitium
1963 433 2211 571 regulariter}

1171 531 1290 571 valde
1307 533 1571 583 conjunctum
1590 532 1642 571 sit
1666 545 1760 572 cum
1778 533 1849 584 huj
1856 533 2018 573 usmodi
2037 533 2200 574 electio·

1171 592 1294 632 nibus
1307 622 1320 641 ‚
1350 593 1448 632 satis
1467 593 1718 643 experientia
1735 594 1822 644 ipsa
1837 593 2038 644 ostendit,
2061 598 2102 634 et
2119 594 2206 635 fere

1172 654 1219 694 in
1232 654 1422 694 omnibus
1441 653 1846 709 Congregationibus,
1867 658 1908 695 et
1927 655 1972 695 in
1988 656 2207 707 superiori-

1169 715 1246 757 bus
1272 729 1374 768 saepe
1397 716 1651 759 declaratum
1679 719 1762 763 est;
1793 716 1972 756 maxime
1996 727 2094 757 vero
2118 728 2207 759 esse

1170 782 1300 830 potest
1315 779 1391 817 hoc
1406 777 1636 830 periculum
1654 776 1699 816 in
1718 776 2000 826 electionibus,
2019 789 2112 828 quae
2132 790 2206 830 per

1168 840 1365 890 suffragia
1379 838 1656 879 multitudinis
1668 837 1799 888 fiunt;
1819 841 1972 890 quanto
1986 838 2097 877 enim
2112 839 2211 882 tali·

1170 901 1315 942 electio
1342 900 1519 940 declinat
1544 900 1674 949 magis
1693 900 1739 938 in
1755 899 1941 950 regimen
1960 898 2204 940 democrati-

1171 974 1287 1011 cum,
1310 966 1425 1001 tanto
1445 966 1504 1001 est
1522 962 1656 1000 minus
1678 961 1878 1013 perfecta,
1908 963 1949 1000 et
1967 960 2206 1011 hujusmodi

1170 1024 1282 1063 vitiis
1300 1024 1493 1074 exposita.
1529 1022 1633 1062 Nam
1657 1023 1702 1061 in
1720 1033 1980 1073 quocumque
1999 1026 2108 1061 statu
2133 1022 2207 1062 ho-

1171 1085 1331 1124 minum
1350 1070 1558 1135 pauciores
1579 1087 1674 1122 sunt
1689 1084 1767 1123 viri
1785 1083 2006 1134 prudentes
2026 1087 2066 1123 et
2082 1095 2107 1122 a
2126 1084 2208 1134 prii-

1171 1147 1276 1184 vatis
1295 1145 1577 1185 affectionibus
1597 1144 1734 1193 liberi,
1753 1149 1794 1183 et
1809 1144 1902 1184 ideo
1921 1145 2085 1197 quando
2106 1145 2207 1184 elec-

1171 1211 1278 1246 tores
1308 1211 1402 1246 sunt
1431 1219 1573 1246 omnes
1605 1206 1655 1245 de
1695 1186 1845 1258 populo
1885 1206 1951 1246 vel
1983 1218 2207 1257 congregae

1171 1269 1296 1315 tione,
1330 1268 1396 1307 vel
1431 1279 1583 1318 magna
1621 1267 1857 1314 multitudo,
1893 1267 2028 1318 plures
2065 1265 2212 1308 eorum'

1170 1334 1266 1368 sunt
1284 1330 1348 1368 vel
1365 1330 1548 1380 jiivenes‚
1572 1329 1638 1368 vel
1658 1329 1794 1367 minus
1812 1328 2058 1380 prudentes,
2082 1330 2147 1368 vel
2164 1330 2208 1369 in

1172 1391 1254 1430 suis
1283 1390 1494 1430 affectibus
1524 1403 1608 1430 non
1635 1391 1733 1429 satis
1758 1390 1974 1439 moderati,
2006 1395 2125 1442 atque
2150 1391 2209 1431 ita

1172 1452 1289 1491 facile
1318 1456 1379 1491 est
1413 1452 1564 1492 multos
1596 1464 1872 1503 corrumpere,
1902 1454 1972 1490 aut
2005 1452 2206 1504 decipere,

1172 1517 1247 1553 aut
1265 1513 1355 1552 aliis
1377 1514 1506 1552 modis
1526 1514 1750 1553 subornare
1766 1543 1777 1561 ,
1802 1518 1841 1551 et
1863 1513 1957 1553 inde
1978 1515 2110 1552 oritur
2128 1513 2213 1565 spie'

1171 1575 1272 1614 ritus
1293 1574 1527 1614 ambitionis
1544 1575 1588 1613 in
1604 1575 1668 1613 his
1686 1575 1755 1625 qui
1773 1579 1937 1626 sperant
1955 1587 1997 1614 se
2016 1587 2130 1627 posse
2145 1577 2210 1616 his

1173 1636 1315 1674 mediis
1338 1636 1530 1687 consequi
1547 1635 1841 1687 praelationem.

1226 1697 1264 1734 7.
1287 1697 1392 1736 Item
1409 1697 1618 1737 dissensio.
1637 1718 1690 1725 -
1704 1696 1808 1736 Item
1827 1697 1936 1738 electi
1954 1709 2050 1750 crya
2067 1697 2209 1750 elioen-

1174 1761 1231 1798 tes
1249 1759 1498 1798 conniventia
1522 1761 1558 1797 et
1581 1758 1747 1810 indique
1763 1759 1955 1809 provisio.
1983 1780 2036 1788 —
2063 1760 2210 1798 Praete-

1172 1831 1242 1858 rea
1262 1829 1312 1857 ex
1332 1818 1570 1868 hujusmodi
1590 1818 1857 1857 electionibus
1881 1819 2120 1871 plerumque
2148 1832 2211 1859 se-

1173 1880 1247 1930 qui
1274 1879 1408 1918 solent
1438 1879 1658 1918 divisiones
1686 1883 1726 1918 et
1755 1880 1995 1928 schismata,
2026 1893 2114 1930 quae
2134 1882 2211 1920 ele-

1173 1944 1320 1990 ganter
1358 1945 1397 1979 et
1439 1940 1527 1979 fuse
1566 1940 1824 1991 prosequitur
1869 1941 2175 1990 Chrysostomus
2197 1972 2209 1990 ,

1172 2001 1243 2040 lib.
1273 2004 1297 2041 3
1325 2002 1373 2039 de
1407 2001 1639 2041 Sacerdotio
1666 2014 1690 2040 a
1716 2002 1867 2049 medio,
1890 2006 1930 2041 et
1960 2005 2212 2054 experientia

1174 2063 1334 2102 notiora
1350 2067 1468 2111 suut,
1492 2075 1615 2114 quam
1638 2067 1682 2101 ut
1702 2063 1835 2101 verbis
1856 2076 1880 2101 a
1901 2063 2017 2102 nobis
2038 2076 2212 2115 exagge-

1174 2124 1256 2164 rari
1275 2136 1436 2164 necesse
1457 2124 1520 2162 sit.
1552 2124 1672 2162 Aliud
1690 2125 1813 2162 etiam
1833 2125 2140 2163 incommodum
2160 2137 2211 2164 ex

1175 2184 1238 2224 his
1259 2185 1525 2224 electionibus
1547 2186 1729 2236 sequitur
1745 2196 1757 2234 ;
1785 2198 1882 2224 nam
1902 2186 2126 2237 periculum
2152 2189 2211 2225 est

1176 2254 1228 2282 ne
1260 2244 1419 2283 Praelati
1450 2245 1568 2284 electi
1595 2246 1657 2284 his
1687 2246 1824 2286 infesti
1853 2247 1948 2295 sint,
1981 2247 2051 2297 qui
2070 2246 2211 2286 suffra-

1176 2305 1291 2355 gium
1318 2306 1376 2343 eis
1410 2316 1495 2344 non
1525 2305 1749 2353 dederunt,
1785 2307 1873 2346 aliis
1907 2319 2004 2347 vero
2034 2308 2211 2348 nimium

1174 2365 1446 2413 conniveant,
1482 2369 1521 2406 et
1555 2378 1646 2417 quae
1678 2367 1824 2418 punita
1855 2380 1940 2407 esse
1971 2369 2211 2420 oportebat,

1174 2425 1444 2473 dissimulent,
1474 2430 1514 2465 et
1549 2428 1671 2478 (quod
1701 2428 1865 2479 gravius
1898 2430 1971 2479 est)
2001 2429 2052 2468 ad
2080 2428 2211 2469 officia

1173 2487 1239 2526 vel
1265 2488 1484 2538 dignitates
1518 2489 1672 2527 ordinis
1702 2500 1768 2527 eos
1792 2490 2017 2529 immeritos
2044 2495 2085 2530 et
2107 2491 2211 2531 indi-

1172 2560 1274 2599 gnos
1302 2554 1593 2601 promoveant;
1624 2561 1737 2597 nam,
1769 2556 1814 2588 ut
1843 2551 1948 2590 dixit
1976 2551 2209 2602 Gregorius,

1171 2609 1242 2650 lib.
1273 2613 1298 2650 2
1329 2610 1618 2661 Epistolarum,
1653 2623 1742 2662 cap.
1767 2612 1833 2660 61,
1864 2612 1963 2650 alias
1982 2615 2101 2664 epist.
2122 2613 2173 2652 22
2195 2625 2206 2652 ε

1174 2669 1230 2711 Si
1261 2672 1520 2723 quorumdam
1564 2671 1784 2722 patrocinio
1829 2673 1958 2722 suerit
2000 2675 2212 2726 quisquam

1172 2734 1329 2779 electus,
1351 2732 1622 2772 voluntatibus
1644 2745 1793 2779 eorum,
1812 2746 1897 2774 cum
1908 2737 2034 2783 fuerit
2050 2736 2212 2777 ordina-

1172 2797 1253 2842 tus,
1280 2794 1445 2840 obedire,
1467 2795 1685 2834 reverentia
1717 2796 1910 2847 cremante,
1945 2796 2208 2849 compellitur,

1171 2855 1303 2908 sicque
1321 2856 1388 2905 fit,
1408 2859 1452 2895 ut
1470 2860 1508 2895 et
1526 2868 1589 2895 res
1605 2856 1720 2896 illius
1740 2860 1978 2896 minuantur
1997 2858 2208 2907 Ecclesioe,

1171 2920 1210 2958 et
1228 2917 1319 2957 ordo
1340 2917 1651 2958 Ecclesiasticus
1671 2930 1750 2958 non
1774 2922 1964 2959 servetwr.
1992 2919 2123 2959 Multa.
2144 2919 2211 2959 de-

1171 2977 1295 3029 nique
1313 2977 1394 3017 alia
1409 2977 1670 3018 incommoda
1690 2979 1734 3018 in
1752 2979 1821 3031 huj
1829 2980 1988 3020 usmodi
2003 2979 2210 3020 electionis

1172 3040 1306 3088 modo,
1327 3039 1415 3092 ipso
1437 3053 1515 3081 usu
1530 3046 1694 3093 reperta
1715 3047 1826 3090 sunt,
1851 3046 2016 3095 propter
2035 3054 2125 3093 quae
2145 3041 2210 3079 vi-

1171 3100 1324 3148 tanda,
1357 3101 1499 3140 multae
1527 3102 1748 3153 religiones
1778 3103 1899 3156 illum
1924 3102 2092 3141 modum
2114 3100 2210 3139 reli-

1173 3165 1352 3213 querunt
1367 3191 1377 3210 ,
1406 3162 1494 3202 aliae
1514 3158 1831 3216 relinquendum
1846 3164 2034 3214 judicant
2056 3167 2096 3202 et
2116 3173 2210 3201 exo-

1173 3227 1312 3275 ptant,
1341 3227 1382 3263 et
1399 3223 1444 3262 in
1460 3224 1637 3264 Ecclesia
1654 3225 1872 3264 universali
1890 3223 2073 3262 videmus
2096 3222 2209 3261 abla-

1173 3288 1236 3324 tas
1261 3297 1347 3324 esse
1370 3285 1585 3326 electiones
1613 3288 1920 3339 Episcoporum,
1946 3295 2037 3335 quae
2065 3283 2163 3321 olim
2182 3292 2209 3321 a

1174 3345 1326 3398 populo
1346 3347 1411 3386 vel
1430 3346 1538 3386 clero
1557 3347 1647 3387 fieri
1665 3346 1871 3393 solebant,
1892 3349 1932 3384 et
1950 3345 1994 3383 in
2010 3341 2209 3395 graviori-

1175 3406 1252 3446 bus
1281 3407 1560 3458 electionibus,
1595 3413 1642 3447 ut
1670 3409 1802 3458 Papae,
1829 3417 1921 3458 quae
1946 3405 1998 3444 ob
2023 3404 2206 3454 aliquam

1178 3469 1447 3508 necessariam
1486 3481 1651 3508 causam
1685 3469 1730 3507 ln
1764 3479 1842 3507 usu
1879 3468 2174 3506 conservantur
2192 3492 2205 3514 ,

1177 3533 1440 3580 proctuatum
1457 3535 1518 3570 est
1533 3534 1580 3570 ut
1596 3541 1622 3570 a
1634 3529 1776 3582 paucis
1793 3531 1835 3568 et
1849 3526 2007 3568 selectis
2022 3525 2207 3580 personis

1178 3589 1296 3628 fiant.
