2352 3880
586 23 601 37 „.
614 0 641 11 ”¹
667 0 1018 49 ῃωτᾞᾞιτῑῑπι.

149 224 353 307 ἱδοοῑριαιί
365 260 685 313 prospictamue;
705 257 818 309 quod
837 257 1078 297 aliisverbis
1091 257 1178 297 dic·

153 329 242 365 tum
265 328 327 363 est
345 335 368 360 a
383 319 580 369 Gregorio
595 318 699 367 XlII,
719 318 762 357 in
782 318 1080 358 Constitutione
1098 317 1178 359 As-

151 386 327 426 vendente
342 381 539 420 Domino:
557 378 621 419 Act
634 379 902 431 paupertatis,
919 391 1006 431 quoe
1021 378 1177 433 requla-

150 446 212 486 ris
228 443 408 483 instituti
423 452 564 481 murus
580 444 652 489 est,
670 444 707 481 et
717 440 1072 495 propugnaculum,
1088 452 1178 493 per-

148 503 353 555 fectionem
369 503 565 543 tuendam.
586 502 639 543 Ut
657 502 767 542 enim
786 506 1039 541 sustentetur
1051 500 1176 541 aedifi-

147 567 271 612 cium,
295 569 335 604 et
361 564 459 603 urbs
479 563 645 603 defendi
663 563 807 615 possit,
828 564 930 602 nihil
952 563 1086 614 magis
1106 574 1174 602 cu-

146 627 321 666 randum
342 630 404 666 est
421 656 431 673 ,
466 637 592 676 quam
614 629 656 664 ut
671 625 988 664 fundamentum
1009 624 1174 663 firmum

145 692 326 733 maneat,
348 690 390 727 et
409 699 552 725 murus
570 687 734 738 integer
752 699 800 725 ac
819 686 982 725 illaesus.
1012 686 1061 724 Et
1079 685 1173 724 ideo

146 749 377 789 Alexander
405 748 458 788 ΙΙΙ
474 778 483 794 ,
515 748 558 786 in
587 748 683 787 dict.
707 759 797 798 cap.
818 747 978 786 decimo
1002 746 1173 796 quinto,

142 809 432 850 Cistercienses
456 808 669 860 religiosos
696 809 965 848 vehementer
987 807 1173 846 exhorta-

143 875 232 920 tur,
259 875 304 911 ut
335 873 471 910 domus
497 870 578 909 ittoe
602 870 687 919 (ait)
714 881 800 921 quoe
820 882 845 910 a
862 870 997 919 prima
1015 869 1080 907 sui
1096 869 1172 908 ori-

141 932 231 983 yiue
252 934 295 971 iu
312 933 445 971 ordine
460 935 586 971 vestro
607 934 700 970 suut
718 930 899 976 fundatae
912 960 923 978 ,
946 929 1174 970 constitutis

141 997 179 1034 et
204 993 399 1032 ordinatis
429 991 613 1031 terminis
638 991 722 1030 siut
747 994 960 1036 conteutoe;
992 990 1173 1041 loquitur

140 1058 279 1093 autem
315 1053 366 1091 de
396 1051 582 1090 terminis
613 1052 880 1102 paupertatis.
914 1053 959 1090 Et
983 1052 1171 1090 eamdem

140 1114 455 1153 sollicitudinem
476 1112 755 1151 adhibuerunt
768 1113 914 1162 reliqui
938 1113 1169 1161 Pontifices,

140 1175 401 1227 gravissimas
434 1185 580 1223 poenas
616 1172 877 1224 imponentes
907 1173 1172 1213 violatoribus

137 1235 394 1286 paupertatis
424 1234 652 1284 religiosae,
683 1238 729 1272 ut
755 1235 796 1271 in
824 1234 1026 1284 superiori
1058 1238 1170 1275 tomo

137 1296 328 1334 vidimus.
378 1296 426 1334 Et
469 1295 638 1346 gloriosi
677 1296 818 1334 Patres
857 1295 1095 1334 Dominicus
1129 1299 1171 1335 et

137 1358 379 1397 Franciscus
403 1358 623 1407 specialem
645 1356 977 1395 maledictionem
998 1356 1081 1395 suis
1104 1367 1168 1395 re-

135 1419 292 1469 ligiosis
324 1418 722 1468 transgredientibus
750 1422 1037 1469 paupertatem
1072 1429 1096 1456 a
1122 1429 1166 1456 se

136 1481 364 1521 institutam
395 1482 678 1531 reliquerunt,
711 1484 757 1518 ut
787 1481 1089 1528 Bonaventura,
1123 1480 1166 1518 in

138 663 144 697 ἰ

136 1541 329 1593 Opuscul.
364 1542 414 1580 de
432 1541 577 1580 Christi
599 1545 841 1591 paupertate
857 1571 870 1588 ,
898 1541 949 1579 de
970 1542 1009 1580 S.
1033 1541 1171 1579 Domi-

135 1603 226 1641 nico
247 1603 385 1650 refert,
409 1606 448 1641 et
466 1602 517 1642 de
536 1603 578 1642 S.
597 1601 816 1642 Francisco
836 1602 988 1653 legitur
1006 1602 1048 1640 in
1067 1602 1169 1652 Spe-

135 1664 226 1703 culo
252 1664 472 1702 Minorum.

187 1724 227 1764 7.
261 1725 487 1765 Seoundum
514 1727 722 1774 punctum,
742 1725 790 1764 id
805 1728 863 1765 est
878 1725 1048 1765 materia
1065 1724 1171 1777 ejus-

136 1784 219 1826 dem
237 1786 330 1824 voti.
353 1807 406 1814 —
431 1785 534 1832 Quid
553 1786 628 1824 atii
646 1787 882 1834 fundatores
900 1798 974 1838 pro
996 1798 1167 1839 pauper

134 1849 214 1886 tate
242 1847 505 1897 providerint.
541 1865 594 1874 --
625 1846 729 1893 Quid
744 1846 796 1884 B.
821 1848 1027 1896 [quattus.
1049 1868 1102 1875 —
1121 1848 1172 1887 Ut

134 1912 272 1947 autem
292 1907 342 1944 ad
363 1906 586 1945 secundam
606 1912 764 1956 partem
782 1907 838 1955 <id
859 1912 934 1955 est,
954 1909 1170 1947 materiam

131 1968 256 2017 hujus
282 1968 379 2017 voti)
414 1967 702 2016 explicandam
732 1968 994 2013 accedamus,
1026 1969 1168 2008 distin-

133 2029 299 2081 guenda
335 2033 396 2066 est
423 2028 577 2078 duplex
606 2028 777 2066 mutatio
799 2030 1052 2079 paupertatis
1073 2031 1168 2068 reli-

131 2089 271 2140 giosae,
295 2101 393 2132 una,
417 2088 554 2138 quoad
573 2087 727 2126 facturn
747 2092 923 2135 tantum,
944 2090 1024 2127 alia
1043 2091 1167 2129 etiam

127 2150 269 2201 ‚quoad
285 2150 366 2200 jus.
392 2149 506 2187 Prior
526 2149 650 2186 habet
667 2149 718 2186 de
735 2161 778 2186 se
800 2150 1065 2188 intrinsecam
1086 2164 1168 2189 ma-

130 2211 280 2259 litiam;
305 2222 400 2248 nam
428 2210 615 2248 consistit
644 2209 685 2246 in
714 2211 1042 2260 transgressione
1072 2213 1167 2250 sub-

133 2272 332 2312 stantialis
350 2271 430 2310 voti
449 2270 701 2322 paupertatis
716 2271 943 2321 religiosae;
964 2273 1167 2323 posterior

126 2337 244 2373 vero.
265 2346 339 2384 per
357 2346 400 2372 se
419 2337 616 2384 spectata,
636 2345 718 2370 non
741 2338 802 2370 est
817 2334 1035 2372 intrinsece
1055 2334 1163 2372 mala

132 2399 203 2435 aut
219 2395 438 2446 prohibita,
453 2395 549 2445 quia
566 2406 650 2432 non
667 2394 711 2432 fit
727 2406 801 2444 per
818 2395 1079 2433 violationem
1095 2396 1164 2445 ju-

129 2457 199 2501 ris,
232 2457 304 2494 sed
326 2469 399 2506 per
419 2456 689 2494 mutationem
715 2455 838 2502 illius,
868 2456 1017 2493 factam
1040 2456 1091 2494 ab
1112 2468 1161 2494 eo

129 2517 199 2568 qui
232 2521 477 2567 potestatem
510 2517 650 2565 habet,
681 2521 726 2556 ut
757 2517 1044 2567 supponimus.
1083 2517 1161 2555 Alii

130 2590 229 2629 ergo
249 2578 492 2617 fundatores
515 2579 579 2616 vel
602 2582 857 2630 protectores
883 2579 1131 2629 religionum
1151 2608 1162 2626 ,

129 2639 333 2687 adjunctis
360 2640 494 2690 poenis
525 2644 596 2678 aut
628 2640 986 2678 maledictionibus
1012 2651 1163 2690 praeca-

127 2705 274 2739 verant
292 2731 301 2747 ‚
337 2713 389 2739 ne
422 2700 540 2740 fieret
566 2701 737 2740 mutatio
764 2714 788 2739 a
821 2700 1023 2751 religiosis
1056 2700 1163 2739 circa

127 2766 431 2813 paupertatem,
466 2763 603 2812 quoad
636 2763 808 2809 factum,
839 2762 883 2800 id
914 2767 988 2808 est,
1026 2762 1163 2813 quoad

129 2822 361 2861 custodiam
378 2853 391 2872 ,
424 2824 490 2862 vel
509 2824 880 2873 transgressionem
909 2824 1162 2873 paupertatis

127 2884 341 2934 promissae
361 2898 371 2931 ;
402 2895 485 2922 non
507 2896 604 2922 vero
626 2883 855 2922 remedium
876 2884 1043 2933 aliquod
1063 2896 1160 2934 pro-

129 2942 336 2991 viderunt,
357 2956 409 2982 ne
425 2944 625 2982 institutio
645 2944 734 2994 ipsa
753 2944 846 2982 talis
865 2945 928 2983 vel
951 2945 1042 2982 talis
1062 2957 1163 2994 pau-

132 3003 302 3055 pertatis
322 3008 573 3051 mutaretur;
599 3008 639 3042 et
659 3005 714 3043 ita
733 3004 920 3043 videmus
942 3006 1079 3055 plures
1099 3018 1163 3044 re-

129 3063 327 3113 ligiones,
358 3064 462 3103 forte
480 3065 568 3103 sine
587 3065 707 3116 culpa
721 3095 730 3110 ,
760 3066 948 3115 quamvis
968 3078 1049 3105 non
1073 3066 1160 3105 sine

130 3125 270 3174 aliqua
304 3125 425 3175 primi
459 3125 629 3163 fervoris
672 3127 913 3165 remissione
936 3156 946 3174 ‚
982 3127 1162 3177 rigorem

130 3186 274 3238 primae
290 3186 553 3225 institutionis
571 3199 669 3233 suae,
692 3188 830 3238 quoad
857 3188 1162 3227 observantiam

121 3244 411 3298 ⁴paupertatis,
440 3259 515 3298 per
545 3247 706 3286 Indulta
743 3250 975 3299 Apostolica
1004 3253 1162 3299 tempe-

131 3318 265 3355 rasse,
290 3307 356 3347 cui
376 3311 484 3347 certe
503 3308 679 3354 indulto,
699 3309 821 3348 etiam
840 3314 987 3360 sponte
1005 3310 1158 3358 oblato,

130 3367 334 3417 virginem
357 3369 516 3409 Claram
531 3370 791 3409 renuntiasse
816 3371 980 3422 legitur.
1010 3372 1159 3410 Beatus

132 3434 272 3469 autem
290 3431 472 3481 ignatius
492 3431 545 3470 ad
561 3431 885 3471 observationem
907 3434 1161 3483 paupertatis

131 3492 360 3542 promissas,
383 3491 558 3532 durante
589 3493 679 3544 ejus
711 3493 975 3542 obligatione,
1005 3494 1162 3533 nullam

132 3559 299 3601 poeuam
315 3554 382 3593 vel
397 3553 731 3594 maledictionem
746 3554 1054 3606 adjungendam
1067 3566 1162 3596 cen-

506 194 585 230 em
605 193 662 228 vr.
662 184 739 228 ms
756 181 1042 231 rnoresstoue
1063 169 1171 233 om
1178 190 1233 226 m
1240 181 1466 226 socium-rs
1481 186 1563 231 m,
1584 188 1648 225 m·
1651 188 1723 227 us
1723 156 1803 233 ns.
1814 150 1931 231 mo.
2012 170 2039 233 '⁴5
2081 164 2107 236 j
2119 203 2121 222 2

1231 256 1326 301 suit,
1347 258 1500 307 praeter
1515 266 1590 295 eae
1607 266 1700 307 quae
1715 253 1762 296 in
1782 257 1881 308 jure
1897 263 2023 297 com
2103 298 2107 303 ,
2136 296 2170 304 ς,

1230 321 1397 364 nentur,
1419 318 1460 356 et
1474 315 1555 356 alia
1572 315 1726 364 media,
1752 328 1845 368 quse
1865 317 1919 358 ad
1932 330 2131 372 genera

1231 379 1422 431 gularum
1463 381 1505 418 et
1546 376 1892 418 Constitutionum
1926 379 2201 423 observatio

1233 439 1431 491 providit,
1461 443 1508 479 ut
1527 439 1598 479 lib.
1620 439 1660 486 4,
1687 450 1712 478 a
1738 450 1776 479 c.
1804 440 1845 488 7,
1876 439 2077 481 v1d1mus
2063 470 2077 492 ,
2100 452 2179 494 p

1230 513 1327 540 vere
1347 505 1484 540 autem
1503 500 1660 540 studuit
1679 511 1730 539 ne
1751 501 1794 539 in
1812 501 1903 550 iure
1927 501 2019 554 ipso
2037 515 2173 556 paupe
2219 523 2236 550 ,3

1229 562 1296 608 tis,
1333 561 1445 613 quod
1470 573 1545 613 pro
1575 562 1778 602 Societate
1805 563 2027 611 statuebat,
2055 563 2241 614 relaxa

1229 623 1368 671 fielet,
1392 623 1503 674 quod
1524 623 1662 662 facere
1683 635 1766 662 non
1786 624 1918 674 potuit
1934 637 2009 675 per
2031 627 2185 666 comm'.

1229 685 1383 723 tionem
1404 689 1475 723 aut
1490 684 1837 732 maledictionem,
1857 685 1953 736 quia
1972 686 2065 725 talis
2082 691 2211 727 muta
2290 731 2291 734 Ἴ

1230 747 1290 795 (ut
1312 745 1408 794 dixi)
1436 757 1520 785 non
1544 749 1634 785 erat
1651 758 1726 797 per
1745 757 1789 785 se
1808 747 1934 794 mala,
1956 751 1997 786 et
2015 747 2110 787 ideo
2134 748 2178 788 id
2204 755 2226 784 ἰι
2300 756 2302 763 ’

1229 806 1283 846 cit
1299 806 1565 857 adjungendo
1593 818 1743 845 novam
1771 807 2066 859 obligationem
2085 821 2160 860 per
2175 810 2244 851 11·x

1227 871 1383 915 votum,
1406 868 1525 918 cujus
1548 868 1721 906 materia
1741 872 1818 916 est,
1838 880 1909 909 uec
1932 882 2158 920 procurare,
2251 907 2255 911 .
2291 915 2294 918 Α

1228 929 1468 977 consentire,
1498 931 1544 967 ut
1561 927 1755 968 relaoeatio
1773 931 2026 982 paupertatis
2050 932 2095 970 iu
2119 927 2246 972 Soet
2288 958 2290 963 ·

1228 992 1310 1029 tate
1326 990 1416 1039 fiat,
1447 989 1569 1029 etiam
1593 1000 1634 1029 eo
1658 990 1769 1030 modo
1797 1001 1871 1042 quo
1899 991 2006 1032 alias
2031 991 2117 1032 sine
2139 993 2241 1045 culp
2288 999 2290 1001 ’

1221 1050 1314 1101 fieri
1329 1054 1473 1102 posset.

1280 1111 1319 1150 8.
1340 1111 1588 1163 Empticatur
1601 1113 1684 1153 hoeo
1699 1114 1730 1152 I
1727 1113 1860 1164 quatii
1871 1111 2118 1163 providentia
2130 1125 2270 1156 auem—¹

1223 1171 1305 1221 plo.
1336 1193 1390 1201 —
1422 1172 1507 1212 Cur
1520 1173 1696 1223 professi
1715 1174 1786 1213 hoe
1802 1177 1935 1213 votum
1951 1180 2190 1225 nuncupent.
2203 1197 2256 1208 --
2279 1183 2298 1213 ἢ

1226 1234 1297 1271 Est
1324 1232 1457 1272 simile
1478 1233 1530 1272 de
1551 1238 1645 1272 voto
1667 1235 1779 1284 quod
1798 1235 2004 1274 interdum
2028 1236 2116 1275 fieri
2135 1237 2252 1288 solet,

1227 1294 1278 1333 de
1306 1306 1391 1334 non
1410 1295 1589 1346 petenda
1609 1295 1914 1346 dispensatione
1936 1296 2044 1337 circa
2066 1298 2282 1360 observa-²4
2315 1311 2330 1351 ξ

1223 1355 1378 1394 tionem
1407 1356 1618 1406 promissae
1646 1357 1870 1403 castitatis;
1898 1369 1994 1396 nam
2022 1360 2194 1399 mutatio
2212 1326 2282 1403 in}
2315 1359 2331 1397 3³.

1221 1420 1315 1455 voto
1339 1417 1427 1467 jam
1445 1418 1568 1466 facto,
1589 1418 1725 1458 media
1751 1419 2072 1470 dispensatione,
2093 1433 2179 1460 non
2195 1409 2290 1463 ests<
2314 1412 2330 1437 ‘³'

1224 1489 1299 1529 per
1314 1490 1357 1517 se
1375 1479 1510 1525 mala;
1532 1484 1686 1528 tamen,
1707 1493 1779 1531 per
1798 1493 1842 1520 se
1855 1481 2081 1532 loquendo,
2104 1483 2256 1524 melius
2275 1490 2290 1532 j

1225 1543 1287 1578 est
1311 1540 1351 1577 in
1374 1544 1467 1578 voto
1496 1539 1605 1579 facto
1637 1553 1918 1592 perseverare,
1950 1547 1991 1582 et
2018 1555 2103 1582 non
2131 1545 2257 1586 facile
2294 1568 2330 1577 »

1223 1600 1576 1650 dispensationem
1606 1604 1773 1652 petere;
1805 1606 1846 1642 et
1867 1603 1960 1642 ideo
1985 1610 2127 1644 votum
2155 1605 2294 1651 illud-j

1223 1674 1307 1700 non
1324 1663 1489 1713 petendi
1508 1663 1876 1714 dispensationem,
1893 1669 1933 1703 et
1949 1677 2022 1716 per
2039 1679 2083 1705 se
2098 1668 2258 1709 bonum
2277 1663 2291 1698 ἲ

1226 1726 1318 1770 est,
1351 1727 1392 1762 et
1422 1724 1656 1763 distinctam
1687 1725 1814 1764 habet
1842 1727 2060 1765 materiam
2090 1729 2142 1767 ab
2166 1730 2287 1780 ipsos·

1225 1787 1319 1823 voto
1353 1785 1562 1823 castitatis.
1605 1786 1727 1825 Aliud
1759 1790 1823 1826 est
1851 1787 1961 1825 enim
1992 1799 2076 1826 non
2105 1789 2257 1833 ducere
2276 1789 2329 1839 μ’ξς.

1225 1857 1413 1894 uxorem,
1440 1846 1552 1884 alind
1571 1859 1654 1885 non
1672 1849 1814 1898 petere
1835 1847 2186 1899 dispensationem
2204 1851 2258 1893 ad
2270 1838 2288 1891 ¹¹3:
2308 1852 2329 1901 ζ

1226 1906 1457 1944 ducendam
1480 1907 1606 1945 illam.
1626 1908 1674 1946 Et
1693 1908 1780 1946 fieri
1804 1913 1935 1959 potest
1952 1915 1996 1949 ut
2012 1912 2159 1963 aliquis
2173 1901 2294 1966 vio-fg„
2309 1906 2329 1963 ξ

1223 1966 1280 2005 let
1298 1967 1374 2005 hoc
1396 1969 1600 2017 posterius
1619 1972 1760 2007 votum
1781 1971 1962 2020 petendo
1984 1972 2256 2023 dispensatio-
2278 1966 2325 2039 ζ,

1223 2040 1335 2075 nem,
1363 2033 1403 2067 et
1422 2041 1505 2067 non
1522 2030 1646 2069 violet
1664 2034 1806 2068 votum
1827 2033 2022 2071 castitatis
2040 2064 2049 2081 ,
2075 2036 2255 2077 maxime
2286 2063 2293 2083 ,
2310 2041 2325 2080 ξ

1223 2089 1256 2126 si
1275 2090 1343 2127 illa
1365 2101 1448 2128 non
1470 2094 1619 2130 utatur.
1649 2091 1736 2130 Imo
1759 2091 1850 2130 fieri
1873 2093 1997 2132 etiam
2021 2098 2179 2145 potest,
2209 2099 2291 2138 ut
2290 2104 2325 2120 Ζ

1223 2162 1359 2200 neque
1383 2151 1533 2190 utendo
1555 2152 1625 2190 illa
1645 2162 1741 2202 agat
1767 2157 1910 2193 contra
1929 2159 2071 2195 votum
2092 2158 2254 2198 castita-

1221 2211 1292 2258 tis,
1316 2212 1411 2261 quia
1435 2213 1545 2260 licet
1538 2213 1802 2264 ,dispensatio
1831 2215 1940 2254 male
1960 2215 2086 2256 fuerit
2108 2218 2252 2268 petita,
2283 2218 2326 2275 J

1221 2283 1417 2311 concessa
1440 2277 1579 2312 tamen
1601 2275 1735 2313 valida
1753 2274 1844 2323 fuit,
1865 2279 1906 2314 et
1925 2276 1980 2315 ita
2002 2277 2172 2317 abstulit
2185 2291 2253 2319 vo·

1218 2336 1307 2371 tum
1328 2334 1537 2372 castitatis.
1562 2335 1610 2373 Et
1624 2347 1646 2373 e
1661 2336 1881 2385 contrario,
1905 2342 2044 2387 posset
2064 2339 2155 2389 quis
2171 2339 2253 2379 vio·
2282 2351 2287 2362 ’·
2311 2374 2314 2375 ⁷

1216 2395 1302 2433 lare
1322 2400 1461 2434 votum
1481 2397 1691 2443 castitatis,
1714 2402 1755 2437 et
1774 2410 1858 2436 non
1878 2399 1990 2438 aliud
2008 2405 2149 2439 votum
2169 2413 2252 2442 non
2278 2414 2293 2443 ·.·
2308 2410 2322 2423 ”

1215 2457 1383 2507 petendi
1405 2457 1772 2508 dispensationem,
1792 2463 1836 2498 ut
1857 2459 1891 2498 si
1911 2460 2067 2511 absque
2087 2461 2250 2512 dispen-
2284 2460 2286 2499 l

1220 2518 1378 2556 satione
1398 2518 1566 2558 duceret
1592 2531 1779 2558 uxorem.
1801 2520 1861 2559 Ita
1881 2533 1980 2573 ergo
2001 2522 2042 2559 in
2060 2521 2252 2573 praesenti
2278 2519 2279 2522 '
2307 2520 2319 2570 ἦ

1218 2585 1358 2617 votum
1380 2580 1454 2618 hoc
1476 2584 1517 2619 et
1532 2581 1688 2618 bonum
1708 2585 1783 2629 est,
1802 2585 1842 2620 et
1859 2581 2096 2622 distinctum
2114 2596 2139 2622 a
2156 2587 2250 2624 voto

1219 2641 1487 2690 paupertatis,
1507 2641 1603 2691 quia
1621 2641 1855 2681 distinctam
1873 2643 1998 2682 habet
2016 2645 2247 2685 materiam.
2275 2630 2286 2690 ἶ
2303 2641 2325 2689 s,

1219 2702 1341 2739 Aliud
1372 2705 1433 2740 est
1460 2703 1572 2740 enim
1604 2713 1685 2740 non
1718 2703 1870 2741 habere
1904 2705 2134 2754 proprium,
2171 2717 2251 2745 nec
2271 2702 2327 2755 52¹

1217 2762 1414 2810 redditus,
1436 2763 1502 2801 vel
1518 2763 1784 2813 capellanias,
1805 2768 1844 2803 et
1862 2767 2023 2812 caetera,
2043 2778 2135 2818 quae
2155 2770 2251 2809 sunt

1217 2823 1389 2861 materia
1413 2823 1493 2861 voti
1523 2825 1777 2874 paupertatis
1806 2824 1849 2863 in
1876 2825 2104 2873 Societate3
2136 2826 2248 2867 aliud
2264 2824 2291 2869 ⁴:
2318 2851 2322 2859 =

1216 2895 1312 2922 vero
1328 2895 1410 2921 non
1430 2883 1645 2923 admittere
1662 2885 1958 2925 relaxationem
1979 2888 2019 2926 in
2039 2889 2117 2926 hoc
2134 2888 2248 2928 insti·
2260 2877 2290 2958 3¹

1215 2947 1302 2983 tuto
1319 2945 1587 2995 paupertatis,
1607 2947 1718 2997 quod
1736 2951 1798 2986 est
1813 2949 1967 2999 optima
1981 2950 2154 2989 materia
2170 2949 2246 2990 hu·
2267 2968 2270 2970 ·
2309 2955 2325 3000 ξ

1211 3005 1279 3055 jus
1313 3005 1421 3052 voti,
1456 3011 1541 3044 tum
1574 3006 1670 3057 quia
1704 3011 2013 3059 perseverantia
2039 3011 2083 3049 in
2113 3011 2245 3062 primo
2274 3019 2278 3043 Γ
2295 3012 2313 3024 “

1216 3064 1362 3116 spiritu
1395 3066 1608 3116 religionis
1645 3080 1720 3120 per
1755 3081 1799 3110 se
1845 3071 1993 3110 melior
2027 3075 2118 3110 est·
2108 3101 2119 3118 ,
2158 3075 2246 3113 tum
2313 3093 2325 3124 ,ρ

1215 3127 1338 3166 etiam
1352 3127 1447 3178 quia
1465 3129 1663 3169 relaxatio
1679 3132 1936 3182 paupertatis
1950 3132 2053 3171 solet
2072 3145 2162 3172 csse
2177 3143 2261 3189 oti-7
2314 3120 2325 3179 J

1215 3189 1327 3229 casio
1358 3190 1534 3230 cadendi
1565 3191 1687 3231 simul
1708 3205 1733 3231 a
1751 3197 1836 3232 tota
1855 3194 2115 3234 observantia
2134 3195 2244 3249 rigo-1·
2287 3235 2289 3237 ,

1214 3262 1308 3290 rosa
1327 3252 1554 3302 religionis,
1578 3257 1623 3292 ut
1639 3253 1778 3294 docuit
1796 3255 1836 3295 S.
1860 3256 2163 3303 Bonaventura,
2181 3259 2250 3297 to*
2270 3251 2290 3302 ζ
2313 3269 2323 3294 ..-

1215 3324 1283 3351 mo
1306 3315 1325 3353 1
1347 3314 1513 3365 Opusc„
1532 3314 1575 3352 in
1593 3315 1711 3366 epist
1732 3315 1783 3355 de
1803 3315 2089 3357 Reformandis
2107 3315 2276 3363 frati-h
2315 3327 2320 3339 ²

1215 3372 1317 3420 bus;
1341 3379 1381 3414 et
1399 3374 1614 3426 Dionysius
1635 3376 1841 3426 Carthus„
1862 3377 1903 3416 in
1925 3378 2072 3428 Opusc.
2094 3377 2146 3416 de
2166 3374 2281 3423 Περ
2319 3403 2321 3405 ·

1215 3434 1458 3475 formatione
1477 3436 1661 3485 claustr,
1681 3437 1853 3477 articulo
1872 3437 2034 3478 decimo
2050 3437 2214 3488 septim
2232 3437 2247 3475 3⁴.
2288 3476 2290 3478 ,

1216 3495 1424 3536 Distinctio
1443 3501 1582 3537 autem
1602 3498 1707 3538 inter
1722 3498 1811 3538 haec
1824 3503 1919 3538 vota
1937 3503 2136 3539 eteorum
2167 3515 2187 3532 ιι
2207 3502 2242 3555 32²?
2287 3535 2291 3538 .

1215 3557 1340 3598 terias
1373 3558 1523 3599 eodem
1553 3559 1670 3612 signo
1697 3559 1852 3612 percipi
1889 3561 2054 3612 potest,
2085 3566 2239 3621 mis?
2280 3568 2295 3611 ’,
