2352 3880
0 210 4 214 ’
47 250 58 270 2-
65 201 185 274 &a
210 229 299 266 tote
330 223 517 269 Societas
546 234 623 276 per
659 233 704 263 se
722 221 859 274 ipsam
881 220 1119 260 immediate

65 266 100 305 r
194 290 260 329 cot.
279 286 389 326 hunc
410 289 564 335 actum,
586 283 661 324 sed
683 292 760 336 per
785 283 1017 331 Praelatum,
1054 281 1120 320 cui

5 282 193 393 εἴ
194 348 436 396 dominium,
453 347 529 387 sed
540 345 885 399 gubernationem
900 342 1117 395 commisit,

62 410 255 452 etiamsi
274 421 492 462 supremus
510 408 552 447 in
572 407 773 448 Societate
794 406 862 445 ille
883 407 948 445 sit.
967 403 1120 444 Deinde

91 472 242 513 §slsum
277 475 340 511 est
369 474 500 510 totam
532 469 658 508 etiam
688 468 938 508 Societatem
967 465 1120 505 habere

21 522 34 533 ‘
91 533 329 574 absolutum
348 531 591 578 dominium,
605 528 678 568 sed
692 533 941 580 potestatem
961 537 1122 566 ecc-om-

94 594 303 635 :nodatam
323 592 394 631 tali
414 591 555 639 statui,
577 594 618 629 et
647 590 934 641 approbationi
958 586 1123 628 Pontifi-

96 667 206 703 cum.
228 657 285 696 Eo
309 654 372 693 vel
393 654 570 693 maxime
591 653 703 702 quod
723 652 810 691 haec
843 651 1007 690 traditio
1038 660 1123 688 non

97 717 158 756 illi
175 716 467 768 principaliter,
490 714 564 753 sed
583 715 667 753 Deo
687 714 726 752 in
750 714 840 764 ipsa
858 713 963 752 facta
987 715 1062 757 est,
1084 713 1133 749 et.

93 778 152 820 ab
166 779 256 830 ipsa
276 778 445 817 nomine
472 777 562 828 ejus
582 779 808 826 acceptata,
833 780 874 814 et
894 775 985 813 ideo
1001 773 1123 812 etiam

92 842 187 893 ipsa
204 853 247 879 se
268 840 387 890 gerit,
402 851 484 877 non
502 838 739 886 utdomina,
761 838 834 876 sed
854 842 896 876 ut
912 837 1127 886 dispensa-

97 903 176 942 trix
194 906 384 953 respectu
408 901 491 939 Dei.
515 900 774 950 Quapropter
794 899 905 938 nulla
927 898 1034 936 ratio
1057 908 1125 947 pa-

95 964 196 1003 titur
213 968 258 1002 ut
281 976 353 1014 pro
375 963 462 1001 sola
482 974 556 1000 sua
586 962 797 1000 voluntate
826 960 953 1011 possit
972 958 1124 996 rescin-

92 1025 195 1064 dere
212 1025 472 1064 traditionem
491 1024 574 1062 Deo
593 1023 769 1071 factam,
789 1033 867 1060 nec
886 1019 1066 1059 conditio
1082 1018 1124 1056 in

95 1087 140 1126 in
173 1099 223 1126 ea
258 1086 418 1126 inclusa
448 1085 584 1124 taliter
617 1084 824 1122 intellecta
869 1080 1123 1121 rationabilis

94 1143 255 1189 fuisset}

155 1210 215 1248 15.
246 1206 378 1247 Causa
396 1206 450 1246 ad
465 1206 639 1246 validam
659 1204 927 1244 dimissionem
950 1205 1044 1244 adeo
1064 1214 1125 1243 re-

95 1270 287 1321 quiritur.
308 1271 353 1306 nt
373 1268 459 1306 sine
476 1267 566 1314 illa,
586 1279 652 1306 nee
671 1277 879 1306 consensus
900 1266 1128 1304 df'mitlendi

91 1342 166 1381 per
180 1342 220 1370 se
230 1329 423 1377 sufficiat.
437 1349 488 1356 -—-·
499 1329 579 1367 Per
593 1329 771 1368 accidens
797 1331 925 1366 tamen
943 1326 1124 1377 sufficiet.

90 1390 284 1439 -Atque
305 1401 354 1427 ex
374 1390 435 1428 his
457 1391 630 1437 constat,
658 1389 895 1439 praedictam
912 1388 1129 1427 resolutio-

35 1463 41 1473 ·=
87 1463 190 1490 nem
210 1463 292 1489 non
307 1451 439 1488 solum
458 1451 683 1502 procedere
700 1450 868 1500 quando
887 1450 978 1500 quis
999 1450 1053 1488 ita
1070 1449 1128 1488 di-

92 1513 265 1552 mittitur
283 1512 447 1561 invitus,
472 1524 615 1551 verum
645 1512 769 1550 etiam
790 1512 825 1550 si
850 1512 936 1562 ipse
955 1523 1128 1550 consen-

38 1594 47 1599 ·
90 1573 182 1626 fiat,
205 1587 277 1625 per
290 1586 329 1613 se
350 1574 550 1625 loquenda.
568 1573 685 1613 Ratio
702 1576 777 1620 est,
792 1573 888 1623 quia
906 1574 1017 1612 solus
1034 1585 1129 1611 con-

80 1632 240 1675 vsensus
271 1634 452 1681 religiosi
482 1647 565 1673 non
588 1634 743 1685 praebet
770 1636 926 1684 justam
958 1646 1128 1673 causam

89 1697 298 1749 eJ'ectioni.
332 1698 434 1736 Nam
452 1695 493 1734 in
513 1697 590 1734 hoc
611 1697 779 1747 negotio
800 1709 882 1734 non
904 1696 1130 1734 attenditur

92 1759 230 1798 solum
247 1759 315 1809 jus
336 1758 464 1809 ipsius
489 1758 684 1809 religiosi,
708 1759 774 1796 cui
799 1759 885 1809 ipse
909 1762 1045 1809 potest
1066 1769 1130 1796 ce-

93 1819 207 1867 dere,
234 1819 307 1857 sed
343 1819 464 1857 ctiam
491 1819 648 1857 bonum
681 1819 810 1869 ipsius
841 1819 1067 1869 religionis,
1091 1822 1130 1857 et

92 1881 299 1932 praecipue
322 1880 519 1930 obligatio
539 1880 647 1918 facta
670 1882 778 1928 Deo;
805 1884 844 1918 et
864 1880 958 1918 ideo
989 1879 1065 1917 nisi
1089 1880 1128 1917 in

93 1941 238 1980 ordine
263 1941 315 1979 ad
344 1941 432 1979 haec
454 1942 593 1979 omnia
614 1941 843 1979 intercedat
862 1953 988 1979 causa
1017 1941 1130 1978 suffi-

89 2003 221 2064 ¹ciens,
246 2014 330 2041 non
365 2002 440 2040 erit
475 2002 657 2053 legitima
689 2003 850 2052 ejectio.
881 2003 1129 2052 Contingere

94 2068 231 2103 autem
246 2066 383 2115 potest
404 2066 447 2102 ut
468 2075 518 2102 ex
537 2068 652 2114 parte
668 2064 880 2115 religionis
900 2064 1130 2102 intercedat

88 2099 302 2164 ¹sufficiens
327 2137 467 2171 causa,
490 2127 531 2163 et
550 2125 702 2164 utilitas
723 2126 776 2163 ad
800 2125 1128 2164 abscindendum

92 2187 177 2242 ¹tale
196 2186 445 2232 membrum,
466 2197 556 2236 quae
570 2190 709 2225 tamen
731 2199 855 2225 causa
872 2199 953 2225 non
979 2188 1031 2225 sit
1046 2187 1130 2225 suf-

94 2246 240 2286 ficiens
256 2260 306 2286 ex
318 2251 433 2298 parte
449 2247 645 2298 religiosi,
666 2253 708 2287 ut
723 2248 874 2287 invitus
890 2249 1126 2298 rejiciatur5

95 2300 142 2364 bt
170 2312 267 2347 tunc
295 2320 521 2348 consensus
542 2310 723 2362 religiosi
744 2310 976 2349 conduceie
995 2313 1130 2361 potest

94 2369 154 2408 ad
167 2370 255 2416 hoc,
273 2372 317 2408 ut
336 2370 482 2420 ejectio
495 2371 644 2418 valeat,
661 2375 702 2411 et
721 2372 772 2411 sit
784 2373 908 2423 justi„
928 2384 1018 2422 quae
1035 2372 1130 2410 abs-

96 2411 180 2483 que
205 2430 274 2469 tali
294 2442 499 2469 consensu
529 2444 614 2470 non
638 2437 761 2480 esset,
795 2445 879 2472 non
906 2434 1002 2484 quia
1026 2445 1129 2484 prae-

98 2491 195 2531 beat
228 2492 465 2542 simpliciter
498 2492 655 2542 justam
690 2505 884 2541 causam,
924 2494 998 2533 sed
1031 2495 1129 2544 quia

96 2553 275 2604 complet
296 2554 406 2591 illam
424 2583 433 2600 ‚
467 2554 531 2592 vel
552 2555 687 2605 potius
709 2557 828 2609 quasi
849 2559 1033 2594 removet
1051 2555 1131 2593 im-

95 2615 396 2667 pedimentum,
430 2617 476 2653 ut
504 2627 642 2664 causa,
684 2629 776 2667 quae
813 2618 967 2666 inerat,
1004 2617 1132 2668 possit

96 2687 189 2716 esse
218 2676 438 2715 sufficiens.
461 2677 658 2728 Exemplo
683 2679 936 2725 declaratum
971 2690 1068 2717 nam
1098 2678 1132 2718 si

92 2731 294 2788 'scholaris
311 2737 520 2777 laboribus
541 2739 793 2788 studiorum,
824 2741 890 2779 vel
913 2740 1128 2779 serviendo

94 2793 317 2851 {‘Soeietati
307 2811 348 2837 in
370 2799 459 2838 aliis
480 2800 732 2848 ministeriis,
752 2802 928 2841 salutem
945 2802 1128 2852 colporis

97 2861 154 2900 ita
169 2861 328 2912 perdat,
345 2865 391 2900 ut
414 2866 555 2911 postea
574 2863 689 2901 oneri
713 2863 848 2914 potius
869 2875 994 2914 quam
1023 2863 1129 2901 utili-

46 2929 78 2955 Φ
94 2913 171 2967 hui
195 2922 357 2961 futurus
378 2923 430 2962 sit
455 2924 663 2974 religioni,
690 2937 773 2963 non
804 2930 864 2964 est
891 2927 975 2965 haec
1002 2936 1127 2964 causa

31 2985 349 3090 .Qiens
322 2989 368 3024 ut
380 2986 460 3027 ille
478 2987 632 3026 invitus
652 2988 865 3038 eJiciatur5
893 2989 969 3027 e1it
990 2993 1129 3027 autem

217 3060 305 3087 iens
318 3048 351 3086 si
364 3029 431 3087 ille
451 3051 700 3096 consentiat;
717 3054 938 3102 utrumque
952 3052 1062 3090 enim
1084 3051 1130 3090 in

71 3099 461 3152 *Ronanutionibus
475 3123 524 3150 ac
541 3112 734 3150 tandem
724 3125 769 3150 in
779 3114 951 3152 Dect-eto
962 3116 1014 3153 50
1025 3114 1131 3152 Con-

101 3159 352 3218 gregntionis
378 3171 552 3221 quintae,
574 3185 748 3212 numero
774 3175 919 3223 tertio,
942 3175 1131 3214 editionis

104 3227 204 3266 anui
237 3229 358 3276 tatu,
390 3230 643 3273 declaratum
674 3235 863 3284 vidimus,
889 3241 928 3275 et
954 3237 1129 3284 meritam

104 3299 205 3327 nam
216 3300 339 3328 cama
351 3290 429 3328 illa¹
446 3299 636 3344 respectu
655 3297 795 3336 habito
818 3297 870 3336 ad
890 3298 1134 3349 religionem

103 3349 312 3389 sufficiens
329 3354 416 3399 est;
435 3357 623 3403 respectu
637 3369 735 3397 vero
750 3360 932 3410 religiosi
943 3361 1134 3399 involun-

102 3411 195 3450 mrii
210 3423 294 3450 non
309 3412 476 3459 suffici&
498 3425 596 3454 nam
613 3428 710 3456 eum
723 3420 790 3460 ille
806 3421 958 3461 habeat
977 3422 1047 3472 jus
1066 3434 1133 3460 ac-

15 3510 20 3515 ,
98 3463 328 3541 bannitum
317 3485 361 3511 111
377 3474 645 3525 religion-erm,
649 3481 897 3530 etperittum
908 3495 993 3522 non
1012 3487 1135 3523 stete-

0 3559 5 3578 -,
27 3556 43 3581 ·>
101 3533 188 3583 nt»,
198 3538 246 3574 ct
258 3534 475 3575 serviendo
495 3536 690 3588 religioni
702 3541 818 3582 vites
830 3545 1033 3597 amiserit,
1049 3557 1135 3585 non

365 150 455 195 ΕΔΡ.
477 159 535 194 IX.
551 159 621 194 AN
633 110 902 198 sommum
908 154 1020 191 ΥΘΙΕΑ
1043 154 1167 191 ΤΜ
1187 156 1356 193 Possim
1378 159 1456 194 OER
1476 154 1836 200 commurawionffl.
1838 150 1948 194 mc.
2022 132 2066 164 μ

1471 76 1490 98 ι
1659 65 1723 106 ,’
1811 52 1962 109 [μὴ

1173 224 1310 272 potest
1325 221 1379 261 ob
1390 234 1485 264 eam
1497 235 1665 264 causam
1674 224 1835 264 invitus
1840 234 1922 280 *a
1929 237 1950 275 J
2000 224 2204 276 epi-imi.

1175 281 1226 322 Si
1234 285 1375 322 autem
1396 283 1486 334 ipse
1505 285 1805 326 consentiendo
1823 236 2092 338 cosseffijuri
2113 297 2205 336 suo,

1172 342 1260 393 jam
1275 347 1408 382 cessat
1422 343 1511 394 ejus
1528 344 1676 395 injuria
1693 351 1733 386 et
1746 348 1802 387 ita
1813 347 1964 399 poterit
1983 347 2134 387 intuitu
2143 358 2208 387 ne—

1175 403 1341 454 liaegionis
1353 404 1468 455 justa
1496 404 1683 445 dimissio
1707 408 1794 447 fieri
1813 421 1865 448 ex
1884 409 1956 448 tati
1982 421 2121 448 causa.
2142 409 2208 448 Di-

1177 476 1270 505 ces:
1283 466 1493 517 quomodo
1507 470 1642 517 potest.
1656 468 1869 518 religiosus
1880 470 1988 510 licite
2001 455 2208 510 consenti-

1179 539 1225 566 re
1241 539 1326 565 suae
1339 527 1548 579 ejectioni,
1559 539 1655 566 cum
1663 540 1707 566 se
1731 530 1957 578 tradiderit,
1977 537 2019 571 et
2028 545 2080 572 ex
2094 535 2210 584 parte

1177 600 1251 628 sua
1265 593 1464 640 perpetuo
1491 600 1535 627 se
1557 589 1799 637 obligaverit
1816 591 1916 638 Deo,
1937 605 2013 632 nec
2026 598 2127 632 tunc
2144 604 2210 633 ω-

1179 654 1299 702 gatur
1322 651 1458 689 exire?
1486 650 1750 700 Respondeo,
1773 650 1947 690 fortasse
1970 654 2095 692 talem
2116 665 2212 694 com-

1180 724 1347 751 sensum
1366 711 1612 763 regulariter
1631 723 1714 749 non
1739 722 1830 749 esse
1848 712 2116 762 laudabilem,
2133 715 2212 754 nisi

1180 772 1318 823 aliqua
1339 785 1490 823 magna
1514 784 1642 811 causa
1659 772 1902 812 intercedat.
1933 774 2129 813 Absolute
2154 780 2214 814 ta-

1179 845 1275 872 men
1294 846 1521 872 consensus
1540 834 1606 872 ille
1627 846 1710 872 non
1738 838 1799 872 est
1813 846 1888 884 per
1908 845 1951 872 se
1970 835 2118 883 malus,
2135 848 2214 876 nec

1181 896 1410 934 contrarius
1443 896 1648 946 prioribus
1683 896 1800 942 votis,
1837 896 1936 946 quia
1963 895 2070 935 facta
2098 897 2212 936 fuere

1176 957 1294 1008 juxta
1316 957 1632 996 Constitutiones
1652 957 1880 1004 Societatis‚
1898 961 1937 996 et
1954 957 1995 995 in
2013 958 2071 996 eis
2082 957 2216 996 declar

1180 1022 1316 1057 ratum
1334 1019 1521 1069 estquod
1536 1020 1574 1057 in
1593 1019 1664 1058 tali
1680 1023 1830 1058 eventu
1844 1019 1973 1070 possit
1990 1031 2217 1058 consensus

1180 1080 1386 1131 praestari;
1411 1080 1522 1118 unde
1538 1080 1581 1119 fit
1599 1081 1879 1119 conditionem
1898 1081 1940 1118 in
1958 1081 2022 1118 his
2042 1081 2145 1119 votis
2158 1081 2218 1119 in-

1181 1141 1339 1180 clusam
1360 1141 1414 1180 ita
1434 1154 1525 1180 esse
1547 1142 1874 1193 intelligendam,
1890 1145 1934 1181 ut
1949 1143 2130 1182 Societas
2148 1154 2218 1182 va-

1180 1202 1264 1241 leat
1286 1215 1335 1241 ex
1360 1204 1472 1254 justa
1496 1216 1622 1242 causa
1650 1203 1857 1242 dimittere
1888 1205 2133 1252 scholarem,
2160 1204 2220 1243 vel

1181 1264 1366 1310 invitum,
1391 1266 1451 1304 vel
1477 1266 1618 1304 saltem
1644 1266 1960 1313 consentientem,
1980 1267 2108 1315 juxta
2133 1265 2219 1306 exi-

1180 1327 1354 1377 qenciam
1368 1329 1404 1365 et
1414 1329 1705 1376 proportionem
1716 1338 1849 1366 eausoe
1857 1343 1873 1373 ,·
1886 1338 1977 1377 quae
1993 1327 2218 1378 proportio,

1183 1390 1224 1424 et
1244 1397 1384 1433 causa,
1407 1388 1557 1436 partim
1581 1399 1630 1425 ex
1650 1393 1763 1426 recta
1791 1388 1949 1426 ratione
1970 1393 2009 1426 et
2028 1388 2221 1439 prudenti

1183 1447 1376 1494 arbitrio,
1399 1448 1547 1498 partim
1570 1460 1620 1487 ex
1650 1449 2012 1488 constitutionibus
2033 1449 2222 1500 ejusdem

1182 1510 1393 1561 religionis
1410 1511 1614 1550 sumenda
1634 1516 1709 1551 est.

1240 1575 1303 1611 16.
1326 1572 1394 1612 Ad
1412 1575 1716 1620 fundamentum
1735 1574 1777 1614 in
1795 1586 1954 1614 numero
1970 1576 2073 1614 7.-
2089 1577 2222 1626 Atque

1183 1632 1280 1672 hinc
1301 1638 1414 1684 patet
1431 1636 1647 1685 responsio
1668 1636 1719 1673 ad
1740 1636 2057 1675 fundamentum
2078 1638 2222 1688 primae

1186 1697 1399 1735 sententiae
1432 1697 1473 1734 in
1503 1710 1677 1736 numero
1711 1701 1748 1736 7.
1782 1700 1885 1737 Nam
1915 1700 2095 1738 conditio
2128 1700 2196 1738 illa
2211 1729 2221 1747 ,

1186 1770 1277 1808 quae
1298 1758 1521 1808 aliquando
1541 1759 1638 1808 poni
1656 1760 1760 1798 solet
1777 1773 1850 1809 per
1865 1761 2037 1799 verbum
2054 1762 2223 1808 volendi,

1184 1819 1455 1869 intelligenda
1484 1824 1545 1858 est
1574 1821 1692 1870 juxta
1726 1822 1957 1870 subjectam
1988 1823 2223 1870 materiam,

1186 1884 1226 1919 et
1254 1881 1373 1930 juxta
1419 1880 1501 1918 alia
1537 1880 1645 1924 loca,
1678 1881 1719 1918 in
1757 1882 1907 1931 quibus
1943 1894 2017 1933 per
2051 1883 2225 1921 verbum

1178 1943 1394 1994 judicandi
1433 1955 1506 1981 seu
1544 1945 1727 1983 censendi
1761 1944 1908 1982 eadem
1942 1945 2122 1984 conditio
2157 1958 2226 1984 ex-

1185 2005 1374 2055 plicatur.
1411 2005 1460 2043 Et
1491 2004 1583 2043 ideo
1615 2017 1698 2043 non
1734 2011 1828 2045 sunt
1857 2007 2005 2045 similia
2036 2008 2226 2058 exempla

1185 2077 1277 2116 quae
1294 2065 1347 2103 ibi
1369 2066 1615 2113 afferuntur,
1638 2079 1735 2105 nam
1756 2068 1799 2105 in
1822 2072 1915 2107 voto
1939 2069 2114 2119 simplici
2135 2069 2226 2108 reli-

1185 2127 1335 2178 gionis,
1357 2127 1468 2177 quod
1488 2128 1672 2166 secundo
1693 2129 1784 2167 loco
1812 2129 2002 2177 habetur,
2025 2130 2141 2168 nulla
2161 2143 2227 2170 ac-

1185 2189 1362 2238 ceptatio
1384 2194 1454 2227 aut
1485 2189 1680 2241 obligatio
1709 2202 1759 2229 ex
1786 2194 1903 2241 parte
1924 2192 2140 2243 religionis
2165 2193 2226 2231 in·

1185 2250 1376 2296 tervcnit‚
1401 2255 1441 2288 et
1467 2250 1562 2290 ideo
1589 2263 1707 2302 aeque
1731 2251 1862 2291 libera
1885 2258 2025 2292 manet
2046 2254 2099 2292 ad
2119 2254 2225 2293 reci—

1185 2312 1383 2363 piendum
1404 2313 1469 2351 vel
1496 2325 1579 2351 non
1601 2314 1887 2365 recipiendum
1918 2316 2145 2364 bominem,
2177 2328 2225 2357 ae

1185 2374 1218 2412 si
1239 2375 1322 2412 Deo
1353 2374 1454 2411 nihil
1482 2375 1674 2414 vovisset.
1706 2377 1776 2414 Est
1797 2376 1922 2415 etiam
1952 2377 2064 2415 aliud
2084 2378 2226 2417 discri-

1183 2445 1298 2482 men,
1330 2435 1425 2485 quia
1446 2435 1557 2473 aliud
1578 2440 1638 2475 est
1657 2449 1740 2475 non
1762 2438 1995 2486 admittere,
2019 2439 2131 2478 aliud
2150 2440 2226 2491 eji—

1183 2507 1278 2536 cere
1295 2496 1383 2546 jam
1403 2497 1646 2545 admissum,
1667 2510 1765 2536 nam
1784 2499 1886 2537 illud
1907 2500 2020 2550 prius
2041 2501 2225 2540 consistit

1186 2558 1228 2596 in
1244 2558 1330 2596 sola
1351 2559 1587 2609 negatione,
1610 2563 1650 2597 et
1670 2560 1776 2606 ideo,
1799 2573 1848 2598 eo
1869 2561 1958 2611 ipso
1974 2563 2085 2612 quod
2109 2567 2224 2602 actus

1184 2630 1270 2658 non
1290 2619 1376 2663 fiat,
1403 2620 1636 2657 necessario
1657 2620 1747 2670 ipsa
1766 2621 1939 2671 privatio
1958 2622 2065 2661 sacta
2094 2627 2220 2673 tenet,

1187 2684 1234 2719 ut
1254 2679 1310 2718 sic
1332 2680 1493 2728 dicam3
1516 2681 1627 2731 quod
1649 2693 1731 2719 non
1754 2682 1808 2719 ita
1834 2686 1894 2721 est
1918 2682 1961 2720 in
1983 2684 2131 2722 effectu
2150 2696 2224 2736 po-

1186 2741 1304 2781 sitivo
1324 2742 1536 2792 ejiciendi,
1573 2746 1620 2781 et·
1645 2742 1894 2782 dissolvendi
1917 2745 2029 2794 quod
2048 2746 2223 2796 ligatum

1186 2808 1261 2843 est.
1279 2803 1396 2843 Unde
1416 2803 1462 2842 fit
1476 2808 1532 2851 ut,
1552 2804 1645 2842 licet
1662 2804 1810 2843 demus
1826 2805 2070 2857 religionem
2089 2819 2132 2846 se
2150 2807 2224 2849 oh·

1183 2865 1334 2917 ligasse
1357 2865 1409 2904 ad
1429 2866 1710 2916 recipiendum
1736 2879 1848 2915 eum,
1883 2868 1953 2919 qui
1984 2869 2222 2920 simpliciter

1183 2930 1355 2967 voverat
1393 2927 1483 2978 ejus
1518 2927 1751 2978 ingressum
1767 2958 1780 2976 ,
1816 2931 1858 2967 et
1887 2934 2033 2980 postea
2071 2930 2220 2982 injuste

1185 2989 1293 3028 nolle
1323 2989 1439 3027 illum
1473 2989 1707 3038 admittere,
1740 2990 2009 3030 nibilominus
2039 3004 2124 3030 nou
2150 2992 2222 3032 ad-

1183 3050 1325 3090 missio
1346 3053 1474 3097 tenet‚
1499 3056 1538 3090 et
1561 3056 1863 3103 consequenter
1877 3053 1981 3092 alius
2002 3057 2222 3092 excusatur

1184 3125 1209 3152 a
1224 3113 1557 3162 transgressione
1575 3114 1673 3162 voti,
1692 3117 1732 3153 et
1750 3115 1785 3153 si
1794 3115 1883 3165 jam
1899 3114 1996 3154 fecit
2009 3115 2119 3166 quod
2135 3116 2222 3154 erat

1188 3187 1238 3214 ex
1253 3179 1368 3225 parte
1389 3186 1479 3221 sua,
1499 3174 1587 3213 fieri
1610 3176 1734 3214 etiam
1751 3177 1902 3227 poterit
1919 3180 1963 3215 ut
1981 3181 2119 3215 votum
2137 3187 2221 3214 om-

1187 3236 1286 3275 nino
1306 3236 1550 3283 cessaverit3
1571 3236 1720 3288 ejectio
1740 3241 1897 3286 autem,
1921 3238 1955 3277 si
1976 3238 2026 3277 sit
2052 3237 2218 3287 injusta,

1189 3302 1232 3337 et
1247 3297 1354 3336 ultra
1373 3297 1523 3336 limites
1542 3299 1771 3349 potestatis,
1791 3311 1878 3338 non
1896 3299 1972 3338 erit
2003 3297 2152 3342 valida,
2181 3298 2223 3334 et

1187 3358 1283 3399 ideo
1311 3350 1391 3398 n'ec
1409 3359 1620 3399 vinculum
1642 3373 1721 3400 nec
1752 3365 1848 3400 vota
1875 3359 2072 3410 dissolvit.
2099 3355 2220 3396 Aliud

1187 3433 1287 3460 vero
1309 3422 1544 3473 exemplum
1574 3422 1700 3474 priori
1729 3422 1823 3462 loeo
1853 3421 2031 3473 positum
2053 3418 2221 3458 devoto

1187 3483 1312 3530 facto,
1342 3484 1382 3524 si
1401 3495 1552 3535 parens
1570 3483 1752 3531 volum-it,
1771 3480 2044 3534 judicandum
2064 3483 2129 3519 est
2154 3491 2225 3519 se·-

1190 3544 1376 3587 cundum
1393 3545 1666 3586 intentionem
1684 3542 1897 3591 voventis;
1915 3545 2078 3593 tamen,
2098 3552 2232 3595 regu?

958 0 987 24 's
1003 0 1038 13 '¹⁴‘
1063 17 1067 21 Α
1085 0 1105 23 ,ζ4
1130 11 1131 14 =
1150 7 1152 10 >
1190 0 1217 18 vl
1252 0 1270 21 'a
1287 6 1290 10 *
1338 13 1351 28 ,.
1391 0 1394 4 ’
1452 2 1480 24 'av
1494 0 1529 24 ss
1543 23 1545 28 .
1558 0 1577 13 '-
1594 4 1610 21 ἡ
1627 0 1646 10 ”
1675 0 1938 31 731,»;v.-3.2,2.:;<:„=-‹2
1955 0 1958 3 '
1977 0 2098 44 &52⁵1
2109 0 2308 42 ‘'‘3W03'K
2328 23 2330 25 .

984 38 988 47 ν
1078 27 1102 41 '²
1143 47 1148 50 .
1179 18 1242 65 -ῇ
1300 29 1308 56 '.
1324 26 1362 41 ⁴¹¹
1433 47 1438 52 .
1522 27 1538 36 ““
1574 30 1576 34 ’
1623 42 1631 47 -
1662 30 1665 50 Τ
1695 34 1751 54 ,Ἶ.
1764 41 1816 68 '²‘ss
1829 35 1879 57 tes
1916 54 1924 63 v
1970 30 1976 35 '
2042 31 2050 46 ='
2066 28 2070 34 ¹
2086 47 2097 52 ,γ
2111 31 2119 58 '¹
2136 26 2227 65 Υ’ἐπ”
2271 0 2352 72 »ᾖ

1244 68 1247 69 ’
2182 70 2229 87 -“·,·
2259 76 2284 90 μ
2313 69 2330 87 ,ς
