2352 3880
25 239 71 257 -·.

68 308 76 322 1

69 310 136 383 ψ
150 306 365 359 mandere,
385 305 430 346 id
448 309 523 354 est,
542 305 588 346 in
606 303 745 358 quibus
762 300 919 347 uultum
937 306 996 343 est
1011 313 1101 344 ma-

104 362 263 424 ¹festum
283 371 491 427 peceatum
517 363 579 418 (ut
596 365 655 406 ibi
672 363 718 406 in
737 362 1011 405 declaratione
1030 374 1100 405 ex-

113 429 270 485 ‘catm)‚
299 431 353 477 ad
375 430 462 483 ejice
491 429 548 482 (id
577 433 653 477 est,
682 426 924 483 Superioris)
953 438 1097 476 vocent,

95 495 98 497 ’
154 494 227 537 nde
246 505 293 535 ao
322 493 360 536 si
389 504 415 537 a
449 491 608 533 Christo
635 489 804 532 Domino
831 489 1098 541 eyrederetur,

64 555 376 618 quandoquidem
391 554 522 606 ipsius
542 552 638 600 loeo,
665 561 713 593 ae
728 560 803 603 pro
821 549 953 601 ipsius
968 560 1100 591 amore

65 621 104 667 ct
131 615 352 659 reverentia
384 614 645 656 obedientiam
668 614 916 666 praestamus
937 641 949 660 ‚
981 622 1100 666 quam

56 676 354 742 promptissimi
371 677 511 718 simus.
531 674 713 715 Tandem
731 687 781 714 ex
796 687 880 714 uno
896 678 990 714 actu
1005 686 1099 727 par-

57 741 219 794 ticulari
235 739 477 786 declaratur,
500 738 572 790 qui
589 737 748 778 videtur
764 750 813 776 ex
831 735 1092 784 difficillimis,

48 803 192 858 'qualis
211 807 272 843 est
290 801 428 843 missio
444 799 495 840 ad
513 800 648 848 Indos,
666 799 732 839 vel
748 799 799 839 ad
817 809 1096 850 quascumque

56 861 205 911 ‘mundi
226 867 384 916 partes3
412 862 464 906 ad
482 862 593 903 hunc
619 861 730 901 enim
757 861 992 912 obligantur
1009 871 1095 903 om·

55 919 133 972 'nes
149 926 220 978 qui
238 930 333 969 sunt
353 925 404 966 de
424 925 636 974 Societate,
659 937 709 966 ex
727 924 767 962 vi
787 922 989 974 generalis
1010 922 1095 961 voti

59 987 301 1034 obedientiae
318 998 332 1038 ;
365 999 462 1040 ergo
482 1000 507 1028 a
528 986 685 1026 fortiori
708 985 880 1036 obligari
900 987 1096 1036 poterunt

59 1050 112 1094 nd
140 1061 439 1102 quemcumque
472 1049 613 1088 alium.
642 1046 938 1099 Consequentia
965 1049 1091 1098 patet,

54 1107 158 1166 'quia
172 1112 242 1164 qui
258 1116 390 1164 potest
406 1111 625 1164 praecipere
646 1108 755 1161 quod
771 1108 905 1158 majus
924 1113 999 1156 est,
1019 1118 1094 1159 po-

58 1174 157 1217 terit
175 1174 299 1214 etiam
318 1175 491 1215 minora.
526 1171 782 1213 Antecedens
801 1181 899 1209 vero
918 1169 1095 1209 sumitur

60 1247 113 1280 ex
143 1247 254 1276 nona
285 1239 399 1288 parte
433 1233 792 1279 constitutionum,
830 1244 918 1283 cap.
956 1231 1092 1281 tertio,

54 1289 86 1352 ξ
104 1309 235 1349 nono,
257 1297 330 1338 uhi
356 1297 407 1337 de
434 1294 623 1336 Generali
640 1294 789 1334 dicitur
809 1306 819 1334 t
842 1294 1009 1334 Mittere
1025 1306 1095 1345 po-

52 1360 158 1404 terit
187 1370 316 1400 omues
345 1357 422 1399 sibi
454 1358 661 1407 subditos,
698 1356 783 1398 sive
814 1356 1097 1409 professionem

59 1422 266 1465 emiserint
277 1450 291 1470 ,
319 1421 401 1461 sive
418 1432 496 1460 nou
517 1418 744 1465 emiserint,
771 1429 867 1470 quos
885 1418 1098 1459 mittendos

54 1483 314 1537 iudicaverit,
337 1483 392 1523 ad
418 1482 612 1534 quaslibet
641 1480 778 1520 muudi
796 1483 946 1531 partes,
977 1479 1019 1519 id
1040 1483 1099 1519 est

61 1545 122 1596 (ut
139 1545 181 1586 in
203 1545 476 1585 declaratione
497 1544 745 1596 exponitur),
770 1543 878 1583 iuter
898 1542 1034 1592 fideles
1054 1543 1098 1582 in

60 1607 231 1656 Indicis,
266 1611 302 1649 et
320 1607 424 1648 iuter
441 1607 626 1657 infideles,
653 1605 718 1646 ubi
738 1609 831 1645 suut
849 1604 975 1656 aliqui
992 1605 1098 1646 iuco-

61 1669 113 1715 2oe
132 1668 373 1717 Christiani,
401 1673 436 1710 et
466 1667 625 1709 etiamsi
659 1667 762 1707 uuili
794 1666 891 1707 sint.
924 1665 1100 1706 Additur

61 1735 256 1784 praeterea
271 1732 316 1770 in
333 1728 696 1770 Constitutionibus
716 1740 727 1768 ι
745 1727 810 1769 Ad
823 1728 987 1781 quodvis
1005 1731 1100 1768 tem-

57 1800 154 1848 pus,
177 1794 237 1834 vel
255 1793 478 1843 definitum,
498 1792 557 1833 vel
573 1791 828 1839 indefinitum
848 1790 902 1831 ad
920 1790 1102 1841 quamvis

57 1855 267 1919 petionem,
290 1859 386 1903 etc„
408 1859 448 1894 et
464 1853 544 1893 alia
561 1853 690 1892 multa
707 1853 749 1891 in
767 1851 838 1891 illo
860 1851 990 1903 capite
1007 1850 1102 1890 sub-

57 1917 284 1970 jioiuntur,
320 1929 411 1969 quae
430 1916 614 1955 indicant
634 1914 849 1955 materiam
866 1913 991 1965 hujus
1017 1913 1102 1954 voti

62 1991 149 2022 esse
166 1979 474 2031 amplissimam.

114 2042 155 2082 8.
185 2041 270 2083 Pro
299 2045 416 2093 parte
444 2040 632 2093 negativa
663 2039 771 2080 ratio
806 2040 958 2090 prima.
981 2056 1033 2070 --
1054 2037 1102 2078 ln

59 2104 314 2166 eontrarium
365 2107 504 2143 autem
545 2115 630 2143 esse
674 2101 838 2140 videtur
866 2130 876 2149 ,
915 2099 1014 2151 quia
1052 2112 1102 2140 ex

59 2167 141 2238 §liae
178 2166 449 2207 declaratione
483 2165 665 2205 materiae
699 2164 825 2214 hujus
856 2162 942 2201 voti
969 2163 1103 2214 sequi-

61 2233 162 2292 btur,
191 2240 306 2281 posse
334 2228 574 2278 religiosum
608 2226 818 2266 Societatis
858 2224 935 2264 sub
967 2224 1104 2275 rigore

62 2291 258 2344 ,praecepti
292 2289 462 2341 obligari
491 2289 545 2329 ad
571 2299 848 2340 quoscumque
877 2290 992 2325 actus
1019 2286 1103 2325 vir-

64 2348 181 2413 tutis,
211 2352 334 2393 etiam
363 2352 546 2392 heroicos
582 2354 623 2390 et
658 2348 1023 2397 extraordinarios,
1059 2352 1103 2386 ut

67 2414 117 2456 ad
136 2413 420 2466 exponendam
435 2415 562 2452 vitam
579 2412 796 2452 manifesto
813 2410 994 2463 periculo
1008 2421 1102 2461 pro-

66 2480 157 2528 pter
173 2476 345 2515 salutem
363 2475 535 2526 alicujus
550 2474 745 2526 proximi,
763 2472 829 2512 vel
845 2472 896 2511 ad
909 2471 1103 2522 jejunan-

67 2539 164 2578 dum
186 2537 399 2589 aliquoties
416 2537 458 2575 in
473 2547 578 2587 pane
597 2539 637 2574 et
655 2546 762 2586 aqua
776 2564 788 2582 ,
810 2532 875 2572 vel
895 2534 1043 2583 saepius
1059 2533 1104 2572 in

66 2599 324 2640 hebdomada
344 2611 414 2650 per
433 2602 562 2636 totam
578 2596 721 2644 vitam,
741 2595 806 2634 vel
819 2594 870 2634 ad
888 2603 1102 2644 nunquam

67 2661 267 2710 utendum
281 2661 400 2699 lineis
416 2659 611 2706 vestibus,
631 2661 671 2697 et
688 2656 853 2703 similia,
873 2655 1022 2707 quaein
1038 2655 1102 2696 in-

68 2723 208 2766 stituto
220 2721 333 2761 nullo
350 2721 470 2760 modo
487 2722 763 2760 continentur.
784 2718 854 2757 His
868 2718 980 2756 enim
996 2721 1037 2756 et
1049 2717 1103 2756 si-

69 2785 235 2829 milibus
252 2783 446 2835 exemplis
464 2787 637 2822 utuntur
659 2786 859 2830 auctores,
880 2784 926 2819 ut
951 2780 994 2819 in
1012 2779 1101 2818 aliis

70 2847 269 2898 religiosis
284 2845 508 2894 declarent,
525 2844 702 2897 qualiter
717 2855 801 2882 non
817 2842 973 2895 possint
987 2844 1103 2880 extra

73 2908 259 2959 regulam
287 2907 476 2958 obligari,
508 2910 556 2945 ut
586 2905 725 2945 videre
754 2905 850 2945 licet
878 2904 923 2943 in
954 2903 1103 2943 Alvaro

105 2971 236 3022 elagio
251 2999 261 3017 ‚
282 2969 354 3008 lib.
375 2970 402 3010 ἢ
420 2969 470 3008 de
490 2969 659 3007 Planctu
677 2966 885 3014 Ecclesiae,
910 2977 998 3016 cap.
1020 2965 1072 3004 68
1090 2978 1101 3012 ;

98 3036 117 3073 t
130 3031 329 3077 Corduba,
346 3030 418 3071 lib.
439 3031 463 3070 3
476 3030 526 3070 de
540 3029 810 3077 Conscientia,
828 3041 868 3080 q.
890 3027 931 3067 6.
949 3027 992 3067 Si
1007 3038 1105 3077 ergo

77 3097 218 3133 votum
243 3092 484 3135 obedieutiae
507 3092 552 3131 in
576 3092 778 3132 Societate
800 3090 844 3130 in
869 3090 946 3130 hoc
970 3089 1110 3128 differt

80 3154 132 3194 ab
146 3154 256 3202 aliis,
278 3155 387 3205 quoti
406 3165 458 3194 ex
475 3158 590 3206 parte
610 3153 793 3194 materiae
815 3164 900 3192 non
918 3151 1043 3191 hahet
1061 3151 1111 3190 li-

93 3215 351 3263 nitationem,
370 3215 676 3266 comprehendit
694 3227 745 3254 ex
760 3227 802 3254 se
818 3213 1013 3266 praedicta
1026 3224 1112 3254 om-

89 3278 153 3320 nia
170 3306 183 3326 ,
211 3280 252 3316 et
268 3287 534 3328 quascumque
552 3277 632 3319 alia
651 3278 822 3329 majora.
849 3276 1111 3327 Consequens

110 3343 226 3378 utem
244 3338 406 3377 videtur
424 3349 509 3378 esse
527 3338 765 3379 incredibile
786 3369 797 3387 ‚
828 3342 919 3378 tum
938 3338 1034 3389 quia
1052 3341 1112 3378 est

113 3401 204 3442 alde
226 3399 406 3441 alienum
434 3399 512 3438 hoc
532 3399 583 3439 ab
600 3400 827 3441 intentione
845 3400 1083 3440 voventium
1097 3429 1111 3449 ‚

88 3463 221 3505 nolum
256 3463 368 3502 euim
407 3460 653 3513 promittunt
687 3461 962 3502 obedientiam
996 3461 1116 3511 juxta

337 203 344 209 ἡ
378 234 476 282 w,
497 238 568 279 ιιι,
591 237 650 277 ΑΝ
669 235 726 278 ux
745 234 856 278 voro
875 233 1137 278 orantem
1153 234 1347 278 oausam
1367 231 1539 277 roffi
1557 233 1774 283 euticion.
1795 228 1886 271 ero,

2116 224 2191 277 763

1154 304 1251 357 quia
1260 305 1415 356 judicio
1429 304 1617 346 omnium
1631 304 1883 358 prudentum
1896 300 2040 356 inique
2055 306 2194 354 ageret

1151 362 1370 417 Superior,
1393 365 1465 422 qui
1483 365 1575 405 haec
1592 365 1918 410 extraordinaria
1937 362 2194 421 praeciperet,

1153 425 1417 481 quantumvis
1456 425 1630 469 honesta
1651 457 1666 476 ,
1702 426 1835 466 solum
1878 425 1931 467 ad
1975 420 2195 469 arbitrium

1153 501 1288 537 suum,
1306 489 1395 529 sine
1410 487 1574 540 speciali
1589 499 1712 528 causa
1726 487 1928 539 legitima,
1947 486 2107 527 ratione
2122 497 2196 525 cu-
2234 478 2246 488 '

1148 551 1218 603 J'us
1248 549 1320 592 illa
1354 549 1589 605 pertineant
1615 547 1669 590 ad
1690 547 1818 588 finem
1851 561 1923 589 seu
1953 548 2190 592 institutum·

1153 610 1378 654 Societatis.

1205 675 1246 715 9.
1276 673 1400 717 Ratio
1422 671 1680 725 secunda„··-
1701 671 1889 714 Secundo
1909 676 1971 712 est
1987 673 2096 726 apud
2115 685 2190 714 nos

1148 737 1364 792 peculiaris
1383 735 1600 778 difficultas
1618 767 1627 782 ,
1659 735 1705 777 in
1729 733 1916 786 exemplo
1947 734 2120 773 adducto
2139 735 2190 775 de

1149 800 1434 847 missionibus;
1458 810 1556 840 nam
1573 797 1607 838 si
1624 796 1702 836 hoc
1718 800 1863 837 votum
1878 795 2037 846 obligat
2050 808 2188 836 omnes

1149 862 1203 906 ad
1218 861 1493 902 obediendum
1507 861 1553 900 in
1569 859 1894 912 quibuscumque
1910 855 2188 907 missionibus,

1149 925 1304 965 nullius
1327 923 1528 963 momenti
1554 934 1638 962 esse
1666 921 1831 961 videtur
1855 918 2029 972 speciale
2048 922 2189 958 votum

1149 987 1393 1030 obedientiae
1419 986 1469 1026 ad
1499 984 1739 1025 Pontificem
1758 1013 1768 1032 ‚
1801 982 1910 1036 quod
1933 981 2101 1033 professi
2120 981 2191 1020 So-

1150 1050 1311 1091 cietatis
1338 1048 1564 1097 emittunt;
1597 1059 1694 1086 nam
1729 1057 1780 1086 ex
1806 1045 1849 1084 vi
1875 1043 2080 1095 generalis
2106 1043 2190 1082 voti

1149 1112 1393 1153 obedientiae
1412 1111 1498 1162 jam
1518 1110 1570 1149 ad
1594 1109 1638 1148 id
1664 1107 1927 1148 tenebantur.
1957 1105 2190 1145 Secundum

1149 1187 1248 1226 ergo
1264 1178 1407 1214 votum
1426 1172 1582 1212 nullam
1602 1171 1896 1221 obligationem
1914 1168 2042 1217 addit,
2060 1178 2192 1218 neque

1150 1237 1404 1278 extensivam
1435 1247 1486 1274 ex
1518 1238 1632 1286 parte
1662 1233 1860 1279 materiae,
1894 1231 1992 1282 quia
2019 1229 2193 1271 materia

1150 1299 1299 1353 prioris
1315 1298 1400 1337 voti
1420 1296 1568 1336 dicitur
1584 1307 1669 1336 esse
1688 1293 1956 1346 amplissima,
1975 1304 2108 1343 neque
2125 1303 2194 1331 ex-

1151 1362 1355 1402 tensivam
1387 1371 1438 1399 ex
1471 1364 1587 1411 parte
1617 1367 1889 1409 personarum
1920 1354 2068 1406 quibus
2099 1353 2194 1393 obe-

1153 1423 1351 1463 diendum
1372 1423 1444 1469 est,
1470 1421 1567 1472 quia
1593 1419 1627 1461 si
1652 1431 1702 1458 ex
1722 1418 1763 1457 vi
1780 1418 1866 1457 voti
1887 1416 2131 1456 obedientiae
2151 1416 2195 1455 in

1154 1497 1304 1537 genere
1332 1482 1560 1535 parendum
1584 1485 1644 1520 est
1671 1480 1890 1531 Praeposito
1910 1478 2099 1518 Gener-ali
2117 1478 2196 1518 hoc

1154 1547 1413 1600 praecipienti
1432 1576 1444 1594 ‚
1483 1556 1580 1595 ergo
1622 1546 1662 1582 et
1700 1542 1893 1582 omnibus
1934 1541 2197 1580 interioribus

1153 1610 1336 1651 Praelatis
1351 1640 1362 1656 ,
1393 1607 1541 1660 quibus
1564 1606 1649 1656 ipse
1676 1605 1784 1643 vices
1804 1615 1898 1642 suas
1917 1603 2196 1641 communica-

1153 1672 1287 1718 verit;
1310 1682 1409 1710 nam
1435 1672 1609 1709 utuntur
1634 1667 1777 1708 eadem
1798 1669 2011 1719 potestate,
2034 1665 2132 1716 quia
2153 1665 2197 1704 in

1154 1734 1234 1775 hoc
1260 1746 1381 1773 sensu
1410 1731 1458 1771 fit
1483 1730 1725 1770 obedientiae
1754 1732 1922 1774 votum;
1949 1739 2048 1778 ergo
2072 1739 2097 1766 a
2116 1726 2198 1766 for-

1155 1796 1253 1836 tiori
1280 1794 1480 1845 obligabit
1505 1792 1558 1832 ad
1583 1790 1860 1831 obediendum
1882 1789 2069 1830 Pontifici
2088 1788 2196 1828 idem

1157 1856 1437 1911 praecipienti,
1458 1855 1556 1907 quia
1574 1858 1635 1894 est
1653 1864 1869 1904 supremus
1890 1851 2088 1892 Praelatus
2109 1862 2198 1889 om-

1158 1921 1276 1960 nium
1295 1949 1305 1967 ,
1335 1929 1420 1956 non
1448 1916 1580 1955 solum
1600 1915 1733 1966 quoad
1754 1916 1993 1965 potestatem
2011 1911 2199 1963 jurisdic-

1158 1981 1297 2027 tionis,
1328 1978 1398 2018 sed
1418 1978 1543 2017 etiam
1565 1976 1699 2028 quoad
1722 1978 1962 2026 potestatem
1980 1973 2200 2013 dominati-

1155 2055 1249 2083 vam
1269 2045 1309 2081 et
1325 2039 1574 2093 peculiarem
1591 2038 1697 2077 circa
1714 2036 1950 2088 religiosos;
1970 2036 2086 2074 nulla
2103 2047 2200 2087 ergo

1158 2103 1342 2144 extensio
1362 2102 1493 2153 major
1520 2099 1697 2151 intelligi
1718 2102 1848 2151 potest
1866 2098 1911 2137 in
1938 2102 2031 2136 voto
2051 2098 2200 2150 profes-

1159 2177 1314 2205 sorum.
1351 2165 1492 2215 Neque
1530 2163 1656 2202 etiam
1691 2161 1794 2200 illud
1829 2164 1972 2200 votum
2000 2160 2199 2200 intensive

1158 2228 1291 2279 magis
1309 2226 1480 2277 obligat,
1502 2225 1599 2276 quia
1618 2227 1793 2274 utraque
1811 2226 1871 2261 est
1887 2221 2083 2273 obligatio
2098 2222 2198 2271 voti,

1158 2291 1203 2331 in
1218 2301 1314 2340 qua,
1337 2288 1371 2327 si
1395 2291 1542 2326 caetera
1561 2286 1643 2324 sint
1669 2285 1784 2336 paria
1802 2296 1850 2323 ex
1868 2288 1983 2335 parte
2002 2283 2198 2332 materiae,

1158 2363 1243 2391 non
1262 2353 1396 2402 potest
1414 2347 1590 2399 intelligi
1613 2347 1743 2397 magis
1764 2350 1805 2385 et
1824 2346 1975 2395 minus,
1995 2357 2066 2396 per
2083 2357 2125 2384 se
2145 2345 2199 2384 lo-

1157 2412 1322 2464 quendo
1339 2421 1351 2461 3
1394 2422 1470 2450 nec
1506 2409 1694 2460 repetitio
1734 2408 1918 2458 ejusdem
1955 2408 2040 2446 voti
2078 2411 2201 2457 auget

1158 2473 1471 2525 obligationem,
1495 2475 1542 2511 ut
1571 2471 1617 2510 in
1641 2470 1919 2522 superioribus
1941 2470 2077 2511 visum
2107 2473 2180 2510 est.

1263 2572 1366 2616 Vera
1392 2571 1580 2613 resolutio
1605 2571 1823 2624 propositae
1851 2569 2095 2624 quoestionz‘s.

1208 2659 1276 2701 10.
1315 2656 1428 2699 Unde
1441 2656 1632 2697 suadetur
1649 2666 1749 2706 pars
1771 2655 1901 2706 prior.
1921 2675 1974 2686 --
1989 2655 2200 2696 Posterior

1155 2720 1363 2765 suadetur.
1378 2739 1431 2749 —
1444 2718 1491 2757 In
1510 2717 1587 2757 hac
1607 2729 1652 2757 re
1671 2717 1893 2756 dicendum
1913 2728 2060 2756 censeo
2084 2746 2094 2765 ‚
2116 2701 2203 2757 mii-¹

1156 2782 1304 2822 teriam
1327 2779 1495 2832 quidem
1526 2779 1653 2829 hujus
1683 2779 1771 2817 voti
1800 2779 1844 2817 in
1880 2778 2082 2818 Societate
2117 2752 2206 2829 essai

1156 2842 1479 2895 amplissimam;
1511 2840 1785 2880 nihilominus
1815 2844 1956 2880 tamen
1988 2842 2032 2881 iu
2068 2842 2205 2893 riyore

1154 2905 1344 2959 praecepti
1371 2903 1552 2954 aliquam
1574 2902 1794 2942 admittere
1826 2902 2014 2952 regulam
2034 2906 2074 2941 et
2097 2888 2207 2980 lim&

1158 2968 1376 3015 tationem,
1401 2965 1590 3016 quamvis
1613 2976 1664 3004 ex
1684 2964 1855 3003 consilio
1881 2963 1967 3003 sola
1996 2963 2069 3003 illa
2094 2977 2205 3016 spec-

1162 3029 1289 3070 tanda
1306 3029 1374 3078 sit,
1394 3031 1441 3066 ut
1457 3026 1568 3079 quod
1599 3026 1836 3079 praecipitur
1854 3038 1938 3065 non
1959 3027 2011 3065 sit
2030 3026 2206 3068 malum.

1164 3091 1347 3132 Primam
1376 3092 1538 3141 partem
1566 3088 1801 3128 assertionis
1823 3087 2033 3127 declarant
2053 3089 2211 3139 priores

1164 3153 1343 3195 rationes
1370 3150 1602 3200 dubitandi,
1626 3154 1666 3189 et
1698 3149 1831 3200 magis
1857 3148 2132 3200 explicabitur
2156 3132 2215 3207 sim}

1165 3215 1254 3256 mul
1283 3225 1378 3254 cum
1412 3212 1605 3252 secunda.
1637 3211 1754 3251 Illam
1785 3223 1883 3250 vero
1918 3211 2214 3250 declarandam,

1165 3288 1307 3318 censeo
1342 3287 1393 3315 ex
1421 3274 1556 3314 verbis
1575 3275 1620 3314 B.
1643 3274 1687 3313 P.
1706 3273 1756 3313 N.
1777 3272 1941 3323 Ignatii,
1959 3284 2069 3311 nona
2096 3268 2216 3322 parte

1166 3337 1532 3383 Constitutionum,
1551 3347 1639 3387 cap.
1663 3335 1703 3384 3,
1723 3334 1747 3387 ξ
1765 3337 1818 3375 20
1829 3364 1842 3383 ,
1864 3334 1936 3373 ubi
1954 3334 2012 3373 sie
2031 3333 2114 3372 ait:
2137 3331 2216 3381 Ge7

1166 3401 1341 3441 neo-atim
1369 3398 1572 3452 loquendo,
1599 3397 1648 3438 iu
1678 3398 1794 3438 rebus
1821 3396 2016 3442 omnibus,
2046 3405 2133 3444 quoe
2159 3391 2217 3431 ads

1169 3462 1417 3515 propositum
1439 3460 1766 3511 Societatifiuem
1784 3456 2060 3510 perfeetionis,
2083 3455 2122 3493 et
2141 3464 2166 3492 a

33 3552 35 3554 -
89 3524 200 3565 hune
215 3529 372 3564 certum
387 3522 552 3562 vivendi
565 3522 759 3573 modum3
777 3527 868 3563 tum
884 3523 1008 3562 etiam
1022 3521 1121 3573 quia
1174 3524 1323 3566 mitium
1351 3521 1626 3574 promimorum
1654 3521 1708 3560 ad
1736 3519 1911 3569 qim-iam
1930 3514 2007 3555 Dei
2034 3514 2218 3579 favissem}

81 3590 236 3691 protum
254 3588 389 3638 ipsum
406 3596 594 3637 expresse
612 3583 660 3624 fit
677 3584 901 3624 secundum
919 3583 1120 3634 regulam,

1177 3584 1357 3624 omuibus
1382 3583 1601 3634 prceoipere
1626 3580 1671 3620 iu
1699 3576 1923 3618 obedientiae
1941 3574 2090 3615 virtute
2119 3581 2217 3627 pos*

96 3651 143 3686 ut
157 3647 208 3687 de
221 3652 317 3689 voto
330 3647 581 3702 paupertatis
598 3646 801 3693 diximum
821 3650 911 3687 tum
927 3648 1126 3697 praeterea
1177 3645 1251 3696 sit,
1270 3644 1426 3684 scilieet
1443 3642 1691 3694 &sepositus
1707 3635 1935 3679 Generalis
1956 3635 2140 3679 Potestas
2154 3647 2218 3695 erg
