2352 3880
331 346 658 441 INDEX
719 345 1164 441 CAPITUM
1222 348 1498 444 LIBRI
1546 277 1922 449 'DECIMI

161 537 233 593 DE
262 539 511 590 REGIMINE
543 538 859 595 socmmws,
893 540 1005 588 TAM
1033 539 1088 588 IN
1116 539 1318 588 GENERE
1351 542 1498 595 QUAM
1529 542 1583 590 [N
1612 544 1972 604 PARTICULARL
2004 546 2076 598 ΕΤ

609 613 1020 666 CONSEQUENTER
1048 614 1117 664 DE
1148 614 1312 664 IPSIUS
1341 616 1630 666 PRAELATIS.

187 817 215 841 0

44 869 171 922 ‘Ctm
210 869 246 917 Ι.
285 868 363 917 Αη
405 867 612 917 Societas
643 885 728 932 per
767 868 954 916 mod-um
989 882 1090 916 mo-

127 951 328 1000 narctziae
353 951 628 1015 qubernetur
651 951 987 997 convenienter.
1048 942 1056 961 ¹

42 1034 166 1086 «Cn.
207 1035 264 1081 II.
304 1034 382 1081 Αη
419 1033 634 1096 expediat
667 1033 715 1079 in
748 1032 974 1079 Societate
999 1028 1089 1078 Ge·

124 1116 330 1163 ner-alem
352 1125 620 1178 perpetuum
646 1113 840 1161 institui.

42 1194 165 1247 *θυι
198 1197 275 1242 ΙΙΙ.
316 1195 393 1242 Αη
439 1194 726 1242 convenienti
762 1193 896 1240 modo
920 1191 1090 1258 reliqui

123 1275 317 1325 Proetazi
342 1276 586 1325 Societatis
606 1275 921 1322 instituantur.
956 1271 963 1278 ’

42 1358 163 1411 1(ΞΑΡ.
204 1360 278 1408 IV.
329 1360 396 1407 De
434 1374 649 1421 suprema
683 1365 904 1420 potestate
936 1355 1090 1418 juris-

121 1441 337 1488 dictionis
361 1441 410 1488 in
432 1440 659 1488 Societate
682 1439 807 1487 Jesu.

43 1521 165 1574 ‘CM’-
196 1523 248 1571 V.
285 1523 355 1572 De
390 1532 610 1585 potestate
645 1519 986 1586 jurisdictionis
1009 1519 1087 1567 in·

119 1603 198 1665 fra
221 1619 501 1666 supremam.

42 1681 166 1733 ·CA1·.
217 1685 291 1731 vl.
339 1686 415 1731 An
477 1682 722 1731 Societatis
777 1681 974 1730 Prcclati
1026 1681 1090 1730 ad

121 1767 406 1830 particulare
430 1765 714 1813 subditorum
755 1765 959 1827 reqimen
995 1780 1083 1814 me·

122 1845 213 1893 rito
233 1847 291 1894 ab
311 1847 378 1893 eis
396 1846 582 1908 exigant
603 1845 833 1894 rationem
852 1846 1092 1895 conscien-

124 1925 215 1975 tice.

43 2001 167 2062 ἀπ).
196 2007 294 2056 VII.
323 2005 543 2069 Reqimen
573 2003 816 2054 Societatis
840 2021 922 2068 per
948 2001 1096 2067 ipsius

122 2088 332 2151 reqalam
369 2086 673 2134 denuntiandi
712 2086 912 2134 aliorum
935 2086 1093 2149 desec-

126 2175 215 2229 tus,
253 2179 305 2217 ut
340 2185 368 2216 a
400 2169 673 2232 quibusdam
712 2169 1023 2233 impuqnetur‚
1050 2176 1097 2216 et

124 2259 177 2298 ut
200 2265 230 2296 a
253 2248 385 2295 nobis
408 2249 698 2310 defendenda
720 2249 795 2293 sit.

43 2325 166 2384 «ΟΜ».
204 2327 324 2378 VIII.
368 2327 677 2375 Prcemittitur
715 2325 942 2390 qeneralis
980 2325 1093 2374 doc·

129 2412 252 2460 trina
305 2410 691 2470 denuntiationis,
733 2418 785 2456 ut
828 2410 1095 2458 ostendatur

1210 882 1441 930 quousque
1472 868 1522 916 in
1549 868 1778 918 Societate
1813 871 1963 918 locum
1991 872 2170 922 habeat.

1145 945 1252 995 CAP.
1293 948 1372 994 IX.
1413 948 1483 995 De
1523 951 1657 997 modo
1682 951 1842 998 utendi
1877 951 1926 998 in
1948 951 2175 1003 Societate

1210 1027 1556 1077 denuntiatione
1596 1030 1891 1095 Evanqelica,
1917 1050 1997 1081 seu
2021 1036 2176 1083 chari-

1212 1108 1354 1155 tativa
1394 1109 1612 1155 hactenus
1654 1110 1902 1172 explicata.

1143 1188 1252 1238 CAP.
1291 1191 1350 1236 X.
1390 1189 1569 1252 Satisfit
1596 1191 1927 1253 objectionibus
1951 1192 2001 1240 in
2025 1194 2177 1256 capite

1208 1273 1400 1335 septimo
1427 1273 1605 1335 positis.

1142 1352 1250 1403 CAP.
1292 1354 1373 1400 XI.
1417 1342 1485 1401 De
1526 1353 1701 1416 triplici
1738 1357 1874 1403 modo
1898 1358 2176 1419 procedendi

1209 1433 1259 1481 in
1304 1443 1491 1480 externo
1529 1434 1712 1496 judicio
1759 1446 1920 1484 contra
1974 1438 2179 1500 defectus

1204 1515 1509 1573 subditorum,
1533 1533 1587 1563 ac
1602 1517 1805 1580 primum
1824 1521 1879 1566 de
1897 1519 2176 1573 visitatione.

1203 1612 1285 1644 seu
1310 1598 1514 1659 qenerali
1538 1597 1849 1661 inquisitione.

1142 1679 1248 1730 CAP.
1307 1680 1409 1727 XII.
1473 1680 1538 1728 De
1580 1683 1714 1728 modo
1758 1683 2038 1744 procedendi
2096 1700 2179 1746 per

1208 1762 1331 1810 viam
1350 1762 1566 1824 specialis
1583 1763 1912 1826 inquisitionis,
1940 1775 2020 1812 aut
2038 1766 2180 1814 etiam

1212 1843 1536 1891 accusationis.

1146 1924 1254 1974 CAP.
1306 1925 1430 1971 XIII.
1480 1924 1751 1985 Applicatio
1794 1925 2017 1972 doctrinae
2057 1942 2181 1988 proe—

1211 2004 1471 2052 cedentium
1494 2005 1700 2067 capitum
1724 2005 1786 2054 ad
1814 2021 1948 2053 usum
1970 2005 2184 2054 Societa-

1214 2084 1288 2132 tis.

1145 2165 1253 2217 CAP.
1293 2165 1412 2214 XIV.
1465 2166 1544 2214 An
1587 2166 1750 2229 requla
1789 2165 2035 2214 Societatis
2068 2177 2182 2229 apta

1210 2248 1273 2293 sit
1302 2255 1347 2292 et
1370 2248 1606 2307 sussiciens
1632 2248 1692 2294 ad
1716 2246 1814 2308 eJus
1836 2247 2180 2294 convenientem

1213 2326 1609 2389 qubernationem,
1637 2336 1684 2374 et
1721 2327 1987 2390 reliqiosam
2026 2328 2183 2376 direc-

1215 2410 1405 2458 tionem.

1618 2564 2157 2574 ——---——-—--—

873 2658 1067 2720 LIBER
1099 2658 1383 2719 DECIMUS

173 2831 365 2985 DE
449 2833 1155 2984 REGIMINE
1244 2828 2094 2983 ‘SOGIETATIS
2159 2912 2164 2920 v

693 3055 748 3101 ET
771 3057 1101 3101 CONSEQUENTER
1124 3058 1179 3100 DE
1203 3059 1421 3101 PRAELATIS
1445 3059 1560 3102 EJUS.

1005 3179 1238 3198 w*

74 3352 79 3359 ,
130 3304 409 3357 Expliouimus
441 3305 595 3352 omnia,
619 3315 711 3355 quae
741 3303 792 3343 ad
825 3306 992 3351 statum,
1013 3314 1100 3352 per-

79 3362 293 3408 tectionem
311 3371 350 3405 et
371 3366 594 3404 ministeria
611 3365 733 3415 hujus
762 3365 971 3415 religionis
991 3376 1099 3413 spec-

81 3428 192 3476 Ἀθη
213 3428 343 3465 solum
361 3430 542 3477 superest
559 3430 603 3463 ut
623 3427 804 3464 dicamus
819 3426 868 3463 de
888 3424 1007 3463 modo
1026 3435 1097 3473 gu-

82 3484 330 3528 hex-nationis
351 3489 438 3539 ejus
451 3501 462 3535 ;
475 3498 568 3525 nam
587 3498 637 3524 ex
654 3486 723 3524 illa
742 3486 918 3524 maxime
937 3485 1096 3536 pendet,

57 3543 60 3545 ’
85 3550 127 3588 et
144 3549 392 3589 conservatio
410 3548 633 3599 religionis,
654 3550 695 3586 et
713 3546 900 3586 executio
914 3546 1100 3587 omnium

297 3642 377 3658 nba-

1154 3304 1381 3343 mediorum
1400 3305 1549 3356 quibus
1569 3306 1620 3344 ad
1641 3315 1757 3344 suam
1777 3306 1817 3339 et
1836 3301 2007 3339 aliorum
2029 3298 2180 3350 perfec·-

1153 3365 1309 3403 tionem
1330 3367 1390 3404 uti
1412 3367 1546 3405 debet.
1572 3365 1771 3412 Quoniam
1809 3366 1947 3400 autem
1978 3361 2178 3409 guberna-

1153 3426 1211 3464 tio
1244 3438 1316 3476 per
1343 3428 1547 3473 Praelatos‚
1582 3430 1622 3463 et
1649 3423 1871 3462 secundum
1903 3422 2086 3470 regulam
2117 3418 2180 3466 fit,

1153 3486 1277 3526 simul
1301 3488 1351 3524 de
1383 3490 1566 3536 utrisque
1586 3485 1662 3523 hoe
1682 3485 1725 3522 in
1750 3485 1851 3522 libro
1871 3483 2053 3520 dicemus
2069 3509 2082 3528 ‚
2101 3478 2183 3531 pri-

1154 3558 1224 3589 mo
1240 3546 1406 3600 quidem
1427 3549 1670 3598 generatim,
1692 3555 1766 3584 seu
1790 3543 1836 3584 in
1863 3541 2072 3582 communi
2080 3550 2095 3592 ;
2115 3540 2186 3580 do-
