2352 3880
409 240 500 276 mr.
523 239 578 274 IV.
601 238 742 272 voTtm
762 204 1047 273 moreau-‘1318
1068 237 1330 273 scnommuu
1351 238 1591 276 socmTA‘rts
1610 242 1720 284 JESU,
1742 232 1835 278 13ch

55 313 161 357 dum
177 309 232 352 ad
249 311 346 350 vota
362 310 454 360 post
474 302 701 356 biennium)
717 333 732 353 ,
762 315 848 343 non
867 303 1003 343 solum
1022 302 1092 343 de-

31 411 35 413 *
59 373 158 416 here
177 384 222 413 se
242 379 391 411 exuere
412 367 581 407 omnino
600 366 822 414 bonorum,
850 365 885 405 si
902 376 994 416 quae
1017 364 1093 403 ha-

59 433 176 482 bent,
197 429 564 476 administratione,
586 431 632 467 ut
649 426 871 466 novissime
892 430 1091 466 statutum

59 496 137 536 fuit
155 496 198 535 in
215 491 386 544 septima
398 487 739 541 Congregatione‚
756 499 905 528 canon.
928 488 1090 527 decimo

60 558 259 609 septimo,
288 563 462 592 numero
488 551 622 601 primo
638 579 650 597 ‚
684 549 759 590 sed
779 550 903 589 etiam
924 549 1092 601 promit-

61 624 148 661 tere
168 617 380 658 relicturos
402 626 445 653 se
470 613 610 652 omnia
627 611 739 651 bona
767 616 861 663 post
889 624 1019 651 unum
1038 610 1092 650 ab

60 682 247 733 ingressu
267 676 502 716 absolutum
521 685 677 713 annum
697 703 707 721 ,
742 673 1091 725 quandocumque

59 743 119 784 eis
139 740 369 792 injunctum
394 736 578 776 fueritin
599 735 760 786 reliquo
781 736 981 787 temporis
1001 746 1092 786 pro-

59 801 249 849 bationis,
265 803 310 838 ut
327 800 519 838 statuitur
531 798 574 836 ir.
588 797 802 846 Examine,
820 810 910 849 cap.
930 798 1091 848 quarto,

59 863 84 917 ξ
111 864 151 911 2,
183 864 209 903 3
229 865 269 901 et
289 862 328 910 5,
363 862 404 900 et
433 859 552 899 tertia
580 862 697 910 parte
731 860 1091 906 Constitutionum‚

59 937 151 977 cap.
173 923 320 975 primo,
354 926 393 962 et
414 934 522 973 soepe
544 921 660 970 alias,
694 931 786 972 quae
805 921 1023 972 promissio
1047 919 1096 958 li·-

60 990 126 1028 cet
152 998 235 1024 non
265 985 317 1024 sit
340 984 551 1035 proprium
583 987 739 1031 votum,
773 994 856 1021 non
884 986 945 1021 est
972 982 1096 1020 etiam

62 1047 198 1088 solum
232 1047 506 1098 propositum,
544 1044 618 1083 sed
653 1043 826 1093 simplex
860 1044 1093 1094 promissio,

63 1109 350 1148 subintellecta
367 1106 615 1152 conditione,
637 1105 675 1144 si
688 1105 1039 1154 perseveraverint,
1061 1107 1098 1144 et

67 1169 264 1221 Superior
280 1168 517 1219 injunxerit,
553 1169 598 1204 ut
615 1165 764 1204 dicitur
782 1165 823 1203 in
850 1166 966 1204 tertia
993 1167 1096 1205 Con-

67 1230 304 1283 gregatione
327 1227 852 1280 generaliSocietatis,can.
877 1227 1025 1277 primo.
1050 1228 1098 1267 Et

68 1292 124 1332 ita
144 1303 232 1331 esse
252 1289 545 1329 declarandum
567 1289 719 1328 novitio
740 1288 953 1328 ordinatur
972 1290 1014 1327 in
1032 1301 1097 1328 re-

68 1353 174 1405 gulis
214 1352 394 1402 Magistri
432 1351 681 1390 novitiorum
700 1380 714 1399 ,
761 1362 851 1402 cap.
895 1351 1094 1400 secundo,

68 1425 182 1453 num.
204 1413 364 1452 decimo
385 1424 510 1451 nono.

119 1476 182 1514 18.
216 1475 424 1515 [nstantia
455 1478 594 1516 contra
617 1473 799 1527 proxime
819 1476 929 1516 dieta
950 1476 1099 1524 reselli-

64 1539 146 1579 tur.
174 1558 225 1566 —
249 1536 366 1582 Quod
386 1537 419 1576 si
440 1538 530 1588 quis
551 1539 674 1585 dicat,
699 1537 884 1575 inutilem
906 1540 945 1575 et
965 1536 1100 1574 ineffi-

65 1609 207 1638 cacem
228 1610 317 1637 esse
333 1599 455 1637 talem
472 1598 800 1649 promissionem,
824 1610 916 1636 cum
935 1609 1100 1648 semper

68 1660 120 1700 sit
137 1660 312 1699 liberum
336 1672 419 1698 non
438 1672 720 1710 perseverare,
746 1659 994 1711 respondeo,
1017 1660 1099 1698 imo

69 1722 222 1761 habere
239 1734 384 1773 graves
400 1721 584 1770 effectus,
605 1722 673 1773 qui
688 1723 902 1773 requirunt
916 1722 1102 1760 animum

70 1784 168 1822 satis
187 1788 374 1834 paratum
398 1784 449 1822 ad
468 1784 777 1835 perfectionem,
802 1785 982 1834 satisque
1000 1784 1102 1822 libe-

68 1846 198 1884 ralem
220 1857 316 1897 erga
339 1847 483 1884 Deum.
511 1846 764 1893 Declaratur,
792 1846 888 1896 quia
915 1846 1002 1884 sine
1030 1845 1101 1884 tali

68 1907 354 1958 promissione,
380 1907 538 1946 etiamsi
560 1908 651 1958 quis
673 1919 939 1958 perseverare
961 1907 1099 1955 vellet,

68 1979 151 2007 non
180 1973 318 2020 posset
350 1969 523 2021 obligari
554 1970 606 2008 ad
639 1969 912 2021 relinquenda
946 1970 1099 2016 omnia,

68 2029 201 2070 donec
228 2030 394 2069 biennio
420 2031 587 2082 impleto
620 2031 906 2070 admitteretur
931 2031 984 2070 ad
1008 2035 1103 2069 vota

69 2091 283 2131 Societatis
309 2104 316 2131 :
348 2105 460 2132 nunc
482 2097 622 2131 autem
644 2094 678 2131 si
698 2105 966 2144 perseverare
986 2092 1101 2141 vult,

71 2152 240 2204 obligari
259 2158 391 2204 potest
411 2166 461 2193 ex
480 2155 519 2193 vi
538 2155 643 2192 illius
664 2155 949 2206 promissionis
972 2167 981 2200 ;
1006 2155 1104 2193 satis

70 2217 210 2255 autem
242 2215 375 2265 gravis
404 2215 573 2255 effectus
603 2219 663 2254 est
690 2228 812 2266 posse
846 2215 1040 2255 constitui
1064 2215 1105 2253 in

73 2275 151 2314 hoc
169 2275 403 2316 discrimine
421 2307 431 2324 ‚
461 2278 526 2316 vel
563 2277 821 2329 relinquendi
844 2278 1103 2324 religionem,

74 2336 139 2376 vel
158 2336 372 2377 abdicandi
395 2339 533 2377 omnia
554 2339 630 2377 snb
650 2339 770 2385 eulpa
789 2335 966 2374 mortali.
991 2335 1108 2374 Dein-

73 2397 126 2437 de
144 2400 228 2436 non
249 2403 308 2437 est
329 2396 616 2446 improbabile,
637 2396 730 2435 licet
751 2396 878 2447 possit
897 2397 986 2448 quis
1007 2397 1108 2435 alias

73 2461 170 2498 ante
195 2461 289 2496 vota
323 2458 473 2496 emissa
503 2458 630 2496 libere
656 2458 892 2508 relinquere
930 2459 1108 2498 Societa-

75 2524 174 2566 tem,
205 2523 459 2577 nontamen
488 2531 612 2570 posse
644 2519 751 2558 licite
787 2531 834 2558 ac
863 2519 1039 2558 fideliter
1067 2519 1108 2559 id

73 2593 214 2632 agere,
241 2580 326 2618 solo
348 2580 425 2619 hoc
452 2580 584 2629 titulo,
614 2592 666 2619 ne
689 2585 860 2631 cogatur
881 2581 991 2619 illam
1016 2592 1108 2632 pro-

75 2642 314 2682 missionem
335 2641 533 2692 implere;
570 2654 668 2680 nam
691 2643 769 2681 hoc
790 2643 912 2692 plane
933 2644 994 2681 est
1016 2654 1111 2681 con-

77 2706 139 2744 tra
163 2702 288 2741 finem
313 2707 353 2742 et
380 2703 654 2742 intentionem
686 2705 778 2743 talis
808 2705 1107 2754 promissionis.

77 2765 160 2805 Nec
185 2764 362 2803 conditio
392 2765 460 2803 illa
489 2765 532 2803 in
561 2777 687 2804 sensu
718 2765 942 2805 includitur
972 2767 1014 2804 in
1041 2767 1109 2805 tali

79 2826 364 2877 promissione,
394 2838 445 2866 ne
465 2827 521 2865 illi
541 2839 774 2878 repugnare
797 2827 1000 2876 videatur,
1036 2828 1109 2867 sed

81 2888 212 2927 solum
230 2892 432 2940 quatenus
450 2889 515 2927 illa
535 2890 750 2940 promissio
768 2902 851 2928 non
870 2891 1024 2941 obligat
1041 2891 1111 2929 ab·

81 2949 211 2989 solute
246 2950 298 2988 ad
329 2951 679 3001 perseverandum
698 2981 707 2998 ,
742 2963 879 3002 neque
908 2952 960 2991 ad
990 2953 1112 2991 relin-

83 3011 246 3062 quenda
258 3012 408 3059 omnia,
422 3013 500 3051 nisi
512 3014 848 3064 perseveraverit.
860 3014 961 3053 Cum
973 3019 1111 3053 autem

83 3081 136 3110 ex
157 3071 195 3110 vi
224 3072 332 3112 illius
357 3075 640 3125 promissionis
664 3075 790 3126 possit
818 3077 910 3126 quis
940 3076 1114 3127 obligari

87 3130 142 3170 ad
157 3132 426 3184 relinquenda
447 3138 584 3176 omnia
604 3149 677 3188 per
698 3149 854 3185 annum
876 3137 1111 3189 integrum,

88 3192 327 3244 priusquam
345 3196 385 3234 in
402 3195 645 3238 Societatem
662 3200 899 3251 recipiatur,
918 3212 1001 3238 non
1021 3212 1114 3251 par-

88 3265 182 3293 vam
206 3253 398 3294 fiduciam
422 3257 466 3295 in
491 3259 621 3299 Deum
638 3291 647 3309 ,
678 3273 756 3300 nec
783 3261 979 3313 exiguum
1002 3273 1117 3301 amo-

89 3326 177 3356 rem
198 3315 250 3354 ad
272 3317 413 3355 mundi
431 3318 747 3371 abnegationem
767 3323 952 3375 requirit.

143 3377 208 3417 19.
239 3376 461 3427 Refellitur
482 3382 652 3431 amplius
674 3397 721 3424 ecc
741 3386 924 3426 doctrina
949 3384 1120 3438 quadam

35 3469 40 3476 .
89 3436 268 3479 Molinoe.
287 3461 340 3468 —-
358 3440 535 3480 Maxime
555 3442 587 3480 si
604 3455 749 3485 verum
769 3450 831 3486 est
848 3447 960 3499 quod
979 3450 1121 3487 noster

30 3527 33 3530 -
89 3496 256 3550 molina,
294 3504 394 3541 tom.
430 3503 450 3541 1
478 3502 529 3542 de
556 3503 734 3555 Justitia,
769 3511 886 3549 tract.
919 3508 1118 3557 secundo,

90 3557 198 3612 disp.
233 3563 459 3603 centesima
487 3563 698 3615 trigesima
729 3578 862 3617 nona,
894 3569 1121 3620 adnotavit,

93 3618 204 3662 hano
224 3622 538 3677 dispositionem
562 3629 603 3666 et
627 3628 977 3672 renuntiationem
995 3630 1125 3671 bono-

311 3701 399 3735 XVI'·

1146 315 1239 342 rum
1261 303 1415 343 debere
1435 316 1528 344 esse
1545 309 1714 348 omnino
1734 308 1970 349 absolutam
1987 339 1998 358 ‚
2022 308 2183 364 absque

1146 365 1230 405 ulla
1248 365 1372 404 tacita
1389 365 1455 404 vel
1474 377 1669 416 expressa
1697 370 1934 418 conditione
1948 401 1958 419 ,
1979 373 2084 424 quod
2099 373 2139 414 si
2158 383 2186 415 a

1146 426 1349 469 Societate
1367 427 1598 477 defecerint,
1622 429 1697 469 illa
1717 435 1961 483 recuperent,
1989 437 2062 473 aut
2079 446 2185 487 qua-

1146 489 1208 529 vis
1227 489 1321 528 alia.
1353 488 1471 536 Quod
1490 488 1660 540 quidem
1680 502 1825 532 verum
1845 506 1937 534 esse
1956 495 2095 547 colligi
2113 508 2186 548 po-

1146 554 1240 598 test,
1263 554 1351 589 tum
1370 561 1421 589 ex
1441 562 1491 589 eo
1511 549 1625 601 quod
1643 551 1848 601 praedietae
1867 557 2188 597 constitutiones

1146 611 1265 651 dictis
1291 612 1392 651 locis
1424 615 1626 670 statuunt,
1658 612 1943 653 distribuenda
1970 630 2060 657 esse
2086 619 2182 658 talia

1146 674 1256 713 bona
1270 674 1313 712 in
1328 686 1549 726 paupereS‚
1572 677 1613 713 et
1632 674 1699 725 pia
1718 678 1758 714 et
1775 679 1917 713 sancta
1936 687 2077 727 opera,
2095 691 2188 729 quae

1146 736 1340 776 alienatio
1362 748 1531 787 prorsus
1547 735 1827 775 irrevocabilis
1846 741 1933 785 est;
1954 741 2043 776 tum
2062 740 2185 780 etiam

1148 798 1261 850 quia,
1283 798 1327 836 in
1347 797 1456 837 dicto
1475 809 1565 849 cap.
1594 802 1742 848 quarto
1762 798 1987 845 Examinis‚
2015 798 2039 850 ξ
2068 801 2104 846 1,
2129 801 2189 839 di-

1149 860 1254 899 citur
1267 859 1501 898 faciendam
1517 871 1607 898 esse
1622 859 1906 898 submovendo
1923 871 1947 897 a
1961 871 2004 898 se
2021 872 2193 908 omnem

1149 921 1345 960 fiduciam
1363 920 1507 959 eadem
1527 920 1611 960 ullo
1628 925 1816 972 tempore
1834 921 2126 971 recuperandi,
2145 925 2191 961 ut

1151 982 1309 1022 firmius
1329 987 1369 1022 et
1391 983 1576 1022 stabilius
1601 983 1641 1021 in
1663 995 1738 1022 sua
1758 983 1975 1022 vocatione
1999 995 2193 1034 perseve-

1151 1048 1269 1092 rent,
1293 1045 1400 1083 utin
1420 1044 1502 1083 fine
1527 1045 1697 1084 secundi
1728 1044 1978 1096 paragraphi
2010 1044 2188 1083 additur.

1152 1108 1294 1157 Neque
1315 1107 1392 1145 hoc
1412 1106 1587 1145 nimium
1605 1107 1735 1146 videri
1757 1106 1882 1145 debet
1902 1118 1911 1152 ;
1940 1117 2038 1144 nam
2061 1105 2198 1154 Chris-2

1151 1172 1216 1208 tus
1235 1169 1450 1216 Dominus,
1473 1168 1616 1207 Matth.
1642 1170 1707 1215 19,
1729 1168 1808 1206 hoc
1828 1167 1952 1206 modo
1974 1167 2199 1214 consilium,

1151 1230 1407 1282 paupertatis
1429 1230 1541 1269 dedit
1563 1244 1572 1268 z
1609 1230 1727 1279 Vade,
1759 1233 1794 1269 et
1815 1230 1931 1268 vende
1955 1230 2089 1269 omnia
2108 1239 2196 1281 quae

1153 1293 1294 1340 habes,
1321 1296 1356 1332 et
1376 1293 1427 1332 da
1443 1291 1714 1343 pauperibus;
1741 1294 1782 1328 et
1801 1290 1951 1328 deinde
1973 1290 2162 1341 adjunxit
2183 1288 2199 1328 :v

1153 1355 1213 1394 Et
1234 1355 1347 1402 veni,
1379 1358 1414 1394 et
1442 1366 1596 1405 sequere
1618 1365 1692 1393 me.
1728 1352 1980 1402 Significavit
2005 1363 2105 1402 ergo
2133 1363 2197 1391 re-

1153 1415 1457 1454 nuntiationem
1486 1415 1639 1453 debere
1666 1413 1925 1464 praecedere,
1957 1416 2002 1452 ut
2023 1413 2197 1464 disposi-

1152 1477 1309 1514 tionem
1340 1477 1392 1512 ad
1423 1476 1686 1524 sequendum
1718 1475 1854 1521 illum,
1883 1474 1995 1524 quod
2019 1487 2094 1524 per
2117 1478 2199 1513 sta-

1155 1540 1241 1575 tum
1268 1536 1511 1587 religiosum
1541 1536 1599 1574 fit.
1628 1536 1731 1574 ltem
1754 1535 1820 1573 illa
1851 1535 2103 1574 renuntiatio
2123 1526 2200 1586 per

1156 1610 1200 1636 se
1235 1599 1341 1636 bona
1369 1602 1444 1644 est,
1478 1600 1518 1636 et
1539 1597 1660 1636 valde
1687 1597 1927 1643 meritoria3
1965 1596 2058 1635 ideo
2086 1596 2200 1635 enim

1156 1660 1338 1699 Cnristus
1370 1659 1620 1710 interposuit
1650 1658 1719 1696 illa
1754 1658 1916 1696 verba:
1954 1658 2013 1697 Et
2045 1656 2203 1698 habebis

1158 1721 1388 1761 thesaurum
1418 1721 1462 1759 in
1494 1721 1598 1759 coelo.
1631 1718 1749 1758 Utilis
1771 1718 1880 1755 enim
1904 1722 1965 1756 est
1986 1719 2039 1756 ad
2059 1731 2203 1768 perse-

1156 1783 1387 1821 verantiam
1401 1780 1684 1826 obtinendam,
1703 1782 1791 1818 tum
1810 1779 2063 1817 removendo
2083 1790 2204 1818 occa-

1157 1845 1310 1890 siones,
1341 1847 1429 1882 tum
1452 1841 1715 1893 impetrando
1738 1841 1850 1878 illam
1872 1853 1895 1878 a
1916 1841 2015 1887 Deo,
2046 1844 2085 1879 et
2107 1841 2204 1883 ideo

1158 1905 1384 1956 prudenter
1406 1903 1495 1942 fieri
1517 1907 1651 1953 potest
1673 1906 1842 1953 propter
1861 1901 2019 1940 bonum
2040 1902 2204 1953 religio?

1158 1968 1236 2006 nis.
1270 1966 1388 2006 Unde
1418 1966 1541 2004 etiam
1571 1965 1616 2003 fit
1638 1965 1697 2014 (ut
1716 1965 1794 2002 hoc
1812 1964 1945 2002 obiter
1965 1968 2133 2002 notetur
2153 1975 2204 2003 ex

1158 2030 1326 2077 Molina,
1360 2028 1478 2074 ibid.,
1510 2027 1551 2065 in
1573 2027 1596 2078 ξ
1615 2027 1795 2073 Νουὶίὶί,
1825 2026 1878 2064 ad
1893 2026 2036 2077 finem)
2056 2026 2206 2077 hujus-⁴

1159 2091 1273 2131 modi
1293 2090 1662 2136 renuntiationem,
1693 2088 1832 2138 quoad
1857 2092 2035 2134 aetatem,
2065 2092 2105 2127 et
2124 2087 2207 2127 alia'

1159 2153 1354 2203 requisita
1378 2164 1427 2191 ex
1450 2154 1565 2202 parte
1585 2149 1862 2188 renuntiantis
1881 2178 1890 2195 ,
1920 2161 2004 2187 non
2026 2161 2116 2188 esse
2138 2143 2206 2200 re·-]

1162 2215 1387 2266 gulandam
1409 2226 1483 2266 per
1503 2214 1617 2265 leges
1634 2224 1749 2251 mere
1771 2212 1923 2260 civiles,
1946 2211 2015 2250 sed
2036 2224 2111 2262 per
2127 2201 2206 2250 Ecss

1162 2276 1427 2323 clesiasticas,
1447 2277 1544 2326 quia
1559 2275 1603 2314 fit
1618 2287 1642 2314 a
1660 2286 1840 2326 persona
1857 2276 2066 2324 exempta,
2084 2277 2129 2311 ut
2144 2276 2207 2312 est

1162 2338 1342 2376 novitius
1374 2337 1622 2384 Societatis,
1660 2341 1700 2375 et
1727 2337 1876 2375 intuitu
1910 2334 2122 2385 religionis
2157 2338 2209 2374 ac'

1162 2399 1455 2451 perfectionis;
1484 2403 1524 2437 et
1544 2398 1638 2437 ideo
1668 2399 1766 2437 satis
1788 2403 1849 2437 est
1870 2398 1979 2448 quod
2002 2397 2072 2436 fiat
2087 2392 2211 2450 juxta}
2264 2397 2269 2402 '

1166 2461 1374 2499 Pontificia
1397 2461 1639 2511 diplomata,
1667 2465 1707 2499 et
1728 2460 2044 2499 constitutiones
2066 2458 2211 2512 Some-g

1162 2523 1257 2561 tatis
1280 2522 1321 2559 in
1348 2522 1407 2560 eis
1428 2522 1694 2572 approbatas.
1720 2522 1922 2571 Denique,
1950 2524 2119 2572 propter
2148 2515 2213 2558 ἰη-ι

1164 2583 1383 2623 commoda
1400 2595 1491 2633 quae
1508 2583 1603 2621 inde
1620 2583 1738 2633 sequi
1754 2586 1941 2633 possunt,
1959 2568 2213 2635 admonetur}

1166 2643 1431 2684 Provincialis
1453 2644 1493 2682 in
1516 2643 1600 2682 suis
1621 2644 1776 2694 regulis
1792 2673 1802 2690 ‚
1833 2655 1924 2694 cap.
1949 2643 2110 2681 decimo
2126 2672 2139 2691 ,
2162 2642 2213 2682 ut}

1165 2718 1241 2746 non
1258 2706 1468 2756 permittat
1479 2708 1637 2745 nostros
1648 2706 1830 2746 abdicare
1844 2717 1883 2744 se
1891 2705 2134 2755 possessione
2144 2676 2214 2744 bo-l

1164 2780 1306 2807 norum
1326 2779 1505 2814 suorum,
1527 2767 1610 2806 m'si
1631 2778 1726 2817 quos
1749 2769 1972 2806 constantes
1993 2770 2028 2806 et
2047 2766 2214 2818 stabile-r¹

1165 2830 1208 2870 in
1226 2841 1301 2869 sua
1318 2830 1521 2869 vocatione
1542 2826 1762 2880 coqnoverit
1779 2858 1788 2874 ,
1822 2833 1858 2867 ec
1880 2830 1925 2866 ut
1943 2828 1987 2866 in
2007 2838 2051 2867 ea
2070 2839 2114 2867 re
2129 2821 2214 2867 met-⁴

1167 2895 1257 2933 turo
1280 2903 1430 2941 semper
1447 2890 1612 2938 consilio
1629 2890 1833 2940 procedat,·
1853 2889 1953 2936 imo,
1976 2889 2015 2926 in
2035 2887 2215 2947 septima]

1169 2952 1498 3004 Congregatione
1516 2950 1718 3003 generali,
1738 2962 1887 2989 canon.
1907 2950 2069 2989 decimo
2086 2949 2213 3001 septi-

1170 3026 1254 3061 mo,
1291 3013 1478 3065 mitigata
1511 3012 1820 3064 quodammodo
1849 3016 1909 3051 est
1939 3012 2028 3050 haec
2050 3015 2215 3050 nostro-

1167 3088 1261 3115 rum
1279 3075 1489 3127 obligati03
1510 3075 1566 3113 ibi
1583 3075 1693 3114 enim
1710 3074 1967 3113 scholaribus
1983 3073 2211 3111 dominium

1167 3138 1374 3177 bonorum
1391 3148 1576 3183 suorum,
1598 3140 1638 3176 et
1656 3136 1870 3187 quodlibet
1881 3136 1950 3186 jus
1968 3134 2021 3172 ad
2036 3134 2119 3181 illa,
2138 3143 2215 3184 per

1169 3200 1493 3251 quadriennium
1513 3199 1565 3238 ab
1583 3199 1776 3250 ingressu
1796 3198 1836 3236 in
1855 3197 2102 3237 Societatem
2120 3205 2215 3245 per-

1171 3263 1347 3302 mittitur
1365 3292 1375 3310 ,
1407 3262 1462 3301 ita
1494 3265 1637 3301 tamen
1656 3265 1702 3300 ut
1723 3261 1765 3299 id
1787 3261 1967 3312 spatium
1993 3255 2159 3297 nonnisi
2189 3264 2215 3291 a

1174 3325 1218 3364 P.
1240 3324 1447 3372 Generali,
1479 3327 1520 3363 et
1543 3322 1797 3374 gravissimis
1823 3322 1874 3361 de
1899 3320 2048 3366 causis,
2070 3325 2218 3367 proro-

1175 3387 1265 3437 gari
1285 3389 1426 3437 queat,
1449 3385 1483 3424 si
1502 3384 1607 3424 forte
1628 3396 1678 3424 eo
1698 3383 1831 3430 finito,
1851 3383 1937 3433 jam
1958 3391 2033 3430 per
2052 3377 2216 3414 aetatem

1175 3446 1373 3497 religiosi,
1398 3458 1446 3485 ac
1476 3446 1633 3497 patrias
1661 3445 1777 3497 leges
1808 3443 2027 3492 disponere
2057 3435 2213 3475 licebit·

1176 3510 1291 3549 Tunc
1311 3509 1423 3549 enim
1442 3508 1528 3548 vult
1547 3508 1730 3548 Societas
1749 3509 1794 3544 ut
1810 3514 1903 3542 cum
1925 3496 2216 3550 quadriennio·

1177 3570 1398 3622 permissio
1416 3569 1486 3609 illa
1505 3569 1687 3609 finiatur.

1234 3632 1303 3673 20,
1336 3632 1442 3674 ,Tum
1476 3631 1597 3672 etiam
1631 3638 1657 3669 a
1686 3623 1854 3676 fortiori
1883 3622 1929 3662 in
1960 3617 2127 3660 semmdo
2157 3615 2218 3658 u·

1948 3688 2006 3724 46
