2352 3880
93 143 106 158 d

16 176 17 180 1
85 179 98 190 ,ι
173 173 187 182 ⁴ae

49 253 54 257 ¹
84 259 88 266 ι

22 279 27 289 ²
53 264 74 298 '2-
105 270 264 316 habere
281 267 438 320 aliquid
459 268 691 321 proprium,
710 267 825 320 quod
841 268 974 308 multo
1000 268 1138 308 minus

108 332 378 386 repugnabit,
413 330 447 371 si
473 329 575 370 illud
605 329 868 382 permittatur
893 329 1051 370 habere
1068 329 1139 370 de-

104 393 296 449 pendens
322 403 488 443 semper
508 390 627 442 quasi
654 389 699 430 in
723 391 980 442 conservari,
1000 402 1076 432 seu
1095 389 1140 432 in

104 467 200 506 usu,
223 467 248 496 a
274 455 486 494 voluntate
506 451 680 492 domini.

158 517 223 558 10.
258 515 408 558 Contra
423 513 624 565 posterius
656 511 874 555 membrum
901 515 1010 556 ratio
1028 510 1140 555 dubi-

105 578 234 620 tandi.
256 599 311 608 -
325 576 593 625 Confirmatur
605 585 654 615 em
673 585 762 625 cap.
779 576 881 615 Cum
899 575 951 616 ad
972 586 1138 615 monas-

101 641 267 682 terium.
284 659 338 668 -—
359 637 494 689 Major
514 648 615 688 ergo
648 636 869 677 difficultas
907 643 970 678 est
994 638 1038 677 in
1056 636 1139 677 alio

36 743 38 745 ,
102 701 322 750 membr03
360 711 459 739 nam
486 699 582 738 licet
608 699 791 739 retinere
816 701 936 751 quasi
970 699 1014 740 in
1043 702 1140 739 actu

100 763 235 817 primo
268 762 541 813 capacitatem
573 759 748 800 dominii
792 774 878 801 non
911 762 963 802 sit
995 765 1144 801 contra.

101 824 373 866 substantiam
392 822 572 875 religiosi
606 825 751 871 status,
782 827 923 863 tamen
960 822 1140 865 maxime

99 885 265 926 videtur
278 885 375 924 huic
394 896 646 937 repugnare,
663 885 777 936 quod
801 885 923 924 liceat
939 884 1048 924 hanc
1066 896 1138 936 po-

101 950 292 988 testatem
310 947 352 986 in
372 949 511 986 actum
540 946 773 986 secundum
799 946 1015 994 reducere,
1044 945 1136 986 reti-

99 1009 270 1057 nendo,
303 1010 370 1049 vel
401 1009 654 1059 acquirendo
693 1009 936 1048 dominium.
970 1008 1135 1056 Primo,

103 1071 215 1123 quia,
242 1071 338 1110 licet
370 1071 576 1122 capacitas
601 1082 684 1109 non
707 1070 890 1120 pendeat
910 1081 961 1109 ex
986 1069 1138 1109 volun-

102 1136 202 1182 tate,
225 1135 364 1172 tamen
381 1136 496 1171 actus
517 1130 619 1170 nihil
640 1130 821 1171 habendi
854 1131 898 1169 in
923 1131 1136 1171 voluntate

101 1194 261 1246 positus
280 1197 359 1242 est;
375 1205 459 1232 non
480 1192 591 1232 enim
603 1205 747 1231 sumus
761 1196 855 1231 actu
873 1191 1044 1241 domini,
1058 1193 1138 1232 nisi

100 1254 300 1299 volendo;
329 1253 382 1290 ad
410 1249 708 1302 perfectionem
734 1256 872 1290 autern
900 1254 1137 1294 necessaria

103 1315 266 1355 esttalis
284 1313 487 1357 voluntas,
512 1324 603 1363 quae
624 1311 777 1351 habeat
797 1313 1004 1358 effectum,
1017 1315 1138 1364 Juxta

100 1376 200 1417 illud
218 1377 314 1415 Luc.
339 1376 403 1414 14:
419 1374 523 1417 Nisi
540 1373 836 1426 qaisrenantiet
856 1375 1037 1415 omnibns
1050 1386 1139 1428 quoe

98 1437 285 1492 possidet,
306 1447 384 1476 non
408 1439 538 1490 potest
571 1448 679 1476 meas
700 1448 781 1478 esse
812 1437 1047 1487 disciputus.
1087 1438 1136 1477 Et

98 1499 200 1539 ratio
222 1502 297 1546 est,
321 1497 417 1548 quia
443 1502 666 1549 paupertas
703 1497 747 1536 in
781 1502 945 1537 tantum
977 1498 1135 1539 confert

99 1560 153 1600 ad
171 1559 483 1611 perfectionem,
503 1559 544 1597 in
560 1562 761 1610 quantum
780 1559 887 1598 tollit
915 1561 1134 1601 externam

100 1632 242 1663 curam
255 1626 294 1661 et
315 1620 631 1660 sollicitudinem
654 1621 945 1672 temporalium
975 1634 1130 1671 rerum,

101 1687 142 1724 et
153 1684 393 1723 occasiones
407 1683 734 1729 distractionum,
750 1683 1057 1734 etnegotiorum
1071 1696 1134 1724 se-

100 1745 302 1786 cularium
317 1758 420 1796 quas
434 1746 565 1784 solent
582 1744 737 1784 habere
753 1746 1009 1796 conjunctas.
1037 1747 1134 1786 Haec

98 1810 240 1846 autem
261 1807 399 1845 omnia
422 1811 654 1857 sequuntur
670 1818 720 1846 ex
738 1806 990 1858 proprietate
1004 1811 1044 1846 et
1061 1808 1135 1847 do-

95 1866 447 1918 minio,quidquid
465 1867 516 1906 sit
537 1867 588 1906 de
609 1868 851 1919 capacitate,
870 1879 968 1920 ergo
986 1869 1135 1908 saltem

96 1931 378 1969 necessarium
406 1931 469 1969 est
497 1928 549 1968 ad
575 1929 687 1969 hunc
721 1934 875 1969 statum
907 1931 964 1970 ita
990 1931 1131 1971 omnia

96 1991 347 2042 relinquere,
369 1994 414 2029 ut
431 2002 516 2030 non
535 1990 657 2031 liceat
670 1991 826 2043 aliquid
845 1994 1058 2044 proprium
1068 2004 1131 2032 re·

96 2051 226 2092 tinere
246 2055 318 2092 aut
353 2052 584 2103 acquirere.
622 2054 811 2104 Denique
842 2054 920 2093 hoc
950 2055 1133 2094 maxime

95 2113 343 2154 confirmare
354 2114 546 2154 videntur
562 2114 630 2153 illa
640 2115 764 2154 verba
776 2116 1006 2155 Innocentii
1016 2116 1131 2163 IiI,in

97 2185 188 2227 cap.
206 2175 305 2217 Cum
320 2176 374 2217 ad
381 2177 684 2226 monasterinm,
706 2176 758 2216 de
774 2178 889 2217 Statu
902 2178 1095 2217 monach.
1118 2187 1131 2218 2

97 2235 312 2279 Abdicatio
333 2238 594 2291 proprietatis
614 2239 722 2281 sicut
744 2243 781 2280 et
811 2241 990 2282 custodia
1012 2240 1133 2282 casti-

99 2299 199 2341 tatis
215 2300 307 2340 adeo
321 2303 380 2341 est
399 2312 552 2341 anneoea
565 2301 714 2353 reyatoe
731 2301 969 2350 monachali,
982 2306 1027 2342 ut
1042 2312 1133 2343 con-

98 2362 166 2402 tra·
205 2371 291 2400 eam
321 2372 390 2402 nee
418 2361 613 2403 Summus
638 2362 831 2412 Pontifex
857 2365 983 2414 possit
1010 2364 1133 2404 ticen-

97 2423 198 2463 tiam
224 2422 443 2474 indulyere.
467 2423 584 2463 Unde
605 2423 707 2462 nihil
732 2424 992 2475 frequentius
1009 2424 1132 2465 estin

92 2483 203 2535 jure,
227 2488 268 2523 et
291 2484 587 2535 interpretibus
618 2486 723 2536 ejus,
751 2497 877 2536 quam
900 2486 1133 2538 proprieta-

96 2549 181 2584 tem
196 2557 431 2596 repugnare
459 2545 584 2585 statui
610 2547 820 2598 religioso,
862 2551 905 2586 ut
931 2551 1045 2598 patet
1080 2559 1131 2588 ex

96 2616 188 2657 cap.
207 2607 412 2656 Monacki,
434 2612 475 2647 et
491 2619 582 2659 cap.
599 2607 734 2660 Super
747 2609 929 2662 quodam,
946 2609 998 2649 de
1015 2610 1131 2650 Statu

94 2668 306 2716 monach„
341 2672 380 2707 et
403 2669 533 2709 multa
552 2669 605 2710 de
626 2670 777 2711 eadem
801 2682 848 2710 re
877 2669 1058 2711 diximus
1084 2671 1131 2713 in

96 2731 207 2770 tomo
227 2729 447 2781 superiori.

149 2792 212 2831 ss.
248 2790 366 2831 Certa
382 2791 865 2835 resoluta—Probatur
891 2794 1133 2836 auctoritate

97 2851 310 2902 Pontificis
345 2853 533 2905 Greqorii
564 2853 705 2895 XIII.
729 2856 1003 2897 -Probatur
1035 2857 1132 2898 item

96 2913 612 2955 ratione—Nihilominus
634 2916 909 2957 certissimum
935 2922 1020 2967 est,
1052 2919 1131 2959 hoc

96 2977 235 3015 votum
282 2977 537 3028 paupertatis
588 2977 840 3018 scholarium
879 2980 1094 3020 Societatis
1117 3011 1128 3030 ,

98 3037 220 3088 quale
240 3049 266 3077 a
284 3039 404 3078 nobis
423 3039 677 3079 declaratum
699 3044 783 3090 est,
806 3053 897 3081 esse
926 3043 1131 3082 sufficien-

99 3094 300 3138 tissimum
321 3099 374 3140 ad
391 3113 536 3140 verum
554 3106 708 3146 statum
724 3103 965 3156 religiosum
981 3105 1129 3144 consti-

101 3159 314 3207 tuendum,
331 3161 414 3201 imo
430 3166 471 3202 et
490 3163 751 3215 acquirendae
768 3165 1009 3216 perfectioni
1028 3166 1130 3206 nihil

103 3217 295 3259 obstare·
286 3232 328 3259 m
344 3222 417 3261 tali
428 3226 548 3265 statu.
567 3226 684 3272 Quod
699 3227 868 3278 quidem
884 3228 1130 3268 auctoritate

27 3278 29 3281 ’
103 3279 354 3321 sufficienter
384 3284 673 3338 confirmatur,
707 3289 947 3330 definitione
975 3289 1131 3343 Grego-

26 3390 29 3391 ⁷
100 3340 152 3381 rii
170 3341 273 3392 XIII,
289 3343 360 3394 qui
379 3349 600 3397 utrumque
616 3348 669 3389 de
687 3350 758 3390 illo
775 3356 870 3391 voto
890 3351 1128 3403 declaravit,

101 3401 257 3443 scilicet
279 3409 319 3444 et
338 3416 422 3444 non
439 3406 624 3458 obligare
640 3410 694 3450 ad
710 3412 1031 3464 relinquendum
1050 3417 1132 3453 sta·

101 3463 177 3504 tIm
191 3476 316 3506 omne
335 3466 580 3517 dominium,
602 3471 644 3508 et
657 3471 924 3514 nihilominus
943 3486 1034 3514 esse
1053 3473 1134 3514 suf-

101 3523 263 3576 ficiens,
280 3533 327 3568 ut
342 3541 436 3569 cum
458 3530 548 3569 aliis
566 3530 671 3570 votis
689 3543 835 3574 verum
850 3547 898 3576 ac
916 3536 1133 3588 proprium

101 3586 344 3641 religiosum
370 3593 606 3636 constituat.
627 3593 729 3644 Imo,
754 3595 868 3648 quod
898 3598 1035 3650 majus
1052 3602 1131 3651 est,

457 200 550 238 mr.
572 201 629 236 iv.
652 191 795 236 varim
813 199 1100 237 murem-ns
1119 199 1382 236 scnommun
1403 201 1640 240 somma-ns
1660 204 1768 247 msa,
1791 199 1897 241 mc.-

1193 268 1291 308 Pius
1316 268 1354 308 V
1374 271 1500 308 antea
1518 269 1801 312 declaraverat
1828 282 1920 312 esse
1947 270 2158 313 sufficiens
2176 273 2231 315 ad

1192 328 1552 379 constituendum,
1572 343 1658 370 non
1677 333 1812 373 solum
1833 345 1979 374 verum
2000 345 2236 404 pauperem

1192 390 1515 442 Evangelicum,
1538 391 1612 431 sed
1638 394 1762 433 etiam
1781 396 2104 436 mendicantem.
2125 384 2236 438 Nam

1193 451 1238 492 in
1258 452 1376 492 Bulla
1403 453 1510 493 Dum
1530 453 1754 503 indefessoe,
1773 455 1825 494 de
1842 460 1927 496 tota
1948 458 2168 507 Societate‚
2190 462 2232 499 et

1191 512 1247 555 de
1271 513 1447 565 singulis
1479 514 1571 565 ejus
1604 515 1794 565 personis
1816 516 2054 569 declaravit,
2087 531 2174 562 vero
2195 523 2234 562 et

1190 586 1271 616 non
1300 577 1392 628 ficte
1426 576 1642 628 religiosos
1671 576 1956 618 mendicantes
1975 581 2118 631 fuisse,
2139 593 2232 623 esse

1194 641 1235 678 et
1254 637 1358 677 fore.
1391 637 1678 688 Explicaverat
1703 642 1844 678 autem
1875 641 2000 690 paulo
2033 647 2156 684 antea
2185 634 2238 717 se}

1193 698 1307 749 loqui
1329 699 1380 738 de
1400 698 1622 747 Societate,
1639 704 1683 738 ut
1703 698 1849 738 domos
1869 704 1910 740 et
1929 702 2102 754 collegia
2120 699 2238 751 com-f

1194 760 1407 811 plectitur;
1430 759 1540 798 unde
1559 771 1644 798 non
1663 764 1725 798 est
1741 760 1914 800 dubium
1936 763 2033 813 quin
2057 765 2133 803 sub
2153 744 2238 814 illisf

1193 820 1332 859 verbis
1362 820 1571 860 scholares
1603 821 1856 872 appiohatos
1888 825 2239 875 comprehendat:

1194 881 1364 933 Oportet
1397 886 1539 922 autem
1574 886 1620 922 ut
1648 882 1824 932 ratione,
1860 883 2153 936 similitudine,
2192 892 2235 929 et

1192 944 1394 995 exemplis
1423 945 1640 984 veritatem
1676 945 1783 984 hanc
1817 946 2152 997 comprobemus.
2184 943 2239 989 Et‘

1191 1006 1296 1044 ratio
1330 1004 1502 1057 quidem
1538 1007 1735 1058 applicari
1767 1007 1833 1047 hic
1862 1012 1999 1059 potest
2031 1009 2122 1059 illa,
2150 1022 2240 1062 qua,

1193 1078 1306 1119 saepe
1327 1068 1368 1106 in
1391 1066 1674 1119 superioribus
1702 1068 1766 1108 usi
1794 1081 1965 1118 sumus;
1992 1071 2104 1122 quia,
2127 1067 2240 1111 scili-¹

1193 1133 1273 1178 cet,
1290 1134 1513 1181 paupertas
1532 1142 1615 1169 non
1636 1129 1763 1169 habet
1785 1135 1939 1170 certam
1960 1136 2000 1172 et
2020 1132 2234 1174 definitam

1192 1203 1432 1231 mensuram
1452 1205 1525 1243 pro
1548 1192 1741 1231 omnibus
1761 1193 2033 1244 religionibus
2047 1225 2056 1242 ,
2080 1207 2154 1234 seu
2173 1207 2241 1249 re-¹

1192 1253 1350 1304 ligiosis
1386 1254 1587 1302 statibus,
1622 1254 1699 1293 sed
1735 1254 1962 1306 unicuique
2004 1256 2242 1309 applicatur⁴

1189 1314 1309 1363 juxta
1339 1315 1652 1366 proportionem
1685 1315 1781 1356 finis
1817 1317 1895 1355 sibi
1925 1318 2152 1369 propositi,
2188 1322 2242 1376 ut

1192 1377 1408 1413 annotavit
1437 1378 1561 1414 Divus
1586 1377 1783 1425 Thomas,
1817 1379 2004 1428 opuscul.
2039 1381 2106 1427 17,
2139 1392 2231 1432 cap.

1190 1435 1354 1475 decimo
1373 1435 1519 1486 quinto
1541 1440 1582 1475 et
1602 1435 1766 1476 decimo
1795 1443 1928 1487 sexto,
1961 1445 2003 1479 et
2034 1441 2145 1480 sumi
2163 1454 2235 1494 po-

1190 1501 1272 1538 test
1288 1509 1338 1537 ex
1356 1497 1520 1546 eodem,
1545 1498 1824 1550 observatque
1846 1500 1902 1539 ibi
1919 1502 2112 1550 Conrad.,
2132 1504 2170 1542 1.
2190 1505 2232 1552 2,

1188 1561 1421 1613 quaestione
1443 1562 1520 1600 108
1539 1590 1550 1609 ,
1575 1561 1735 1600 articul.
1759 1563 1808 1610 4,
1832 1567 1874 1601 et
1891 1575 1943 1602 ex
1963 1566 2003 1603 2.
2027 1566 2067 1612 2,
2100 1575 2234 1614 quaes-

1190 1623 1303 1662 tione
1326 1623 1419 1669 186,
1441 1621 1599 1661 articul.
1636 1623 1661 1662 G
1697 1627 1738 1662 et
1773 1625 1826 1673 73
1862 1628 1904 1663 et
1934 1625 2118 1672 Covarr.,
2142 1626 2187 1665 in
2206 1627 2236 1666 4

1189 1684 1364 1731 Decret.,
1387 1687 1493 1734 part.
1516 1685 1557 1731 2,
1582 1695 1671 1735 cap.
1697 1684 1737 1732 3,
1756 1683 1779 1736 ξ
1802 1686 1816 1723 i
1838 1715 1851 1735 ,
1874 1698 2050 1726 numero
2071 1687 2233 1727 decimo

1191 1750 1350 1793 octavo,
1366 1746 1437 1783 ubi
1453 1746 1560 1784 inter
1578 1746 1658 1784 alia
1676 1744 1748 1794 ait,
1762 1759 1843 1786 non
1865 1759 1958 1788 esse
1979 1753 2122 1788 contra
2139 1749 2234 1790 suh·

1190 1807 1386 1846 stantiam
1408 1806 1620 1858 religionis
1644 1819 1794 1846 vovere
1815 1812 2106 1859 paupertatem
2125 1811 2234 1850 limi-

1188 1872 1333 1916 tatam,
1356 1868 1451 1907 licet
1487 1868 1618 1919 possit
1650 1879 1744 1907 esse
1777 1874 1921 1908 contra
1958 1862 2242 1912 substantiam

1187 1930 1287 1977 voti,
1326 1933 1482 1968 attenta
1516 1930 1717 1980 qualitate
1750 1931 1965 1981 religionis
1993 1945 2119 1984 quam
2141 1924 2242 1986 quis

1186 1991 1423 2042 profitetur.
1462 1991 1564 2030 Cum
1601 1992 1711 2030 enim
1751 1999 1978 2043 paupertas
2011 1995 2147 2034 solum
2183 1996 2235 2038 sit

1186 2052 1510 2091 instrumentum
1527 2052 1807 2104 perfectionis,
1827 2054 1896 2092 illa
1915 2055 1957 2093 in
1978 2067 2233 2108 unaquaque

1186 2114 1390 2165 religione
1416 2114 1565 2153 sufficit
1583 2114 1636 2153 ad
1658 2114 1930 2154 substantiam
1954 2117 2135 2168 religiosi
2155 2122 2233 2158 sta-

1187 2178 1269 2224 tus,
1298 2188 1390 2228 quae
1424 2176 1550 2215 fuerit
1585 2177 1820 2216 necessaria
1856 2181 1897 2216 et
1932 2179 2143 2219 sufficiens
2178 2180 2234 2220 ad

1186 2238 1418 2290 perfectum
1447 2238 1577 2277 finem
1610 2238 1653 2276 in
1686 2239 1756 2277 tali
1784 2239 1983 2290 religione
2009 2241 2229 2282 intentum.

1186 2299 1383 2347 Quamvis
1404 2301 1514 2339 enim
1535 2299 1577 2338 in
1604 2301 1799 2339 omnibus
1818 2301 2089 2353 religionibus
2112 2296 2241 2344 detur¹

1187 2362 1368 2401 essentia
1403 2362 1630 2412 religionis,
1669 2363 1938 2402 nihilominus
1971 2364 2127 2415 aliquid
2158 2359 2241 2418 po?

1187 2427 1266 2463 test
1287 2424 1495 2475 pertinere
1518 2423 1571 2462 ad
1597 2425 1821 2463 essentiam
1850 2426 1987 2473 unius,
2012 2426 2125 2476 quod
2146 2438 2233 2467 non

1185 2486 1393 2535 pertineat
1413 2485 1466 2524 ad
1485 2486 1709 2524 essentiam
1727 2486 1911 2525 alterius.
1933 2487 2051 2533 Quod
2076 2488 2232 2540 signifi-

1186 2546 1295 2585 cavit
1327 2547 1557 2586 Concilium
1591 2547 1904 2595 Tridentinum,
1944 2549 2118 2589 session.
2159 2551 2228 2599 25,

1186 2618 1277 2659 cap.
1302 2610 1321 2647 1
1338 2637 1351 2656 ,
1374 2607 1426 2645 de
1452 2604 1668 2657 Regular„
1698 2606 1740 2644 in
1767 2607 1847 2646 illis
1868 2608 2006 2647 verbis
2026 2620 2038 2647 ε
2062 2609 2158 2656 Quoe
2177 2610 2232 2651 ad

1184 2680 1271 2711 suoe
1285 2667 1552 2718 professionis
1567 2669 1874 2719 perfectionem,
1910 2673 1958 2709 ut
1985 2670 2240 2719 obedientice,¹v

1179 2728 1450 2781 paupertatis,
1477 2732 1513 2768 et
1533 2730 1753 2777 castitatis,
1780 2733 1878 2779 etc.,
1906 2731 1960 2771 ad
1979 2742 2113 2771 eoram
2142 2728 2241 2772 res-⁹

1182 2791 1334 2843 pectine
1370 2791 1601 2840 essentiam,
1632 2794 1739 2839 etc.,
1775 2791 2021 2843 pertinentia
2053 2787 2240 2843 fideliter

1187 2853 1400 2892 observent.
1439 2853 1545 2904 Ergo
1564 2882 1577 2901 ,
1623 2853 1812 2904 quamvis
1853 2853 2064 2892 abdicatio
2093 2854 2228 2894 omnis

1185 2914 1449 2967 proprietatis
1491 2915 1630 2953 statim
1669 2919 1710 2956 et
1743 2915 1832 2954 sine
1867 2915 1952 2954 ulla
1990 2916 2227 2956 conditione

1185 2978 1393 3030 pertineat
1416 2976 1470 3016 ad
1489 2977 1764 3016 substantiam
1789 2977 1966 3027 alicujus
1986 2981 2116 3016 status
2135 2978 2228 3017 reli-

1186 3038 1305 3091 giosi,
1340 3050 1425 3076 non
1462 3042 1683 3089 propterea
1716 3050 1889 3077 necesse
1918 3042 1980 3077 est
2015 3043 2061 3078 nt
2098 3039 2150 3078 sit
2175 3039 2228 3079 de

1186 3100 1417 3140 substantia
1442 3099 1577 3138 omnis
1605 3099 1845 3150 hujusmodi
1866 3104 2010 3139 status.
2031 3101 2077 3139 In
2090 3100 2228 3140 Socie-

1184 3165 1270 3203 tate
1307 3166 1447 3200 autem
1481 3165 1638 3210 nostra,
1678 3162 1924 3201 auctoritate
1960 3162 2226 3201 Summorum

1185 3223 1431 3265 Pontificum
1451 3223 1708 3263 declaratum
1729 3227 1791 3262 est
1810 3223 1864 3262 ad
1883 3223 2011 3262 finem
2033 3223 2122 3273 ejus
2142 3219 2228 3260 suf-

1185 3286 1310 3327 ficere
1326 3298 1401 3337 pro
1424 3286 1559 3338 gradu
1579 3285 1829 3324 scholarium
1851 3285 1956 3324 illud
1977 3295 2107 3335 genus
2124 3293 2226 3332 pau-

1185 3349 1381 3419 pertati53
1403 3351 1443 3388 et
1468 3349 1539 3387 illa
1554 3348 1778 3387 constituta
1800 3350 1862 3386 est
1881 3351 1924 3385 ut
1945 3343 2226 3384 substantialis

1186 3410 1231 3450 in
1247 3411 1319 3450 tali
1335 3410 1467 3464 gradu
1484 3410 1666 3462 religiosi
1685 3413 1833 3456 status,
1852 3413 1892 3447 et
1909 3416 2053 3446 revera
2067 3408 2130 3443 est
2144 3404 2228 3444 suf-

1187 3474 1332 3514 ficiens
1363 3474 1416 3513 ad
1445 3473 1746 3526 perfectionem
1767 3467 2092 3520 acquirendam3
2123 3477 2226 3521 ergo

1187 3540 1331 3577 votum
1343 3537 1437 3588 ejus
1452 3536 1529 3575 erit
1543 3536 1668 3575 etiam
1684 3532 1892 3573 sufficiens
1906 3529 1961 3569 ad
1974 3528 2226 3572 constituen-

1186 3597 1289 3639 dum
1304 3599 1548 3652 religiosum
1566 3601 1732 3639 statum.

2150 203 2343 245 717*
