2352 3880
95 63 298 111 ‘qbvei
333 60 343 69 '

135 109 214 125 e-Q-
238 111 265 124 ¹¹⁸

79 338 184 381 dum
214 340 259 379 in
284 341 348 380 his
377 340 482 381 votis
508 339 748 386 societatis,
776 349 906 390 >quam
937 338 982 378 in
1013 342 1108 378 voto

0 419 2 422 >
23 398 32 442 f?
57 390 256 452 ’fstmplici
277 402 494 448 castitatis;
515 401 610 451 quia
627 400 693 439 hic
712 399 1029 450 dispensaturin
1042 411 1109 439 ve-

0 495 9 514 ;
33 469 130 505 ,awo
147 473 195 500 ac
211 463 377 514 proprio
391 467 501 503 statu
513 462 720 514 neligioso,
736 461 848 511 quod
864 474 945 500 non
962 473 1105 508 unum,

18 538 34 569 ,·
81 522 156 562 sed
183 523 306 575 plura
333 527 537 575 perpetua
570 527 664 562 vota
693 522 888 571 includit,
908 535 987 562 nec
1018 522 1106 562 sola

2 578 12 586 ”
75 588 174 640 'vota
192 597 263 623 seu
279 585 670 635 promissiones,sed
685 584 810 624 etiam
826 584 1103 633 traditionem,

80 644 122 682 in
141 657 222 696 qua
238 645 443 684 difficilius
462 645 725 697 dispensatur
738 676 748 693 ,
770 650 815 684 ut
839 658 890 685 ex
914 645 1103 697 superius

79 704 199 746 dictis
215 711 388 746 constat.
415 707 505 746 Non
527 710 593 746 est
611 709 768 754 autem,
789 707 1031 759 regulariter
1046 708 1104 746 lo-

11 760 16 763 *
76 767 256 815 quendo,
270 768 505 807 necessaria
525 772 607 807 tam
630 769 764 820 gravis
782 782 921 818 causa,
939 773 984 807 ut
1002 770 1103 807 Pon-

76 826 175 866 tifex
205 829 417 880 dispenset
438 830 480 868 in
502 830 579 868 hoc
597 830 774 878 vinculo,
799 831 902 870 sicut
933 830 988 869 ad
1023 830 1104 868 dis-

75 891 335 940 pensandum
353 891 397 929 in
410 891 665 942 professione
685 892 878 938 solemni;
895 892 992 942 quia
1010 904 1104 932 cum

76 949 262 990 Pontifex
290 952 441 991 habeat
460 953 566 992 circa
586 954 663 992 hoc
688 954 898 992 vinculum
924 965 1007 992 non
1037 966 1104 992 so-

75 1010 162 1050 lum
189 1016 434 1063 potestatem
469 1014 750 1065 dispensandi,
773 1014 845 1053 sed
873 1014 995 1052 etiam
1015 1014 1103 1053 irri-

74 1074 202 1121 tandi,
220 1079 416 1127 tanquam
433 1088 648 1127 supremus
662 1076 854 1114 Praelatus
874 1075 1099 1127 1eligionis‚

77 1137 264 1185 quamvis
278 1149 399 1176 causa
411 1150 495 1176 non
512 1137 561 1175 sit
576 1137 792 1187 adaequata
811 1141 1002 1187 respectu
1023 1138 1104 1176 dis-

74 1198 343 1247 pensationis,
364 1198 607 1248 regulariter
622 1198 780 1248 aliquid
800 1199 959 1238 confert
978 1199 1031 1238 ad
1049 1199 1103 1238 ir-

73 1257 321 1306 ritationem,
359 1262 401 1297 et
436 1258 530 1297 ideo
560 1259 874 1309 conjungendo,
913 1264 953 1298 et
982 1260 1100 1310 quasi

75 1319 284 1358 miscendo
303 1323 440 1358 actum
458 1320 671 1369 utriusque
692 1321 919 1371 potestatis,
941 1321 1102 1360 facilius

73 1383 206 1430 potest
237 1380 314 1419 hoc
349 1381 557 1420 vinculum
586 1381 767 1420 dissolvi.
798 1382 884 1420 Imo
902 1412 911 1428 ‚
934 1394 983 1421 eo
1011 1383 1100 1433 ipso

71 1440 183 1491 quod
211 1441 289 1480 hoc
321 1442 530 1482 vinculum
555 1455 640 1482 non
661 1447 723 1482 est
741 1447 824 1482 tam
847 1444 1098 1493 absolutum,

72 1501 176 1541 sicut
195 1502 417 1554 professio,
442 1504 605 1544 videtur
624 1516 716 1545 esse
750 1505 1030 1557 dispensabile
1049 1517 1101 1545 ex

71 1550 220 1603 minori
232 1576 373 1607 causa.

427 1654 487 1694 De
501 1653 743 1697 irritatione.

120 1749 164 1788 6.
202 1749 291 1790 Una
310 1749 532 1801 suppositio
547 1766 565 1789 .·
583 1754 698 1790 extra
726 1748 965 1792 Societatem
991 1762 1099 1793 nemo

70 1812 198 1860 potest
215 1811 382 1850 irritare
400 1814 487 1849 cota
508 1811 763 1850 scholarium.
778 1812 986 1851 -Altera
1006 1825 1100 1865 sup—

67 1870 214 1922 positio
228 1887 245 1909 .·
263 1870 446 1911 Societas
470 1874 611 1922 potest.
627 1872 827 1911 —Tertio
849 1872 941 1911 loco
962 1873 1100 1911 dicen-

67 1931 168 1972 dum
187 1936 375 1983 superest
394 1932 446 1977 de
466 1932 709 1978 irritatione,
730 1933 782 1972 de
802 1945 884 1984 qua
901 1933 984 1972 duo
1004 1938 1101 1973 sunt

70 1998 195 2035 certa.
229 1995 409 2033 Primum
438 1998 512 2042 est,
545 1999 791 2046 potestatem
812 1995 1001 2034 irritandi
1022 1997 1100 2036 hoc

60 2056 278 2097 ‘vinculum
301 2055 412 2107 apud
430 2055 642 2096 nemiuem
663 2068 755 2095 esse
780 2061 895 2095 extra
917 2058 1101 2097 Societa-

74 2121 169 2164 tem,
184 2116 295 2168 quod
314 2129 388 2168 per
409 2129 454 2156 se
474 2121 618 2156 notum
635 2122 711 2166 est,
729 2119 1001 2169 supponendo
1020 2119 1101 2158 dic—

71 2180 225 2219 tionem
245 2178 494 2218 exclusit-am
515 2179 555 2217 in
576 2179 654 2218 hac
675 2180 849 2218 materia
867 2192 951 2218 non
966 2181 1102 2219 exclu-

73 2241 171 2280 dere
184 2241 401 2281 Summum
418 2240 670 2289 Pontificem,
694 2254 785 2280 cum
807 2241 859 2280 sit
883 2253 1103 2293 supremus

73 2300 280 2351 Praelatus,
296 2306 341 2341 ut
356 2314 467 2353 saepe
491 2303 646 2342 dictum
665 2305 741 2341 est.
765 2303 1003 2343 Secundum
1024 2307 1101 2351 est,

74 2363 318 2405 Societatem
340 2363 490 2402 habere
505 2365 612 2403 hanc
627 2367 886 2415 potestatem.
899 2366 985 2404 Hoc
1006 2377 1103 2404 con-

70 2427 155 2465 stat
171 2435 222 2463 ex
241 2424 359 2462 bullis
380 2425 618 2472 Pontificiis,
640 2425 681 2463 in
702 2427 852 2476 quibus
872 2426 1105 2466 declaratur

70 2484 164 2525 haec
184 2489 277 2525 vota
298 2485 544 2524 scholarium
561 2490 624 2537 (et
643 2487 754 2526 idem
774 2491 836 2526 est
856 2487 906 2526 de
936 2488 1052 2538 coadj
1061 2501 1106 2526 u·-

72 2547 232 2587 toribus
251 2547 376 2587 etiam
397 2546 603 2600 formatis)
623 2547 715 2586 tieri
733 2549 810 2587 suh
832 2559 881 2587 ea
900 2549 1103 2587 conditio—

72 2619 141 2658 ne,
163 2612 222 2656 ut,
245 2608 305 2647 eis
332 2620 416 2647 non
439 2609 714 2656 obstantibus,
735 2621 921 2660 personae
946 2610 1105 2661 possint

72 2670 201 2712 libere
222 2669 386 2718 dimitti,
422 2682 547 2721 quam
585 2671 885 2718 dimissionem,
914 2672 1106 2711 irritatio-

73 2743 168 2773 nem
189 2743 300 2771 nunc
317 2731 598 2783 appellamus;
622 2732 719 2783 quia
739 2744 813 2783 per
832 2744 924 2772 eam
950 2734 1106 2772 tollitur

74 2793 281 2834 vincutum
298 2797 341 2833 et
361 2796 504 2833 votum
517 2823 528 2838 ,
547 2794 666 2845 quasi
685 2806 760 2846 per
780 2794 1103 2834 subtractionem

72 2855 273 2902 materiae,
294 2853 390 2905 quia
409 2854 562 2894 desinit
579 2867 670 2894 esse
694 2856 873 2895 conditio
891 2886 901 2903 ‚
922 2856 999 2895 sub
1020 2869 1102 2907 qua

129 2919 235 2986 tum
254 2916 475 2968 obligabat.
496 2917 546 2956 Et
564 2917 616 2956 de
639 2918 716 2956 hac
745 2921 946 2968 potestate
965 2918 1104 2956 dimit-

179 2978 342 3017 'sermo
363 2982 427 3018 est
443 2978 487 3017 in
504 2979 687 3018 secunda
707 2983 823 3030 parte
841 2979 1104 3019 Constitutio-

180 3039 477 3088 Societatis,c.
496 3042 535 3088 4,
556 3045 600 3080 et
621 3041 770 3080 dicitur
796 3042 991 3092 primario
1012 3053 1104 3081 esse

71 3100 239 3140 aeota
263 3100 487 3149 societate,
518 3103 684 3153 quando
713 3103 755 3142 in
782 3104 1104 3155 congregatione

80 3161 264 3228 generali
282 3167 420 3203 coacta
437 3163 573 3213 fuerit,
601 3165 756 3216 alioqui
775 3166 868 3216 jure
897 3165 1105 3205 ordinario

82 3232 175 3260 esse
201 3220 247 3260 in
269 3221 488 3274 Proposito
512 3225 724 3276 Generali;
751 3226 794 3265 in
816 3226 906 3265 aliis
924 3238 1022 3266 vero
1043 3227 1106 3265 in-

5 3322 35 3338 -.
80 3281 299 3321 tertoribus
318 3283 546 3334 Praepositis
564 3292 685 3338 prout
713 3288 766 3326 ab
794 3287 888 3339 ipso
925 3299 1107 3326 commu-

78 3343 217 3386 :ficata
236 3343 374 3395 fuerit.
396 3345 466 3384 Est
485 3349 623 3386 tamen
641 3349 958 3398 advertendum,
978 3349 1021 3387 in
1039 3348 1108 3388 So-

8 3438 13 3448 -.
36 3423 37 3426 “
76 3404 228 3447 nietam
246 3417 331 3444 non
350 3406 486 3446 solum
502 3417 596 3446 esse
612 3413 858 3458 potestatem
873 3409 1108 3451 dimittendi

69 3465 276 3526 &eriora
292 3467 496 3516 membra,
519 3468 594 3508 sed
614 3470 740 3510 etiam
757 3473 996 3514 solemniter
1016 3483 1110 3524 pro-

13 3579 17 3585 ¹
6 3512 231 3588 ytaeus,
261 3532 302 3568 et
328 3529 372 3568 in
403 3529 543 3581 aliquo
563 3541 659 3570 raro
686 3543 800 3600 casu,
831 3534 955 3574 etiam
973 3534 1111 3586 ipsum

4 3592 14 3594 ”
38 3600 46 3611 ·
174 3588 355 3642 pontum
384 3589 656 3640 Generalem,
692 3595 738 3632 ut
768 3592 814 3634 in
845 3605 962 3636 nona
992 3598 1113 3648 parte

42 3006 63 3035 ς

62 255 63 259 1
357 212 447 248 cir.
467 211 526 249 nr.
547 212 605 247 An
623 209 882 247 scammum
901 194 1014 247 veri
1032 210 1154 247 rem
1166 183 1344 248 ⁸rossnir
1363 213 1444 249 rsa
1463 195 1826 263 continui-mm,
1847 219 1941 269 eru.

128 283 130 286 ’
157 298 162 311 ··
193 288 362 320 causam
376 290 474 319 esse
487 277 771 332 ,necessariam
789 276 849 317 ad
870 276 1112 329 dispensan-

2113 219 2193 264 691

1167 278 1532 329 Constitutionum,
1546 293 1585 323 c.
1603 285 1646 331 4,
1667 283 1747 337 §7.
1766 285 1817 325 Et
1830 284 2065 338 declaratur
2089 286 2135 327 iu
2150 289 2194 339 2,
2255 267 2258 307 2
2304 257 2307 262 ›

1162 350 1202 378 c.
1225 342 1264 387 1,
1279 339 1342 379 lit.
1359 341 1391 379 A
1407 345 1446 379 et
1461 341 1505 388 C,
1521 342 1588 380 et
1577 355 1620 381 m
1634 357 1723 397 cap.
1737 345 1898 387 decimo
1909 347 2127 397 tertio,1it.
2143 348 2194 404 A.

1164 401 1234 440 Est
1248 405 1390 440 tamen
1413 401 1657 451 differentia,
1677 407 1789 455 quod
1806 408 1980 459 professi
1998 421 2084 448 non
2101 422 2196 465 pos-

1165 466 1261 500 sunt
1293 462 1411 501 liberi
1443 462 1615 510 dimitti,
1638 469 1679 503 et
1695 465 1790 506 ideo
1817 481 1865 508 ea
1891 469 2077 510 dimissio
2107 483 2197 513 non

1165 522 1346 563 continet
1380 524 1654 564 irritationem
1685 526 1852 578 vinculi,
1874 532 1947 569 sed
1978 533 2110 572 solam
2130 545 2198 575 Se-

1161 585 1419 634 parationem
1441 598 1464 624 a
1482 590 1604 634 eoem,
1630 591 1670 626 et
1690 589 1878 627 convictu
1892 593 2122 643 societatis,
2142 595 2198 637 si-

1161 650 1230 685 cut
1247 646 1375 684 etiam
1392 650 1569 697 possunt
1587 648 1734 688 dimitti
1753 651 1924 700 professi
1941 653 2115 695 aliarum
2132 668 2198 698 re-

1159 706 1376 758 ligionum,
1398 710 1443 746 ιιῐ
1468 716 1608 759 supra,
1627 713 1742 750 tract.
1775 713 1814 758 8,
1837 711 1990 751 dictum
2019 719 2094 754 est.
2115 717 2196 758 Alii

1158 780 1259 806 vero
1280 767 1321 806 in
1343 768 1604 808 inferioribus
1632 772 1828 822 gradibus
1850 774 2073 822 constituti,
2096 789 2196 826 prae-

1161 830 1385 880 sertimque
1407 832 1618 870 scholares
1640 833 1872 884 approbati,
1897 835 2018 873 liberi
2045 840 2086 875 et
2105 837 2194 876 abs-

1161 903 1240 941 que
1258 891 1421 930 vinculo
1441 893 1635 943 religioso
1656 894 1802 933 dimitti
1824 901 2012 945 possunt,
2028 901 2068 936 et
2086 897 2194 938 hane

1159 965 1354 992 vocamus
1375 958 1623 1004 potestatem
1642 955 1826 994 irritandi
1846 957 1942 995 talia
1965 962 2074 996 vota.

1211 1017 1252 1054 7.
1283 1016 1478 1063 Dubium,
1516 1028 1568 1055 cm
1598 1017 1696 1057 talis
1725 1018 1906 1057 irritatio
1938 1019 2068 1060 caleat
2109 1017 2197 1061 sine

1159 1088 1294 1117 causa.
1316 1098 1369 1105 -
1386 1077 1457 1115 His
1484 1089 1584 1128 ergo
1611 1078 1768 1128 positis,
1799 1078 2019 1117 difficultas
2052 1079 2195 1131 praeci-

1158 1151 1240 1190 pua
1270 1138 1395 1188 hujus
1425 1139 1565 1189 puncti
1597 1143 1671 1184 est,
1705 1152 1757 1178 an
1786 1140 1878 1178 talis
1916 1140 2089 1179 irritatio
2129 1153 2195 1181 re-

1159 1200 1294 1250 quirat
1318 1212 1484 1238 causam
1504 1201 1657 1250 justam
1679 1205 1719 1239 et
1752 1202 2123 1252 proportionatam,
2148 1204 2196 1242 ut

1161 1262 1290 1301 valide
1321 1261 1408 1300 fiat.
1438 1262 1612 1307 Quidam
1634 1262 1744 1301 enirn
1773 1265 1971 1309 sentiunt,
2005 1265 2195 1315 quamvis

1157 1323 1341 1362 Societas
1358 1322 1630 1371 nour-debeat,
1646 1336 1724 1362 nec
1742 1324 1849 1363 licite
1868 1325 2011 1375 possit,
2034 1326 2196 1365 ratione

1155 1396 1327 1422 suarum
1357 1385 1712 1430 constitutionum,
1757 1397 2010 1436 quemquam
2043 1386 2101 1424 sic
2138 1385 2196 1425 di-

1156 1447 1319 1484 mittere
1338 1445 1516 1484 liberum
1538 1446 1625 1484 sine
1647 1458 1772 1484 causa
1799 1447 1927 1498 justa,
1962 1448 2004 1488 in
2036 1448 2194 1487 eisslsm

1155 1507 1518 1546 constitutionibus
1540 1508 1748 1558 assignata
1769 1520 1810 1558 p.
1832 1511 1873 1554 2,
1909 1520 1943 1547 c.
1968 1509 2007 1556 2,
2048 1509 2196 1548 nihilo-

1154 1570 1294 1608 minus
1327 1569 1359 1607 si
1395 1569 1435 1607 id
1467 1569 1606 1614 faciat,
1639 1569 1794 1607 sactum
1821 1574 1981 1615 tenere,
2015 1582 2063 1609 ao
2101 1581 2196 1621 per-

1155 1642 1302 1669 sonam
1332 1629 1447 1667 illam
1481 1630 1650 1668 omnino
1670 1629 1863 1677 liberam,
1892 1635 1932 1669 et
1969 1634 2063 1670 voto
2085 1631 2196 1670 solu-

1155 1694 1241 1729 tam
1271 1690 1433 1729 dimitti.
1464 1691 1798 1729 Fundamentum
1830 1695 1891 1729 est
1923 1691 2074 1741 primo,
2099 1692 2196 1742 quia

1155 1764 1279 1791 omne
1310 1755 1451 1789 votum
1472 1751 1625 1789 factum
1652 1764 1748 1790 cum
1775 1751 2055 1802 dependentia
2083 1765 2108 1790 a
2128 1765 2197 1791 vo-

1154 1814 1313 1852 luntate
1342 1812 1527 1858 alterius,
1553 1813 1618 1850 vel
1647 1812 1723 1850 sub
1747 1812 1999 1858 conditione,
2020 1813 2060 1851 Si
2092 1813 2197 1852 alius

1155 1875 1345 1921 voluerit,
1373 1873 1417 1912 fit
1438 1874 1599 1912 irritum
1627 1886 1701 1912 seu
1724 1873 1882 1912 tollitur
1901 1886 1950 1912 eo
1972 1874 2060 1924 ipso
2086 1875 2198 1925 quod

1156 1937 1261 1976 alter
1281 1948 1366 1975 non
1386 1935 1488 1982 vult,
1529 1935 1691 1974 etiamsi
1718 1935 1787 1974 ille
1808 1948 1883 1986 pro
1916 1936 2003 1974 solo
2029 1936 2197 1976 arbitrio

1156 1998 1245 2037 sine
1267 1998 1348 2035 alia
1371 2008 1495 2035 causa
1523 1997 1638 2035 nolit.
1662 1997 1862 2047 Exempla
1899 2001 2008 2042 sunt,
2045 1997 2077 2036 si
2107 1998 2198 2049 quis

1154 2059 1265 2098 vovit
1281 2057 1441 2109 ingredi
1476 2057 1735 2108 religionem,
1757 2057 1790 2095 si
1828 2061 1948 2108 pater
1984 2058 2196 2109 voluerit3

1156 2132 1254 2159 nam
1283 2123 1400 2170 patre
1425 2118 1597 2157 nolente
1630 2130 1680 2156 ex
1719 2130 1983 2169 quacumque
2020 2120 2196 2169 ratione,

1157 2185 1293 2221 cessat
1309 2179 1579 2230 votum‚quia
1603 2179 1784 2218 conditio
1817 2192 1900 2218 non
1942 2180 2092 2219 existit.
2123 2181 2198 2221 Vct

1156 2243 1192 2283 si
1218 2242 1405 2282 absolute
1426 2242 1535 2281 vovit
1556 2241 1715 2292 ingredi
1738 2241 1999 2292 religionem,
2034 2246 2073 2280 ct
2091 2243 2199 2281 Prae-

1157 2305 1265 2344 latus
1287 2316 1383 2344 eum
1404 2315 1490 2342 non
1507 2303 1605 2343 velit
1625 2302 1829 2354 recipere,
1861 2303 1946 2341 sive
1968 2301 2092 2352 licite,
2115 2303 2200 2343 sive

1159 2365 1312 2411 illicite,
1332 2365 1438 2410 alter
1458 2368 1599 2403 manet
1614 2363 1734 2403 liber.
1751 2363 1835 2404 Sed
1853 2364 1993 2403 omnia
2011 2368 2105 2403 vota
2116 2376 2200 2404 non

1158 2427 1361 2467 solemnia
1382 2425 1596 2466 Societatis
1613 2424 1718 2463 fiunt
1741 2425 1818 2464 sub
1841 2425 1962 2464 simili
2002 2425 2201 2465 conditio-

1157 2500 1229 2535 ne,
1247 2488 1418 2534 scilicet.
1435 2487 1474 2527 Si
1497 2485 1682 2527 Societas
1702 2499 1764 2526 eos
1785 2490 1912 2526 tenere
1932 2487 2048 2535 efflet,
2069 2491 2115 2526 ut
2135 2499 2199 2526 ex-

1158 2550 1335 2601 plicatur
1352 2548 1396 2586 in
1411 2547 1626 2593 Examine‚
1648 2559 1684 2585 c.
1713 2548 1752 2592 7,
1778 2546 1802 2597 ξ
1821 2548 1838 2585 1
1865 2550 1904 2585 et
1927 2549 1968 2594 2,
1990 2551 2030 2586 et
2050 2548 2199 2586 clarius-

1157 2612 1303 2664 quinta
1322 2613 1438 2660 parte
1461 2607 1822 2653 Constitutionum,
1841 2619 1876 2646 c.
1894 2609 1934 2656 4,
1956 2608 2015 2646 lit.
2034 2609 2065 2646 B
2082 2611 2123 2648 et
2148 2608 2198 2657 D,

1160 2673 1233 2712 uhi
1254 2672 1375 2710 etiam
1398 2669 1578 2715 additur,
1595 2668 1690 2707 licet
1706 2673 1920 2716 voventes,
1944 2669 2056 2720 quod
2072 2670 2115 2707 in
2136 2670 2199 2721 ip-

1161 2735 1217 2774 sis
1235 2737 1309 2780 est,
1333 2744 1377 2771 se
1399 2731 1582 2782 obligent
1601 2730 1643 2767 in
1663 2733 1926 2780 perpetuum,
1953 2731 2120 2770 liberum
2137 2735 2199 2771 ta-

1159 2808 1246 2837 men
1266 2805 1345 2834 esse
1361 2790 1558 2833 Societati.
1576 2802 1638 2830 eos
1654 2791 1853 2830 dimittere
1867 2808 1882 2837 ;
1903 2803 2018 2842 ergo,
2042 2803 2091 2830 eo
2110 2791 2197 2842 ipso

1159 2856 1271 2909 quod
1282 2854 1480 2902 Societas,
1506 2865 1581 2892 seu
1597 2852 1792 2891 Praelatus
1811 2851 1972 2891 habens
1993 2852 2036 2890 iu
2058 2865 2105 2891 ea
2128 2865 2193 2903 po*

1158 2922 1365 2963 testatem,
1388 2915 1570 2966 aliquem
1587 2913 1765 2952 retinere
1782 2925 1866 2952 non
1886 2914 1986 2957 vult,
2004 2913 2193 2952 desinun⁴

1161 2980 1345 3030 obligare
1358 2981 1453 3016 vota
1468 2977 1571 3027 ers,
1595 2974 1757 3014 etiamsi
1774 2974 1932 3025 absque
1949 2975 2061 3026 justa
2074 2988 2192 3014 causi.¹

1159 3041 1355 3082 Praelatus
1374 3038 1489 3077 nolit.
1513 3036 1630 3083 Quod
1651 3036 1762 3074 enim
1801 3035 1969 3074 alterius
1998 3036 2196 3077 voluntati

1159 3101 1424 3152 relinquitur,
1443 3099 1601 3137 nullam
1622 3109 1790 3136 causam
1808 3097 1996 3147 requirit.

1216 3165 1255 3204 8.
1287 3164 1336 3202 Et-
1353 3160 1634 3206 confirmatur,
1659 3158 1754 3209 quia
1777 3158 1830 3197 ob
1853 3157 1961 3197 hanc
1979 3158 2196 3206 rationem,

1160 3229 1207 3265 ut
1222 3223 1393 3263 irritatio
1412 3222 1498 3261 voti
1518 3220 1668 3265 valeat,
1690 3219 1804 3258 nulla
1822 3231 1946 3258 causa
1967 3211 2196 3258 necessaria

1162 3291 1238 3332 est,
1254 3289 1300 3324 ut
1326 3296 1451 3335 supra
1477 3281 1668 3329 vidimus,
1693 3280 1790 3331 quia
1821 3280 2017 3318 nimirum
2042 3280 2083 3317 in
2106 3280 2197 3315 voto

1163 3346 1313 3387 subditi
1339 3344 1560 3383 involvitur
1580 3341 1774 3390 conditio,
1808 3341 1863 3382 Si
1887 3342 2091 3381 Proelatus
2111 3346 2200 3376 con-

1163 3409 1344 3450 senserit.
1366 3406 1551 3445 Diximus
1574 3407 1715 3443 antem
1739 3403 1848 3441 hanc
1869 3413 1959 3441 esse
1978 3397 2198 3448 quamdam

1164 3469 1438 3510 irritationem
1464 3471 1679 3512 votorum;
1707 3475 1806 3515 ergo
1840 3461 1997 3500 nullam
2028 3457 2198 3509 requirit

1165 3543 1336 3572 causam
1356 3534 1401 3570 ut
1420 3529 1554 3569 valida
1590 3527 1654 3567 sit.
1694 3524 1966 3565 Confirmatur
1999 3519 2193 3560 secundo.

1166 3594 1266 3646 quia
1283 3606 1335 3634 ex
1354 3593 1418 3632 his
1431 3592 1550 3640 votis,
1571 3602 1645 3630 seu
1659 3586 1878 3629 traditione
1906 3583 2106 3624 scholaris
2128 3596 2177 3633 a,
