2352 3880
30 333 209 382 §copam
246 326 483 367 universali.
520 326 748 375 Quocirca,
784 325 884 365 licet
917 324 1085 365 ambitio

59 383 242 450 'ejusdem
270 388 481 439 dignitatis
508 387 655 439 majori
673 386 833 426 ratione
859 387 990 438 possit
1007 384 1085 425 sub

29 403 41 502 l
72 462 135 501 ¹oc
155 455 249 491 voto
273 449 581 501 comprehendi,
617 453 773 497 tamen,
793 449 892 499 quia
910 449 953 487 in
973 451 1085 488 utra-

24 507 38 555 i
115 524 138 552 e
161 515 276 563 parte
295 511 387 550 talis
407 511 488 550 voti
508 510 560 549 de
582 510 729 548 eadem
748 508 948 559 dignitate
969 512 1084 549 extra

28 568 37 620 ἰ
110 573 298 613 cietatem
315 584 451 611 sermo
471 575 546 618 est,
565 571 676 609 idem
690 572 927 610 necessario
947 575 1008 610 est
1021 570 1082 610 di-

28 630 35 683 i
102 633 254 681 ndum;
285 645 362 671 nec
383 633 471 671 sine
492 644 632 678 causa,
654 631 753 682 quia
777 632 989 671 moraliter
1016 643 1082 671 su-

26 693 33 750 l
84 695 259 736 erfluum
281 698 368 732 erat
385 695 462 732 hoc
481 693 748 744 promittere;
773 705 870 733 cum
890 694 1001 733 enim
1021 693 1082 744 (ut

111 761 210 796 tom.
230 755 282 794 de
303 755 417 802 Fide,
450 754 557 806 disp.
581 756 646 802 ⁴0,
670 758 770 793 sect.
794 756 834 802 4,
857 756 901 794 in
920 755 1004 795 fine
1022 758 1082 794 at-

45 801 138 1004 ng)
154 818 263 869 jure,
287 817 353 856 vel
390 816 692 856 consuetudine
720 816 954 866 ordinaria,
988 816 1082 855 talis

77 880 194 920 lectio
215 891 298 917 non
316 878 402 925 fiat,
421 878 561 916 nullus
591 878 715 916 etiam
734 882 797 917 est
814 879 884 929 qui
904 878 1082 929 dignita-

69 953 134 982 em
153 940 263 979 illam
280 939 518 978 immediate
531 940 686 978 ambiat
702 945 771 979 aut
783 945 989 991 procuret,
1007 939 1083 980 sed

55 1001 255 1043 mediante
273 1001 550 1047 Cardinalatu,
565 1005 606 1040 et
626 1001 721 1040 ideo
733 1001 829 1040 huic
846 1001 970 1039 modo
983 1001 1082 1040 satis

49 1063 259 1117 provisum
277 1067 352 1109 est,
376 1061 640 1114 impediendo
662 1074 827 1102 omnem
842 1060 1082 1112 praetensio-

49 1125 208 1165 sionem
227 1125 292 1164 vel
311 1129 584 1175 spontaneam
601 1123 927 1174 acceptationem
943 1121 1080 1163 Cardi-

49 1186 235 1232 nalatus;
268 1185 321 1225 de
342 1187 421 1226 hac
445 1186 556 1225 enim
576 1185 779 1235 dignitate
805 1183 1079 1224 certissimum

50 1252 110 1288 est
126 1247 203 1287 sub
228 1247 307 1286 hoc
326 1251 421 1287 voto
447 1246 665 1294 contineri,
688 1245 775 1286 sive
796 1246 875 1284 sub
908 1246 1078 1285 nomine

0 1320 1 1326 ¹
49 1309 310 1362 praelationis,
340 1307 427 1348 sive
452 1308 666 1360 dimicatis
684 1307 1076 1359 comprehendatur,

48 1370 131 1410 sive
146 1370 276 1422 (quod
293 1381 371 1421 ego
391 1381 535 1410 verum
555 1368 668 1420 puto)
690 1370 767 1409 sub
787 1374 979 1419 utroque.

100 1434 116 1471 t
124 1433 163 1472 6.
193 1432 422 1473 Resolvitur
443 1431 605 1472 tertium
623 1432 861 1474 dubium.—
883 1430 1080 1473 Cardina-

49 1491 100 1535 lis
116 1494 237 1534 etiam
257 1493 596 1544 comprehenditur
615 1493 658 1532 in
677 1497 764 1534 voto
785 1494 973 1534 audiendi
992 1506 1080 1534 coa-

48 1553 141 1594 silia
160 1554 383 1597 Generalis.
405 1577 457 1583 —
472 1556 608 1604 Atque
632 1554 730 1594 hinc
763 1555 887 1594 facile
915 1555 1081 1606 expedi-

48 1618 112 1655 tur
128 1615 305 1656 alterum
324 1616 511 1664 dubium,
532 1616 576 1655 in
595 1617 742 1656 eodem
759 1629 933 1656 numero
951 1617 1082 1656 unde-

46 1676 170 1725 cimo,
196 1677 231 1715 si
250 1678 463 1728 contingat
480 1677 715 1728 professum
747 1678 962 1718 Societatis
989 1677 1080 1717 fieri

46 1739 216 1789 Papam,
238 1750 291 1777 an
311 1743 502 1778 teneatur
521 1738 601 1778 hoc
618 1744 714 1778 voto
731 1739 926 1779 audiendi
947 1740 1081 1779 consi-

45 1798 101 1837 lia
135 1799 346 1850 Praepositi
381 1800 611 1847 Societatis,
640 1804 681 1840 et
705 1800 787 1840 illis
823 1801 1013 1852 parendi,
1044 1801 1079 1840 si

45 1859 217 1898 meliora
242 1860 504 1909 jtidicaverit.
533 1861 730 1900 Existimo
765 1862 875 1900 enim
904 1874 990 1901 non
1019 1866 1079 1901 te-

42 1907 149 1969 ‘neri,
173 1921 271 1970 quia
299 1921 547 1972 pontificalis
572 1922 753 1972 dignitas
773 1925 845 1973 (ut
864 1923 973 1974 dixi)
992 1935 1078 1962 non

43 1982 408 2033 comprehenditur
427 1983 504 2022 sub
525 1982 589 2021 his
608 1985 736 2029 votis;
759 1989 800 2023 et
819 1984 860 2022 in
877 1984 958 2023 hoc
976 1995 1073 2023 casu

42 2018 352 2100 lquodammodo
370 2049 430 2083 est
448 2057 515 2084 res
533 2045 669 2091 clara;
689 2057 787 2084 nam
807 2045 874 2083 alii
896 2045 1072 2096 Praelati,

42 2105 134 2156 {licet
157 2118 241 2144 non
262 2106 341 2144 sint
358 2106 509 2145 subditi
535 2106 757 2158 Praeposito
778 2107 979 2158 generali,
996 2119 1074 2147 ne-

42 2159 124 2219 hue
146 2168 270 2207 etiam
297 2172 392 2207 sunt
422 2172 546 2219 caput
570 2169 677 2218 ejus,
708 2173 749 2207 et
779 2171 949 2220 propter
968 2168 1075 2221 prio-

41 2204 132 2268 lrem
154 2234 404 2281 respectum,
436 2234 479 2269 et
512 2230 814 2281 subjectionem
846 2242 972 2281 quam
1004 2232 1077 2271 ha·

41 2274 242 2338 buerunt,
263 2289 478 2330 decentius
505 2296 680 2342 possunt
698 2304 722 2330 a
750 2292 970 2343 Praeposito
1004 2292 1078 2333 ad-

42 2342 217 2401 'moneri‚
235 2357 358 2402 atque
370 2353 423 2392 ad
437 2353 670 2404 parendum
684 2353 822 2404 aliquo
834 2354 958 2392 modo
975 2354 1077 2395 obli-

43 2415 161 2466 gari:
185 2415 380 2454 Summus
409 2420 550 2454 autern
577 2415 764 2454 Pontifex
790 2421 855 2454 est
870 2421 995 2467 caput
1012 2421 1076 2456 to-

43 2476 124 2515 tius
144 2476 374 2523 Societatis,
394 2488 477 2514 non
500 2476 634 2514 solum
648 2482 692 2515 ut
703 2477 948 2516 universalis
961 2479 1074 2529 Epis-

45 2548 186 2588 copus,
210 2537 284 2575 sed
305 2537 428 2575 etiam
448 2542 495 2576 ut
515 2549 736 2588 supremus
760 2538 952 2578 Praelatus
979 2539 1076 2578 reli-

45 2598 191 2650 gionis,
211 2603 251 2637 et
267 2597 359 2636 ideo
377 2609 461 2636 non
482 2603 570 2638 erat
591 2600 646 2637 ita
664 2599 818 2638 decens
835 2604 906 2638 aut
927 2611 1076 2640 conve-

44 2659 172 2707 niens,
198 2664 242 2698 ut
263 2660 340 2698 sub
364 2661 442 2699 hac
471 2660 723 2711 obligatione
749 2662 1076 2712 comprehende·

43 2724 168 2760 retur.
182 2721 246 2760 Ad
256 2721 367 2772 quod
383 2722 507 2760 etiam
524 2722 746 2773 ponderari
757 2727 932 2773 possunt
946 2723 1074 2763 verba

43 2782 170 2834 ipsius
188 2783 329 2822 formae
349 2783 542 2832 vovendi,
563 2785 602 2823 32⁰
627 2785 672 2823 ia
702 2784 923 2826 Proesidem
951 2785 1074 2826 aticu-

43 2844 109 2887 ius
127 2845 319 2885 Ecclesia
336 2857 593 2896 promoveam
625 2846 812 2886 Pontifex
843 2847 955 2887 enim
987 2859 1073 2886 non

43 2905 162 2944 alicui
183 2906 374 2945 Ecclesiae
391 2912 567 2955 tantum,
587 2907 662 2946 sed
682 2908 905 2947 universali
935 2909 1073 2947 Eccle-

42 2952 112 3006 ἐἰῶ
129 2968 333 3018 praesidet;
351 2968 401 3007 de
422 2969 490 3007 illo
509 2981 607 3021 ergo
623 2980 759 3008 sermo
779 2981 863 3009 non
878 2974 954 3009 est.
967 2970 1072 3017 Quin

43 3029 177 3079 potius
194 3029 408 3069 occasione
424 3030 534 3069 illius
548 3031 659 3069 verbi
677 3030 856 3070 dubitari
873 3035 1008 3082 potest
1018 3043 1072 3071 an

43 3084 205 3129 'subhoc
214 3095 308 3130 voto
319 3092 694 3143 comprehendatur
703 3092 928 3132 Cardinalis
940 3098 986 3132 ut
996 3095 1070 3143 sic,

59 3150 85 3191 d
96 3156 173 3199 est,
184 3152 350 3202 quinon
361 3153 412 3192 sit
421 3153 647 3205 Episcopus
657 3167 666 3199 ;
681 3165 779 3192 nam
791 3153 856 3192 ille
866 3165 915 3192 ex
928 3155 968 3192 vi
978 3155 1072 3194 talis

73 3212 253 3264 ignitatis
272 3214 372 3254 nul'i
396 3216 587 3255 Ecclesiae
608 3219 769 3268 praeest.
799 3216 1071 3257 Nihilominus

40 3274 181 3331 {verius
205 3285 355 3314 censeo
382 3278 673 3327 comprehendi
688 3288 702 3328 3
729 3289 827 3316 nam
849 3277 952 3316 illud
978 3290 1072 3318 ver—

43 3333 145 3375 bum
160 3336 449 3387 explicandum
460 3343 521 3377 est
535 3340 654 3389 juxta
668 3340 1007 3380 Constitutionem
1022 3352 1073 3381 ex

46 3406 126 3448 qua
139 3397 272 3436 forma
291 3397 362 3437 illa
377 3399 552 3438 vovendi
568 3405 732 3452 sumpta
754 3408 840 3451 est;
869 3402 1072 3441 Constitu-

41 3431 102 3515 ltio
121 3463 274 3508 autem,
297 3463 413 3511 parte
434 3460 608 3509 decima,
625 3462 647 3513 ἓ
663 3463 703 3511 6,
722 3462 779 3501 sic
797 3463 949 3502 habet:
970 3464 1073 3503 Pro-

64 3568 70 3570 *
127 3571 130 3574 ψ
200 3521 319 3560 etiam
342 3522 437 3570 Deo,
459 3523 562 3573 quod
582 3523 620 3561 si
652 3524 805 3574 quando
836 3523 938 3564 dicto
962 3526 1073 3566 modo

64 3575 69 3577 ”
106 3623 109 3625 .
160 3579 271 3637 alsus
281 3585 552 3635 goi-(elationem
567 3584 744 3636 aliquam
761 3589 876 3628 extra
898 3584 1076 3627 Societa-

144 3636 359 3692 ἶὴᾶηιίειαι,
383 3648 462 3686 etc.
499 3646 587 3684 Non
617 3649 679 3685 est
705 3649 847 3688 autem
874 3646 976 3687 mihi
999 3647 1076 3697 due

268 3724 353 3755 xri.

522 263 611 296 cat).
635 263 690 297 lx.
715 263 768 296 DE
789 261 898 297 VOLK'O
921 260 1113 294 Attum-sm
1137 259 1322 294 cor-'SlmA
1343 261 1583 302 GENERALIS,
1605 260 1698 296 ETc.

2091 257 2172 298 ⁸97

1140 323 1269 371 bium,
1293 325 1394 375 quin
1411 325 1700 365 Cardinalatus
1718 337 1762 364 in
1786 335 1902 364 omni
1918 324 2175 378 proprietate

1141 387 1184 423 et
1213 386 1352 435 rigore
1372 384 1423 423 sit
1441 385 1621 435 praelatio
1642 389 1758 425 extra
1778 386 2049 434 Societatem3
2071 398 2173 438 ergo

1138 445 1263 484 etiam
1278 445 1347 484 ille
1367 445 1446 484 sub
1465 445 1543 484 hac
1563 446 1837 497 promissione
1857 448 2174 500 comprehendi-

1136 510 1218 545 tur.
1239 506 1357 547 Unde
1387 518 1464 545 vox
1485 506 1579 552 alia,
1608 506 1781 555 Proesea,
1813 521 1888 548 seu
1911 510 2075 552 Proesut
2096 510 2174 551 ali-

1137 568 1255 619 cujus
1281 567 1496 616 Ecclesioe,
1519 571 1566 606 ut
1590 568 1860 619 aequipollens
1880 577 2046 623 sumpta
2078 574 2170 620 est;

1134 629 1364 681 praesertim
1399 629 1498 679 quia
1532 628 1777 678 Cardinalis,
1817 631 1913 670 licet
1945 633 2173 685 Episcopus

1135 702 1219 730 non
1240 690 1306 739 sit,
1338 689 1505 729 titulum
1539 689 1668 734 habet
1698 690 1873 741 alicujus
1894 693 2101 744 Ecclesiae,
2127 695 2174 735 in

1135 763 1218 802 qua
1228 751 1559 802 jurisdictionem
1575 751 1701 790 habet
1711 751 2015 804 Episcopalem‚
2027 759 2069 795 et
2077 755 2173 796 ideo

1134 812 1193 851 illi
1214 812 1436 864 praesidere
1460 812 1622 851 dicitur.

1191 876 1256 913 17.
1278 875 1458 914 Eruitur
1472 886 1610 915 sensus
1627 874 1939 916 Com-titutionis
1954 877 2000 917 de
2018 889 2095 918 non
2110 890 2174 920 ac-

1138 937 1330 987 ceptanda
1347 935 1712 987 dimicate—Non
1729 937 2026 990 inteltiyz'turde
2037 939 2174 991 Papa-

1135 996 1338 1037 tu.-Nec
1350 997 1434 1036 nisi
1449 998 1494 1037 de
1509 999 1647 1049 prima
1658 999 1922 1048 acceptatione
1938 1000 2172 1053 diffinitatis.

1134 1058 1341 1098 —Ultimo
1356 1062 1492 1108 potest
1510 1070 1561 1097 ex
1577 1059 1694 1098 dictis
1710 1059 1843 1099 obiter
1852 1062 2003 1112 exponi
2018 1060 2176 1102 Consti-'

1134 1119 1236 1157 tutio
1261 1130 1353 1169 quae
1375 1119 1554 1159 habetur
1568 1120 1688 1159 tertia
1702 1125 1834 1171 parte,
1848 1134 1885 1162 e.
1901 1123 1973 1174 3‚§
1995 1124 2061 1171 13,
2084 1110 2177 1171 sina

1133 1178 1328 1219 facultate
1355 1179 1569 1220 Generalis
1589 1181 1750 1221 nullum
1775 1194 1898 1233 posse
1928 1183 2176 1235 dignitatem

1133 1241 1263 1280 ullam
1284 1245 1399 1280 extra
1424 1243 1674 1282 Societatem
1694 1243 1929 1292 admittere,
1945 1256 2024 1285 nec
2042 1245 2178 1291 Gene-·¹

1132 1303 1266 1341 ralem
1286 1314 1408 1354 posse
1425 1303 1541 1343 illam
1559 1304 1677 1352 dare,
1695 1304 1775 1343 nisi
1793 1305 1913 1345 Sedis
1929 1307 2178 1358 Apostolicae

1133 1364 1372 1405 obedientia
1395 1364 1511 1404 illum
1538 1366 1775 1416 compellat.
1809 1367 1869 1406 Ibi
1901 1368 2015 1407 enim
2035 1369 2176 1420 impri-

1133 1425 1213 1464 mis
1258 1437 1343 1464 non
1388 1427 1754 1478 comprehenditur
1793 1427 1973 1480 dignitas
2013 1430 2175 1471 Summi

1137 1485 1361 1526 Pontificis.
1385 1486 1503 1533 Quod
1526 1493 1653 1538 patet,
1676 1492 1765 1527 tum
1786 1500 1837 1528 ex
1856 1490 2059 1540 particula
2086 1492 2173 1539 illa,

1132 1552 1251 1588 extra
1272 1547 1529 1595 Societatem,
1554 1554 1600 1588 ut
1615 1549 1728 1588 illam
1748 1550 1791 1588 in
1811 1563 1986 1591 numero
2013 1553 2174 1592 decimo

1135 1609 1256 1648 tertio
1277 1609 1624 1660 ponderavimus;
1648 1615 1737 1650 tum
1765 1612 1862 1662 quia
1893 1613 2047 1652 ibidem
2080 1627 2176 1666 sup·

1134 1670 1303 1721 ponitur
1329 1671 1481 1710 Sedem
1514 1673 1811 1723 Apostolicam,
1834 1674 1876 1712 id
1908 1679 1985 1724 est,
2010 1676 2178 1715 Pontifi÷

1135 1742 1243 1780 cem,
1265 1744 1388 1783 posse
1426 1734 1677 1785 compellere
1707 1735 1955 1775 Generalem
1988 1737 2043 1777 ad
2076 1738 2178 1778 dan-T

1133 1793 1232 1833 dam
1267 1794 1493 1838 licentiam,
1535 1795 1650 1846 quod
1686 1803 1942 1848 repugnaret
1980 1805 2175 1851 respectu

1135 1855 1325 1906 ejusdem
1345 1856 1571 1907 dignitatis,
1596 1857 1692 1907 quia
1726 1862 1823 1897 tunc
1844 1859 1973 1898 Sedes
2002 1863 2175 1911 Aposto-

1132 1915 1212 1955 lica
1230 1922 1412 1957 vacaret.
1434 1918 1539 1955 Tum
1560 1916 1741 1968 denique
1762 1920 1860 1969 quia
1883 1932 1967 1958 non
1999 1921 2175 1962 decebat

1131 1976 1413 2027 provisionem
1428 1977 1548 2016 Sedis
1560 1978 1808 2029 Apostolicae
1824 1981 1964 2031 quoad
1978 1982 2056 2022 hoc
2071 1995 2174 2034 quo-

1129 2039 1357 2080 dammodo
1378 2041 1563 2092 pendere
1590 2054 1615 2080 a
1635 2042 1848 2083 voluntate
1874 2045 2103 2095 Generalis,
2129 2051 2173 2088 ut

1128 2101 1173 2140 in
1195 2102 1318 2141 simili
1339 2102 1383 2141 in
1403 2114 1580 2141 numero
1602 2105 1851 2154 praecedenti
1884 2106 1985 2146 dixi.
2012 2109 2172 2149 Deinde

1129 2164 1265 2202 solum
1296 2163 1422 2202 habet
1453 2164 1590 2202 locum
1618 2164 1688 2203 illa
1709 2166 1955 2207 Constitutio
1973 2169 2083 2209 circa
2105 2183 2172 2211 ac-

1130 2226 1410 2277 ceptationem
1424 2226 1568 2277 primae
1589 2227 1815 2278 dignitatis.
1831 2231 1936 2269 Nam
1951 2231 2171 2284 religiosus

1131 2286 1349 2327 Societatis
1370 2288 1500 2326 semel
1520 2289 1745 2328 translatus
1766 2290 1819 2329 ad
1839 2295 1991 2331 statum
2006 2295 2171 2345 Episco-

1130 2350 1292 2401 palem,
1315 2349 1349 2388 si
1368 2349 1644 2388 transferatur
1662 2356 1806 2402 postea
1827 2353 1881 2392 ad
1901 2355 2028 2393 alium
2054 2357 2171 2408 Epis-

1130 2415 1327 2462 copatum
1348 2411 1579 2455 meliorem,
1593 2412 1661 2450 vel
1683 2414 1732 2460 si,
1750 2414 1866 2465 prius
1885 2415 2019 2456 factus
2033 2418 2170 2458 Cardi-

1129 2474 1252 2521 nalis,
1273 2477 1418 2524 postea
1437 2473 1510 2512 fiat
1530 2474 1772 2526 Episcopus,
1793 2477 1883 2527 J'am
1903 2490 1988 2517 non
2011 2480 2169 2533 indiget

1127 2534 1208 2574 hac
1227 2535 1420 2574 facultate
1442 2535 1682 2583 Generalis;
1703 2549 1786 2576 non
1808 2539 1943 2578 solum
1963 2542 2060 2591 quia
2078 2543 2165 2593 jam

1129 2608 1215 2634 non
1238 2601 1302 2635 est
1323 2596 1401 2634 sub
1423 2596 1661 2635 obedientia
1680 2598 1785 2648 ejus,
1806 2600 1879 2638 sed
1900 2601 2024 2640 etiam
2043 2615 2168 2655 prop-

1128 2662 1193 2697 ter
1209 2658 1304 2707 alia,
1326 2669 1419 2709 quae
1438 2657 1482 2696 in
1505 2670 1619 2698 num.
1643 2659 1806 2699 decimo
1826 2662 1948 2701 tertio
1982 2657 2023 2703 et
2055 2665 2167 2705 deci-

1128 2732 1198 2760 mo
1224 2725 1372 2771 quarto
1398 2720 1647 2761 adduximus
1677 2724 1786 2763 circa
1818 2725 2013 2775 praedicta
2041 2732 2162 2778 vota;

1130 2787 1192 2822 est
1212 2783 1324 2823 enim
1344 2782 1492 2821 eadem
1511 2784 1630 2823 ratio.

1182 2846 1248 2885 18.
1279 2846 1376 2888 Noa
1407 2849 1611 2898 acceptare
1631 2847 1773 2899 absque
1791 2847 1958 2890 licentia
1984 2853 2167 2894 convenit

1128 2909 1234 2946 omni
1251 2907 1435 2959 reliyioso
1449 2937 1459 2954 ‚
1480 2908 1649 2949 interest
1668 2913 1800 2948 tamen
1819 2911 1927 2950 inter
1950 2916 2109 2953 nostros
2129 2918 2167 2954 et

1128 2969 1245 3009 alios.
1261 2969 1503 3008 —Adverto
1522 2973 1722 3020 praeterea
1739 2970 1849 3010 hanc
1867 2972 2165 3024 obligationem

1127 3030 1180 3070 de
1198 3031 1294 3082 jure
1314 3031 1524 3070 communi
1549 3031 1772 3071 convenire
1792 3033 1984 3074 omnibus
1999 3036 2164 3088 religio-

1127 3091 1184 3130 sis
1207 3097 1400 3143 respectu
1421 3104 1591 3132 suorum
1614 3093 1881 3133 Praelatorum
1900 3097 2060 3136 ratione
2080 3097 2164 3138 voti

1127 3153 1393 3202 obedientiae,
1415 3157 1460 3194 ut
1479 3155 1522 3192 in
1543 3159 1656 3194 tomo
1687 3156 1892 3206 superiori
1913 3159 2164 3209 explicatum

1128 3219 1212 3263 est;
1249 3216 1450 3255 nonnulla
1482 3220 1625 3255 tamen
1657 3217 1851 3256 videntur
1880 3218 1924 3257 in
1958 3219 2037 3259 hoc
2071 3232 2163 3260 esse

1127 3277 1322 3329 specialia
1353 3278 1583 3317 Societatis.
1606 3278 1810 3326 Primum,
1844 3280 1957 3331 quod
1989 3281 2162 3320 facultas

1126 3339 1216 3378 haec
1247 3341 1484 3378 reservatur
1510 3339 1727 3388 Generali,
1761 3341 1874 3391 quod
1894 3341 1937 3378 in
1957 3341 2045 3379 aliis
2067 3340 2161 3379 reli-

1127 3401 1319 3452 gionibus
1331 3401 1581 3452 regulariter
1600 3413 1684 3440 non
1701 3401 1761 3440 fit.
1780 3401 2031 3447 Secundum,
2051 3401 2162 3451 quod

1126 3463 1339 3502 Generalis
1357 3463 1445 3514 ipse
1464 3474 1550 3501 nou
1570 3466 1705 3513 potest
1722 3462 1838 3501 illam
1858 3461 1973 3508 dare,
1998 3461 2078 3499 nisi
2095 3473 2161 3501 co-

1127 3529 1240 3565 actus
1254 3524 1492 3563 obedientia
1505 3523 1727 3563 Pontificis.
1737 3523 1933 3568 Tertium,
1947 3522 2060 3572 quod
2077 3535 2161 3564 non

1129 3587 1263 3625 solum
1283 3585 1498 3625 inferiores
1520 3585 1721 3635 religiosi,
1748 3583 1822 3621 sed
1842 3583 1965 3621 etiam
1987 3584 2161 3635 ipsemet

1126 3647 1356 3697 Generalis,
1371 3647 1406 3687 si
1420 3647 1461 3686 ei
1478 3645 1732 3686 concedatur
1748 3643 1844 3685 talis
1864 3644 2059 3696 dignitas,
2077 3659 2162 3687 non

1893 3717 1945 3756 57
