2352 3880
238 0 571 39 ,eam-ff...
612 0 638 21 x
715 0 743 18 --
795 0 798 14 2
915 18 922 25 ,

247 33 339 59 »¹42³
399 36 445 53 ‘a'
549 38 564 54 i„
627 35 649 53 ι’·
797 16 850 50 ’ψ

179 67 188 74 .

417 175 508 211 cAP.
530 175 588 210 vl.
609 174 665 209 AN
686 173 922 209 sociemus
943 170 1131 208 PRAELA'H
1152 172 1208 206 An
1227 170 1515 207 PAn'rlctJLARu
1535 166 1807 213 SUBDl'l'ORUH.
1829 171 1921 207 mc
1922 174 1943 212 't

55 221 273 297 *stolati
289 241 500 284 societatis
513 254 630 296 aeque
647 241 929 296 principaliter
946 239 1144 294 quidquid

88 299 282 365 {possunt
297 304 457 344 Praelati
473 304 794 344 mendicantium
812 316 964 356 persua
983 301 1146 354 propria

114 366 343 427 privilegia,
359 367 423 406 vel
439 379 511 418 per
524 365 932 406 communicationem
953 364 1141 410 aliorum,

113 428 210 471 utin
223 429 472 480 compendio
485 427 692 468 Societatis
706 426 786 466 late
799 427 1044 474 continetur,
1054 435 1143 463 ver-

113 488 166 534 bo
183 490 511 540 Communicatio,
533 491 598 542 §2
616 493 656 529 et
682 488 969 541 sequentibus,
990 492 1031 527 et
1054 498 1143 538 spe-

112 550 272 594 cialiter
296 552 320 605 ξ
348 554 373 594 5
401 552 632 591 declaratur
660 550 768 589 hanc
810 549 1143 589 communicatio·

111 623 210 655 nem
230 614 353 654 etiam
369 614 532 653 novitiis
551 611 642 651 fieri
655 623 769 663 posse
790 623 800 658 ;
822 611 929 663 quod
949 609 1142 661 iutelligi-

111 677 183 716 tur
193 675 327 727 quoad
345 675 568 726 gratiarum
584 674 898 721 concessionem,
912 685 994 712 non
1008 670 1140 723 quoad

112 736 338 787 rigorosam
371 736 698 788 ⁸jurisdictionem
716 767 724 783 ,
746 739 791 774 ut
822 736 909 786 jam
947 735 1138 774 diximus.

71 791 75 794 ⁵
111 797 293 848 Denique
313 797 486 836 similem
510 798 743 848 generalem
764 798 1062 837 concessionem
1083 796 1143 836 fe-

111 857 167 899 cit
189 858 381 899 Societati
397 859 613 910 Gregorius
635 860 739 908 XIV,
766 859 830 898 his
848 860 980 898 verbis
999 869 1010 898 ι
1038 856 1142 906 Quin

111 920 232 961 etiam
253 931 382 960 omnes
407 922 635 970 facultates,
658 933 877 974 omnemque
887 921 1141 974 jurisdictio-

110 991 195 1024 nem
233 983 363 1033 quoad
387 983 632 1023 subditorum
658 983 903 1034 punitionem
930 987 966 1024 et
994 994 1143 1024 correc-

111 1041 255 1085 tionem
263 1045 450 1095 pertinet,
467 1045 770 1097 quibuscumque
781 1046 1143 1084 ordinibuseorum-

110 1110 184 1157 que
200 1104 459 1147 Generalz'bus
479 1107 667 1147 kactenus
685 1118 900 1153 concessas,
915 1117 989 1144 non
1012 1107 1064 1145 ad
1081 1104 1145 1146 in·

111 1168 214 1214 star,
232 1167 299 1205 sed
322 1179 426 1218 aeque
437 1168 720 1218 principaliter
740 1168 820 1217 ipsi
833 1167 1028 1207 Societati
1037 1167 1145 1219 ejus-

109 1237 184 1281 que
196 1227 417 1278 Proeposito
428 1229 599 1282 ¹qenerali
609 1228 850 1269 concedimus
860 1232 896 1268 et
909 1229 1144 1280 elarqimur.

110 1287 262 1328 Praeter
282 1289 366 1327 haec
405 1289 527 1328 habet
554 1290 727 1329 Societas
765 1289 901 1341 plures
933 1290 1146 1329 facultates

109 1348 188 1389 sibi
200 1350 428 1400 specialiter
440 1350 581 1398 factas,
601 1355 704 1389 utex
721 1351 756 1401 ej
763 1363 808 1389 ns
822 1351 961 1398 ssullis,
977 1357 1016 1390 et
1031 1351 1146 1391 Com-

109 1410 261 1462 pendio
281 1412 583 1462 privilegiorum
610 1415 788 1462 constat3
812 1417 986 1463 potestas
1006 1417 1147 1451 autem

110 1483 184 1524 per
202 1484 270 1511 eas
290 1473 436 1512 collata
458 1474 660 1524 praecipue
689 1475 837 1513 residet
866 1475 908 1512 in
928 1475 1144 1525 Praeposito

109 1534 308 1586 generali,
329 1547 402 1586 per
420 1547 542 1586 quem
561 1535 822 1574 inferioribus
842 1536 1018 1574 Praelatis
1035 1547 1144 1574 com-

110 1596 358 1637 municatur.
385 1597 453 1635 Est
474 1610 570 1647 ergo
595 1598 637 1635 in
659 1597 856 1637 Societate
876 1602 915 1636 et
935 1598 978 1636 in
997 1597 1145 1636 Praela-

111 1656 165 1696 tis
184 1660 270 1707 ejus
289 1659 510 1709 respective
529 1663 616 1698 tota
635 1663 812 1710 potestas
841 1664 881 1698 et
894 1660 1143 1710 J'urisdictio,

112 1730 204 1771 quae
223 1720 265 1758 in
285 1720 475 1771 religioso
492 1725 599 1760 statu
613 1721 835 1769 invenitur,
858 1726 898 1760 et
920 1721 1145 1760 secuudum

113 1780 366 1821 ordinarium
398 1782 565 1821 modum
609 1781 831 1821 Pontificiae
880 1781 1147 1834 providentias

111 1841 291 1882 inveniri
311 1847 442 1894 potest
458 1859 470 1891 ;
490 1855 649 1894 semper
674 1847 812 1882 tamen
834 1844 1147 1894 intelligendum

112 1907 174 1943 est
189 1903 339 1942 habere
358 1904 463 1942 lianc
491 1904 817 1955 jurisdictionem
858 1917 932 1943 suo
961 1906 1147 1944 instituto

112 1965 475 2014 accommodatam,
499 1977 595 2005 nam
634 1965 795 2006 Praelati
815 1965 904 2018 ejus
929 1966 1031 2005 nihil
1051 1978 1147 2005 con-

111 2027 416 2067 trainstitutnm
435 2039 555 2078 agere
569 2032 738 2079 possunt
751 2026 930 2079 (excepta
941 2028 1050 2079 justa
1070 2029 1148 2068 dis-

113 2090 365 2142 pensatione,
379 2101 468 2140 quae
480 2089 560 2127 dici
579 2101 663 2129 non
682 2093 812 2141 potest
831 2093 971 2128 contra
987 2090 1149 2129 institu-

113 2151 234 2200 tum),
257 2154 296 2188 et
311 2150 403 2189 ideo
424 2151 557 2201 quoad
595 2151 752 2202 aliquos
771 2155 885 2190 actus
900 2152 1149 2202 jurisdictio-

114 2222 210 2252 nem
246 2224 329 2251 non
348 2212 514 2259 habent,
537 2224 659 2263 quam
683 2212 852 2251 fortasse
878 2213 1031 2253 habent
1059 2214 1150 2252 aliae

115 2273 351 2325 religiones,
368 2279 412 2313 ut
433 2274 483 2313 ad
504 2274 682 2312 dandam
703 2274 936 2313 facultatem
953 2274 1149 2326 recipien-

116 2335 158 2374 di
179 2336 480 2386 eleemosynam
501 2348 572 2387 pro
601 2335 800 2387 spirituali
822 2335 1062 2382 ministerio,
1085 2335 1149 2376 vel

112 2395 326 2450 >quippiam
341 2398 488 2446 simile;
503 2398 604 2436 sicut
619 2397 742 2436 etiam
758 2410 780 2436 e
800 2398 1003 2436 contrario
1022 2398 1149 2449 aliqui

117 2465 214 2499 sunt
237 2465 347 2498 actus
369 2459 656 2509 jurisdictionis
670 2459 767 2497 huic
787 2458 973 2497 instituto
989 2471 1151 2498 accom-

117 2521 289 2567 modati,
311 2522 378 2571 qui
401 2521 443 2559 in
463 2520 552 2559 aliis
572 2519 840 2570 religionibus
857 2532 940 2558 non
961 2533 1149 2559 exercen-

118 2585 201 2630 tur,
224 2587 268 2620 ut
284 2586 344 2620 est
362 2582 563 2633 expellere
581 2582 758 2632 aliquem
775 2582 876 2621 votis
899 2583 1148 2633 expeditum.

175 2646 238 2685 11.
279 2645 387 2685 Unde
411 2649 596 2684 sumatur
615 2656 702 2696 quoe
730 2645 815 2684 sint
838 2648 1053 2696 potestates
1079 2643 1153 2684 So-

119 2706 277 2749 cietatis
310 2707 353 2745 in
383 2706 639 2756 particulari.
660 2706 818 2744 -Non
844 2717 986 2744 censeo
1016 2709 1154 2745 autem

115 2761 393 2810 'necessarium
413 2767 614 2819 explicare
640 2768 683 2806 in
713 2768 950 2819 particulari
978 2772 1150 2818 potesta-

120 2833 181 2871 tes
211 2842 350 2868 omnes
382 2842 483 2881 quas
514 2830 672 2869 ratione
703 2830 826 2880 hujus
859 2830 1151 2880 jurisdictionis

115 2883 302 2932 Societas
333 2892 486 2940 habet;
511 2892 607 2943 quia
632 2891 681 2930 de
714 2891 777 2929 his
819 2903 911 2942 quae
945 2892 1154 2942 generales

117 2957 246 3020 sunt,
264 2953 353 2991 vel
345 2965 387 2991 in
405 2923 552 3003 quibus
576 2965 667 2991 cum
689 2953 777 2991 aliis
797 2953 1062 3004 religionibus
1082 2954 1155 2993 So-

117 2997 248 3055 cietas
272 3014 567 3062 communicat,
589 3014 633 3052 in
665 3018 781 3052 tract
803 3014 851 3060 8,
873 3014 945 3053 lib.
968 3016 1021 3063 2,
1041 3014 1154 3053 suffi-

117 3060 278 3117 cienter
306 3081 420 3115 tactae
450 3079 571 3125 sunt3
592 3087 684 3127 quae
715 3087 811 3114 vero
840 3080 934 3115 sunt
965 3077 1154 3127 propriae,

118 3129 171 3187 jn
201 3138 448 3189 Compendio
480 3137 808 3185 privilegiorum,
827 3141 867 3175 et
885 3137 928 3175 in
957 3138 1156 3176 Constitu·

120 3193 304 3252 tionibus
321 3211 369 3237 ac
388 3199 539 3249 regulis
558 3198 805 3237 sufficienter
823 3198 1094 3246 declarantur,
1116 3203 1157 3239 et

128 3259 173 3299 in
186 3259 444 3310 sequentibus
457 3260 658 3328 capitibus
678 3259 875 3298 nonnulla
890 3260 1155 3311 attingemus,

59 3342 72 3350 -ν
121 3306 370 3382 explicando
388 3321 518 3371 magis
544 3322 587 3359 in
616 3321 854 3372 particulari
883 3332 1004 3360 usum
1037 3322 1158 3373 hujus

121 3365 440 3445 jurisdictionis3
459 3393 510 3419 ex
534 3381 652 3420 dictis
674 3383 798 3421 etiam
817 3383 860 3424 in
886 3382 957 3421 lib.
980 3384 1029 3431 1,
1055 3395 1088 3423 c.
1115 3385 1156 3432 3,

132 3447 174 3484 et
190 3443 325 3491 latius,
354 3442 456 3481 libro
479 3447 637 3492 octavo,
659 3443 709 3483 de
738 3444 883 3483 mediis
908 3443 1057 3496 quibus
1091 3445 1158 3485 So-

45 3532 48 3535 -
111 3486 255 3549 ,οἰθῐαε
288 3504 418 3543 utitur
447 3503 499 3542 ad
530 3503 755 3555 protectum
784 3517 951 3544 suorum
985 3505 1164 3546 subdito-

77 3556 91 3591 Τ
104 3575 121 3612 2,
128 3571 243 3614 rum,
259 3568 418 3606 constat
436 3564 542 3606 hanc
556 3565 882 3618 Jurisdictionem
900 3578 983 3606 esse
997 3567 1162 3620 plenam

1197 238 1241 278 in
1265 238 1354 279 foro
1374 239 1641 291 poenitentiae,
1663 243 1703 280 et
1722 240 1766 279 in
1783 239 1872 279 fo'ro
1895 237 2020 278 etiam
2039 238 2233 281 exteriori

1197 301 1330 352 quoad
1343 306 1580 352 potestatem
1591 302 1833 341 directivam
1851 313 1923 353 per
1941 301 2049 352 leges
2069 305 2110 340 et
2127 312 2234 352 prae-

1198 368 1310 413 cepta
1324 394 1333 410 ‚
1357 368 1397 402 et
1418 375 1492 414 per
1518 364 1745 403 coercivam
1766 364 1899 415 quoad
1932 363 2230 404 correctionem

1197 424 1423 463 secundum
1443 424 1645 473 regulam,
1663 425 1789 463 etiam
1814 428 1971 464 remota
1993 424 2234 476 appellatio-

1196 497 1264 532 ne,
1292 489 1332 524 et
1364 485 1499 536 quoad
1527 490 1767 536 potestatem
1801 486 2060 537 dispensandi
2089 487 2133 526 in
2163 485 2231 526 his

1196 558 1288 598 quae
1317 546 1543 585 necessaria
1566 550 1674 586 sunt.
1701 548 1758 586 Ac
1785 547 1961 598 denique
1989 547 2125 599 quoad
2147 547 2230 588 alia

1197 607 1341 653 multa,
1354 607 1404 646 de
1419 607 1567 659 quibus
1580 607 1661 646 late
1678 609 1721 646 in
1739 609 1852 647 Bulla
1868 610 2012 660 quinta
2029 609 2140 649 Pauli
2157 609 2228 660 ill,

1195 669 1372 708 secunda
1391 669 1487 708 Julii
1509 669 1572 710 ΙΙΙ.
1590 669 1708 710 tertia
1733 670 1788 708 Pii
1809 670 1860 716 V,
1879 675 1918 708 et
1934 671 2018 710 fere
2038 672 2081 710 in
2100 671 2232 710 omni-

1194 731 1270 771 bus
1301 731 1484 781 Gregorii
1506 730 1608 770 Xlll.
1629 730 1847 781 Supererat
1868 731 1944 770 hoc
1973 732 2060 771 loco
2089 732 2228 772 dicen-

1196 791 1293 830 dum
1306 793 1355 831 de
1369 797 1561 843 potestate
1576 792 1901 830 administrativa
1914 791 2113 830 bonorum
2127 797 2232 832 tem-

1196 853 1397 904 poralium
1411 864 1423 903 3
1452 854 1491 892 id
1521 858 1658 892 tamen
1691 857 1918 904 opportune
1938 853 2091 891 factum
2111 854 2233 894 estin

1194 918 1312 954 tract.
1336 916 1374 961 8,
1397 916 1466 966 qui
1490 918 1550 954 est
1582 915 1738 966 primus
1772 915 1894 965 hujus
1913 914 2158 965 voluminis,
2185 913 2236 954 li-

1196 975 1270 1015 bro
1288 977 1483 1026 secundo,
1503 989 1591 1028 cap.
1614 976 1812 1028 vigesimo
1831 979 1987 1019 octavo.

1594 1134 1759 1176 CAPUT
1783 1135 1852 1176 VI.-

1201 1281 1256 1312 ΑΝ
1279 1280 1505 1311 SOGIETATIS
1531 1280 1724 1318 PRAELATt,
1755 1280 1809 1311 AD
1844 1277 2113 1311 PARTIGU'LARB
2147 1279 2241 1319 SUB-⁹„

1252 1342 1425 1373 turonum
1454 1343 1651 1381 REfflMEN,
1682 1342 1829 1373 MERrro
1855 1343 1908 1373 ΑΒ
1934 1344 2031 1373 uus
2062 1340 2242 1374 EleANT.

1252 1406 1456 1436 RATloNEM
1483 1405 1758 1437 CONSOEENTIAE.

1255 1538 1295 1576 1.
1326 1537 1385 1576 De
1416 1537 1561 1588 quibus
1588 1536 1782 1586 acendnm
1802 1535 1847 1574 in
1865 1534 2014 1587 reliquo
2041 1535 2159 1575 libro.
2182 1556 2235 1565 —-

1201 1600 1294 1639 Post
1327 1597 1641 1648 explicationem
1677 1597 1918 1636 universalis
1953 1598 2166 1646 regiminis
2193 1597 2235 1637 in

1201 1661 1415 1707 Societate,
1447 1659 1667 1698 dicendum
1704 1660 1888 1709 sequitur
1922 1659 1970 1697 de
2002 1658 2235 1709 particulari

1203 1723 1459 1762 subditorum
1481 1721 1800 1771 gubernatione,
1821 1720 1927 1770 quod
1950 1720 1999 1758 ad
2021 1720 2144 1758 finem
2171 1731 2236 1758 us-

1202 1797 1282 1836 que
1324 1784 1533 1834 praesentis
1567 1783 1659 1821 libri
1697 1795 2003 1834 prosequemur.
2049 1783 2092 1821 ld
2141 1793 2236 1820 vero

1203 1846 1407 1898 praecipue
1432 1845 1686 1883 instituimus
1706 1845 1756 1883 ad
1778 1845 2107 1883 satisfaciendum
2132 1842 2236 1881 diffi-

1204 1907 1426 1947 cultatibus
1446 1918 1547 1957 quas
1570 1906 1697 1956 aliqui
1719 1906 1933 1956 objiciunt,
1957 1917 2047 1956 quae
2069 1906 2239 1944 fortasse

1203 1968 1336 2018 magis
1368 1979 1417 2005 cx
1445 1966 1679 2016 ignorantia
1703 1966 1800 2003 facti
1825 1978 1947 2016 quam
1972 1966 2074 2016 juris
2100 1964 2247 2022 proce-⁴¹

1203 2030 1322 2076 dunt,
1340 2033 1379 2066 et
1398 2028 1489 2066 ideo
1507 2040 1590 2066 non
1609 2027 1849 2066 descendam
1870 2028 1912 2065 in
1934 2028 2168 2078 particulari
2188 2026 2247 2067 ad

1204 2091 1344 2131 omnia
1364 2101 1455 2141 quacl
1475 2089 1580 2128 circa
1600 2089 1887 2140 gubernandos
1908 2090 2090 2128 subditos
2105 2091 2147 2128 in
2170 2090 2239 2129 So-

1204 2154 1346 2193 cietate
1366 2155 1633 2203 peraguntur,
1652 2151 1720 2188 sed
1743 2151 1872 2189 solum
1891 2151 1941 2189 ad
1962 2164 2008 2189 ea
2029 2151 2071 2189 in
2091 2151 2238 2202 quibus

1204 2214 1397 2266 praedicta
1412 2213 1627 2251 difficultas
1643 2213 1791 2263 poterit
1813 2213 2000 2251 inveniri.
2020 2213 2122 2260 Quia
2142 2223 2239 2253 vero

1205 2274 1460 2314 ordinarium
1489 2273 1564 2311 hoc
1595 2274 1780 2322 regimen
1816 2285 1974 2325 semper
2007 2278 2066 2312 est
2098 2286 2240 2315 secun-

1205 2338 1302 2375 dum
1324 2335 1526 2386 regulam,
1545 2335 1664 2373 simul
1679 2336 1788 2374 illius
1804 2336 2004 2374 rationem
2023 2335 2240 2374 reddemus

1206 2398 1277 2437 ubi
1315 2396 1530 2449 oportebit,
1564 2400 1605 2434 et
1647 2396 1771 2447 hujus
1812 2397 2024 2435 occasione
2072 2396 2240 2436 brevem

1205 2459 1424 2512 quamdam
1445 2458 1634 2496 notitiam
1656 2459 1780 2496 totius
1798 2459 1947 2509 regulae
1969 2459 2012 2497 in
2032 2462 2239 2509 postremo

1208 2522 1338 2572 capite
1356 2519 1593 2558 summatim
1622 2520 1887 2569 attingemus.
1911 2520 1963 2559 Ut
1988 2523 2123 2558 autem
2152 2530 2241 2559 rem

1207 2589 1335 2623 totam
1362 2581 1756 2631 comprehendamus
1771 2611 1780 2623 ,
1801 2593 1874 2619 nec
1895 2585 2066 2620 tractata
2085 2585 2242 2632 repeta-

1209 2657 1314 2690 mus,
1335 2644 1415 2682 tria
1435 2643 1613 2681 breviter
1633 2647 1743 2689 sunt,
1766 2642 1808 2680 in
1828 2642 1975 2693 quibus
2004 2646 2136 2681 totum
2164 2643 2240 2682 hoc

1210 2706 1455 2760 particulare
1477 2705 1663 2754 regimen
1684 2705 1880 2742 consistit.
1900 2704 2080 2743 Primum
2101 2709 2162 2742 est
2181 2717 2240 2744 re-

1206 2769 1336 2820 ceptio
1371 2778 1651 2818 personarum.
1683 2766 1915 2804 Secundum
1939 2796 1952 2815 ‚
1988 2767 2240 2806 conservatio
2294 2779 2297 2781 ·

1208 2829 1446 2870 earumdem
1462 2832 1502 2866 et
1523 2827 1778 2878 providentia
1795 2828 1898 2866 circa
1917 2827 2019 2866 illas.
2041 2827 2241 2877 Tertium,

1209 2890 1390 2930 dimissio
1417 2901 1574 2935 earum,
1597 2889 1630 2926 si
1650 2889 1879 2928 necessaria
1907 2888 2046 2928 fuerit.
2077 2889 2132 2928 De
2163 2890 2242 2940 pri-

1210 2965 1278 2992 mo
1298 2951 1486 2991 membro
1506 2951 1602 2989 satis
1630 2951 1785 2989 dictum
1811 2955 1870 2990 est
1887 2963 1911 2990 a
1930 2951 2049 2989 nobis
2069 2951 2111 2989 in
2139 2951 2244 2991 libro

1209 3018 1249 3061 2,
1209 3018 1310 3055 201
1328 3013 1377 3052 de
1398 3013 1517 3051 tertio
1537 3013 1579 3050 in
1600 3011 1671 3051 lib.
1696 3014 1736 3060 3,
1755 3025 1841 3064 cap.
1861 3014 1900 3052 9.
1923 3013 2097 3051 Tantum
2119 3012 2244 3061 igitur

1210 3079 1392 3127 superest
1409 3078 1453 3112 ut
1466 3074 1514 3113 de
1529 3074 1706 3113 secundo
1727 3074 1910 3113 membro
1930 3074 2124 3114 dicamus.
2139 3073 2244 3113 circa

1212 3136 1321 3189 quod
1356 3136 1437 3174 duo
1469 3137 1693 3175 necessaria
1714 3136 1764 3174 ad
1784 3135 2018 3187 hujiismosli
2040 3134 2244 3184 guberna-

1210 3199 1366 3238 tionem
1388 3202 1427 3236 et
1448 3198 1746 3249 providentiam
1780 3199 2029 3246 distinguere
2060 3200 2242 3248 oportet,

1208 3261 1326 3313 juxta
1357 3260 1559 3312 duplicem
1580 3264 1819 3312 potestatem
1840 3259 1883 3296 in
1906 3257 2073 3296 Praelato
2101 3268 2241 3296 neces-

1213 3323 1392 3369 sariam,
1423 3322 1660 3361 directivam
1689 3325 1730 3359 et
1761 3320 2002 3358 coercivam.
2040 3319 2235 3366 Quae·lam

1214 3384 1324 3423 enim
1349 3395 1441 3435 pars
1460 3384 1673 3434 regiminis
1692 3382 1874 3420 consistit.
1892 3381 1933 3420 in
1955 3381 2089 3419 debita
2115 3379 2243 3419 direc-

1216 3447 1324 3484 tione
1347 3458 1420 3496 per
1438 3451 1638 3497 praecepta
1656 3446 1695 3482 et
1714 3442 1880 3481 consilia
1905 3443 1917 3492 (
1935 3442 1985 3480 ad
2012 3452 2136 3492 qnam
2155 3451 2243 3481 rem

1216 3507 1339 3545 etiam
1366 3510 1520 3558 spectat
1548 3504 1793 3544 conveniens
1816 3502 2045 3541 distributio
2072 3512 2245 3542 onerum

1217 3571 1258 3607 et
1278 3567 1484 3607 honorum
1500 3568 1539 3619 );
1559 3566 1688 3606 altera
1706 3577 1803 3605 vero
1833 3576 1925 3616 pars
1955 3564 2085 3615 posita
2106 3568 2168 3604 est
2200 3563 2246 3606 in
