2352 3880
65 326 151 356 non
169 312 303 355 redire
321 312 374 352 ad
402 311 658 363 religionem.
686 306 800 356 Quod
822 305 1000 344 maxime
1032 301 1092 341 vi-

65 375 184 418 detur
202 375 432 428 procedere,
449 372 613 425 quando
632 371 740 409 bona
758 368 838 407 fide
856 367 980 406 aliam
1000 362 1091 404 reli-

63 439 227 491 gionem
246 435 447 488 probavit,
465 438 506 473 et
518 431 638 484 justis
657 430 705 469 de
726 429 856 468 causis
875 427 989 466 illam
1007 436 1090 464 non

56 493 125 540 ‘est
146 510 268 537 ausus
287 496 483 550 profiteri,
515 493 612 545 quia
629 496 727 530 tunc
741 491 827 540 jam
849 489 1008 527 videtur
1033 485 1090 526 fe-

63 561 164 602 cisse
186 560 294 612 quod
316 560 358 598 in
377 570 419 597 se
438 559 499 596 est
524 555 576 593 ad
596 554 748 592 bonum
767 548 1091 603 prosequendum

63 622 79 674 (
90 626 138 661 ut
155 622 211 661 sic
232 620 410 669 dicam);
433 629 476 657 se
493 621 628 655 autem
646 613 822 661 tradere,
838 617 883 650 ut
900 610 1090 663 gravibus

61 683 193 735 poenis
215 682 434 731 affligatur,
453 677 715 717 durissimum
737 678 811 722 est,
832 685 907 712 nec
930 673 1092 712 videtur

59 744 111 785 ad
139 744 215 783 hoc
238 740 492 792 obligandus.
513 740 750 789 Respondeo
764 736 1016 786 religiosum,
1037 732 1092 772 sic

58 817 130 846 seu
145 805 220 844 sub
236 803 308 842 tali
322 801 555 841 conditione
572 802 766 851 eiectum,
785 809 946 848 semper
961 794 1091 835 teneri

57 866 111 906 ad
139 869 290 904 statum
325 863 564 913 religiosum
582 891 594 910 ,
625 872 700 900 nec
731 871 844 912 posse
872 862 961 897 tuta
996 868 1090 895 con-

57 926 226 966 scientia
245 927 288 963 in
308 924 445 963 seculo
472 933 662 962 manere:
682 925 723 960 et
738 921 828 959 ideo
847 918 979 958 teneri
996 917 1089 957 reli·

58 988 224 1039 gionem
255 989 501 1037 susceptam,
523 988 563 1024 et
589 984 632 1023 in
664 982 896 1023 conditione
916 981 1088 1032 positam

57 1054 180 1101 atque
205 1052 469 1098 acceptatam,
494 1045 701 1096 profiteri,
720 1044 828 1095 quod
845 1073 858 1092 ‚
880 1042 1089 1082 moraliter

56 1122 104 1151 ac
138 1110 381 1159 regulariter
416 1108 618 1159 loquendo
634 1136 645 1153 ‚
670 1117 830 1158 semper
853 1105 1027 1155 poterit3
1051 1102 1087 1141 si

56 1175 193 1211 autem
214 1183 355 1210 revera
372 1170 494 1209 habet
515 1169 716 1219 legitimas
735 1178 874 1206 causas
894 1177 976 1204 11011
998 1176 1087 1216 pro-

54 1231 214 1279 fitendi,
234 1231 442 1271 tenebitur
460 1243 526 1270 eas
546 1240 772 1281 proponere
800 1227 981 1266 Praelatis
1017 1227 1086 1266 So-

55 1293 228 1341 cietatis,
253 1297 298 1331 ut
331 1293 564 1332 facultatem
600 1290 748 1328 faciant
773 1288 895 1327 aliam
923 1287 1087 1338 religio-

54 1366 150 1395 nem
171 1355 394 1393 faciliorem
413 1351 686 1402 ingrediendi,
702 1350 810 1401 quod
843 1361 1004 1400 semper
1023 1349 1085 1389 fa-

54 1416 186 1465 cient,
203 1416 355 1467 alioqui
375 1414 581 1454 tenebitur
600 1413 651 1451 ad
670 1412 913 1451 Societatem
935 1410 1085 1460 redire,

53 1477 133 1518 nisi
166 1489 306 1516 revera
341 1477 483 1514 timeat
517 1485 659 1524 graves
688 1472 918 1522 corporales
945 1484 1086 1522 poenas

53 1538 282 1584 diuturnas,
299 1541 344 1576 ut
360 1547 562 1576 carcerem
578 1539 833 1586 perpetuum,
850 1537 892 1572 et
907 1534 1084 1583 similes,-

52 1611 148 1640 nam
171 1604 267 1638 tuuc
288 1598 336 1637 ad
359 1598 655 1649 providentiam
676 1595 938 1635 Praelatorum
958 1595 1085 1646 perti-

53 1662 167 1703 nebit
189 1663 245 1700 ita
266 1673 382 1700 reum
403 1661 620 1708 custodire,
651 1663 696 1697 ut
724 1658 856 1698 redire
888 1658 939 1697 ad
968 1670 1085 1698 suam

53 1723 329 1763 obedientiam
347 1726 386 1761 et
403 1722 694 1760 correctionem
710 1725 879 1770 cogatur
896 1729 909 1768 ;
929 1719 1086 1770 obliga-

52 1796 97 1824 re
115 1785 226 1823 enim
248 1783 360 1821 illum
383 1786 428 1821 ut
446 1784 532 1833 ipse
551 1793 593 1821 se
612 1781 768 1829 tradat,
791 1785 924 1819 certus
943 1780 993 1819 de
1013 1781 1086 1820 hu—

49 1845 229 1898 jusmodi
256 1843 384 1895 poenis
399 1873 411 1891 ,
437 1843 603 1882 difficile
623 1846 696 1881 est.
716 1842 818 1889 Quia
836 1853 933 1881 vcro
953 1852 1087 1893 poenae

54 1906 271 1946 ordinariae
293 1917 376 1943 non
397 1909 492 1943 sunt
509 1904 610 1942 adeo
628 1915 787 1953 graveS,
806 1915 940 1953 neque
970 1914 1085 1942 exce-

52 1966 156 2007 dunt
171 1966 338 2004 niodum
354 1965 576 2015 disciplinae
593 1964 810 2011 religiosae,
829 1976 920 2014 quae
936 1974 1085 2014 magna

53 2038 103 2067 ex
133 2031 248 2078 parte
281 2027 428 2077 pendet
451 2037 500 2064 ex
524 2025 632 2064 hona
654 2025 918 2075 dispositione
948 2037 1085 2076 pecca-

53 2088 151 2127 toris
167 2098 180 2137 ;
206 2095 299 2126 nam
322 2087 356 2125 si
374 2085 605 2125 voluntarie
637 2085 894 2134 emendetur,
913 2089 952 2125 et
972 2086 1084 2126 satis-

52 2147 176 2189 faciat
209 2147 413 2197 religioni,
443 2145 561 2185 facile
582 2146 671 2185 aliae
692 2157 825 2197 poeuae
853 2151 1085 2198 temperan-

53 2212 124 2249 tur
143 2224 154 2258 3
176 2209 269 2248 ideo
287 2207 529 2259 regulariter
563 2208 687 2246 etiam
715 2218 856 2246 verum
888 2212 949 2247 est
975 2207 1086 2248 hunc

52 2271 184 2312 teneri
204 2271 248 2309 in
268 2281 316 2309 eo
335 2281 429 2309 casu
447 2269 499 2308 ad
518 2267 759 2319 religionem
778 2268 925 2309 redire.

108 2332 148 2371 6.
183 2330 392 2372 Secundus
440 2341 559 2371 casus
600 2331 647 2371 do
692 2334 868 2380 professo
913 2330 1087 2372 absolute

53 2392 189 2445 ejecto,
222 2413 273 2422 —
313 2393 425 2442 Ejus
463 2395 555 2432 vota
608 2391 811 2441 simplicia
844 2395 1011 2433 cessant.
1033 2412 1086 2424 -

54 2454 248 2505 Superest
290 2451 509 2492 dicendum
555 2451 606 2492 de
655 2451 736 2490 alio
773 2464 893 2500 casu,
920 2451 1086 2504 quando

55 2515 260 2568 professus
284 2514 469 2554 absolute
498 2513 734 2553 dimittitur.
760 2513 805 2552 In
842 2525 924 2565 quo
946 2514 1086 2566 impri-

0 2594 2 2620 i
55 2577 135 2618 mis
163 2577 300 2616 locum
333 2575 488 2616 habent
515 2577 655 2616 omnia
686 2587 779 2628 quae
803 2574 852 2615 cle
874 2576 1087 2627 obligatio·

55 2649 109 2678 ne
137 2638 190 2677 ad
229 2638 479 2686 castitatem,
501 2640 785 2689 paupertatem
816 2641 859 2676 et
896 2637 1087 2679 obedien·

55 2699 158 2739 tiam
205 2699 447 2738 servandam
477 2698 585 2739 dicta
611 2702 722 2744 sunt,
749 2702 867 2739 tract.
887 2700 929 2748 8,
950 2699 1021 2740 lib.
1044 2700 1084 2750 3,

55 2758 102 2799 in
137 2761 348 2800 communi
378 2760 430 2798 de
464 2760 603 2811 ejectis
631 2773 655 2800 a
672 2760 888 2810 religione,
906 2761 1004 2813 quia
1025 2765 1088 2803 est

57 2819 199 2862 eadem
219 2821 533 2873 proportionalis
550 2821 668 2862 ratio.
699 2822 746 2862 In
774 2823 972 2863 Societate
990 2835 1088 2864 vero

58 2887 155 2922 sunt
174 2883 367 2933 speciales
391 2883 654 2924 difficultates
675 2882 726 2924 de
743 2884 835 2924 aliis
853 2886 973 2933 votis,
994 2895 1087 2937 quae

57 2943 228 2996 professi
248 2946 454 2988 emittunt,
475 2945 678 2997 imprimis
699 2945 750 2985 de
767 2949 863 2985 voto
899 2947 1089 2987 obedien-

57 3004 128 3045 tiae
160 3004 210 3044 ad
239 3005 456 3044 Summum
474 3006 710 3046 Pontificem
731 3008 775 3047 in
795 3008 1056 3048 missionibus
1074 3020 1086 3058 ;

59 3075 159 3107 nam
192 3066 388 3118 professio
421 3067 584 3118 integra
619 3072 784 3117 manet;
806 3081 902 3119 ergo
939 3074 982 3110 et
1015 3081 1090 3111 vo-

59 3128 150 3168 tum
170 3127 288 3174 illud,
310 3131 350 3166 et
369 3127 562 3178 obligatio
580 3128 692 3179 ejus;
713 3129 805 3169 talis
822 3131 934 3170 enim
965 3134 1091 3172 estut

59 3192 176 3228 extra
195 3188 435 3239 religionem
456 3189 617 3240 impleri
644 3191 783 3240 possit.
815 3190 927 3230 Idem
956 3197 1019 3232 est
1036 3192 1089 3234 de

58 3249 166 3288 votis
189 3249 456 3300 simplicibus,
473 3252 700 3301 praesertim
720 3251 770 3292 de
787 3256 881 3292 voto
899 3265 983 3293 nou
1000 3266 1086 3296 am·

54 3305 218 3370 hiemi,
244 3322 318 3349 nec
355 3312 593 3362 acceptandi
614 3312 857 3363 dignitatem
875 3319 992 3354 extra
1015 3315 1088 3356 So-

58 3370 280 3422 ¹oietatem3
301 3384 398 3413 nam
430 3372 507 3413 hoc
538 3385 607 3425 per
644 3387 686 3415 se
718 3380 779 3416 est
807 3378 1028 3428 optimum,
1048 3381 1090 3419 et

50 3434 195 3484 ⁴potest
228 3433 273 3473 in
288 3446 545 3489 quocumque
570 3440 678 3477 statu
697 3439 865 3486 servari,
883 3443 924 3479 et
943 3443 1087 3480 votum

46 3489 244 3549 -plmolute
295 3495 448 3537 factum
495 3501 584 3548 est3
633 3499 744 3539 unde
787 3500 914 3541 etiam
970 3501 1092 3543 durat

32 3594 37 3597 ,
63 3556 155 3607 post
174 3557 428 3607 ejectionem.
461 3558 517 3599 De
541 3559 630 3599 aliis
649 3564 788 3602 autem
811 3562 917 3603 votis
935 3563 1092 3616 simpli-

35 3657 37 3661 ,
54 3610 181 3671 ‚pibus
221 3617 357 3660 minor
403 3623 467 3661 est
506 3619 722 3662 difficultas
734 3637 749 3674 ;
783 3634 884 3666 nam
919 3626 1093 3668 materia,

54 3674 82 3731 ”t

54 3727 78 3771 ⁴¹²,

38 3787 105 3880 i

389 247 478 281 CAP.
501 246 557 279 111.
579 244 636 278 AD
657 241 753 283 QUID
773 237 994 274 TENEATUR
1012 234 1242 270 PROFESSUS
1263 236 1288 270 E
1310 234 1535 269 sommus
1556 233 1741 273 EJECTUS.
1763 233 1856 269 mc.

2071 231 2175 271 1157

1146 313 1287 342 eorum
1326 301 1540 342 manifeste
1560 300 1734 352 requirit
1765 298 1967 341 actualem
1985 299 2116 340 vitam
2134 303 2176 354 et

1145 364 1472 413 conjunctionem
1505 363 1549 402 iu
1573 363 1796 412 Societate,
1829 366 1870 403 et
1901 362 1994 404 ideo
2031 356 2178 403 eorum

1145 423 1342 475 obligatio
1361 429 1488 464 cessat
1506 424 1572 463 vel
1589 424 1852 476 suspenditur
1882 425 1927 464 in
1963 435 2012 465 eo
2047 427 2172 465 statu.

1145 484 1436 526 Verumtamen
1462 486 1571 525 idem
1592 486 1812 525 dicendum
1846 498 1992 526 censeo
2013 485 2064 525 de
2084 484 2175 525 aliis

1145 546 1304 585 duobus
1322 548 1450 595 votis3
1478 548 1561 586 imo
1593 547 1840 598 generaliter
1872 548 1922 588 de
1957 552 2051 587 voto
2080 546 2176 587 obe-

1145 607 1307 646 dientiae
1326 608 1515 647 existimo
1532 621 1615 647 non
1631 622 1746 660 posse
1759 609 1982 661 professum
1999 610 2176 660 ejectum

1145 681 1195 708 ex
1210 669 1249 707 vi
1269 669 1378 707 illius
1391 669 1564 719 obligari
1575 670 1634 707 ad
1651 671 1875 710 ministeria
1887 672 2112 719 Societatis,
2128 672 2176 710 ut

1145 731 1196 770 ad
1215 731 1438 770 docendam
1459 730 1685 769 doctrinam
1715 731 2002 782 Christianam,
2027 733 2081 772 ad
2100 723 2180 773 au?

1145 792 1310 832 diendas
1347 792 1617 831 confessiones
1637 796 1678 831 et
1693 791 1856 832 similia.
1876 795 1976 833 Nam
2010 793 2180 845 religio-¹

1145 866 1213 893 sus
1240 855 1392 906 ejectus
1410 866 1493 894 non
1518 858 1682 893 tenetur
1715 866 1877 893 servare
1902 854 2103 905 regulam,
2128 859 2175 895 ut

1144 928 1281 968 supra,
1318 920 1434 956 tract.
1462 916 1502 963 8,
1538 915 1610 955 lib.
1649 916 1690 963 3,
1709 927 1783 956 suo
1819 915 1907 955 loco
1935 916 2047 964 dixi;
2076 925 2174 968 ergo

1142 990 1218 1018 nec
1254 978 1457 1031 professus
1475 977 1686 1018 Societatis
1719 977 1904 1030 regulam
1934 979 2146 1018 Societatis
2157 991 2170 1028 3

1142 1051 1240 1090 ergo
1273 1052 1347 1079 nec
1383 1044 1514 1092 potest
1530 1040 1703 1091 obligari
1733 1040 1891 1080 ratione
1912 1040 1996 1080 voti
2020 1040 2070 1079 ad
2094 1051 2175 1078 ser·

1141 1101 1317 1141 vandam
1339 1102 1450 1142 illam
1467 1117 1480 1153 3
1500 1103 1567 1142 sed
1589 1101 1779 1153 occupari
1792 1102 1835 1142 iu
1857 1101 1921 1140 his
1939 1100 2175 1142 ministeriis

1142 1164 1272 1202 solum
1291 1168 1350 1203 est
1364 1165 1520 1204 ratione
1533 1163 1702 1214 regulae,
1716 1163 1812 1202 etin
1832 1167 1947 1202 tantu
1957 1175 1991 1201 m
2006 1169 2175 1214 possunt

1141 1226 1321 1277 praecipi,
1337 1227 1381 1265 in
1399 1230 1596 1277 quantum
1611 1230 1706 1264 sunt
1722 1224 1943 1264 secundum
1960 1224 2168 1275 regulam

1141 1300 1239 1338 ergo
1270 1288 1366 1327 talia
1397 1293 1598 1340 praecepta
1617 1298 1701 1326 non
1725 1286 1881 1326 habeut
1905 1287 2039 1326 locum
2067 1286 2174 1327 circa

1138 1349 1332 1400 ejectum,
1355 1348 1551 1400 quamdiu
1572 1352 1684 1389 extra
1705 1349 1944 1387 Societatem
1967 1350 2120 1388 manet.

1193 1412 1233 1450 6.
1265 1412 1353 1452 Imo
1373 1415 1409 1450 et
1427 1413 1615 1462 quartum
1634 1414 1767 1451 vocum
1786 1410 1970 1450 solemne.
1983 1410 2173 1452 -Dz'cta

1141 1476 1231 1512 cota
1256 1472 1509 1521 reviviscunt,
1528 1473 1566 1512 si
1581 1475 1783 1522 professus
1800 1475 2021 1513 revocatur.
2040 1493 2091 1502 -
2112 1473 2173 1512 Ita

1142 1544 1240 1583 ergo
1253 1533 1471 1573 dicendum
1486 1544 1629 1572 censeo
1646 1534 1696 1572 de
1723 1532 1955 1572 obedientia
1984 1532 2171 1572 Pontifici

1144 1595 1370 1648 praestanda
1410 1595 1516 1635 circa
1555 1595 1788 1645 missiones3
1808 1606 1907 1634 nam
1938 1594 2009 1633 illa
2046 1595 2171 1634 etiam

1142 1658 1393 1709 promittitur
1407 1658 1630 1697 secundnm
1644 1657 1832 1708 regulam
1850 1661 1891 1697 et
1910 1656 2170 1696 Constitutio-

1142 1730 1215 1758 nes
1234 1719 1462 1767 Societatis3
1479 1722 1549 1771 qui
1565 1731 1661 1769 ergo
1671 1721 1756 1770 J'am
1771 1731 1853 1758 non
1867 1719 1952 1769 agit
1965 1719 2093 1757 vitam
2109 1729 2170 1756 se·

1142 1780 1321 1820 cundum
1339 1781 1540 1831 regulam,
1563 1793 1696 1832 neque
1729 1781 1782 1820 ad
1814 1780 1858 1820 id
1876 1784 2055 1827 tenetur,
2083 1790 2170 1818 non

1140 1844 1289 1895 poterit
1303 1842 1366 1882 obl
1375 1844 1382 1881 i
1387 1844 1475 1894 gari
1486 1843 1537 1881 ad
1552 1842 1808 1894 implendum
1819 1841 1919 1881 illud
1931 1847 2087 1889 votum,
2099 1840 2170 1879 du-

1140 1908 1258 1943 rante
1275 1903 1348 1943 1110
1365 1909 1489 1952 statu,
1512 1905 1609 1955 quia
1643 1916 1785 1944 revera
1803 1904 1977 1943 cessavit
2001 1901 2172 1942 materia

1140 1965 1242 2016 ejus.
1272 1964 1561 2012 Confirmatur,
1584 1965 1681 2015 quia
1708 1966 1764 2004 ita
1787 1964 2012 2004 necessario
2044 1965 2172 2001 inter-

1141 2025 1340 2078 pretanda
1358 2031 1418 2065 est
1431 2027 1606 2065 intentio
1623 2026 1876 2071 voventium,
1894 2029 1936 2064 et
1954 2025 2170 2064 instituen-

1139 2089 1242 2127 tium
1257 2087 1356 2128 talia
1376 2091 1493 2135 vota,
1510 2091 1600 2127 tum
1613 2088 1710 2138 quia
1727 2098 1847 2127 nemo
1864 2087 2066 2137 promittit
2084 2097 2171 2125 sus-

1140 2149 1273 2188 tinere
1304 2159 1432 2188 onera
1459 2148 1670 2198 religionis
1689 2147 1769 2186 nisi
1787 2148 1830 2187 in
1848 2148 1937 2198 ipsa
1954 2146 2168 2196 religione,

1141 2215 1182 2250 et
1197 2211 1361 2262 adjutus
1378 2207 1539 2260 spiritu,
1555 2208 1826 2261 providentia,
1850 2208 2107 2256 auctoritate,
2131 2211 2170 2249 et

1140 2270 1231 2311 aliis
1247 2270 1410 2311 auxiliis
1429 2272 1532 2322 ejus,
1551 2282 1643 2322 quae
1663 2271 1802 2310 omnia
1823 2273 2002 2309 maxime
2031 2280 2168 2310 neces·

1142 2332 1248 2372 saria
1278 2336 1374 2372 suut
1403 2330 1447 2371 in
1466 2343 1511 2371 re
1534 2331 1636 2372 adeo
1651 2331 1807 2371 difficili
1825 2336 1867 2371 et
1884 2332 2028 2378 ardua,
2044 2334 2096 2370 ut.
2111 2333 2170 2371 est

1142 2392 1309 2434 obedire
1331 2394 1375 2432 in
1406 2392 1645 2445 hujusmodi
1676 2391 1954 2433 missionibus.
1980 2393 2086 2432 Tum
2118 2402 2170 2432 ex

1140 2455 1212 2495 illo
1241 2454 1424 2507 generali
1457 2455 1676 2507 principio,
1694 2455 1803 2507 quod
1824 2454 1938 2494 nulla
1956 2453 2169 2506 promissio

1140 2516 1310 2567 obligat,
1330 2516 1495 2569 quando
1510 2521 1626 2556 tanta
1641 2516 1687 2556 fit
1703 2516 1876 2556 mutatio
1890 2516 1936 2555 in
1951 2519 2059 2555 statu
2080 2525 2170 2566 pro-

1140 2579 1355 2627 mittentis,
1382 2581 1429 2619 ut
1445 2577 1664 2618 verisimile
1685 2589 1769 2617 non
1802 2578 1854 2617 sit
1873 2579 1961 2629 ejus
1978 2578 2169 2616 intentio-

1141 2651 1237 2681 nem
1255 2640 1383 2680 fuisse
1412 2652 1489 2692 pro
1505 2639 1577 2679 1110
1603 2643 1713 2679 statu
1729 2650 1773 2679 se
1790 2638 1970 2689 obligare
1984 2648 1999 2688 3
2015 2637 2066 2677 de
2090 2648 2170 2689 quo

1141 2706 1300 2742 tractat.
1326 2703 1367 2750 6,
1394 2701 1469 2742 lib.
1498 2703 1540 2749 4,
1561 2700 1612 2741 de
1630 2701 1749 2750 Voto,
1767 2712 1856 2753 cap.
1877 2701 1943 2748 19,
1961 2699 2092 2739 multa
2110 2698 2170 2739 di-

1141 2763 1278 2803 ximus
1293 2777 1305 2812 ;
1325 2763 1419 2802 talis
1436 2767 1576 2803 autem
1600 2762 1776 2802 mutatio
1804 2763 1847 2802 in
1866 2762 2055 2813 praesenti
2074 2771 2171 2800 casu

1142 2825 1357 2865 manifeste
1379 2825 1575 2877 procedit,
1590 2835 1686 2864 nam
1709 2824 1830 2875 longe
1850 2823 1931 2863 alia
1950 2827 2009 2862 est
2031 2821 2171 2861 condi-

1143 2888 1202 2927 tio
1233 2887 1414 2939 religiosi
1450 2892 1548 2927 actu
1564 2888 1670 2926 uniti
1688 2898 1773 2927 suae
1809 2885 2015 2936 religioni,
2031 2884 2103 2935 qui
2125 2886 2172 2922 ut

1143 2949 1376 2989 membrum
1393 2949 1482 3000 ejus
1495 2952 1682 2988 movetur
1692 2962 1705 2997 3
1722 2946 1786 2988 vel
1799 2946 1990 2999 separati,
2007 2946 2080 2997 qui
2098 2956 2172 2984 nec

1143 3023 1169 3051 a
1185 3011 1384 3062 religione
1403 3021 1607 3059 movetur,
1620 3022 1697 3050 ncc
1714 3009 1759 3049 in
1774 3010 1864 3060 ejus
1881 3007 2007 3048 finem
2024 3006 2168 3046 tendit.

1143 3073 1275 3124 Atque
1292 3073 1360 3112 hic
1372 3072 1578 3112 discursus
1597 3082 1713 3124 aeque
1727 3070 1875 3124 probat
1893 3069 1944 3109 de
1968 3072 2062 3107 voto
2078 3068 2172 3106 sim-

1142 3133 1238 3186 plici
1256 3145 1342 3173 11011
1373 3133 1586 3186 quaerendi
1615 3131 1682 3172 vel
1701 3130 1940 3183 acceptandi
1971 3127 2171 3180 praelatio·

1143 3208 1255 3244 nem,
1273 3207 1370 3235 nam
1392 3209 1490 3236 usus
1507 3196 1596 3248 ejus
1614 3199 1705 3236 erat
1733 3190 2056 3234 accommodatus
2074 3189 2170 3228 reli-

1143 3258 1270 3308 gioni,
1291 3258 1464 3298 durante
1494 3260 1649 3298 unione
1668 3257 1719 3297 ad
1749 3255 1892 3302 illam;
1918 3256 2075 3291 mutato
2101 3261 2172 3290 au·

1142 3323 1227 3359 tem
1253 3324 1379 3369 statu,
1398 3321 1581 3360 minime.
1611 3319 1725 3359 Unde
1751 3316 1875 3356 etiam
1914 3318 2012 3353 tunc
2046 3316 2171 3352 cessat

1141 3380 1250 3421 ratio
1265 3382 1358 3421 talis
1376 3382 1461 3422 voti
1480 3383 1524 3423 in
1543 3378 1837 3421 Constitutione
1856 3386 2059 3428 expressa,
2079 3385 2172 3425 quae

1143 3447 1324 3484 mentem
1341 3445 1429 3496 eJus
1446 3453 1488 3485 et
1505 3442 1774 3484 intentionem
1794 3438 1983 3478 declarat.
2000 3437 2069 3475 Est
2101 3446 2170 3474 au-

1143 3507 1229 3544 tem
1258 3505 1365 3545 ratio
1392 3505 1438 3547 in
1469 3505 1626 3546 decima
1663 3505 1778 3555 parte
1804 3499 2168 3545 Constitutionum,

1145 3564 1237 3618 §6³
1265 3566 1323 3608 Ut
1336 3570 1524 3619 perpetuo
1551 3565 1650 3615 felix
1672 3566 1805 3604 status
1838 3560 2056 3603 Societatz's
2086 3567 2173 3598 con-

1145 3631 1340 3675 tervetur.
1360 3630 1578 3682 Postquam
1609 3633 1750 3667 autem
1767 3622 1913 3677 aliquis
1930 3633 1957 3663 a
1972 3619 2172 3663 Societate
