<?xml version="1.0" encoding="UTF-8"?>
<!DOCTYPE html PUBLIC "-//W3C//DTD XHTML 1.0 Transitional//EN"
    "http://www.w3.org/TR/xhtml1/DTD/xhtml1-transitional.dtd">
<html xmlns="http://www.w3.org/1999/xhtml" xml:lang="en" lang="en">
 <head>
  <title>
</title>
<meta http-equiv="Content-Type" content="text/html;charset=utf-8" />
  <meta name='ocr-system' content='tesseract 3.04.00' />
  <meta name='ocr-capabilities' content='ocr_page ocr_carea ocr_par ocr_line ocrx_word'/>
</head>
<body>
  <div class='ocr_page' id='page_1' title='image "./operaomnia16suaauoft_0197.png"; bbox 0 0 2352 3880; ppageno 0'>
   <div class='ocr_carea' id='block_1_1' title="bbox 0 0 386 282">
    <p class='ocr_par' dir='ltr' id='par_1_1' title="bbox 0 0 386 282">
     <span class='ocr_line' id='line_1_1' title="bbox 0 0 386 282; baseline 0.075 -29"><span class='ocrx_word' id='word_1_1' title='bbox 0 0 386 282; x_wconf 95' lang='lat' dir='ltr'><strong>  </strong></span> 
     </span>
    </p>
   </div>
   <div class='ocr_carea' id='block_1_2' title="bbox 0 222 1079 322">
    <p class='ocr_par' dir='ltr' id='par_1_2' title="bbox 0 222 1079 319">
     <span class='ocr_line' id='line_1_2' title="bbox 0 222 90 258; baseline -0.011 -31"><span class='ocrx_word' id='word_1_2' title='bbox 0 223 43 258; x_wconf 59' lang='lat' dir='ltr'><strong>i:</strong></span> <span class='ocrx_word' id='word_1_3' title='bbox 88 222 90 226; x_wconf 91' lang='lat'><strong>.</strong></span> 
     </span>
     <span class='ocr_line' id='line_1_3' title="bbox 0 244 1079 322; baseline -0.005 -2"><span class='ocrx_word' id='word_1_4' title='bbox 0 261 2 302; x_wconf 85' lang='lat'>[</span> <span class='ocrx_word' id='word_1_5' title='bbox 38 244 97 315; x_wconf 29' lang='grc' dir='ltr'><strong>’ζμ</strong></span> <span class='ocrx_word' id='word_1_6' title='bbox 95 276 233 322; x_wconf 67' lang='lat' dir='ltr'><strong>mest</strong></span> <span class='ocrx_word' id='word_1_7' title='bbox 245 275 536 319; x_wconf 82' lang='lat' dir='ltr'><strong>necessarium.</strong></span> <span class='ocrx_word' id='word_1_8' title='bbox 553 276 845 318; x_wconf 86' lang='lat' dir='ltr'><strong>Secundoloco</strong></span> <span class='ocrx_word' id='word_1_9' title='bbox 859 275 1079 315; x_wconf 87' lang='lat' dir='ltr'><strong>dicendum</strong></span> 
     </span>
    </p>
   </div>
   <div class='ocr_carea' id='block_1_3' title="bbox 0 330 1079 575">
    <p class='ocr_par' dir='ltr' id='par_1_3' title="bbox 44 330 1079 575">
     <span class='ocr_line' id='line_1_4' title="bbox 44 330 1078 390; baseline -0.005 -9.935"><span class='ocrx_word' id='word_1_10' title='bbox 44 330 162 388; x_wconf 57' lang='lat' dir='ltr'><strong>im,</strong></span> <span class='ocrx_word' id='word_1_11' title='bbox 183 340 225 379; x_wconf 90' lang='lat' dir='ltr'><strong>in</strong></span> <span class='ocrx_word' id='word_1_12' title='bbox 244 350 335 390; x_wconf 79' lang='lat' dir='ltr'><strong>cap.</strong></span> <span class='ocrx_word' id='word_1_13' title='bbox 365 339 406 386; x_wconf 87' lang='lat'><strong>3,</strong></span> <span class='ocrx_word' id='word_1_14' title='bbox 426 339 454 378; x_wconf 77' lang='lat'>4</span> <span class='ocrx_word' id='word_1_15' title='bbox 474 343 515 379; x_wconf 89' lang='lat' dir='ltr'><strong>et</strong></span> <span class='ocrx_word' id='word_1_16' title='bbox 537 340 589 386; x_wconf 82' lang='lat'><strong>5,</strong></span> <span class='ocrx_word' id='word_1_17' title='bbox 612 339 664 378; x_wconf 88' lang='lat' dir='ltr'><strong>de</strong></span> <span class='ocrx_word' id='word_1_18' title='bbox 685 340 774 389; x_wconf 87' lang='lat' dir='ltr'><strong>ipsa</strong></span> <span class='ocrx_word' id='word_1_19' title='bbox 794 337 968 377; x_wconf 82' lang='lat' dir='ltr'>solemni</span> <span class='ocrx_word' id='word_1_20' title='bbox 986 349 1078 389; x_wconf 90' lang='lat' dir='ltr'><strong>pro·</strong></span> 
     </span>
     <span class='ocr_line' id='line_1_5' title="bbox 0 358 1079 469; baseline -0.005 -26.772"><span class='ocrx_word' id='word_1_21' title='bbox 0 358 248 469; x_wconf 43' lang='lat' dir='ltr'><strong>{ossium</strong></span> <span class='ocrx_word' id='word_1_22' title='bbox 268 399 403 439; x_wconf 90' lang='lat' dir='ltr'><strong>Tertio</strong></span> <span class='ocrx_word' id='word_1_23' title='bbox 422 399 604 446; x_wconf 84' lang='lat' dir='ltr'><strong>tandem,</strong></span> <span class='ocrx_word' id='word_1_24' title='bbox 622 411 647 439; x_wconf 80' lang='lat' dir='ltr'><strong>a</strong></span> <span class='ocrx_word' id='word_1_25' title='bbox 663 411 753 450; x_wconf 85' lang='lat' dir='ltr'><strong>cap.</strong></span> <span class='ocrx_word' id='word_1_26' title='bbox 769 399 795 438; x_wconf 87' lang='lat'>6</span> <span class='ocrx_word' id='word_1_27' title='bbox 809 411 941 450; x_wconf 87' lang='lat' dir='ltr'><strong>usque</strong></span> <span class='ocrx_word' id='word_1_28' title='bbox 959 398 1013 438; x_wconf 86' lang='lat' dir='ltr'><strong>ad</strong></span> <span class='ocrx_word' id='word_1_29' title='bbox 1031 398 1079 437; x_wconf 87' lang='lat' dir='ltr'><strong>fi-</strong></span> 
     </span>
     <span class='ocr_line' id='line_1_6' title="bbox 39 456 1075 520; baseline -0.002 -18.99"><span class='ocrx_word' id='word_1_30' title='bbox 39 456 152 520; x_wconf 63' lang='lat' dir='ltr'><strong>pem</strong></span> <span class='ocrx_word' id='word_1_31' title='bbox 177 460 292 507; x_wconf 85' lang='lat' dir='ltr'>libri,</span> <span class='ocrx_word' id='word_1_32' title='bbox 324 460 375 500; x_wconf 91' lang='lat' dir='ltr'><strong>de</strong></span> <span class='ocrx_word' id='word_1_33' title='bbox 397 461 644 511; x_wconf 85' lang='lat' dir='ltr'><strong>quibusdam</strong></span> <span class='ocrx_word' id='word_1_34' title='bbox 675 460 778 499; x_wconf 84' lang='lat' dir='ltr'><strong>votis</strong></span> <span class='ocrx_word' id='word_1_35' title='bbox 809 459 1075 511; x_wconf 85' lang='lat' dir='ltr'>simplicibus,</span> 
     </span>
     <span class='ocr_line' id='line_1_7' title="bbox 46 521 945 575; baseline 0.004 -15"><span class='ocrx_word' id='word_1_36' title='bbox 46 532 148 575; x_wconf 67' lang='lat' dir='ltr'><strong>¹1¹¹ae</strong></span> <span class='ocrx_word' id='word_1_37' title='bbox 167 526 468 573; x_wconf 83' lang='lat' dir='ltr'><strong>consequenter</strong></span> <span class='ocrx_word' id='word_1_38' title='bbox 485 521 539 560; x_wconf 87' lang='lat' dir='ltr'><strong>ad</strong></span> <span class='ocrx_word' id='word_1_39' title='bbox 555 522 668 560; x_wconf 87' lang='lat' dir='ltr'><strong>illam</strong></span> <span class='ocrx_word' id='word_1_40' title='bbox 689 521 945 564; x_wconf 83' lang='lat' dir='ltr'><strong>emittuntur.</strong></span> 
     </span>
    </p>
   </div>
   <div class='ocr_carea' id='block_1_4' title="bbox 451 650 672 691">
    <p class='ocr_par' dir='ltr' id='par_1_4' title="bbox 451 650 672 691">
     <span class='ocr_line' id='line_1_8' title="bbox 451 650 672 691; baseline 0 -1"><span class='ocrx_word' id='word_1_41' title='bbox 451 650 616 691; x_wconf 84' lang='lat' dir='ltr'>CAPUT</span> <span class='ocrx_word' id='word_1_42' title='bbox 641 651 672 690; x_wconf 94' lang='lat'><strong>1.</strong></span> 
     </span>
    </p>
   </div>
   <div class='ocr_carea' id='block_1_5' title="bbox 11 772 1082 866">
    <p class='ocr_par' dir='ltr' id='par_1_5' title="bbox 11 772 1082 866">
     <span class='ocr_line' id='line_1_9' title="bbox 26 772 1082 809; baseline 0.002 -5"><span class='ocrx_word' id='word_1_43' title='bbox 26 806 31 809; x_wconf 14' lang='lat' dir='ltr'><strong>e</strong></span> <span class='ocrx_word' id='word_1_44' title='bbox 56 772 187 805; x_wconf 72' lang='lat' dir='ltr'><strong>mun</strong></span> <span class='ocrx_word' id='word_1_45' title='bbox 200 773 403 802; x_wconf 74' lang='lat' dir='ltr'><strong>Pnornssm</strong></span> <span class='ocrx_word' id='word_1_46' title='bbox 419 773 460 802; x_wconf 81' lang='lat' dir='ltr'><strong>IN</strong></span> <span class='ocrx_word' id='word_1_47' title='bbox 472 773 683 802; x_wconf 75' lang='lat' dir='ltr'><strong>sociErA‘rE</strong></span> <span class='ocrx_word' id='word_1_48' title='bbox 694 774 995 805; x_wconf 77' lang='lat' dir='ltr'><strong>GONVENIENTER</strong></span> <span class='ocrx_word' id='word_1_49' title='bbox 1007 773 1082 806; x_wconf 75' lang='lat' dir='ltr'><strong>PER</strong></span> 
     </span>
     <span class='ocr_line' id='line_1_10' title="bbox 11 827 873 866; baseline 0.006 -5"><span class='ocrx_word' id='word_1_50' title='bbox 11 827 14 830; x_wconf 77' lang='grc'><em>’</em></span> <span class='ocrx_word' id='word_1_51' title='bbox 248 834 410 863; x_wconf 71' lang='lat' dir='ltr'>numum</span> <span class='ocrx_word' id='word_1_52' title='bbox 438 835 589 864; x_wconf 79' lang='lat' dir='ltr'>TEMPUS</span> <span class='ocrx_word' id='word_1_53' title='bbox 614 836 873 866; x_wconf 73' lang='lat' dir='ltr'><strong>mrmnATuR.</strong></span> 
     </span>
    </p>
   </div>
   <div class='ocr_carea' id='block_1_6' title="bbox 3 949 1087 3644">
    <p class='ocr_par' dir='ltr' id='par_1_6' title="bbox 8 949 1085 3461">
     <span class='ocr_line' id='line_1_11' title="bbox 106 949 1080 1003; baseline 0.001 -12"><span class='ocrx_word' id='word_1_54' title='bbox 106 950 146 991; x_wconf 87' lang='grc'><strong>1.</strong></span> <span class='ocrx_word' id='word_1_55' title='bbox 165 949 307 990; x_wconf 82' lang='lat' dir='ltr'><strong>Prima</strong></span> <span class='ocrx_word' id='word_1_56' title='bbox 324 951 567 1002; x_wconf 68' lang='lat' dir='ltr'><strong>reprehensio</strong></span> <span class='ocrx_word' id='word_1_57' title='bbox 581 952 626 992; x_wconf 80' lang='lat' dir='ltr'><strong>in</strong></span> <span class='ocrx_word' id='word_1_58' title='bbox 638 952 874 993; x_wconf 76' lang='lat' dir='ltr'><strong>Societatem</strong></span> <span class='ocrx_word' id='word_1_59' title='bbox 888 953 985 993; x_wconf 76' lang='lat' dir='ltr'><strong>alibi</strong></span> <span class='ocrx_word' id='word_1_60' title='bbox 988 953 1080 1003; x_wconf 84' lang='lat' dir='ltr'><strong>jam</strong></span> 
     </span>
     <span class='ocr_line' id='line_1_12' title="bbox 52 1012 1081 1064; baseline 0.003 -14"><span class='ocrx_word' id='word_1_61' title='bbox 52 1012 243 1063; x_wconf 64' lang='lat' dir='ltr'><strong>expedita.</strong></span> <span class='ocrx_word' id='word_1_62' title='bbox 263 1033 315 1041; x_wconf 94' lang='lat'>—</span> <span class='ocrx_word' id='word_1_63' title='bbox 334 1013 417 1052; x_wconf 85' lang='lat' dir='ltr'><strong>Pro</strong></span> <span class='ocrx_word' id='word_1_64' title='bbox 438 1014 565 1053; x_wconf 81' lang='lat' dir='ltr'><strong>altera</strong></span> <span class='ocrx_word' id='word_1_65' title='bbox 585 1016 778 1063; x_wconf 74' lang='lat' dir='ltr'><strong>arquitur</strong></span> <span class='ocrx_word' id='word_1_66' title='bbox 795 1016 927 1064; x_wconf 79' lang='lat' dir='ltr'><strong>primo</strong></span> <span class='ocrx_word' id='word_1_67' title='bbox 948 1018 1081 1053; x_wconf 82' lang='lat' dir='ltr'><strong>aucto-</strong></span> 
     </span>
     <span class='ocr_line' id='line_1_13' title="bbox 53 1073 1077 1126; baseline 0 -12"><span class='ocrx_word' id='word_1_68' title='bbox 53 1073 330 1114; x_wconf 64' lang='lat' dir='ltr'><strong>ritate—Duo</strong></span> <span class='ocrx_word' id='word_1_69' title='bbox 361 1074 400 1111; x_wconf 92' lang='lat' dir='ltr'><strong>in</strong></span> <span class='ocrx_word' id='word_1_70' title='bbox 426 1075 501 1113; x_wconf 84' lang='lat' dir='ltr'><strong>hac</strong></span> <span class='ocrx_word' id='word_1_71' title='bbox 516 1080 630 1125; x_wconf 85' lang='lat' dir='ltr'><strong>parte</strong></span> <span class='ocrx_word' id='word_1_72' title='bbox 643 1076 695 1113; x_wconf 92' lang='lat' dir='ltr'><strong>ab</strong></span> <span class='ocrx_word' id='word_1_73' title='bbox 716 1076 920 1124; x_wconf 84' lang='lat' dir='ltr'>aliquibus</span> <span class='ocrx_word' id='word_1_74' title='bbox 938 1087 1077 1126; x_wconf 88' lang='lat' dir='ltr'><strong>repre-</strong></span> 
     </span>
     <span class='ocr_line' id='line_1_14' title="bbox 53 1132 1079 1181; baseline 0.002 -7"><span class='ocrx_word' id='word_1_75' title='bbox 53 1132 195 1181; x_wconf 84' lang='lat' dir='ltr'><strong>hensa,</strong></span> <span class='ocrx_word' id='word_1_76' title='bbox 219 1134 271 1172; x_wconf 89' lang='lat' dir='ltr'><strong>ab</strong></span> <span class='ocrx_word' id='word_1_77' title='bbox 288 1135 377 1173; x_wconf 86' lang='lat' dir='ltr'><strong>aliis</strong></span> <span class='ocrx_word' id='word_1_78' title='bbox 395 1135 434 1173; x_wconf 91' lang='lat' dir='ltr'><strong>in</strong></span> <span class='ocrx_word' id='word_1_79' title='bbox 454 1136 623 1174; x_wconf 90' lang='lat' dir='ltr'><strong>dubium</strong></span> <span class='ocrx_word' id='word_1_80' title='bbox 648 1141 839 1175; x_wconf 84' lang='lat' dir='ltr'><strong>revocata</strong></span> <span class='ocrx_word' id='word_1_81' title='bbox 864 1141 972 1175; x_wconf 91' lang='lat' dir='ltr'><strong>sunt.</strong></span> <span class='ocrx_word' id='word_1_82' title='bbox 998 1137 1079 1176; x_wconf 82' lang='lat' dir='ltr'><strong>Pri-</strong></span> 
     </span>
     <span class='ocr_line' id='line_1_15' title="bbox 53 1196 1079 1249; baseline 0.002 -13"><span class='ocrx_word' id='word_1_83' title='bbox 53 1207 163 1236; x_wconf 90' lang='lat' dir='ltr'><strong>mum</strong></span> <span class='ocrx_word' id='word_1_84' title='bbox 186 1199 247 1235; x_wconf 90' lang='lat' dir='ltr'><strong>est</strong></span> <span class='ocrx_word' id='word_1_85' title='bbox 267 1196 392 1234; x_wconf 88' lang='lat' dir='ltr'><strong>nimia</strong></span> <span class='ocrx_word' id='word_1_86' title='bbox 423 1197 561 1235; x_wconf 86' lang='lat' dir='ltr'><strong>dilatio</strong></span> <span class='ocrx_word' id='word_1_87' title='bbox 590 1197 833 1236; x_wconf 88' lang='lat' dir='ltr'><strong>admittendi</strong></span> <span class='ocrx_word' id='word_1_88' title='bbox 855 1199 906 1237; x_wconf 85' lang='lat' dir='ltr'><strong>ad</strong></span> <span class='ocrx_word' id='word_1_89' title='bbox 926 1199 1079 1249; x_wconf 82' lang='lat' dir='ltr'><strong>profes-</strong></span> 
     </span>
     <span class='ocr_line' id='line_1_16' title="bbox 55 1257 1076 1310; baseline 0.002 -13"><span class='ocrx_word' id='word_1_90' title='bbox 55 1257 225 1305; x_wconf 85' lang='lat' dir='ltr'><strong>sionem,</strong></span> <span class='ocrx_word' id='word_1_91' title='bbox 251 1269 299 1296; x_wconf 92' lang='lat' dir='ltr'><strong>eo</strong></span> <span class='ocrx_word' id='word_1_92' title='bbox 323 1258 434 1307; x_wconf 89' lang='lat' dir='ltr'><strong>quod</strong></span> <span class='ocrx_word' id='word_1_93' title='bbox 455 1259 671 1310; x_wconf 84' lang='lat' dir='ltr'><strong>singularis</strong></span> <span class='ocrx_word' id='word_1_94' title='bbox 692 1263 731 1298; x_wconf 91' lang='lat' dir='ltr'><strong>et</strong></span> <span class='ocrx_word' id='word_1_95' title='bbox 750 1272 853 1298; x_wconf 84' lang='lat' dir='ltr'><strong>nova</strong></span> <span class='ocrx_word' id='word_1_96' title='bbox 874 1261 1076 1309; x_wconf 90' lang='lat' dir='ltr'><strong>videatur,</strong></span> 
     </span>
     <span class='ocr_line' id='line_1_17' title="bbox 55 1319 1079 1373; baseline 0.003 -15"><span class='ocrx_word' id='word_1_97' title='bbox 55 1323 107 1366; x_wconf 90' lang='lat' dir='ltr'><strong>et,</strong></span> <span class='ocrx_word' id='word_1_98' title='bbox 125 1319 235 1370; x_wconf 91' lang='lat' dir='ltr'><strong>quod</strong></span> <span class='ocrx_word' id='word_1_99' title='bbox 273 1321 438 1370; x_wconf 82' lang='lat' dir='ltr'><strong>gravius</strong></span> <span class='ocrx_word' id='word_1_100' title='bbox 469 1325 543 1367; x_wconf 88' lang='lat' dir='ltr'><strong>est,</strong></span> <span class='ocrx_word' id='word_1_101' title='bbox 569 1321 811 1359; x_wconf 80' lang='lat' dir='ltr'>nonnullam</span> <span class='ocrx_word' id='word_1_102' title='bbox 838 1323 1079 1373; x_wconf 89' lang='lat' dir='ltr'><strong>injustitiam</strong></span> 
     </span>
     <span class='ocr_line' id='line_1_18' title="bbox 54 1380 1081 1431; baseline 0.004 -12"><span class='ocrx_word' id='word_1_103' title='bbox 54 1380 270 1419; x_wconf 86' lang='lat' dir='ltr'><strong>contineat.</strong></span> <span class='ocrx_word' id='word_1_104' title='bbox 294 1382 372 1419; x_wconf 86' lang='lat' dir='ltr'><strong>Sed</strong></span> <span class='ocrx_word' id='word_1_105' title='bbox 389 1381 439 1419; x_wconf 86' lang='lat' dir='ltr'><strong>de</strong></span> <span class='ocrx_word' id='word_1_106' title='bbox 461 1382 537 1420; x_wconf 91' lang='lat' dir='ltr'><strong>hoc</strong></span> <span class='ocrx_word' id='word_1_107' title='bbox 556 1386 708 1431; x_wconf 89' lang='lat' dir='ltr'><strong>puncto</strong></span> <span class='ocrx_word' id='word_1_108' title='bbox 731 1383 829 1421; x_wconf 87' lang='lat' dir='ltr'><strong>satis</strong></span> <span class='ocrx_word' id='word_1_109' title='bbox 847 1383 1001 1422; x_wconf 86' lang='lat' dir='ltr'><strong>dictum</strong></span> <span class='ocrx_word' id='word_1_110' title='bbox 1019 1388 1081 1423; x_wconf 81' lang='lat' dir='ltr'><strong>est</strong></span> 
     </span>
     <span class='ocr_line' id='line_1_19' title="bbox 53 1441 1080 1495; baseline 0.005 -17"><span class='ocrx_word' id='word_1_111' title='bbox 53 1441 120 1479; x_wconf 89' lang='lat' dir='ltr'><strong>lib.</strong></span> <span class='ocrx_word' id='word_1_112' title='bbox 144 1442 182 1487; x_wconf 87' lang='lat'><strong>3,</strong></span> <span class='ocrx_word' id='word_1_113' title='bbox 204 1453 227 1479; x_wconf 87' lang='lat' dir='ltr'><strong>a</strong></span> <span class='ocrx_word' id='word_1_114' title='bbox 246 1442 458 1492; x_wconf 89' lang='lat' dir='ltr'><strong>principio,</strong></span> <span class='ocrx_word' id='word_1_115' title='bbox 482 1444 737 1482; x_wconf 89' lang='lat' dir='ltr'><strong>ostendendo</strong></span> <span class='ocrx_word' id='word_1_116' title='bbox 759 1457 832 1482; x_wconf 89' lang='lat' dir='ltr'><strong>cur</strong></span> <span class='ocrx_word' id='word_1_117' title='bbox 851 1450 944 1495; x_wconf 88' lang='lat' dir='ltr'><strong>post</strong></span> <span class='ocrx_word' id='word_1_118' title='bbox 965 1446 1080 1483; x_wconf 90' lang='lat' dir='ltr'><strong>bien-</strong></span> 
     </span>
     <span class='ocr_line' id='line_1_20' title="bbox 53 1502 1081 1554; baseline 0.005 -14"><span class='ocrx_word' id='word_1_119' title='bbox 53 1502 179 1549; x_wconf 90' lang='lat' dir='ltr'>nium,</span> <span class='ocrx_word' id='word_1_120' title='bbox 191 1503 242 1541; x_wconf 83' lang='lat' dir='ltr'><strong>ad</strong></span> <span class='ocrx_word' id='word_1_121' title='bbox 257 1508 350 1542; x_wconf 89' lang='lat' dir='ltr'><strong>vota</strong></span> <span class='ocrx_word' id='word_1_122' title='bbox 370 1504 585 1554; x_wconf 87' lang='lat' dir='ltr'><strong>simplicia,</strong></span> <span class='ocrx_word' id='word_1_123' title='bbox 596 1510 635 1544; x_wconf 92' lang='lat' dir='ltr'><strong>et</strong></span> <span class='ocrx_word' id='word_1_124' title='bbox 650 1518 733 1544; x_wconf 90' lang='lat' dir='ltr'><strong>non</strong></span> <span class='ocrx_word' id='word_1_125' title='bbox 747 1506 946 1545; x_wconf 89' lang='lat' dir='ltr'><strong>solemnia</strong></span> <span class='ocrx_word' id='word_1_126' title='bbox 963 1507 1081 1546; x_wconf 84' lang='lat' dir='ltr'><strong>scho-</strong></span> 
     </span>
     <span class='ocr_line' id='line_1_21' title="bbox 8 1563 1081 1619; baseline 0.006 -18"><span class='ocrx_word' id='word_1_127' title='bbox 8 1567 9 1571; x_wconf 78' lang='grc'>’</span> <span class='ocrx_word' id='word_1_128' title='bbox 51 1563 158 1603; x_wconf 80' lang='lat' dir='ltr'><strong>lares</strong></span> <span class='ocrx_word' id='word_1_129' title='bbox 179 1564 460 1614; x_wconf 84' lang='lat' dir='ltr'><strong>admittantur,</strong></span> <span class='ocrx_word' id='word_1_130' title='bbox 482 1579 564 1605; x_wconf 88' lang='lat' dir='ltr'><strong>non</strong></span> <span class='ocrx_word' id='word_1_131' title='bbox 587 1567 722 1606; x_wconf 90' lang='lat' dir='ltr'><strong>solum</strong></span> <span class='ocrx_word' id='word_1_132' title='bbox 742 1569 899 1618; x_wconf 86' lang='lat' dir='ltr'><strong>absque</strong></span> <span class='ocrx_word' id='word_1_133' title='bbox 923 1568 1081 1619; x_wconf 86' lang='lat' dir='ltr'><strong>injusti·</strong></span> 
     </span>
     <span class='ocr_line' id='line_1_22' title="bbox 51 1625 1079 1672; baseline 0.004 -8"><span class='ocrx_word' id='word_1_134' title='bbox 51 1625 120 1672; x_wconf 80' lang='lat' dir='ltr'><strong>tia,</strong></span> <span class='ocrx_word' id='word_1_135' title='bbox 140 1637 283 1664; x_wconf 88' lang='lat' dir='ltr'><strong>verum</strong></span> <span class='ocrx_word' id='word_1_136' title='bbox 309 1627 431 1666; x_wconf 86' lang='lat' dir='ltr'><strong>etiam</strong></span> <span class='ocrx_word' id='word_1_137' title='bbox 468 1629 554 1667; x_wconf 90' lang='lat' dir='ltr'><strong>sine</strong></span> <span class='ocrx_word' id='word_1_138' title='bbox 576 1629 659 1667; x_wconf 92' lang='lat' dir='ltr'>ullo</span> <span class='ocrx_word' id='word_1_139' title='bbox 686 1641 782 1667; x_wconf 90' lang='lat' dir='ltr'><strong>vero</strong></span> <span class='ocrx_word' id='word_1_140' title='bbox 816 1630 1079 1669; x_wconf 81' lang='lat' dir='ltr'><strong>incommodo</strong></span> 
     </span>
     <span class='ocr_line' id='line_1_23' title="bbox 51 1686 1079 1742; baseline 0.003 -16"><span class='ocrx_word' id='word_1_141' title='bbox 51 1686 230 1733; x_wconf 86' lang='lat' dir='ltr'><strong>illorum,</strong></span> <span class='ocrx_word' id='word_1_142' title='bbox 253 1692 402 1726; x_wconf 87' lang='lat' dir='ltr'><strong>etcum</strong></span> <span class='ocrx_word' id='word_1_143' title='bbox 427 1702 579 1741; x_wconf 80' lang='lat' dir='ltr'><strong>magna</strong></span> <span class='ocrx_word' id='word_1_144' title='bbox 605 1691 779 1738; x_wconf 87' lang='lat' dir='ltr'><strong>ratione,</strong></span> <span class='ocrx_word' id='word_1_145' title='bbox 803 1695 844 1730; x_wconf 92' lang='lat' dir='ltr'><strong>et</strong></span> <span class='ocrx_word' id='word_1_146' title='bbox 880 1704 952 1742; x_wconf 85' lang='lat' dir='ltr'><strong>spe</strong></span> <span class='ocrx_word' id='word_1_147' title='bbox 983 1692 1079 1730; x_wconf 90' lang='lat' dir='ltr'><strong>boni</strong></span> 
     </span>
     <span class='ocr_line' id='line_1_24' title="bbox 51 1749 1080 1804; baseline 0.004 -16"><span class='ocrx_word' id='word_1_148' title='bbox 51 1749 295 1788; x_wconf 85' lang='lat' dir='ltr'><strong>communis.</strong></span> <span class='ocrx_word' id='word_1_149' title='bbox 318 1751 552 1790; x_wconf 86' lang='lat' dir='ltr'><strong>Secundum</strong></span> <span class='ocrx_word' id='word_1_150' title='bbox 581 1757 655 1800; x_wconf 90' lang='lat' dir='ltr'><strong>est,</strong></span> <span class='ocrx_word' id='word_1_151' title='bbox 679 1753 790 1803; x_wconf 90' lang='lat' dir='ltr'><strong>quod</strong></span> <span class='ocrx_word' id='word_1_152' title='bbox 820 1754 896 1791; x_wconf 93' lang='lat' dir='ltr'><strong>hoc</strong></span> <span class='ocrx_word' id='word_1_153' title='bbox 918 1758 1080 1804; x_wconf 86' lang='lat' dir='ltr'><strong>tempus</strong></span> 
     </span>
     <span class='ocr_line' id='line_1_25' title="bbox 51 1811 1080 1860; baseline 0.005 -13"><span class='ocrx_word' id='word_1_154' title='bbox 51 1821 135 1848; x_wconf 90' lang='lat' dir='ltr'><strong>non</strong></span> <span class='ocrx_word' id='word_1_155' title='bbox 157 1811 285 1848; x_wconf 89' lang='lat' dir='ltr'><strong>solum</strong></span> <span class='ocrx_word' id='word_1_156' title='bbox 306 1813 356 1849; x_wconf 89' lang='lat' dir='ltr'><strong>sit</strong></span> <span class='ocrx_word' id='word_1_157' title='bbox 379 1813 632 1860; x_wconf 87' lang='lat' dir='ltr'><strong>diuturnum,</strong></span> <span class='ocrx_word' id='word_1_158' title='bbox 664 1814 736 1852; x_wconf 90' lang='lat' dir='ltr'><strong>sed</strong></span> <span class='ocrx_word' id='word_1_159' title='bbox 758 1814 882 1852; x_wconf 87' lang='lat' dir='ltr'><strong>etiam</strong></span> <span class='ocrx_word' id='word_1_160' title='bbox 900 1815 1080 1853; x_wconf 89' lang='lat' dir='ltr'><strong>indeter-</strong></span> 
     </span>
     <span class='ocr_line' id='line_1_26' title="bbox 50 1871 1080 1925; baseline 0.005 -17"><span class='ocrx_word' id='word_1_161' title='bbox 50 1871 266 1916; x_wconf 81' lang='lat' dir='ltr'><strong>minatum,</strong></span> <span class='ocrx_word' id='word_1_162' title='bbox 290 1873 399 1922; x_wconf 91' lang='lat' dir='ltr'><strong>quod</strong></span> <span class='ocrx_word' id='word_1_163' title='bbox 426 1878 484 1911; x_wconf 89' lang='lat' dir='ltr'><strong>est</strong></span> <span class='ocrx_word' id='word_1_164' title='bbox 502 1874 623 1924; x_wconf 82' lang='lat' dir='ltr'><strong>longe</strong></span> <span class='ocrx_word' id='word_1_165' title='bbox 645 1874 868 1921; x_wconf 87' lang='lat' dir='ltr'><strong>diversum,</strong></span> <span class='ocrx_word' id='word_1_166' title='bbox 885 1879 924 1913; x_wconf 91' lang='lat' dir='ltr'><strong>et</strong></span> <span class='ocrx_word' id='word_1_167' title='bbox 946 1878 1080 1925; x_wconf 87' lang='lat' dir='ltr'><strong>potest</strong></span> 
     </span>
     <span class='ocr_line' id='line_1_27' title="bbox 50 1931 1080 1981; baseline 0.005 -12"><span class='ocrx_word' id='word_1_168' title='bbox 50 1931 202 1970; x_wconf 85' lang='lat' dir='ltr'><strong>habere</strong></span> <span class='ocrx_word' id='word_1_169' title='bbox 218 1937 373 1981; x_wconf 77' lang='lat' dir='ltr'><strong>majora</strong></span> <span class='ocrx_word' id='word_1_170' title='bbox 402 1933 680 1980; x_wconf 86' lang='lat' dir='ltr'><strong>incommoda,</strong></span> <span class='ocrx_word' id='word_1_171' title='bbox 699 1939 740 1974; x_wconf 87' lang='lat' dir='ltr'><strong>et</strong></span> <span class='ocrx_word' id='word_1_172' title='bbox 760 1935 962 1974; x_wconf 81' lang='lat' dir='ltr'>minorem</span> <span class='ocrx_word' id='word_1_173' title='bbox 984 1948 1080 1974; x_wconf 88' lang='lat' dir='ltr'><strong>cau-</strong></span> 
     </span>
     <span class='ocr_line' id='line_1_28' title="bbox 52 1994 1080 2047; baseline 0.005 -16"><span class='ocrx_word' id='word_1_174' title='bbox 52 2003 139 2032; x_wconf 83' lang='lat' dir='ltr'><strong>sam</strong></span> <span class='ocrx_word' id='word_1_175' title='bbox 154 1994 216 2031; x_wconf 90' lang='lat' dir='ltr'><strong>vel</strong></span> <span class='ocrx_word' id='word_1_176' title='bbox 234 1995 535 2033; x_wconf 84' lang='lat' dir='ltr'><strong>necessitatem.</strong></span> <span class='ocrx_word' id='word_1_177' title='bbox 557 1996 673 2041; x_wconf 85' lang='lat' dir='ltr'><strong>Quod</strong></span> <span class='ocrx_word' id='word_1_178' title='bbox 702 1997 878 2047; x_wconf 90' lang='lat' dir='ltr'><strong>primum</strong></span> <span class='ocrx_word' id='word_1_179' title='bbox 900 1997 1080 2037; x_wconf 84' lang='lat' dir='ltr'><strong>declara-</strong></span> 
     </span>
     <span class='ocr_line' id='line_1_29' title="bbox 51 2057 1080 2108; baseline 0.004 -14"><span class='ocrx_word' id='word_1_180' title='bbox 51 2058 117 2094; x_wconf 85' lang='lat' dir='ltr'><strong>tur</strong></span> <span class='ocrx_word' id='word_1_181' title='bbox 133 2067 183 2094; x_wconf 84' lang='lat' dir='ltr'><strong>ex</strong></span> <span class='ocrx_word' id='word_1_182' title='bbox 198 2068 274 2094; x_wconf 88' lang='lat' dir='ltr'><strong>usu</strong></span> <span class='ocrx_word' id='word_1_183' title='bbox 293 2057 482 2095; x_wconf 78' lang='lat' dir='ltr'><strong>Ecclesiae</strong></span> <span class='ocrx_word' id='word_1_184' title='bbox 497 2059 602 2096; x_wconf 81' lang='lat' dir='ltr'><strong>circa</strong></span> <span class='ocrx_word' id='word_1_185' title='bbox 622 2059 942 2108; x_wconf 87' lang='lat' dir='ltr'><strong>promissionem</strong></span> <span class='ocrx_word' id='word_1_186' title='bbox 964 2060 1080 2098; x_wconf 83' lang='lat' dir='ltr'><strong>cleri-</strong></span> 
     </span>
     <span class='ocr_line' id='line_1_30' title="bbox 50 2120 1082 2171; baseline 0.005 -15"><span class='ocrx_word' id='word_1_187' title='bbox 50 2128 191 2157; x_wconf 83' lang='lat' dir='ltr'><strong>corum</strong></span> <span class='ocrx_word' id='word_1_188' title='bbox 227 2131 359 2169; x_wconf 89' lang='lat' dir='ltr'><strong>usque</strong></span> <span class='ocrx_word' id='word_1_189' title='bbox 392 2120 443 2157; x_wconf 86' lang='lat' dir='ltr'><strong>ad</strong></span> <span class='ocrx_word' id='word_1_190' title='bbox 478 2120 767 2169; x_wconf 81' lang='lat' dir='ltr'><strong>sacerdotium,</strong></span> <span class='ocrx_word' id='word_1_191' title='bbox 793 2133 915 2171; x_wconf 90' lang='lat' dir='ltr'><strong>quem</strong></span> <span class='ocrx_word' id='word_1_192' title='bbox 950 2122 1082 2161; x_wconf 89' lang='lat' dir='ltr'><strong>eccle-</strong></span> 
     </span>
     <span class='ocr_line' id='line_1_31' title="bbox 53 2179 1077 2233; baseline 0.005 -15"><span class='ocrx_word' id='word_1_193' title='bbox 53 2179 260 2220; x_wconf 84' lang='lat' dir='ltr'><strong>siasticum</strong></span> <span class='ocrx_word' id='word_1_194' title='bbox 279 2194 397 2220; x_wconf 90' lang='lat' dir='ltr'><strong>usum</strong></span> <span class='ocrx_word' id='word_1_195' title='bbox 415 2183 686 2233; x_wconf 74' lang='lat' dir='ltr'>antiquiorem</span> <span class='ocrx_word' id='word_1_196' title='bbox 711 2184 887 2222; x_wconf 80' lang='lat' dir='ltr'>diximus</span> <span class='ocrx_word' id='word_1_197' title='bbox 908 2183 1077 2229; x_wconf 86' lang='lat' dir='ltr'><strong>ibidem,</strong></span> 
     </span>
     <span class='ocr_line' id='line_1_32' title="bbox 52 2244 1080 2292; baseline 0.001 -12"><span class='ocrx_word' id='word_1_198' title='bbox 52 2253 88 2281; x_wconf 87' lang='lat' dir='ltr'><strong>c.</strong></span> <span class='ocrx_word' id='word_1_199' title='bbox 111 2244 150 2288; x_wconf 96' lang='grc'><strong>1,</strong></span> <span class='ocrx_word' id='word_1_200' title='bbox 171 2255 213 2281; x_wconf 91' lang='lat' dir='ltr'><strong>n.</strong></span> <span class='ocrx_word' id='word_1_201' title='bbox 243 2244 281 2287; x_wconf 85' lang='lat'><strong>3,</strong></span> <span class='ocrx_word' id='word_1_202' title='bbox 304 2244 452 2282; x_wconf 86' lang='lat' dir='ltr'><strong>imitari</strong></span> <span class='ocrx_word' id='word_1_203' title='bbox 488 2245 733 2284; x_wconf 82' lang='lat' dir='ltr'><strong>Societatem</strong></span> <span class='ocrx_word' id='word_1_204' title='bbox 760 2246 801 2280; x_wconf 84' lang='lat' dir='ltr'><strong>in</strong></span> <span class='ocrx_word' id='word_1_205' title='bbox 828 2247 905 2281; x_wconf 80' lang='lat' dir='ltr'><strong>hoc</strong></span> <span class='ocrx_word' id='word_1_206' title='bbox 927 2254 1080 2292; x_wconf 82' lang='lat' dir='ltr'><strong>genere</strong></span> 
     </span>
     <span class='ocr_line' id='line_1_33' title="bbox 50 2302 1081 2354; baseline 0.002 -13"><span class='ocrx_word' id='word_1_207' title='bbox 50 2303 316 2354; x_wconf 82' lang='lat' dir='ltr'><strong>probationis,</strong></span> <span class='ocrx_word' id='word_1_208' title='bbox 336 2305 526 2350; x_wconf 84' lang='lat' dir='ltr'><strong>Quamvis</strong></span> <span class='ocrx_word' id='word_1_209' title='bbox 545 2307 652 2340; x_wconf 76' lang='lat' dir='ltr'><strong>enim</strong></span> <span class='ocrx_word' id='word_1_210' title='bbox 674 2302 770 2340; x_wconf 88' lang='lat' dir='ltr'><strong>olim</strong></span> <span class='ocrx_word' id='word_1_211' title='bbox 786 2303 976 2341; x_wconf 89' lang='lat' dir='ltr'><strong>diuturna</strong></span> <span class='ocrx_word' id='word_1_212' title='bbox 989 2316 1081 2354; x_wconf 90' lang='lat' dir='ltr'><strong>pro-</strong></span> 
     </span>
     <span class='ocr_line' id='line_1_34' title="bbox 50 2363 1080 2414; baseline 0.001 -11"><span class='ocrx_word' id='word_1_213' title='bbox 50 2363 160 2403; x_wconf 87' lang='lat' dir='ltr'><strong>batio</strong></span> <span class='ocrx_word' id='word_1_214' title='bbox 181 2365 420 2404; x_wconf 82' lang='lat' dir='ltr'><strong>clericorum</strong></span> <span class='ocrx_word' id='word_1_215' title='bbox 440 2363 571 2410; x_wconf 81' lang='lat' dir='ltr'><strong>tieret,</strong></span> <span class='ocrx_word' id='word_1_216' title='bbox 596 2375 759 2414; x_wconf 90' lang='lat' dir='ltr'><strong>semper</strong></span> <span class='ocrx_word' id='word_1_217' title='bbox 774 2368 915 2403; x_wconf 88' lang='lat' dir='ltr'><strong>tamen</strong></span> <span class='ocrx_word' id='word_1_218' title='bbox 938 2365 1080 2405; x_wconf 80' lang='lat' dir='ltr'><strong>habuit</strong></span> 
     </span>
     <span class='ocr_line' id='line_1_35' title="bbox 50 2425 1082 2477; baseline 0.002 -13"><span class='ocrx_word' id='word_1_219' title='bbox 50 2437 126 2477; x_wconf 83' lang='lat' dir='ltr'><strong>per</strong></span> <span class='ocrx_word' id='word_1_220' title='bbox 148 2437 328 2463; x_wconf 85' lang='lat' dir='ltr'><strong>canones</strong></span> <span class='ocrx_word' id='word_1_221' title='bbox 354 2425 567 2463; x_wconf 81' lang='lat' dir='ltr'><strong>definitum</strong></span> <span class='ocrx_word' id='word_1_222' title='bbox 587 2429 767 2476; x_wconf 89' lang='lat' dir='ltr'><strong>tempus.</strong></span> <span class='ocrx_word' id='word_1_223' title='bbox 791 2427 836 2464; x_wconf 92' lang='lat' dir='ltr'><strong>Id</strong></span> <span class='ocrx_word' id='word_1_224' title='bbox 857 2431 1013 2467; x_wconf 83' lang='lat' dir='ltr'><strong>constal</strong></span> <span class='ocrx_word' id='word_1_225' title='bbox 1032 2438 1082 2466; x_wconf 83' lang='lat' dir='ltr'><strong>ex</strong></span> 
     </span>
     <span class='ocr_line' id='line_1_36' title="bbox 50 2486 1084 2542; baseline 0.004 -18"><span class='ocrx_word' id='word_1_226' title='bbox 50 2486 170 2537; x_wconf 84' lang='lat' dir='ltr'><strong>epist.</strong></span> <span class='ocrx_word' id='word_1_227' title='bbox 189 2486 334 2524; x_wconf 84' lang='lat' dir='ltr'>Zosimi</span> <span class='ocrx_word' id='word_1_228' title='bbox 352 2489 390 2534; x_wconf 85' lang='lat'><strong>1,</strong></span> <span class='ocrx_word' id='word_1_229' title='bbox 413 2487 464 2525; x_wconf 88' lang='lat' dir='ltr'><strong>ad</strong></span> <span class='ocrx_word' id='word_1_230' title='bbox 481 2488 742 2537; x_wconf 86' lang='lat' dir='ltr'><strong>Hesychium.</strong></span> <span class='ocrx_word' id='word_1_231' title='bbox 764 2489 864 2527; x_wconf 88' lang='lat' dir='ltr'><strong>Nam</strong></span> <span class='ocrx_word' id='word_1_232' title='bbox 886 2489 926 2526; x_wconf 92' lang='lat' dir='ltr'><strong>in</strong></span> <span class='ocrx_word' id='word_1_233' title='bbox 947 2490 1084 2542; x_wconf 79' lang='lat' dir='ltr'><strong>primo</strong></span> 
     </span>
     <span class='ocr_line' id='line_1_37' title="bbox 52 2548 1079 2598; baseline 0.002 -12"><span class='ocrx_word' id='word_1_234' title='bbox 52 2548 184 2598; x_wconf 86' lang='lat' dir='ltr'><strong>capite</strong></span> <span class='ocrx_word' id='word_1_235' title='bbox 204 2549 431 2598; x_wconf 83' lang='lat' dir='ltr'><strong>generatim</strong></span> <span class='ocrx_word' id='word_1_236' title='bbox 457 2549 525 2594; x_wconf 85' lang='lat' dir='ltr'><strong>ait,</strong></span> <span class='ocrx_word' id='word_1_237' title='bbox 547 2549 756 2588; x_wconf 90' lang='lat' dir='ltr'><strong>neminem</strong></span> <span class='ocrx_word' id='word_1_238' title='bbox 779 2550 1079 2589; x_wconf 82' lang='lat' dir='ltr'><strong>admittendum</strong></span> 
     </span>
     <span class='ocr_line' id='line_1_38' title="bbox 53 2610 1079 2663; baseline 0.001 -14"><span class='ocrx_word' id='word_1_239' title='bbox 53 2621 143 2649; x_wconf 86' lang='lat' dir='ltr'><strong>esse</strong></span> <span class='ocrx_word' id='word_1_240' title='bbox 165 2610 217 2647; x_wconf 88' lang='lat' dir='ltr'><strong>ad</strong></span> <span class='ocrx_word' id='word_1_241' title='bbox 255 2611 528 2648; x_wconf 83' lang='lat' dir='ltr'><strong>sacerdotium</strong></span> <span class='ocrx_word' id='word_1_242' title='bbox 553 2611 630 2649; x_wconf 89' lang='lat' dir='ltr'><strong>nisi</strong></span> <span class='ocrx_word' id='word_1_243' title='bbox 667 2615 758 2662; x_wconf 91' lang='lat' dir='ltr'><strong>post</strong></span> <span class='ocrx_word' id='word_1_244' title='bbox 789 2611 957 2662; x_wconf 83' lang='lat' dir='ltr'><strong>longam</strong></span> <span class='ocrx_word' id='word_1_245' title='bbox 987 2622 1079 2663; x_wconf 51' lang='lat' dir='ltr'><strong>pro*</strong></span> 
     </span>
     <span class='ocr_line' id='line_1_39' title="bbox 51 2671 1079 2723; baseline 0.001 -13"><span class='ocrx_word' id='word_1_246' title='bbox 51 2671 289 2719; x_wconf 82' lang='lat' dir='ltr'><strong>bationem3</strong></span> <span class='ocrx_word' id='word_1_247' title='bbox 326 2677 468 2722; x_wconf 88' lang='lat' dir='ltr'><strong>postea</strong></span> <span class='ocrx_word' id='word_1_248' title='bbox 507 2684 632 2720; x_wconf 88' lang='lat' dir='ltr'><strong>vero,</strong></span> <span class='ocrx_word' id='word_1_249' title='bbox 666 2684 755 2723; x_wconf 88' lang='lat' dir='ltr'><strong>cap.</strong></span> <span class='ocrx_word' id='word_1_250' title='bbox 787 2673 936 2720; x_wconf 84' lang='lat' dir='ltr'><strong>tertio,</strong></span> <span class='ocrx_word' id='word_1_251' title='bbox 969 2672 1079 2712; x_wconf 84' lang='lat' dir='ltr'><strong>desi-</strong></span> 
     </span>
     <span class='ocr_line' id='line_1_40' title="bbox 55 2733 1081 2785; baseline 0.001 -14"><span class='ocrx_word' id='word_1_252' title='bbox 55 2738 150 2785; x_wconf 86' lang='lat' dir='ltr'><strong>gnat</strong></span> <span class='ocrx_word' id='word_1_253' title='bbox 166 2733 358 2784; x_wconf 89' lang='lat' dir='ltr'><strong>temporis</strong></span> <span class='ocrx_word' id='word_1_254' title='bbox 375 2733 629 2782; x_wconf 89' lang='lat' dir='ltr'><strong>dilationem,</strong></span> <span class='ocrx_word' id='word_1_255' title='bbox 655 2734 823 2782; x_wconf 82' lang='lat' dir='ltr'><strong>scilicet,</strong></span> <span class='ocrx_word' id='word_1_256' title='bbox 851 2734 1081 2785; x_wconf 89' lang='lat' dir='ltr'><strong>quinquen-</strong></span> 
     </span>
     <span class='ocr_line' id='line_1_41' title="bbox 54 2795 1079 2847; baseline 0.001 -13"><span class='ocrx_word' id='word_1_257' title='bbox 54 2796 165 2835; x_wconf 89' lang='lat' dir='ltr'>nium</span> <span class='ocrx_word' id='word_1_258' title='bbox 184 2795 235 2834; x_wconf 86' lang='lat' dir='ltr'><strong>ad</strong></span> <span class='ocrx_word' id='word_1_259' title='bbox 271 2796 485 2834; x_wconf 90' lang='lat' dir='ltr'><strong>minimum</strong></span> <span class='ocrx_word' id='word_1_260' title='bbox 507 2796 546 2834; x_wconf 93' lang='lat' dir='ltr'><strong>in</strong></span> <span class='ocrx_word' id='word_1_261' title='bbox 565 2796 694 2847; x_wconf 83' lang='lat' dir='ltr'><strong>gradu</strong></span> <span class='ocrx_word' id='word_1_262' title='bbox 714 2797 893 2841; x_wconf 81' lang='lat' dir='ltr'><strong>lectoris,</strong></span> <span class='ocrx_word' id='word_1_263' title='bbox 912 2801 951 2835; x_wconf 92' lang='lat' dir='ltr'><strong>et</strong></span> <span class='ocrx_word' id='word_1_264' title='bbox 981 2808 1079 2846; x_wconf 87' lang='lat' dir='ltr'><strong>qua-</strong></span> 
     </span>
     <span class='ocr_line' id='line_1_42' title="bbox 54 2857 1079 2908; baseline -0.001 -11"><span class='ocrx_word' id='word_1_265' title='bbox 54 2861 147 2897; x_wconf 80' lang='lat' dir='ltr'><strong>tuor</strong></span> <span class='ocrx_word' id='word_1_266' title='bbox 164 2857 311 2896; x_wconf 89' lang='lat' dir='ltr'><strong>deinde</strong></span> <span class='ocrx_word' id='word_1_267' title='bbox 342 2869 474 2896; x_wconf 89' lang='lat' dir='ltr'><strong>annos</strong></span> <span class='ocrx_word' id='word_1_268' title='bbox 498 2858 538 2895; x_wconf 95' lang='lat' dir='ltr'><strong>in</strong></span> <span class='ocrx_word' id='word_1_269' title='bbox 561 2858 692 2907; x_wconf 85' lang='lat' dir='ltr'><strong>gradu</strong></span> <span class='ocrx_word' id='word_1_270' title='bbox 728 2858 1079 2908; x_wconf 86' lang='lat' dir='ltr'><strong>subdiaconatus;</strong></span> 
     </span>
     <span class='ocr_line' id='line_1_43' title="bbox 56 2918 1080 2970; baseline 0.002 -14"><span class='ocrx_word' id='word_1_271' title='bbox 56 2919 235 2970; x_wconf 85' lang='lat' dir='ltr'><strong>quinque</strong></span> <span class='ocrx_word' id='word_1_272' title='bbox 254 2918 376 2957; x_wconf 88' lang='lat' dir='ltr'><strong>etiam</strong></span> <span class='ocrx_word' id='word_1_273' title='bbox 405 2918 506 2957; x_wconf 88' lang='lat' dir='ltr'><strong>alios</strong></span> <span class='ocrx_word' id='word_1_274' title='bbox 526 2918 568 2957; x_wconf 87' lang='lat' dir='ltr'><strong>in</strong></span> <span class='ocrx_word' id='word_1_275' title='bbox 601 2919 837 2965; x_wconf 79' lang='lat' dir='ltr'>diaconatu,</span> <span class='ocrx_word' id='word_1_276' title='bbox 857 2924 896 2958; x_wconf 91' lang='lat' dir='ltr'><strong>et</strong></span> <span class='ocrx_word' id='word_1_277' title='bbox 918 2921 972 2959; x_wconf 85' lang='lat' dir='ltr'><strong>ita</strong></span> <span class='ocrx_word' id='word_1_278' title='bbox 993 2925 1080 2958; x_wconf 88' lang='lat' dir='ltr'><strong>tan-</strong></span> 
     </span>
     <span class='ocr_line' id='line_1_44' title="bbox 55 2980 1079 3032; baseline 0 -12"><span class='ocrx_word' id='word_1_279' title='bbox 55 2980 150 3020; x_wconf 84' lang='lat' dir='ltr'><strong>dem</strong></span> <span class='ocrx_word' id='word_1_280' title='bbox 176 2981 332 3020; x_wconf 89' lang='lat' dir='ltr'><strong>admitti</strong></span> <span class='ocrx_word' id='word_1_281' title='bbox 360 2983 520 3031; x_wconf 84' lang='lat' dir='ltr'><strong>poterat</strong></span> <span class='ocrx_word' id='word_1_282' title='bbox 555 2981 607 3019; x_wconf 85' lang='lat' dir='ltr'><strong>ad</strong></span> <span class='ocrx_word' id='word_1_283' title='bbox 639 2982 955 3032; x_wconf 82' lang='lat' dir='ltr'><strong>presbyterium.</strong></span> <span class='ocrx_word' id='word_1_284' title='bbox 981 2982 1079 3030; x_wconf 83' lang='lat' dir='ltr'><strong>Quae</strong></span> 
     </span>
     <span class='ocr_line' id='line_1_45' title="bbox 57 3042 1077 3094; baseline 0.001 -13"><span class='ocrx_word' id='word_1_285' title='bbox 57 3043 195 3093; x_wconf 79' lang='lat' dir='ltr'>paucis</span> <span class='ocrx_word' id='word_1_286' title='bbox 215 3042 381 3080; x_wconf 84' lang='lat' dir='ltr'><strong>mutatis</strong></span> <span class='ocrx_word' id='word_1_287' title='bbox 412 3042 718 3094; x_wconf 74' lang='lat' dir='ltr'><strong>praescripserat</strong></span> <span class='ocrx_word' id='word_1_288' title='bbox 751 3044 915 3082; x_wconf 90' lang='lat' dir='ltr'><strong>Siricius</strong></span> <span class='ocrx_word' id='word_1_289' title='bbox 941 3044 1050 3094; x_wconf 85' lang='lat' dir='ltr'><strong>Papa</strong></span> <span class='ocrx_word' id='word_1_290' title='bbox 1067 3073 1077 3091; x_wconf 92' lang='lat'>‚</span> 
     </span>
     <span class='ocr_line' id='line_1_46' title="bbox 59 3103 1080 3153; baseline 0 -11"><span class='ocrx_word' id='word_1_291' title='bbox 59 3103 173 3153; x_wconf 80' lang='lat' dir='ltr'><strong>epist.</strong></span> <span class='ocrx_word' id='word_1_292' title='bbox 197 3105 215 3142; x_wconf 82' lang='lat'><strong>1</strong></span> <span class='ocrx_word' id='word_1_293' title='bbox 238 3103 290 3141; x_wconf 88' lang='lat' dir='ltr'><strong>ad</strong></span> <span class='ocrx_word' id='word_1_294' title='bbox 314 3103 554 3151; x_wconf 87' lang='lat' dir='ltr'><strong>Himerium,</strong></span> <span class='ocrx_word' id='word_1_295' title='bbox 574 3116 609 3143; x_wconf 92' lang='lat' dir='ltr'><strong>c.</strong></span> <span class='ocrx_word' id='word_1_296' title='bbox 637 3105 661 3142; x_wconf 91' lang='lat'>8</span> <span class='ocrx_word' id='word_1_297' title='bbox 690 3108 729 3143; x_wconf 89' lang='lat' dir='ltr'><strong>et</strong></span> <span class='ocrx_word' id='word_1_298' title='bbox 748 3106 787 3151; x_wconf 86' lang='lat'><strong>9,</strong></span> <span class='ocrx_word' id='word_1_299' title='bbox 805 3104 874 3142; x_wconf 92' lang='lat' dir='ltr'><strong>ubi</strong></span> <span class='ocrx_word' id='word_1_300' title='bbox 904 3105 1028 3143; x_wconf 90' lang='lat' dir='ltr'><strong>etiam</strong></span> <span class='ocrx_word' id='word_1_301' title='bbox 1056 3115 1080 3143; x_wconf 83' lang='lat' dir='ltr'><strong>a</strong></span> 
     </span>
     <span class='ocr_line' id='line_1_47' title="bbox 49 3164 1078 3216; baseline 0.002 -14.012"><span class='ocrx_word' id='word_1_302' title='bbox 49 3164 311 3216; x_wconf 77' lang='lat' dir='ltr'><strong>presbyterio</strong></span> <span class='ocrx_word' id='word_1_303' title='bbox 335 3164 386 3202; x_wconf 83' lang='lat' dir='ltr'><strong>ad</strong></span> <span class='ocrx_word' id='word_1_304' title='bbox 406 3165 697 3216; x_wconf 88' lang='lat' dir='ltr'><strong>Episcopatum</strong></span> <span class='ocrx_word' id='word_1_305' title='bbox 711 3170 874 3216; x_wconf 84' lang='lat' dir='ltr'><strong>tempus</strong></span> <span class='ocrx_word' id='word_1_306' title='bbox 890 3165 1078 3205; x_wconf 89' lang='lat' dir='ltr'><strong>decennii</strong></span> 
     </span>
     <span class='ocr_line' id='line_1_48' title="bbox 36 3223 1083 3278; baseline 0.006 -18"><span class='ocrx_word' id='word_1_307' title='bbox 36 3223 272 3275; x_wconf 53' lang='lat' dir='ltr'><strong>{Idesigmv</strong></span> <span class='ocrx_word' id='word_1_308' title='bbox 262 3253 274 3273; x_wconf 92' lang='lat'>‚</span> <span class='ocrx_word' id='word_1_309' title='bbox 296 3225 405 3274; x_wconf 90' lang='lat' dir='ltr'><strong>quod</strong></span> <span class='ocrx_word' id='word_1_310' title='bbox 424 3225 609 3266; x_wconf 91' lang='lat' dir='ltr'><strong>Zozimus</strong></span> <span class='ocrx_word' id='word_1_311' title='bbox 634 3231 778 3278; x_wconf 87' lang='lat' dir='ltr'><strong>postea</strong></span> <span class='ocrx_word' id='word_1_312' title='bbox 804 3227 955 3274; x_wconf 89' lang='lat' dir='ltr'><strong>omisit,</strong></span> <span class='ocrx_word' id='word_1_313' title='bbox 973 3230 1013 3266; x_wconf 88' lang='lat' dir='ltr'><strong>et</strong></span> <span class='ocrx_word' id='word_1_314' title='bbox 1032 3226 1083 3267; x_wconf 86' lang='lat' dir='ltr'><strong>ad</strong></span> 
     </span>
     <span class='ocr_line' id='line_1_49' title="bbox 30 3281 1084 3339; baseline 0.001 -13"><span class='ocrx_word' id='word_1_315' title='bbox 30 3281 175 3338; x_wconf 67' lang='grc' dir='ltr'>’ᾆὶΠυηι</span> <span class='ocrx_word' id='word_1_316' title='bbox 194 3297 410 3324; x_wconf 80' lang='lat' dir='ltr'><strong>ascensum</strong></span> <span class='ocrx_word' id='word_1_317' title='bbox 426 3287 582 3326; x_wconf 90' lang='lat' dir='ltr'><strong>nullum</strong></span> <span class='ocrx_word' id='word_1_318' title='bbox 601 3289 814 3328; x_wconf 89' lang='lat' dir='ltr'><strong>definitum</strong></span> <span class='ocrx_word' id='word_1_319' title='bbox 835 3292 1000 3339; x_wconf 86' lang='lat' dir='ltr'><strong>tempus</strong></span> <span class='ocrx_word' id='word_1_320' title='bbox 1019 3301 1084 3327; x_wconf 91' lang='lat' dir='ltr'><strong>re-</strong></span> 
     </span>
     <span class='ocr_line' id='line_1_50' title="bbox 36 3343 1085 3402; baseline 0.002 -16"><span class='ocrx_word' id='word_1_321' title='bbox 36 3343 236 3402; x_wconf 89' lang='lat' dir='ltr'><strong>Quisivit.</strong></span> <span class='ocrx_word' id='word_1_322' title='bbox 266 3347 480 3385; x_wconf 87' lang='lat' dir='ltr'><strong>Hormisda</strong></span> <span class='ocrx_word' id='word_1_323' title='bbox 499 3353 637 3388; x_wconf 87' lang='lat' dir='ltr'><strong>autem</strong></span> <span class='ocrx_word' id='word_1_324' title='bbox 669 3351 794 3401; x_wconf 86' lang='lat' dir='ltr'><strong>Papa,</strong></span> <span class='ocrx_word' id='word_1_325' title='bbox 816 3350 859 3388; x_wconf 90' lang='lat' dir='ltr'><strong>in</strong></span> <span class='ocrx_word' id='word_1_326' title='bbox 894 3349 1012 3399; x_wconf 87' lang='lat' dir='ltr'><strong>epist.</strong></span> <span class='ocrx_word' id='word_1_327' title='bbox 1031 3349 1085 3388; x_wconf 87' lang='lat' dir='ltr'><strong>ad</strong></span> 
     </span>
     <span class='ocr_line' id='line_1_51' title="bbox 43 3395 1085 3461; baseline 0.002 -13"><span class='ocrx_word' id='word_1_328' title='bbox 43 3395 281 3459; x_wconf 63' lang='grc' dir='ltr'><strong>Ἒρίεοοροε</strong></span> <span class='ocrx_word' id='word_1_329' title='bbox 301 3408 522 3458; x_wconf 81' lang='lat' dir='ltr'><strong>Hispaniae,</strong></span> <span class='ocrx_word' id='word_1_330' title='bbox 544 3421 580 3448; x_wconf 90' lang='lat' dir='ltr'><strong>c.</strong></span> <span class='ocrx_word' id='word_1_331' title='bbox 601 3412 640 3456; x_wconf 90' lang='grc'><strong>1,</strong></span> <span class='ocrx_word' id='word_1_332' title='bbox 663 3411 850 3461; x_wconf 84' lang='lat' dir='ltr'><strong>quamvis</strong></span> <span class='ocrx_word' id='word_1_333' title='bbox 870 3409 1085 3450; x_wconf 82' lang='lat' dir='ltr'><strong>indefinite</strong></span> 
     </span>
    </p>

    <p class='ocr_par' dir='ltr' id='par_1_7' title="bbox 44 3469 1083 3524">
     <span class='ocr_line' id='line_1_52' title="bbox 44 3469 1083 3524; baseline 0.002 -17.031"><span class='ocrx_word' id='word_1_334' title='bbox 44 3469 244 3524; x_wconf 69' lang='lat' dir='ltr'><strong>‘requirat</strong></span> <span class='ocrx_word' id='word_1_335' title='bbox 263 3469 430 3520; x_wconf 84' lang='lat' dir='ltr'><strong>longam</strong></span> <span class='ocrx_word' id='word_1_336' title='bbox 462 3469 762 3521; x_wconf 85' lang='lat' dir='ltr'><strong>probationem,</strong></span> <span class='ocrx_word' id='word_1_337' title='bbox 783 3471 897 3511; x_wconf 81' lang='lat' dir='ltr'><strong>addit</strong></span> <span class='ocrx_word' id='word_1_338' title='bbox 926 3474 1083 3520; x_wconf 91' lang='lat' dir='ltr'><strong>tamen,</strong></span> 
     </span>
    </p>

    <p class='ocr_par' dir='ltr' id='par_1_8' title="bbox 3 3530 1087 3582">
     <span class='ocr_line' id='line_1_53' title="bbox 3 3530 1087 3582; baseline 0.002 -12"><span class='ocrx_word' id='word_1_339' title='bbox 3 3566 8 3570; x_wconf 80' lang='grc'><strong>,</strong></span> <span class='ocrx_word' id='word_1_340' title='bbox 36 3530 156 3580; x_wconf 58' lang='lat' dir='ltr'><strong>‘pam</strong></span> <span class='ocrx_word' id='word_1_341' title='bbox 178 3543 268 3570; x_wconf 89' lang='lat' dir='ltr'><strong>esse</strong></span> <span class='ocrx_word' id='word_1_342' title='bbox 296 3530 447 3570; x_wconf 89' lang='lat' dir='ltr'><strong>debere</strong></span> <span class='ocrx_word' id='word_1_343' title='bbox 464 3533 582 3582; x_wconf 76' lang='lat' dir='ltr'><strong>Juxta</strong></span> <span class='ocrx_word' id='word_1_344' title='bbox 599 3532 835 3582; x_wconf 76' lang='lat' dir='ltr'><strong>praescripta</strong></span> <span class='ocrx_word' id='word_1_345' title='bbox 853 3544 902 3571; x_wconf 88' lang='lat' dir='ltr'><strong>ac</strong></span> <span class='ocrx_word' id='word_1_346' title='bbox 918 3531 1087 3572; x_wconf 81' lang='lat' dir='ltr'><strong>definita</strong></span> 
     </span>
    </p>

    <p class='ocr_par' dir='ltr' id='par_1_9' title="bbox 40 3589 1087 3644">
     <span class='ocr_line' id='line_1_54' title="bbox 40 3589 1087 3644; baseline 0.002 -12"><span class='ocrx_word' id='word_1_347' title='bbox 40 3589 290 3642; x_wconf 67' lang='lat' dir='ltr'><strong>2‘1&#39;1oesacros</strong></span> <span class='ocrx_word' id='word_1_348' title='bbox 310 3604 505 3644; x_wconf 88' lang='lat' dir='ltr'><strong>canones,</strong></span> <span class='ocrx_word' id='word_1_349' title='bbox 526 3593 715 3634; x_wconf 87' lang='lat' dir='ltr'>alludens</span> <span class='ocrx_word' id='word_1_350' title='bbox 737 3592 790 3632; x_wconf 82' lang='lat' dir='ltr'><strong>ad</strong></span> <span class='ocrx_word' id='word_1_351' title='bbox 807 3593 929 3633; x_wconf 83' lang='lat' dir='ltr'><strong>citata</strong></span> <span class='ocrx_word' id='word_1_352' title='bbox 947 3593 1087 3634; x_wconf 88' lang='lat' dir='ltr'><strong>decre-</strong></span> 
     </span>
    </p>
   </div>
   <div class='ocr_carea' id='block_1_7' title="bbox 471 209 1766 248">
    <p class='ocr_par' dir='ltr' id='par_1_10' title="bbox 471 209 1766 248">
     <span class='ocr_line' id='line_1_55' title="bbox 471 209 1766 248; baseline -0.001 -2"><span class='ocrx_word' id='word_1_353' title='bbox 471 212 560 248; x_wconf 78' lang='lat' dir='ltr'><strong>cAr.</strong></span> <span class='ocrx_word' id='word_1_354' title='bbox 583 214 610 248; x_wconf 84' lang='lat'><strong>1.</strong></span> <span class='ocrx_word' id='word_1_355' title='bbox 631 212 688 247; x_wconf 78' lang='lat' dir='ltr'><strong>AN</strong></span> <span class='ocrx_word' id='word_1_356' title='bbox 708 210 925 247; x_wconf 67' lang='lat' dir='ltr'><strong>rnorssssw</strong></span> <span class='ocrx_word' id='word_1_357' title='bbox 944 209 988 245; x_wconf 83' lang='grc' dir='ltr'><strong>ΙΝ</strong></span> <span class='ocrx_word' id='word_1_358' title='bbox 1007 209 1231 247; x_wconf 75' lang='lat' dir='ltr'><strong>soclETATE</strong></span> <span class='ocrx_word' id='word_1_359' title='bbox 1250 211 1384 245; x_wconf 69' lang='lat' dir='ltr'><strong>nuc&#39;rb:</strong></span> <span class='ocrx_word' id='word_1_360' title='bbox 1403 210 1475 245; x_wconf 85' lang='lat' dir='ltr'><strong>nm</strong></span> <span class='ocrx_word' id='word_1_361' title='bbox 1494 210 1766 246; x_wconf 72' lang='lat' dir='ltr'><strong>mFFssnA‘rnR.</strong></span> 
     </span>
    </p>
   </div>
   <div class='ocr_carea' id='block_1_8' title="bbox 1132 270 2171 3645">
    <p class='ocr_par' dir='ltr' id='par_1_11' title="bbox 1133 270 2168 692">
     <span class='ocr_line' id='line_1_56' title="bbox 1133 270 2167 322; baseline 0 -8"><span class='ocrx_word' id='word_1_362' title='bbox 1133 279 1190 322; x_wconf 86' lang='lat' dir='ltr'><strong>ta,</strong></span> <span class='ocrx_word' id='word_1_363' title='bbox 1212 276 1328 315; x_wconf 81' lang='lat' dir='ltr'><strong>etita</strong></span> <span class='ocrx_word' id='word_1_364' title='bbox 1357 276 1401 314; x_wconf 87' lang='lat' dir='ltr'><strong>in</strong></span> <span class='ocrx_word' id='word_1_365' title='bbox 1433 275 1545 315; x_wconf 90' lang='lat' dir='ltr'><strong>idem</strong></span> <span class='ocrx_word' id='word_1_366' title='bbox 1577 275 1698 314; x_wconf 85' lang='lat' dir='ltr'><strong>redit.</strong></span> <span class='ocrx_word' id='word_1_367' title='bbox 1717 275 1766 314; x_wconf 85' lang='lat' dir='ltr'><strong>Et</strong></span> <span class='ocrx_word' id='word_1_368' title='bbox 1787 272 1900 314; x_wconf 88' lang='lat' dir='ltr'><strong>idem</strong></span> <span class='ocrx_word' id='word_1_369' title='bbox 1919 271 2009 313; x_wconf 82' lang='lat' dir='ltr'><strong>fere</strong></span> <span class='ocrx_word' id='word_1_370' title='bbox 2039 270 2167 314; x_wconf 73' lang='lat' dir='ltr'><strong>habet</strong></span> 
     </span>
     <span class='ocr_line' id='line_1_57' title="bbox 1133 333 2168 386; baseline 0 -12"><span class='ocrx_word' id='word_1_371' title='bbox 1133 336 1215 374; x_wconf 90' lang='lat' dir='ltr'><strong>Leo</strong></span> <span class='ocrx_word' id='word_1_372' title='bbox 1247 336 1370 386; x_wconf 87' lang='lat' dir='ltr'><strong>Papa,</strong></span> <span class='ocrx_word' id='word_1_373' title='bbox 1397 336 1518 385; x_wconf 86' lang='lat' dir='ltr'><strong>epist.</strong></span> <span class='ocrx_word' id='word_1_374' title='bbox 1549 336 1616 381; x_wconf 79' lang='lat'><strong>85,</strong></span> <span class='ocrx_word' id='word_1_375' title='bbox 1637 335 1738 374; x_wconf 82' lang='lat' dir='ltr'><strong>alias</strong></span> <span class='ocrx_word' id='word_1_376' title='bbox 1769 333 1915 382; x_wconf 83' lang='lat' dir='ltr'><strong>87‚ad</strong></span> <span class='ocrx_word' id='word_1_377' title='bbox 1942 333 2168 386; x_wconf 69' lang='lat' dir='ltr'><strong>Episcopo!</strong></span> 
     </span>
     <span class='ocr_line' id='line_1_58' title="bbox 1133 390 2164 445; baseline 0 -10"><span class='ocrx_word' id='word_1_378' title='bbox 1133 397 1294 442; x_wconf 77' lang='lat' dir='ltr'><strong>Africae,</strong></span> <span class='ocrx_word' id='word_1_379' title='bbox 1312 399 1353 435; x_wconf 87' lang='lat' dir='ltr'><strong>et</strong></span> <span class='ocrx_word' id='word_1_380' title='bbox 1372 395 1565 434; x_wconf 87' lang='lat' dir='ltr'><strong>eumdem</strong></span> <span class='ocrx_word' id='word_1_381' title='bbox 1584 407 1753 434; x_wconf 87' lang='lat' dir='ltr'><strong>sensum</strong></span> <span class='ocrx_word' id='word_1_382' title='bbox 1771 395 1899 435; x_wconf 84' lang='lat' dir='ltr'><strong>habet</strong></span> <span class='ocrx_word' id='word_1_383' title='bbox 1921 407 2070 435; x_wconf 85' lang='lat' dir='ltr'><strong>canon.</strong></span> <span class='ocrx_word' id='word_1_384' title='bbox 2094 390 2164 445; x_wconf 40' lang='lat' dir='ltr'><strong>deu,¹</strong></span> 
     </span>
     <span class='ocr_line' id='line_1_59' title="bbox 1133 453 2162 509; baseline 0 -13"><span class='ocrx_word' id='word_1_385' title='bbox 1133 457 1264 496; x_wconf 88' lang='lat' dir='ltr'><strong>cimus</strong></span> <span class='ocrx_word' id='word_1_386' title='bbox 1277 457 1421 496; x_wconf 82' lang='lat' dir='ltr'><strong>tertius</strong></span> <span class='ocrx_word' id='word_1_387' title='bbox 1438 456 1604 496; x_wconf 89' lang='lat' dir='ltr'><strong>Concilii</strong></span> <span class='ocrx_word' id='word_1_388' title='bbox 1625 456 1893 505; x_wconf 84' lang='lat' dir='ltr'><strong>Sardicensis,</strong></span> <span class='ocrx_word' id='word_1_389' title='bbox 1916 469 2008 509; x_wconf 83' lang='lat' dir='ltr'>quae</span> <span class='ocrx_word' id='word_1_390' title='bbox 2027 453 2162 497; x_wconf 45' lang='lat' dir='ltr'><strong>omni&amp;</strong></span> 
     </span>
     <span class='ocr_line' id='line_1_60' title="bbox 1135 517 2160 569; baseline 0.001 -12"><span class='ocrx_word' id='word_1_391' title='bbox 1135 530 1231 558; x_wconf 90' lang='lat' dir='ltr'><strong>cum</strong></span> <span class='ocrx_word' id='word_1_392' title='bbox 1258 518 1350 556; x_wconf 88' lang='lat' dir='ltr'><strong>aliis</strong></span> <span class='ocrx_word' id='word_1_393' title='bbox 1380 517 1503 556; x_wconf 81' lang='lat' dir='ltr'><strong>refert</strong></span> <span class='ocrx_word' id='word_1_394' title='bbox 1532 517 1771 564; x_wconf 85' lang='lat' dir='ltr'><strong>Gratianus,</strong></span> <span class='ocrx_word' id='word_1_395' title='bbox 1789 518 1830 558; x_wconf 90' lang='lat' dir='ltr'><strong>d.</strong></span> <span class='ocrx_word' id='word_1_396' title='bbox 1860 520 1927 565; x_wconf 81' lang='lat'><strong>61,</strong></span> <span class='ocrx_word' id='word_1_397' title='bbox 1948 520 2000 558; x_wconf 83' lang='lat'><strong>76</strong></span> <span class='ocrx_word' id='word_1_398' title='bbox 2020 522 2060 559; x_wconf 83' lang='lat' dir='ltr'><strong>et</strong></span> <span class='ocrx_word' id='word_1_399' title='bbox 2087 519 2160 569; x_wconf 59' lang='lat'><strong>78&lt;</strong></span> 
     </span>
     <span class='ocr_line' id='line_1_61' title="bbox 1133 577 2163 634; baseline 0.003 -15"><span class='ocrx_word' id='word_1_400' title='bbox 1133 580 1202 620; x_wconf 92' lang='lat' dir='ltr'><strong>lvo</strong></span> <span class='ocrx_word' id='word_1_401' title='bbox 1219 580 1458 626; x_wconf 69' lang='lat' dir='ltr'><strong>Carnoten„</strong></span> <span class='ocrx_word' id='word_1_402' title='bbox 1476 578 1520 617; x_wconf 91' lang='lat' dir='ltr'><strong>in</strong></span> <span class='ocrx_word' id='word_1_403' title='bbox 1548 589 1624 617; x_wconf 88' lang='lat' dir='ltr'><strong>suo</strong></span> <span class='ocrx_word' id='word_1_404' title='bbox 1652 577 1838 627; x_wconf 82' lang='lat' dir='ltr'><strong>decreto,</strong></span> <span class='ocrx_word' id='word_1_405' title='bbox 1858 590 1903 631; x_wconf 90' lang='lat' dir='ltr'><strong>p.</strong></span> <span class='ocrx_word' id='word_1_406' title='bbox 1920 581 1961 629; x_wconf 88' lang='grc'><strong>6,</strong></span> <span class='ocrx_word' id='word_1_407' title='bbox 1979 591 2070 634; x_wconf 82' lang='lat' dir='ltr'><strong>cap.</strong></span> <span class='ocrx_word' id='word_1_408' title='bbox 2094 581 2163 631; x_wconf 80' lang='lat'><strong>29,</strong></span> 
     </span>
     <span class='ocr_line' id='line_1_62' title="bbox 1134 641 1475 692; baseline -0.012 -10"><span class='ocrx_word' id='word_1_409' title='bbox 1134 643 1177 682; x_wconf 83' lang='lat' dir='ltr'><strong>et</strong></span> <span class='ocrx_word' id='word_1_410' title='bbox 1193 641 1475 692; x_wconf 76' lang='lat' dir='ltr'><strong>sequentibus.</strong></span> 
     </span>
    </p>

    <p class='ocr_par' dir='ltr' id='par_1_12' title="bbox 1132 700 2171 1616">
     <span class='ocr_line' id='line_1_63' title="bbox 1186 700 2163 754; baseline 0 -10"><span class='ocrx_word' id='word_1_411' title='bbox 1186 706 1226 744; x_wconf 80' lang='lat'><strong>2.</strong></span> <span class='ocrx_word' id='word_1_412' title='bbox 1258 703 1462 754; x_wconf 65' lang='lat' dir='ltr'><strong>Arquitur</strong></span> <span class='ocrx_word' id='word_1_413' title='bbox 1477 701 1642 742; x_wconf 74' lang='lat' dir='ltr'><strong>seeundo</strong></span> <span class='ocrx_word' id='word_1_414' title='bbox 1652 702 1807 741; x_wconf 76' lang='lat' dir='ltr'><strong>ratione</strong></span> <span class='ocrx_word' id='word_1_415' title='bbox 1816 700 1935 753; x_wconf 76' lang='lat' dir='ltr'><strong>quasi</strong></span> <span class='ocrx_word' id='word_1_416' title='bbox 1952 703 2163 746; x_wconf 78' lang='lat' dir='ltr'><strong>ostensiva.</strong></span> 
     </span>
     <span class='ocr_line' id='line_1_64' title="bbox 1132 763 2161 814; baseline -0.001 -10"><span class='ocrx_word' id='word_1_417' title='bbox 1132 785 1185 797; x_wconf 89' lang='lat'><strong>-—</strong></span> <span class='ocrx_word' id='word_1_418' title='bbox 1198 765 1413 813; x_wconf 84' lang='lat' dir='ltr'><strong>Praeterea,</strong></span> <span class='ocrx_word' id='word_1_419' title='bbox 1431 768 1517 803; x_wconf 89' lang='lat' dir='ltr'><strong>esto</strong></span> <span class='ocrx_word' id='word_1_420' title='bbox 1537 763 1730 814; x_wconf 86' lang='lat' dir='ltr'><strong>expediat</strong></span> <span class='ocrx_word' id='word_1_421' title='bbox 1748 763 1942 802; x_wconf 86' lang='lat' dir='ltr'><strong>diuturna</strong></span> <span class='ocrx_word' id='word_1_422' title='bbox 1957 763 2161 814; x_wconf 87' lang='lat' dir='ltr'><strong>probatio,</strong></span> 
     </span>
     <span class='ocr_line' id='line_1_65' title="bbox 1133 819 2165 876; baseline -0.001 -10"><span class='ocrx_word' id='word_1_423' title='bbox 1133 840 1216 866; x_wconf 89' lang='lat' dir='ltr'><strong>non</strong></span> <span class='ocrx_word' id='word_1_424' title='bbox 1238 832 1350 867; x_wconf 85' lang='lat' dir='ltr'><strong>caret</strong></span> <span class='ocrx_word' id='word_1_425' title='bbox 1368 825 1643 866; x_wconf 90' lang='lat' dir='ltr'><strong>incommodis</strong></span> <span class='ocrx_word' id='word_1_426' title='bbox 1664 825 1732 863; x_wconf 87' lang='lat' dir='ltr'><strong>illa</strong></span> <span class='ocrx_word' id='word_1_427' title='bbox 1759 819 1959 876; x_wconf 81' lang='lat' dir='ltr'><strong>temporis</strong></span> <span class='ocrx_word' id='word_1_428' title='bbox 1989 825 2165 865; x_wconf 86' lang='lat' dir='ltr'><strong>indeter-</strong></span> 
     </span>
     <span class='ocr_line' id='line_1_66' title="bbox 1132 886 2166 938; baseline -0.002 -11"><span class='ocrx_word' id='word_1_429' title='bbox 1132 889 1328 936; x_wconf 83' lang='lat' dir='ltr'><strong>minati03</strong></span> <span class='ocrx_word' id='word_1_430' title='bbox 1350 901 1447 927; x_wconf 86' lang='lat' dir='ltr'><strong>nam</strong></span> <span class='ocrx_word' id='word_1_431' title='bbox 1469 888 1564 927; x_wconf 89' lang='lat' dir='ltr'><strong>inde</strong></span> <span class='ocrx_word' id='word_1_432' title='bbox 1582 888 1768 938; x_wconf 89' lang='lat' dir='ltr'><strong>sequitur</strong></span> <span class='ocrx_word' id='word_1_433' title='bbox 1794 891 1839 926; x_wconf 87' lang='lat' dir='ltr'><strong>ut</strong></span> <span class='ocrx_word' id='word_1_434' title='bbox 1863 887 2041 926; x_wconf 91' lang='lat' dir='ltr'><strong>hominis</strong></span> <span class='ocrx_word' id='word_1_435' title='bbox 2060 886 2166 925; x_wconf 83' lang='lat' dir='ltr'><strong>arbi-</strong></span> 
     </span>
     <span class='ocr_line' id='line_1_67' title="bbox 1132 949 2166 1000; baseline -0.002 -11"><span class='ocrx_word' id='word_1_436' title='bbox 1132 951 1211 990; x_wconf 88' lang='lat' dir='ltr'><strong>trio</strong></span> <span class='ocrx_word' id='word_1_437' title='bbox 1240 950 1431 989; x_wconf 85' lang='lat' dir='ltr'><strong>facienda</strong></span> <span class='ocrx_word' id='word_1_438' title='bbox 1453 950 1519 998; x_wconf 90' lang='lat' dir='ltr'><strong>sit,</strong></span> <span class='ocrx_word' id='word_1_439' title='bbox 1542 950 1638 1000; x_wconf 87' lang='lat' dir='ltr'><strong>quia</strong></span> <span class='ocrx_word' id='word_1_440' title='bbox 1658 962 1741 988; x_wconf 92' lang='lat' dir='ltr'><strong>non</strong></span> <span class='ocrx_word' id='word_1_441' title='bbox 1775 953 1909 1000; x_wconf 87' lang='lat' dir='ltr'><strong>potest</strong></span> <span class='ocrx_word' id='word_1_442' title='bbox 1937 949 2049 987; x_wconf 84' lang='lat' dir='ltr'><strong>aliud</strong></span> <span class='ocrx_word' id='word_1_443' title='bbox 2082 960 2166 988; x_wconf 90' lang='lat' dir='ltr'><strong>me-</strong></span> 
     </span>
     <span class='ocr_line' id='line_1_68' title="bbox 1134 1010 2167 1051; baseline -0.001 -1"><span class='ocrx_word' id='word_1_444' title='bbox 1134 1012 1248 1051; x_wconf 91' lang='lat' dir='ltr'><strong>dium</strong></span> <span class='ocrx_word' id='word_1_445' title='bbox 1267 1011 1458 1050; x_wconf 88' lang='lat' dir='ltr'><strong>inveniri.</strong></span> <span class='ocrx_word' id='word_1_446' title='bbox 1482 1011 1632 1049; x_wconf 87' lang='lat' dir='ltr'><strong>Contra</strong></span> <span class='ocrx_word' id='word_1_447' title='bbox 1650 1011 1730 1049; x_wconf 90' lang='lat' dir='ltr'><strong>hoc</strong></span> <span class='ocrx_word' id='word_1_448' title='bbox 1756 1014 1894 1049; x_wconf 84' lang='lat' dir='ltr'><strong>autem</strong></span> <span class='ocrx_word' id='word_1_449' title='bbox 1912 1010 2060 1049; x_wconf 86' lang='lat' dir='ltr'><strong>militat</strong></span> <span class='ocrx_word' id='word_1_450' title='bbox 2089 1010 2167 1049; x_wconf 90' lang='lat' dir='ltr'><strong>im-</strong></span> 
     </span>
     <span class='ocr_line' id='line_1_69' title="bbox 1135 1072 2167 1124; baseline 0 -13"><span class='ocrx_word' id='word_1_451' title='bbox 1135 1074 1290 1124; x_wconf 89' lang='lat' dir='ltr'><strong>primis,</strong></span> <span class='ocrx_word' id='word_1_452' title='bbox 1317 1072 1429 1123; x_wconf 88' lang='lat' dir='ltr'><strong>quod</strong></span> <span class='ocrx_word' id='word_1_453' title='bbox 1452 1072 1494 1110; x_wconf 90' lang='lat' dir='ltr'><strong>in</strong></span> <span class='ocrx_word' id='word_1_454' title='bbox 1512 1072 1623 1110; x_wconf 89' lang='lat' dir='ltr'><strong>omni</strong></span> <span class='ocrx_word' id='word_1_455' title='bbox 1658 1072 1840 1110; x_wconf 83' lang='lat' dir='ltr'><strong>humana</strong></span> <span class='ocrx_word' id='word_1_456' title='bbox 1871 1072 2167 1111; x_wconf 81' lang='lat' dir='ltr'><strong>communitate</strong></span> 
     </span>
     <span class='ocr_line' id='line_1_70' title="bbox 1135 1134 2167 1184; baseline -0.001 -10"><span class='ocrx_word' id='word_1_457' title='bbox 1135 1134 1446 1175; x_wconf 74' lang='lat' dir='ltr'><strong>convenientius</strong></span> <span class='ocrx_word' id='word_1_458' title='bbox 1463 1138 1524 1172; x_wconf 89' lang='lat' dir='ltr'><strong>est</strong></span> <span class='ocrx_word' id='word_1_459' title='bbox 1541 1138 1585 1172; x_wconf 89' lang='lat' dir='ltr'><strong>ut</strong></span> <span class='ocrx_word' id='word_1_460' title='bbox 1600 1145 1663 1182; x_wconf 84' lang='lat' dir='ltr'><strong>ea,</strong></span> <span class='ocrx_word' id='word_1_461' title='bbox 1678 1146 1768 1184; x_wconf 79' lang='lat' dir='ltr'><strong>quae</strong></span> <span class='ocrx_word' id='word_1_462' title='bbox 1789 1138 1883 1172; x_wconf 86' lang='lat' dir='ltr'><strong>sunt</strong></span> <span class='ocrx_word' id='word_1_463' title='bbox 1902 1134 2107 1184; x_wconf 86' lang='lat' dir='ltr'><strong>graviora,</strong></span> <span class='ocrx_word' id='word_1_464' title='bbox 2127 1136 2167 1173; x_wconf 83' lang='lat' dir='ltr'><strong>et</strong></span> 
     </span>
     <span class='ocr_line' id='line_1_71' title="bbox 1135 1195 2168 1249; baseline -0.001 -14"><span class='ocrx_word' id='word_1_465' title='bbox 1135 1198 1253 1249; x_wconf 84' lang='lat' dir='ltr'><strong>qnasi</strong></span> <span class='ocrx_word' id='word_1_466' title='bbox 1274 1196 1544 1235; x_wconf 85' lang='lat' dir='ltr'><strong>fundamenta</strong></span> <span class='ocrx_word' id='word_1_467' title='bbox 1561 1195 1653 1234; x_wconf 87' lang='lat' dir='ltr'><strong>talis</strong></span> <span class='ocrx_word' id='word_1_468' title='bbox 1673 1200 1816 1240; x_wconf 84' lang='lat' dir='ltr'><strong>status,</strong></span> <span class='ocrx_word' id='word_1_469' title='bbox 1839 1196 1920 1234; x_wconf 90' lang='lat' dir='ltr'><strong>sint</strong></span> <span class='ocrx_word' id='word_1_470' title='bbox 1945 1201 2056 1234; x_wconf 83' lang='lat' dir='ltr'><strong>certa</strong></span> <span class='ocrx_word' id='word_1_471' title='bbox 2074 1196 2168 1247; x_wconf 85' lang='lat' dir='ltr'><strong>lege</strong></span> 
     </span>
     <span class='ocr_line' id='line_1_72' title="bbox 1135 1256 2169 1305; baseline -0.002 -8"><span class='ocrx_word' id='word_1_472' title='bbox 1135 1259 1318 1305; x_wconf 83' lang='lat' dir='ltr'><strong>definita,</strong></span> <span class='ocrx_word' id='word_1_473' title='bbox 1339 1262 1379 1297; x_wconf 89' lang='lat' dir='ltr'><strong>et</strong></span> <span class='ocrx_word' id='word_1_474' title='bbox 1397 1270 1480 1296; x_wconf 89' lang='lat' dir='ltr'><strong>non</strong></span> <span class='ocrx_word' id='word_1_475' title='bbox 1498 1257 1579 1296; x_wconf 89' lang='lat' dir='ltr'><strong>sint</strong></span> <span class='ocrx_word' id='word_1_476' title='bbox 1596 1256 1808 1296; x_wconf 85' lang='lat' dir='ltr'><strong>arbitraria</strong></span> <span class='ocrx_word' id='word_1_477' title='bbox 1826 1269 1834 1302; x_wconf 92' lang='lat'>;</span> <span class='ocrx_word' id='word_1_478' title='bbox 1861 1256 1947 1295; x_wconf 84' lang='lat' dir='ltr'><strong>haec</strong></span> <span class='ocrx_word' id='word_1_479' title='bbox 1970 1257 2079 1295; x_wconf 90' lang='lat' dir='ltr'><strong>enim</strong></span> <span class='ocrx_word' id='word_1_480' title='bbox 2105 1259 2169 1296; x_wconf 88' lang='lat' dir='ltr'><strong>est</strong></span> 
     </span>
     <span class='ocr_line' id='line_1_73' title="bbox 1135 1318 2169 1372; baseline -0.002 -13"><span class='ocrx_word' id='word_1_481' title='bbox 1135 1321 1345 1372; x_wconf 86' lang='lat' dir='ltr'><strong>potissima</strong></span> <span class='ocrx_word' id='word_1_482' title='bbox 1368 1332 1493 1358; x_wconf 85' lang='lat' dir='ltr'><strong>causa</strong></span> <span class='ocrx_word' id='word_1_483' title='bbox 1511 1319 1563 1357; x_wconf 89' lang='lat' dir='ltr'><strong>ob</strong></span> <span class='ocrx_word' id='word_1_484' title='bbox 1585 1331 1708 1369; x_wconf 86' lang='lat' dir='ltr'><strong>quam</strong></span> <span class='ocrx_word' id='word_1_485' title='bbox 1730 1319 1973 1356; x_wconf 83' lang='lat' dir='ltr'><strong>necessariae</strong></span> <span class='ocrx_word' id='word_1_486' title='bbox 1993 1321 2090 1356; x_wconf 89' lang='lat' dir='ltr'><strong>sunt</strong></span> <span class='ocrx_word' id='word_1_487' title='bbox 2109 1318 2169 1357; x_wconf 91' lang='lat' dir='ltr'><strong>le-</strong></span> 
     </span>
     <span class='ocr_line' id='line_1_74' title="bbox 1137 1379 2169 1433; baseline -0.004 -13"><span class='ocrx_word' id='word_1_488' title='bbox 1137 1394 1208 1433; x_wconf 82' lang='lat' dir='ltr'><strong>ges</strong></span> <span class='ocrx_word' id='word_1_489' title='bbox 1224 1383 1437 1426; x_wconf 87' lang='lat' dir='ltr'><strong>humanae;</strong></span> <span class='ocrx_word' id='word_1_490' title='bbox 1456 1380 1527 1419; x_wconf 91' lang='lat' dir='ltr'><strong>sed</strong></span> <span class='ocrx_word' id='word_1_491' title='bbox 1540 1379 1739 1430; x_wconf 86' lang='lat' dir='ltr'><strong>professio</strong></span> <span class='ocrx_word' id='word_1_492' title='bbox 1753 1379 1948 1417; x_wconf 67' lang='lat' dir='ltr'><strong>solemnis·</strong></span> <span class='ocrx_word' id='word_1_493' title='bbox 1963 1384 2025 1418; x_wconf 88' lang='lat' dir='ltr'><strong>est</strong></span> <span class='ocrx_word' id='word_1_494' title='bbox 2038 1388 2169 1417; x_wconf 86' lang='lat' dir='ltr'><strong>unum</strong></span> 
     </span>
     <span class='ocr_line' id='line_1_75' title="bbox 1137 1440 2169 1494; baseline -0.003 -12"><span class='ocrx_word' id='word_1_495' title='bbox 1137 1455 1185 1482; x_wconf 84' lang='lat' dir='ltr'><strong>ex</strong></span> <span class='ocrx_word' id='word_1_496' title='bbox 1219 1443 1442 1494; x_wconf 80' lang='lat' dir='ltr'><strong>potissimis</strong></span> <span class='ocrx_word' id='word_1_497' title='bbox 1472 1441 1752 1479; x_wconf 77' lang='lat' dir='ltr'><strong>fundamentis</strong></span> <span class='ocrx_word' id='word_1_498' title='bbox 1782 1440 2028 1490; x_wconf 79' lang='lat' dir='ltr'><strong>religionis3</strong></span> <span class='ocrx_word' id='word_1_499' title='bbox 2070 1451 2169 1491; x_wconf 83' lang='lat' dir='ltr'><strong>ergo</strong></span> 
     </span>
     <span class='ocr_line' id='line_1_76' title="bbox 1135 1501 2171 1555; baseline -0.002 -12"><span class='ocrx_word' id='word_1_500' title='bbox 1135 1509 1300 1555; x_wconf 88' lang='lat' dir='ltr'><strong>tempus</strong></span> <span class='ocrx_word' id='word_1_501' title='bbox 1321 1504 1410 1554; x_wconf 84' lang='lat' dir='ltr'><strong>ejus</strong></span> <span class='ocrx_word' id='word_1_502' title='bbox 1436 1516 1519 1541; x_wconf 91' lang='lat' dir='ltr'><strong>non</strong></span> <span class='ocrx_word' id='word_1_503' title='bbox 1539 1502 1682 1541; x_wconf 80' lang='lat' dir='ltr'><strong>debuit</strong></span> <span class='ocrx_word' id='word_1_504' title='bbox 1709 1502 1879 1541; x_wconf 84' lang='lat' dir='ltr'><strong>arbitrio</strong></span> <span class='ocrx_word' id='word_1_505' title='bbox 1901 1501 2080 1541; x_wconf 87' lang='lat' dir='ltr'><strong>hominis</strong></span> <span class='ocrx_word' id='word_1_506' title='bbox 2107 1511 2171 1543; x_wconf 83' lang='lat' dir='ltr'><strong>re-</strong></span> 
     </span>
     <span class='ocr_line' id='line_1_77' title="bbox 1135 1563 1786 1616; baseline -0.005 -11"><span class='ocrx_word' id='word_1_507' title='bbox 1135 1566 1280 1616; x_wconf 77' lang='lat' dir='ltr'><strong>linqui,</strong></span> <span class='ocrx_word' id='word_1_508' title='bbox 1304 1566 1372 1604; x_wconf 89' lang='lat' dir='ltr'><strong>sed</strong></span> <span class='ocrx_word' id='word_1_509' title='bbox 1396 1577 1470 1615; x_wconf 89' lang='lat' dir='ltr'><strong>per</strong></span> <span class='ocrx_word' id='word_1_510' title='bbox 1491 1566 1628 1616; x_wconf 80' lang='lat' dir='ltr'><strong>legem</strong></span> <span class='ocrx_word' id='word_1_511' title='bbox 1648 1563 1786 1603; x_wconf 86' lang='lat' dir='ltr'><strong>statui.</strong></span> 
     </span>
    </p>

    <p class='ocr_par' dir='ltr' id='par_1_13' title="bbox 1133 1624 2171 3645">
     <span class='ocr_line' id='line_1_78' title="bbox 1186 1624 2171 1668; baseline -0.002 0"><span class='ocrx_word' id='word_1_512' title='bbox 1186 1630 1227 1668; x_wconf 86' lang='lat'><strong>3.</strong></span> <span class='ocrx_word' id='word_1_513' title='bbox 1261 1628 1364 1668; x_wconf 78' lang='lat' dir='ltr'><strong>Item</strong></span> <span class='ocrx_word' id='word_1_514' title='bbox 1387 1629 1433 1667; x_wconf 80' lang='lat' dir='ltr'><strong>ab</strong></span> <span class='ocrx_word' id='word_1_515' title='bbox 1457 1628 1728 1667; x_wconf 71' lang='lat' dir='ltr'><strong>incmnmodis.</strong></span> <span class='ocrx_word' id='word_1_516' title='bbox 1745 1624 1974 1666; x_wconf 83' lang='lat' dir='ltr'><strong>—Deinde</strong></span> <span class='ocrx_word' id='word_1_517' title='bbox 2008 1636 2060 1666; x_wconf 83' lang='lat' dir='ltr'><strong>ex</strong></span> <span class='ocrx_word' id='word_1_518' title='bbox 2092 1625 2171 1666; x_wconf 77' lang='lat' dir='ltr'><strong>hoc</strong></span> 
     </span>
     <span class='ocr_line' id='line_1_79' title="bbox 1137 1684 2171 1740; baseline -0.004 -11"><span class='ocrx_word' id='word_1_519' title='bbox 1137 1690 1304 1730; x_wconf 88' lang='lat' dir='ltr'><strong>arbitrio</strong></span> <span class='ocrx_word' id='word_1_520' title='bbox 1326 1689 1442 1740; x_wconf 90' lang='lat' dir='ltr'><strong>sequi</strong></span> <span class='ocrx_word' id='word_1_521' title='bbox 1462 1684 1580 1728; x_wconf 78' lang='lat' dir='ltr'><strong>fa‘cile</strong></span> <span class='ocrx_word' id='word_1_522' title='bbox 1601 1693 1774 1739; x_wconf 87' lang='lat' dir='ltr'><strong>possunt</strong></span> <span class='ocrx_word' id='word_1_523' title='bbox 1796 1689 2058 1739; x_wconf 88' lang='lat' dir='ltr'><strong>acceptiones</strong></span> <span class='ocrx_word' id='word_1_524' title='bbox 2077 1699 2171 1738; x_wconf 89' lang='lat' dir='ltr'><strong>per-</strong></span> 
     </span>
     <span class='ocr_line' id='line_1_80' title="bbox 1138 1747 2170 1798; baseline -0.003 -9"><span class='ocrx_word' id='word_1_525' title='bbox 1138 1763 1348 1794; x_wconf 86' lang='lat' dir='ltr'><strong>sonarum,</strong></span> <span class='ocrx_word' id='word_1_526' title='bbox 1375 1763 1425 1786; x_wconf 84' lang='lat' dir='ltr'><strong>ex</strong></span> <span class='ocrx_word' id='word_1_527' title='bbox 1445 1755 1560 1798; x_wconf 88' lang='lat' dir='ltr'><strong>parte</strong></span> <span class='ocrx_word' id='word_1_528' title='bbox 1583 1751 1867 1798; x_wconf 74' lang='lat' dir='ltr'><strong>Superiorum,</strong></span> <span class='ocrx_word' id='word_1_529' title='bbox 1884 1747 2170 1796; x_wconf 82' lang='lat' dir='ltr'><strong>nimii-nm,vel</strong></span> 
     </span>
     <span class='ocr_line' id='line_1_81' title="bbox 1136 1808 2170 1863; baseline -0.003 -13"><span class='ocrx_word' id='word_1_530' title='bbox 1136 1814 1302 1863; x_wconf 86' lang='lat' dir='ltr'><strong>propter</strong></span> <span class='ocrx_word' id='word_1_531' title='bbox 1326 1811 1554 1848; x_wconf 88' lang='lat' dir='ltr'><strong>humanum</strong></span> <span class='ocrx_word' id='word_1_532' title='bbox 1576 1810 1783 1856; x_wconf 75' lang='lat' dir='ltr'><strong>affectum,</strong></span> <span class='ocrx_word' id='word_1_533' title='bbox 1813 1809 2068 1847; x_wconf 89' lang='lat' dir='ltr'><strong>admittendo</strong></span> <span class='ocrx_word' id='word_1_534' title='bbox 2097 1808 2170 1847; x_wconf 91' lang='lat' dir='ltr'><strong>mi-</strong></span> 
     </span>
     <span class='ocr_line' id='line_1_82' title="bbox 1135 1871 2169 1923; baseline -0.002 -11"><span class='ocrx_word' id='word_1_535' title='bbox 1135 1887 1214 1912; x_wconf 91' lang='lat' dir='ltr'><strong>nus</strong></span> <span class='ocrx_word' id='word_1_536' title='bbox 1253 1874 1414 1923; x_wconf 84' lang='lat' dir='ltr'><strong>dignos,</strong></span> <span class='ocrx_word' id='word_1_537' title='bbox 1453 1877 1492 1910; x_wconf 92' lang='lat' dir='ltr'><strong>et</strong></span> <span class='ocrx_word' id='word_1_538' title='bbox 1524 1872 1733 1921; x_wconf 85' lang='lat' dir='ltr'><strong>digniores</strong></span> <span class='ocrx_word' id='word_1_539' title='bbox 1766 1871 1973 1909; x_wconf 82' lang='lat' dir='ltr'><strong>interdum</strong></span> <span class='ocrx_word' id='word_1_540' title='bbox 2006 1874 2169 1921; x_wconf 79' lang='lat' dir='ltr'><strong>praeter-</strong></span> 
     </span>
     <span class='ocr_line' id='line_1_83' title="bbox 1137 1932 2169 1982; baseline -0.004 -8"><span class='ocrx_word' id='word_1_541' title='bbox 1137 1935 1338 1974; x_wconf 85' lang='lat' dir='ltr'><strong>mittendo</strong></span> <span class='ocrx_word' id='word_1_542' title='bbox 1356 1938 1426 1972; x_wconf 87' lang='lat' dir='ltr'><strong>aut</strong></span> <span class='ocrx_word' id='word_1_543' title='bbox 1443 1933 1616 1971; x_wconf 87' lang='lat' dir='ltr'><strong>nimium</strong></span> <span class='ocrx_word' id='word_1_544' title='bbox 1638 1932 1868 1971; x_wconf 77' lang='lat' dir='ltr'><strong>differendo</strong></span> <span class='ocrx_word' id='word_1_545' title='bbox 1883 1945 1892 1977; x_wconf 89' lang='lat'>;</span> <span class='ocrx_word' id='word_1_546' title='bbox 1907 1932 1971 1971; x_wconf 89' lang='lat' dir='ltr'><strong>vel</strong></span> <span class='ocrx_word' id='word_1_547' title='bbox 1991 1944 2040 1971; x_wconf 75' lang='lat' dir='ltr'><strong>ex</strong></span> <span class='ocrx_word' id='word_1_548' title='bbox 2056 1933 2169 1982; x_wconf 82' lang='lat' dir='ltr'><strong>igno·</strong></span> 
     </span>
     <span class='ocr_line' id='line_1_84' title="bbox 1136 1993 2168 2044; baseline -0.003 -9"><span class='ocrx_word' id='word_1_549' title='bbox 1136 1996 1268 2036; x_wconf 83' lang='lat' dir='ltr'><strong>rantia</strong></span> <span class='ocrx_word' id='word_1_550' title='bbox 1302 1995 1397 2033; x_wconf 87' lang='lat' dir='ltr'><strong>facti</strong></span> <span class='ocrx_word' id='word_1_551' title='bbox 1412 2027 1422 2042; x_wconf 93' lang='lat'><strong>,</strong></span> <span class='ocrx_word' id='word_1_552' title='bbox 1451 2005 1544 2043; x_wconf 80' lang='lat' dir='ltr'>quae</span> <span class='ocrx_word' id='word_1_553' title='bbox 1579 2006 1684 2044; x_wconf 78' lang='lat' dir='ltr'><strong>saepe</strong></span> <span class='ocrx_word' id='word_1_554' title='bbox 1720 1993 1969 2032; x_wconf 85' lang='lat' dir='ltr'><strong>intervenire</strong></span> <span class='ocrx_word' id='word_1_555' title='bbox 2009 1997 2168 2044; x_wconf 88' lang='lat' dir='ltr'><strong>potest,</strong></span> 
     </span>
     <span class='ocr_line' id='line_1_85' title="bbox 1136 2055 2166 2111; baseline -0.003 -13"><span class='ocrx_word' id='word_1_556' title='bbox 1136 2059 1367 2111; x_wconf 82' lang='lat' dir='ltr'><strong>praesertim</strong></span> <span class='ocrx_word' id='word_1_557' title='bbox 1395 2058 1435 2095; x_wconf 92' lang='lat' dir='ltr'><strong>in</strong></span> <span class='ocrx_word' id='word_1_558' title='bbox 1457 2060 1570 2095; x_wconf 86' lang='lat' dir='ltr'><strong>tanta</strong></span> <span class='ocrx_word' id='word_1_559' title='bbox 1592 2055 1856 2095; x_wconf 85' lang='lat' dir='ltr'><strong>multitudine</strong></span> <span class='ocrx_word' id='word_1_560' title='bbox 1881 2067 2166 2107; x_wconf 86' lang='lat' dir='ltr'><strong>personarum,</strong></span> 
     </span>
     <span class='ocr_line' id='line_1_86' title="bbox 1137 2118 2170 2166; baseline -0.002 -7"><span class='ocrx_word' id='word_1_561' title='bbox 1137 2121 1232 2159; x_wconf 81' lang='lat' dir='ltr'><strong>etin</strong></span> <span class='ocrx_word' id='word_1_562' title='bbox 1255 2124 1369 2158; x_wconf 83' lang='lat' dir='ltr'><strong>tanta</strong></span> <span class='ocrx_word' id='word_1_563' title='bbox 1389 2119 1573 2157; x_wconf 87' lang='lat' dir='ltr'><strong>locorum</strong></span> <span class='ocrx_word' id='word_1_564' title='bbox 1594 2118 1812 2166; x_wconf 83' lang='lat' dir='ltr'><strong>distantia3</strong></span> <span class='ocrx_word' id='word_1_565' title='bbox 1838 2118 1905 2155; x_wconf 90' lang='lat' dir='ltr'><strong>ubi</strong></span> <span class='ocrx_word' id='word_1_566' title='bbox 1926 2130 2095 2156; x_wconf 85' lang='lat' dir='ltr'><strong>necesse</strong></span> <span class='ocrx_word' id='word_1_567' title='bbox 2110 2122 2170 2157; x_wconf 89' lang='lat' dir='ltr'><strong>est</strong></span> 
     </span>
     <span class='ocr_line' id='line_1_87' title="bbox 1135 2177 2168 2229; baseline 0 -12"><span class='ocrx_word' id='word_1_568' title='bbox 1135 2194 1210 2229; x_wconf 80' lang='lat' dir='ltr'><strong>per</strong></span> <span class='ocrx_word' id='word_1_569' title='bbox 1236 2182 1408 2216; x_wconf 85' lang='lat' dir='ltr'><strong>aliorum</strong></span> <span class='ocrx_word' id='word_1_570' title='bbox 1432 2177 1691 2223; x_wconf 84' lang='lat' dir='ltr'><strong>relationem,</strong></span> <span class='ocrx_word' id='word_1_571' title='bbox 1723 2188 1795 2214; x_wconf 89' lang='lat' dir='ltr'><strong>seu</strong></span> <span class='ocrx_word' id='word_1_572' title='bbox 1818 2178 2168 2228; x_wconf 83' lang='lat' dir='ltr'><strong>informationem,</strong></span> 
     </span>
     <span class='ocr_line' id='line_1_88' title="bbox 1136 2237 2170 2288; baseline 0.002 -11"><span class='ocrx_word' id='word_1_573' title='bbox 1136 2239 1323 2278; x_wconf 81' lang='lat' dir='ltr'><strong>notitiam</strong></span> <span class='ocrx_word' id='word_1_574' title='bbox 1358 2249 1602 2288; x_wconf 83' lang='lat' dir='ltr'><strong>comparare</strong></span> <span class='ocrx_word' id='word_1_575' title='bbox 1626 2249 1784 2283; x_wconf 88' lang='lat' dir='ltr'><strong>eorum,</strong></span> <span class='ocrx_word' id='word_1_576' title='bbox 1820 2237 1889 2288; x_wconf 88' lang='lat' dir='ltr'><strong>qui</strong></span> <span class='ocrx_word' id='word_1_577' title='bbox 1919 2238 2170 2288; x_wconf 83' lang='lat' dir='ltr'><strong>professione</strong></span> 
     </span>
     <span class='ocr_line' id='line_1_89' title="bbox 1134 2299 2167 2352; baseline -0.001 -12"><span class='ocrx_word' id='word_1_578' title='bbox 1134 2301 1250 2352; x_wconf 79' lang='lat' dir='ltr'><strong>digni</strong></span> <span class='ocrx_word' id='word_1_579' title='bbox 1272 2304 1381 2347; x_wconf 85' lang='lat' dir='ltr'><strong>sunt,</strong></span> <span class='ocrx_word' id='word_1_580' title='bbox 1413 2304 1452 2338; x_wconf 83' lang='lat' dir='ltr'><strong>et</strong></span> <span class='ocrx_word' id='word_1_581' title='bbox 1475 2300 1530 2342; x_wconf 68' lang='lat' dir='ltr'><strong>ita</strong></span> <span class='ocrx_word' id='word_1_582' title='bbox 1558 2299 1677 2338; x_wconf 84' lang='lat' dir='ltr'><strong>facile</strong></span> <span class='ocrx_word' id='word_1_583' title='bbox 1698 2304 1758 2337; x_wconf 87' lang='lat' dir='ltr'><strong>est</strong></span> <span class='ocrx_word' id='word_1_584' title='bbox 1786 2299 1852 2338; x_wconf 91' lang='lat' dir='ltr'><strong>vel</strong></span> <span class='ocrx_word' id='word_1_585' title='bbox 1873 2299 2167 2350; x_wconf 81' lang='lat' dir='ltr'><strong>ignorantiam,</strong></span> 
     </span>
     <span class='ocr_line' id='line_1_90' title="bbox 1135 2360 2167 2403; baseline 0 -1"><span class='ocrx_word' id='word_1_586' title='bbox 1135 2375 1209 2403; x_wconf 87' lang='lat' dir='ltr'><strong>seu</strong></span> <span class='ocrx_word' id='word_1_587' title='bbox 1232 2363 1354 2402; x_wconf 88' lang='lat' dir='ltr'><strong>etiam</strong></span> <span class='ocrx_word' id='word_1_588' title='bbox 1377 2360 1721 2400; x_wconf 84' lang='lat' dir='ltr'><strong>inadvertentiam</strong></span> <span class='ocrx_word' id='word_1_589' title='bbox 1738 2360 1802 2399; x_wconf 90' lang='lat' dir='ltr'><strong>vel</strong></span> <span class='ocrx_word' id='word_1_590' title='bbox 1821 2373 2003 2400; x_wconf 85' lang='lat' dir='ltr'><strong>errorem</strong></span> <span class='ocrx_word' id='word_1_591' title='bbox 2019 2363 2167 2402; x_wconf 85' lang='lat' dir='ltr'><strong>admis-</strong></span> 
     </span>
     <span class='ocr_line' id='line_1_91' title="bbox 1135 2423 2168 2474; baseline 0.001 -11"><span class='ocrx_word' id='word_1_592' title='bbox 1135 2425 1234 2463; x_wconf 83' lang='lat' dir='ltr'><strong>ceri.</strong></span> <span class='ocrx_word' id='word_1_593' title='bbox 1256 2424 1440 2462; x_wconf 84' lang='lat' dir='ltr'><strong>Tandem</strong></span> <span class='ocrx_word' id='word_1_594' title='bbox 1462 2423 1556 2461; x_wconf 88' lang='lat' dir='ltr'><strong>hinc</strong></span> <span class='ocrx_word' id='word_1_595' title='bbox 1578 2423 1692 2473; x_wconf 89' lang='lat' dir='ltr'><strong>sequi</strong></span> <span class='ocrx_word' id='word_1_596' title='bbox 1717 2427 1891 2473; x_wconf 90' lang='lat' dir='ltr'><strong>possunt</strong></span> <span class='ocrx_word' id='word_1_597' title='bbox 1912 2425 2107 2474; x_wconf 78' lang='lat' dir='ltr'><strong>querelae,</strong></span> <span class='ocrx_word' id='word_1_598' title='bbox 2131 2429 2168 2465; x_wconf 83' lang='lat' dir='ltr'><strong>et</strong></span> 
     </span>
     <span class='ocr_line' id='line_1_92' title="bbox 1135 2484 2167 2536; baseline 0.001 -12"><span class='ocrx_word' id='word_1_599' title='bbox 1135 2486 1470 2536; x_wconf 83' lang='lat' dir='ltr'><strong>perturbationes</strong></span> <span class='ocrx_word' id='word_1_600' title='bbox 1491 2496 1633 2523; x_wconf 88' lang='lat' dir='ltr'><strong>eorum</strong></span> <span class='ocrx_word' id='word_1_601' title='bbox 1648 2516 1657 2531; x_wconf 94' lang='lat'><strong>,</strong></span> <span class='ocrx_word' id='word_1_602' title='bbox 1681 2484 1831 2534; x_wconf 83' lang='lat' dir='ltr'><strong>quibus</strong></span> <span class='ocrx_word' id='word_1_603' title='bbox 1852 2485 2053 2535; x_wconf 85' lang='lat' dir='ltr'><strong>professio</strong></span> <span class='ocrx_word' id='word_1_604' title='bbox 2082 2498 2167 2525; x_wconf 86' lang='lat' dir='ltr'><strong>ma-</strong></span> 
     </span>
     <span class='ocr_line' id='line_1_93' title="bbox 1138 2545 2166 2597; baseline 0.003 -13"><span class='ocrx_word' id='word_1_605' title='bbox 1138 2548 1201 2597; x_wconf 84' lang='lat' dir='ltr'><strong>gis</strong></span> <span class='ocrx_word' id='word_1_606' title='bbox 1215 2547 1402 2584; x_wconf 78' lang='lat' dir='ltr'><strong>differtur</strong></span> <span class='ocrx_word' id='word_1_607' title='bbox 1415 2557 1540 2596; x_wconf 85' lang='lat' dir='ltr'><strong>qnam</strong></span> <span class='ocrx_word' id='word_1_608' title='bbox 1554 2545 1656 2591; x_wconf 87' lang='lat' dir='ltr'><strong>aliis,</strong></span> <span class='ocrx_word' id='word_1_609' title='bbox 1675 2546 1739 2584; x_wconf 86' lang='lat' dir='ltr'><strong>vel</strong></span> <span class='ocrx_word' id='word_1_610' title='bbox 1751 2557 1876 2596; x_wconf 87' lang='lat' dir='ltr'><strong>quam</strong></span> <span class='ocrx_word' id='word_1_611' title='bbox 1894 2547 1969 2596; x_wconf 91' lang='lat' dir='ltr'><strong>ipsi</strong></span> <span class='ocrx_word' id='word_1_612' title='bbox 1984 2547 2166 2597; x_wconf 84' lang='lat' dir='ltr'><strong>cupiant.</strong></span> 
     </span>
     <span class='ocr_line' id='line_1_94' title="bbox 1139 2607 2166 2661; baseline 0 -13"><span class='ocrx_word' id='word_1_613' title='bbox 1139 2611 1206 2648; x_wconf 81' lang='lat' dir='ltr'><strong>Est</strong></span> <span class='ocrx_word' id='word_1_614' title='bbox 1228 2610 1336 2648; x_wconf 90' lang='lat' dir='ltr'><strong>enim</strong></span> <span class='ocrx_word' id='word_1_615' title='bbox 1358 2610 1587 2646; x_wconf 80' lang='lat' dir='ltr'><strong>humanum</strong></span> <span class='ocrx_word' id='word_1_616' title='bbox 1612 2607 1725 2658; x_wconf 87' lang='lat' dir='ltr'><strong>quid,</strong></span> <span class='ocrx_word' id='word_1_617' title='bbox 1749 2609 1857 2647; x_wconf 87' lang='lat' dir='ltr'><strong>hunc</strong></span> <span class='ocrx_word' id='word_1_618' title='bbox 1889 2609 2065 2659; x_wconf 83' lang='lat' dir='ltr'><strong>gradum</strong></span> <span class='ocrx_word' id='word_1_619' title='bbox 2095 2621 2166 2661; x_wconf 83' lang='lat' dir='ltr'><strong>ap-</strong></span> 
     </span>
     <span class='ocr_line' id='line_1_95' title="bbox 1137 2669 2165 2723; baseline 0 -13"><span class='ocrx_word' id='word_1_620' title='bbox 1137 2676 1292 2723; x_wconf 85' lang='lat' dir='ltr'><strong>petere,</strong></span> <span class='ocrx_word' id='word_1_621' title='bbox 1315 2671 1379 2709; x_wconf 89' lang='lat' dir='ltr'><strong>vel</strong></span> <span class='ocrx_word' id='word_1_622' title='bbox 1406 2671 1502 2719; x_wconf 84' lang='lat' dir='ltr'><strong>quia</strong></span> <span class='ocrx_word' id='word_1_623' title='bbox 1527 2670 1675 2715; x_wconf 88' lang='lat' dir='ltr'><strong>omnis,</strong></span> <span class='ocrx_word' id='word_1_624' title='bbox 1699 2669 1771 2720; x_wconf 90' lang='lat' dir='ltr'><strong>qui</strong></span> <span class='ocrx_word' id='word_1_625' title='bbox 1790 2675 1851 2708; x_wconf 89' lang='lat' dir='ltr'><strong>est</strong></span> <span class='ocrx_word' id='word_1_626' title='bbox 1878 2670 1920 2708; x_wconf 91' lang='lat' dir='ltr'><strong>in</strong></span> <span class='ocrx_word' id='word_1_627' title='bbox 1939 2670 2019 2718; x_wconf 83' lang='lat' dir='ltr'><strong>via,</strong></span> <span class='ocrx_word' id='word_1_628' title='bbox 2048 2675 2165 2710; x_wconf 89' lang='lat' dir='ltr'><strong>natu-</strong></span> 
     </span>
     <span class='ocr_line' id='line_1_96' title="bbox 1136 2732 2167 2783; baseline 0.001 -11"><span class='ocrx_word' id='word_1_629' title='bbox 1136 2734 1279 2773; x_wconf 88' lang='lat' dir='ltr'><strong>raliter</strong></span> <span class='ocrx_word' id='word_1_630' title='bbox 1299 2733 1451 2783; x_wconf 87' lang='lat' dir='ltr'><strong>expetit</strong></span> <span class='ocrx_word' id='word_1_631' title='bbox 1471 2732 1694 2770; x_wconf 90' lang='lat' dir='ltr'><strong>terminum</strong></span> <span class='ocrx_word' id='word_1_632' title='bbox 1711 2744 1720 2777; x_wconf 91' lang='lat'>;</span> <span class='ocrx_word' id='word_1_633' title='bbox 1749 2732 1813 2771; x_wconf 90' lang='lat' dir='ltr'><strong>vel</strong></span> <span class='ocrx_word' id='word_1_634' title='bbox 1833 2732 1930 2782; x_wconf 86' lang='lat' dir='ltr'><strong>quia</strong></span> <span class='ocrx_word' id='word_1_635' title='bbox 1949 2733 2167 2783; x_wconf 77' lang='lat' dir='ltr'><strong>religiosus</strong></span> 
     </span>
     <span class='ocr_line' id='line_1_97' title="bbox 1135 2793 2166 2844; baseline -0.001 -10"><span class='ocrx_word' id='word_1_636' title='bbox 1135 2807 1218 2834; x_wconf 91' lang='lat' dir='ltr'><strong>non</strong></span> <span class='ocrx_word' id='word_1_637' title='bbox 1239 2795 1403 2833; x_wconf 88' lang='lat' dir='ltr'><strong>videtur</strong></span> <span class='ocrx_word' id='word_1_638' title='bbox 1420 2794 1647 2844; x_wconf 82' lang='lat' dir='ltr'><strong>irreligiose</strong></span> <span class='ocrx_word' id='word_1_639' title='bbox 1667 2793 1803 2833; x_wconf 88' lang='lat' dir='ltr'><strong>facere</strong></span> <span class='ocrx_word' id='word_1_640' title='bbox 1829 2794 2063 2844; x_wconf 84' lang='lat' dir='ltr'><strong>appetendo</strong></span> <span class='ocrx_word' id='word_1_641' title='bbox 2084 2806 2166 2833; x_wconf 90' lang='lat' dir='ltr'><strong>ma·</strong></span> 
     </span>
     <span class='ocr_line' id='line_1_98' title="bbox 1133 2855 2165 2906; baseline -0.001 -10"><span class='ocrx_word' id='word_1_642' title='bbox 1133 2857 1292 2896; x_wconf 81' lang='lat' dir='ltr'><strong>ximum</strong></span> <span class='ocrx_word' id='word_1_643' title='bbox 1312 2856 1539 2901; x_wconf 84' lang='lat' dir='ltr'><strong>vinculum,</strong></span> <span class='ocrx_word' id='word_1_644' title='bbox 1562 2859 1603 2894; x_wconf 89' lang='lat' dir='ltr'><strong>et</strong></span> <span class='ocrx_word' id='word_1_645' title='bbox 1624 2855 1920 2906; x_wconf 78' lang='lat' dir='ltr'><strong>obligationem</strong></span> <span class='ocrx_word' id='word_1_646' title='bbox 1946 2856 2078 2906; x_wconf 82' lang='lat' dir='ltr'><strong>magis</strong></span> <span class='ocrx_word' id='word_1_647' title='bbox 2107 2856 2165 2895; x_wconf 90' lang='lat' dir='ltr'><strong>in·</strong></span> 
     </span>
     <span class='ocr_line' id='line_1_99' title="bbox 1135 2917 2165 2968; baseline -0.002 -10"><span class='ocrx_word' id='word_1_648' title='bbox 1135 2918 1418 2958; x_wconf 89' lang='lat' dir='ltr'><strong>dissolubilem</strong></span> <span class='ocrx_word' id='word_1_649' title='bbox 1449 2928 1545 2956; x_wconf 90' lang='lat' dir='ltr'><strong>cum</strong></span> <span class='ocrx_word' id='word_1_650' title='bbox 1568 2917 1677 2963; x_wconf 63' lang='lat' dir='ltr'><strong>Deoz</strong></span> <span class='ocrx_word' id='word_1_651' title='bbox 1710 2917 1775 2956; x_wconf 86' lang='lat' dir='ltr'><strong>vel</strong></span> <span class='ocrx_word' id='word_1_652' title='bbox 1803 2920 1914 2956; x_wconf 87' lang='lat' dir='ltr'><strong>certe</strong></span> <span class='ocrx_word' id='word_1_653' title='bbox 1944 2918 2040 2968; x_wconf 86' lang='lat' dir='ltr'><strong>quia</strong></span> <span class='ocrx_word' id='word_1_654' title='bbox 2067 2917 2165 2957; x_wconf 93' lang='lat' dir='ltr'><strong>illud</strong></span> 
     </span>
     <span class='ocr_line' id='line_1_100' title="bbox 1136 2977 2165 3029; baseline -0.002 -9"><span class='ocrx_word' id='word_1_655' title='bbox 1136 2985 1197 3020; x_wconf 82' lang='lat' dir='ltr'><strong>est</strong></span> <span class='ocrx_word' id='word_1_656' title='bbox 1217 2979 1428 3029; x_wconf 84' lang='lat' dir='ltr'><strong>quoddam</strong></span> <span class='ocrx_word' id='word_1_657' title='bbox 1450 2979 1731 3018; x_wconf 85' lang='lat' dir='ltr'><strong>testimonium</strong></span> <span class='ocrx_word' id='word_1_658' title='bbox 1753 2977 1965 3028; x_wconf 88' lang='lat' dir='ltr'><strong>publicum</strong></span> <span class='ocrx_word' id='word_1_659' title='bbox 1987 2979 2165 3029; x_wconf 87' lang='lat' dir='ltr'><strong>probita-</strong></span> 
     </span>
     <span class='ocr_line' id='line_1_101' title="bbox 1134 3041 2166 3090; baseline -0.004 -7"><span class='ocrx_word' id='word_1_660' title='bbox 1134 3043 1186 3084; x_wconf 88' lang='lat' dir='ltr'><strong>tis</strong></span> <span class='ocrx_word' id='word_1_661' title='bbox 1206 3046 1247 3080; x_wconf 88' lang='lat' dir='ltr'><strong>et</strong></span> <span class='ocrx_word' id='word_1_662' title='bbox 1266 3041 1520 3079; x_wconf 78' lang='lat' dir='ltr'><strong>sufficientiae</strong></span> <span class='ocrx_word' id='word_1_663' title='bbox 1543 3041 1595 3078; x_wconf 88' lang='lat' dir='ltr'><strong>ad</strong></span> <span class='ocrx_word' id='word_1_664' title='bbox 1616 3041 1754 3079; x_wconf 89' lang='lat' dir='ltr'><strong>omnia</strong></span> <span class='ocrx_word' id='word_1_665' title='bbox 1773 3052 1961 3090; x_wconf 86' lang='lat' dir='ltr'><strong>munera,</strong></span> <span class='ocrx_word' id='word_1_666' title='bbox 1986 3053 2059 3080; x_wconf 89' lang='lat' dir='ltr'><strong>seu</strong></span> <span class='ocrx_word' id='word_1_667' title='bbox 2091 3041 2166 3080; x_wconf 92' lang='lat' dir='ltr'><strong>mi-</strong></span> 
     </span>
     <span class='ocr_line' id='line_1_102' title="bbox 1134 3102 2167 3154; baseline -0.002 -12"><span class='ocrx_word' id='word_1_668' title='bbox 1134 3103 1302 3143; x_wconf 86' lang='lat' dir='ltr'><strong>nisteria</strong></span> <span class='ocrx_word' id='word_1_669' title='bbox 1322 3115 1406 3141; x_wconf 86' lang='lat' dir='ltr'><strong>suae</strong></span> <span class='ocrx_word' id='word_1_670' title='bbox 1421 3102 1644 3154; x_wconf 86' lang='lat' dir='ltr'><strong>religionis.</strong></span> <span class='ocrx_word' id='word_1_671' title='bbox 1670 3102 1845 3141; x_wconf 87' lang='lat' dir='ltr'><strong>Aliunde</strong></span> <span class='ocrx_word' id='word_1_672' title='bbox 1863 3115 1960 3142; x_wconf 89' lang='lat' dir='ltr'><strong>vero</strong></span> <span class='ocrx_word' id='word_1_673' title='bbox 1982 3102 2167 3142; x_wconf 85' lang='lat' dir='ltr'><strong>difficilli-</strong></span> 
     </span>
     <span class='ocr_line' id='line_1_103' title="bbox 1135 3163 2167 3204; baseline -0.001 0"><span class='ocrx_word' id='word_1_674' title='bbox 1135 3177 1248 3204; x_wconf 90' lang='lat' dir='ltr'><strong>mum</strong></span> <span class='ocrx_word' id='word_1_675' title='bbox 1268 3168 1328 3204; x_wconf 87' lang='lat' dir='ltr'><strong>est</strong></span> <span class='ocrx_word' id='word_1_676' title='bbox 1349 3168 1394 3203; x_wconf 90' lang='lat' dir='ltr'><strong>ut</strong></span> <span class='ocrx_word' id='word_1_677' title='bbox 1421 3176 1504 3202; x_wconf 91' lang='lat' dir='ltr'><strong>non</strong></span> <span class='ocrx_word' id='word_1_678' title='bbox 1525 3164 1737 3203; x_wconf 88' lang='lat' dir='ltr'><strong>contristet</strong></span> <span class='ocrx_word' id='word_1_679' title='bbox 1757 3164 1883 3203; x_wconf 88' lang='lat' dir='ltr'><strong>nimia</strong></span> <span class='ocrx_word' id='word_1_680' title='bbox 1903 3165 2043 3204; x_wconf 87' lang='lat' dir='ltr'><strong>dilatio</strong></span> <span class='ocrx_word' id='word_1_681' title='bbox 2063 3163 2167 3203; x_wconf 89' lang='lat' dir='ltr'><strong>desi-</strong></span> 
     </span>
     <span class='ocr_line' id='line_1_104' title="bbox 1139 3226 2167 3277; baseline -0.002 -11"><span class='ocrx_word' id='word_1_682' title='bbox 1139 3226 1239 3266; x_wconf 91' lang='lat' dir='ltr'><strong>derii</strong></span> <span class='ocrx_word' id='word_1_683' title='bbox 1261 3239 1343 3265; x_wconf 93' lang='lat' dir='ltr'><strong>non</strong></span> <span class='ocrx_word' id='word_1_684' title='bbox 1366 3226 1582 3276; x_wconf 89' lang='lat' dir='ltr'><strong>completi,</strong></span> <span class='ocrx_word' id='word_1_685' title='bbox 1605 3227 1832 3276; x_wconf 74' lang='lat' dir='ltr'><strong>praesertim</strong></span> <span class='ocrx_word' id='word_1_686' title='bbox 1853 3227 1885 3265; x_wconf 90' lang='lat' dir='ltr'><strong>si</strong></span> <span class='ocrx_word' id='word_1_687' title='bbox 1921 3227 1999 3265; x_wconf 88' lang='lat' dir='ltr'><strong>sub</strong></span> <span class='ocrx_word' id='word_1_688' title='bbox 2029 3226 2167 3277; x_wconf 87' lang='lat' dir='ltr'><strong>specie</strong></span> 
     </span>
     <span class='ocr_line' id='line_1_105' title="bbox 1133 3286 2165 3339; baseline -0.002 -13"><span class='ocrx_word' id='word_1_689' title='bbox 1133 3288 1236 3339; x_wconf 88' lang='lat' dir='ltr'><strong>justi</strong></span> <span class='ocrx_word' id='word_1_690' title='bbox 1257 3290 1298 3326; x_wconf 85' lang='lat' dir='ltr'><strong>et</strong></span> <span class='ocrx_word' id='word_1_691' title='bbox 1327 3287 1487 3326; x_wconf 88' lang='lat' dir='ltr'><strong>honesti</strong></span> <span class='ocrx_word' id='word_1_692' title='bbox 1518 3286 1709 3326; x_wconf 89' lang='lat' dir='ltr'><strong>desiderii</strong></span> <span class='ocrx_word' id='word_1_693' title='bbox 1733 3288 2002 3339; x_wconf 85' lang='lat' dir='ltr'><strong>concipiatur,</strong></span> <span class='ocrx_word' id='word_1_694' title='bbox 2026 3292 2066 3326; x_wconf 87' lang='lat' dir='ltr'><strong>et</strong></span> <span class='ocrx_word' id='word_1_695' title='bbox 2082 3298 2165 3324; x_wconf 86' lang='lat' dir='ltr'><strong>ma-</strong></span> 
     </span>
     <span class='ocr_line' id='line_1_106' title="bbox 1138 3348 2166 3400; baseline -0.003 -12"><span class='ocrx_word' id='word_1_696' title='bbox 1138 3350 1246 3388; x_wconf 86' lang='lat' dir='ltr'><strong>xime</strong></span> <span class='ocrx_word' id='word_1_697' title='bbox 1262 3349 1429 3400; x_wconf 86' lang='lat' dir='ltr'><strong>quando</strong></span> <span class='ocrx_word' id='word_1_698' title='bbox 1449 3349 1537 3387; x_wconf 88' lang='lat' dir='ltr'><strong>aliis</strong></span> <span class='ocrx_word' id='word_1_699' title='bbox 1551 3361 1627 3388; x_wconf 91' lang='lat' dir='ltr'><strong>nec</strong></span> <span class='ocrx_word' id='word_1_700' title='bbox 1648 3350 1963 3400; x_wconf 87' lang='lat' dir='ltr'><strong>antiquioribus,</strong></span> <span class='ocrx_word' id='word_1_701' title='bbox 1980 3361 2054 3387; x_wconf 90' lang='lat' dir='ltr'><strong>nec</strong></span> <span class='ocrx_word' id='word_1_702' title='bbox 2071 3348 2166 3386; x_wconf 91' lang='lat' dir='ltr'><strong>doc-</strong></span> 
     </span>
     <span class='ocr_line' id='line_1_107' title="bbox 1138 3411 2166 3462; baseline -0.004 -13"><span class='ocrx_word' id='word_1_703' title='bbox 1138 3411 1311 3449; x_wconf 85' lang='lat' dir='ltr'><strong>tioribus</strong></span> <span class='ocrx_word' id='word_1_704' title='bbox 1327 3411 1480 3462; x_wconf 83' lang='lat' dir='ltr'><strong>gradus</strong></span> <span class='ocrx_word' id='word_1_705' title='bbox 1495 3411 1561 3449; x_wconf 90' lang='lat' dir='ltr'><strong>ille</strong></span> <span class='ocrx_word' id='word_1_706' title='bbox 1583 3411 1913 3450; x_wconf 76' lang='lat' dir='ltr'><strong>confertur.Haec</strong></span> <span class='ocrx_word' id='word_1_707' title='bbox 1932 3414 2070 3448; x_wconf 87' lang='lat' dir='ltr'><strong>autem</strong></span> <span class='ocrx_word' id='word_1_708' title='bbox 2082 3418 2166 3446; x_wconf 92' lang='lat' dir='ltr'><strong>om-</strong></span> 
     </span>
     <span class='ocr_line' id='line_1_108' title="bbox 1138 3470 2167 3521; baseline -0.004 -11"><span class='ocrx_word' id='word_1_709' title='bbox 1138 3472 1207 3512; x_wconf 87' lang='lat' dir='ltr'><strong>nia</strong></span> <span class='ocrx_word' id='word_1_710' title='bbox 1238 3472 1502 3510; x_wconf 85' lang='lat' dir='ltr'><strong>incommoda</strong></span> <span class='ocrx_word' id='word_1_711' title='bbox 1539 3476 1771 3521; x_wconf 86' lang='lat' dir='ltr'><strong>cessarent,</strong></span> <span class='ocrx_word' id='word_1_712' title='bbox 1802 3472 1834 3510; x_wconf 88' lang='lat' dir='ltr'><strong>si</strong></span> <span class='ocrx_word' id='word_1_713' title='bbox 1863 3475 2026 3519; x_wconf 83' lang='lat' dir='ltr'><strong>tempus</strong></span> <span class='ocrx_word' id='word_1_714' title='bbox 2059 3470 2167 3507; x_wconf 90' lang='lat' dir='ltr'><strong>esset</strong></span> 
     </span>
     <span class='ocr_line' id='line_1_109' title="bbox 1139 3533 2165 3585; baseline -0.003 -12"><span class='ocrx_word' id='word_1_715' title='bbox 1139 3539 1251 3573; x_wconf 82' lang='lat' dir='ltr'><strong>certa</strong></span> <span class='ocrx_word' id='word_1_716' title='bbox 1269 3533 1362 3585; x_wconf 86' lang='lat' dir='ltr'><strong>lege</strong></span> <span class='ocrx_word' id='word_1_717' title='bbox 1378 3534 1617 3580; x_wconf 64' lang='lat' dir='ltr'><strong>definitum</strong></span> <span class='ocrx_word' id='word_1_718' title='bbox 1640 3538 1738 3572; x_wconf 86' lang='lat' dir='ltr'><strong>tunc</strong></span> <span class='ocrx_word' id='word_1_719' title='bbox 1755 3533 1863 3571; x_wconf 90' lang='lat' dir='ltr'><strong>enim</strong></span> <span class='ocrx_word' id='word_1_720' title='bbox 1882 3542 2020 3577; x_wconf 87' lang='lat' dir='ltr'><strong>nemo,</strong></span> <span class='ocrx_word' id='word_1_721' title='bbox 2038 3541 2165 3580; x_wconf 86' lang='lat' dir='ltr'><strong>quan-</strong></span> 
     </span>
     <span class='ocr_line' id='line_1_110' title="bbox 1137 3591 2163 3645; baseline -0.003 -9"><span class='ocrx_word' id='word_1_722' title='bbox 1137 3595 1290 3636; x_wconf 81' lang='lat' dir='ltr'><strong>tumvis</strong></span> <span class='ocrx_word' id='word_1_723' title='bbox 1316 3594 1463 3636; x_wconf 87' lang='lat' dir='ltr'><strong>doctus</strong></span> <span class='ocrx_word' id='word_1_724' title='bbox 1494 3593 1563 3636; x_wconf 81' lang='lat' dir='ltr'><strong>vel</strong></span> <span class='ocrx_word' id='word_1_725' title='bbox 1584 3594 1827 3645; x_wconf 85' lang='lat' dir='ltr'><strong>religiosus,</strong></span> <span class='ocrx_word' id='word_1_726' title='bbox 1846 3591 2045 3642; x_wconf 83' lang='lat' dir='ltr'><strong>conqueri</strong></span> <span class='ocrx_word' id='word_1_727' title='bbox 2069 3603 2163 3643; x_wconf 82' lang='lat' dir='ltr'><strong>pos-</strong></span> 
     </span>
    </p>
   </div>
  </div>
 </body>
</html>
