2352 3880
305 235 396 271 cAP.
416 234 461 272 11.
480 234 624 277 mm!
642 233 877 271 nemesus
894 231 1183 274 mmmmm
1203 233 1348 269 nosen·
1368 234 1425 270 Aa
1446 234 1578 270 aum
1594 235 1862 280 naumann,
1880 237 1977 275 mc.

46 295 418 349 imaum-tandi
447 305 527 351 est,
544 301 642 353 quia
676 301 721 340 in
749 299 959 353 praedictis
977 298 1106 342 aunis

28 397 35 404 .
70 375 284 417 nunqnam
317 363 442 403 datur
470 362 559 402 haec
579 365 756 414 potestas
782 359 972 400 Societati
988 384 1004 410 ³
1033 358 1106 399 sed

0 416 15 471 ἶ
69 425 307 478 Praeposito.
328 426 376 464 In
384 425 640 464 contrarium
660 426 799 463 autem
816 427 891 467 est,
911 422 1106 474 quianon

69 487 232 528 videtur
255 487 346 526 dari
377 486 613 537 Praeposito,
631 483 714 523 nisi
743 484 789 523 in
810 488 1013 535 quantum
1029 493 1104 522 suo

69 549 192 591 nodo
210 552 479 600 repraesentat
500 547 759 594 Societatem
781 549 822 585 et
846 545 900 585 ab
919 545 991 585 illa
1006 555 1103 596 pro·

67 611 180 652 xime
199 611 324 650 hahet
341 613 598 663 potestatem.
617 607 722 653 Quia
741 607 853 646 enim
877 603 1104 647 communi-

67 676 132 714 ter
166 683 358 724 suprema
388 670 599 711 Societatis
625 669 855 721 jurisdictio
887 681 958 720 per
984 668 1102 717 illum

68 739 294 780 exer-cetur,
304 737 345 772 et
362 732 450 771 11ωο
462 731 634 770 facultas
652 731 775 770 datur
787 730 841 770 ad
851 730 1103 770 ordinarium

6 811 10 814 ·
67 795 269 846 regimen,
289 793 382 833 ideo
398 792 512 832 illius
526 792 633 832 facta
651 792 815 838 videtur
833 793 1005 839 mentio,
1023 791 1103 831 ill-i·

67 867 148 908 que
162 855 400 895 conceditur
420 859 624 907 potestas3
649 859 784 894 tamen
800 854 977 893 intentio
994 854 1101 893 Pon-

49 916 186 957 ,1111015
207 917 332 956 fuisse
347 917 510 956 videtur
528 916 643 956 illam
662 916 761 955 dare
777 915 968 956 Societati
988 915 1100 967 prin·

67 978 266 1030 cipaliter,
287 991 381 1017 cum
391 979 482 1030 ipsa
495 980 548 1018 sit
562 977 751 1017 Generali
775 979 975 1029 superior.
996 977 1101 1016 Con-

66 1038 271 1086 sti-matur,
292 1040 391 1090 quia
419 1040 462 1078 in
489 1051 538 1079 eo
575 1051 700 1088 casu,
719 1040 765 1080 in
795 1050 878 1091 quo
901 1036 1100 1088 generalis

65 1098 342 1151 Congregatio
371 1104 507 1153 posset
526 1101 794 1152 Praepositum
827 1111 950 1140 suum
965 1111 993 1139 a
1009 1110 1101 1138 mu-

67 1173 167 1202 nere
182 1162 400 1213 deponere,
418 1167 494 1202 cta
512 1161 714 1203 Societate
733 1161 951 1214 expellere,
969 1164 1102 1212 potest

67 1226 291 1275 utrumque
319 1223 453 1264 facere
485 1236 558 1276 per
592 1224 781 1274 seipsam,
802 1226 842 1261 et
878 1226 1102 1273 antequam

65 1282 192 1324 alium
231 1283 471 1325 Generalem
505 1285 633 1335 eligat
647 1295 660 1334 3
686 1296 786 1336 ergo
805 1284 933 1324 etiam
953 1284 1102 1336 poterit

65 1345 151 1385 Prae
158 1349 285 1397 posito
295 1346 354 1385 sic
361 1347 398 1398 ej
403 1350 493 1386 ecto
498 1345 735 1386 facultatem
743 1345 966 1386 concedere
974 1350 1102 1386 trans-

65 1407 191 1446 eundi
215 1406 269 1447 ad
295 1407 419 1447 aliam
451 1407 709 1458 religionem.
730 1407 832 1446 Item
865 1407 900 1448 si
924 1407 969 1448 in
997 1405 1101 1448 Con-

65 1469 306 1520 gregatione
322 1469 505 1520 generali
522 1480 660 1508 coram
678 1469 855 1520 ipsomet
881 1468 1101 1519 Praeposito

63 1531 310 1573 tractaretur
327 1530 378 1570 de
411 1530 578 1570 alterius
610 1529 781 1581 professi
799 1529 1016 1581 ejectione,
1033 1530 1101 1570 vel

63 1592 242 1632 transitu
277 1591 327 1631 ad
355 1591 479 1631 aliam
517 1591 785 1642 religionem,
827 1603 911 1631 non
937 1591 1100 1632 videtur

64 1664 180 1705 posse
212 1653 455 1704 praepositus
481 1657 624 1693 contra
655 1653 900 1693 sententiam
922 1653 1100 1704 Congre-

65 1714 242 1765 gationis
257 1714 375 1754 illum
396 1714 612 1765 expellere,
637 1718 709 1753 aut
721 1715 845 1754 talem
866 1714 1101 1755 facultatem

66 1774 178 1821 dare,
198 1777 294 1827 quia
312 1786 403 1814 cum
421 1775 691 1827 Congregatio
709 1777 762 1814 sit
778 1776 975 1827 superior,
998 1775 1101 1815 veri·

65 1835 198 1876 simile
221 1849 306 1875 non
340 1841 402 1875 est
429 1837 569 1876 datam
601 1848 688 1876 esse
721 1836 829 1876 hanc
859 1840 1101 1888 potestatem

65 1895 301 1948 Praeposito,
316 1896 378 1936 ita
392 1901 438 1936 ut
460 1897 532 1936 illa
551 1898 611 1937 uti
635 1898 763 1949 possit
786 1902 930 1937 contra
955 1898 1100 1937 volun-

64 1961 192 1998 tatem
209 1958 271 1998 sui
307 1958 548 2009 Superioris.
579 1958 681 1998 Item
704 1969 799 1998 cum
821 1959 1102 2010 principaliter

64 2018 118 2060 sit
132 2018 228 2058 data
245 2018 289 2057 in
303 2017 458 2057 bonum
478 2018 708 2066 societatis,
724 2029 810 2058 ,non
831 2019 993 2058 videtur
1011 2019 1100 2069 ejus

65 2090 163 2121 usus
184 2091 396 2119 concessus
415 2083 554 2120 contra
586 2079 841 2119 voluntatem
876 2081 1000 2119 totius
1026 2081 1100 2121 So-

64 2141 234 2182 01013115.
257 2141 388 2192 Igitur
409 2140 653 2194 Praepositus
671 2141 814 2180 inillis
836 2141 937 2180 10015
965 2142 1099 2181 Socie-

63 2205 192 2242 tatem
210 2205 490 2254 repraesentat.
522 2202 638 2242 Unde
658 2201 823 2241 videtur
852 2201 943 2241 fieri
962 2214 1099 2242 conse-

63 2275 194 2318 quens
213 2264 257 2303 in
290 2267 490 2316 potestate
530 2262 866 2314 congregationis
895 2264 1099 2315 generalis

63 2337 164 2375 esse,
190 2326 297 2366 hanc
324 2328 566 2378 potestatem
583 2325 762 2364 limitare
795 2326 1029 2376 Praeposito,
1051 2329 1100 2365 ut

63 2388 263 2429 nimirum
284 2387 356 2427 1113
383 2388 444 2426 uti
462 2399 547 2427 non
565 2388 692 2439 possit
711 2388 801 2427 sine
823 2388 1008 2436 consilio,
1031 2388 1097 2428 vel

64 2450 188 2492 etiam
218 2450 305 2489 sine
331 2449 528 2500 suffragio
544 2450 668 2489 unius
703 2449 767 2489 vel
806 2449 1002 2501 plurium,
1022 2453 1097 2489 aut

62 2510 147 2554 3110
165 2511 291 2550 simili
314 2511 450 2551 modo.
474 2511 576 2558 Quia
590 2511 648 2552 ita
662 2510 905 2562 intelligitur
919 2511 1004 2550 haec
1023 2522 1096 2562 po·

62 2575 190 2613 testas
218 2584 406 2612 concessa
439 2572 671 2624 Praeposito,
689 2576 736 2612 ut
759 2572 1024 2624 principalius
1043 2572 1098 2611 sit

63 2643 254 2674 concessa
272 2634 347 2673 toti
365 2634 571 2682 Societati,
591 2644 683 2685 quae
714 2645 799 2673 non
821 2634 901 2672 nisi
921 2633 966 2672 111
994 2633 1096 2673 Con·

62 2695 304 2748 gregatione
331 2694 515 2745 generali
549 2694 700 2745 existit,
733 2694 800 2735 vel
830 2704 1098 2746 repraesenta·

63 2759 155 2807 tur,
177 2768 276 2807 ergo
292 2760 427 2808 potest
452 2757 561 2796 dicta
579 2757 775 2804 Societas,
796 2757 832 2796 si
853 2757 1099 2808 judicaverit

61 2816 140 2859 sibi
156 2818 364 2871 expedire,
384 2817 463 2857 sibi
477 2821 720 2870 potestatem
737 2818 850 2857 illam
869 2830 1092 2868 reservare,

63 2878 129 2919 vel
146 2878 324 2933 aliquem
341 2879 509 2921 modum
524 2883 599 2920 aut
623 2879 914 2921 limitationem
938 2879 1002 2920 illi
1024 2879 1096 2921 ad-

63 2937 175 2982 dere.

116 3001 183 3044 12.
204 3000 312 3042 Huic
340 3003 484 3044 autem
507 2999 665 3043 ultimae
689 3001 866 3044 illationi
901 3000 1095 3045 videntur

63 3060 225 3103 obstare
261 3063 334 3104 illa
359 3063 485 3103 verba
512 3063 698 3115 Gregorii
714 3063 805 3104 xm
823 3075 838 3104 2
858 3064 1098 3108 Statuimus

62 3126 111 3166 ut
133 3125 312 3175 deinceps
324 3125 368 3165 in
383 3129 619 3176 perpetuum
640 3125 755 3167 liceat
772 3126 876 3166 dicto
892 3125 1097 3179 Praeposi-

64 3187 121 3234 to,
148 3188 223 3225 etc.
245 3186 349 3225 Nam
364 3186 482 3237 juxta
503 3197 647 3226 eorum
665 3187 751 3226 vim
767 3186 907 3226 nullus
927 3187 1097 3231 inferior

52 3243 260 3288 Pontifice
278 3251 410 3300 potest
430 3248 697 3300 Praepositum
709 3248 787 3287 hac
803 3253 998 3300 potestate
1013 3250 1099 3302 pri·

65 3316 178 3357 vare,
198 3321 272 3348 nec
297 3321 449 3361 ponere
469 3310 639 3350 modum
664 3322 787 3362 quem
809 3310 996 3350 Pontifex
1013 3323 1099 3352 nou

54 3372 217 3430 gposuit.
237 3371 335 3418 Quis
357 3371 469 3410 0111111
486 3375 623 3423 potest
646 3372 904 3412 voluntatem
932 3372 1098 3412 Pontifi-

54 3430 124 3474 -οἰε
137 3431 314 3472 limitare
328 3436 402 3471 aut
418 3432 647 3484 impediret
662 3433 748 3486 ipse
757 3438 896 3473 autem
915 3433 1099 3478 absolute

38 3494 112 3535 set
133 3493 224 3534 sine
243 3493 499 3534 restrictione
515 3494 574 3534 ait
597 3505 641 3534 50
661 3495 881 3536 concedere
903 3495 1100 3548 Praeposi-

35 3550 59 3606 f'
104 3553 232 3602 113110
245 3559 495 3608 potestatem
508 3556 554 3596 in
571 3560 846 3609 perpetuum3
868 3569 967 3609 ergo
993 3569 1099 3598 mm-

102 3671 107 3678 μ
153 3615 196 3657 in
220 3622 359 3674 potest
381 3617 454 3665 illa
479 3618 636 3674 PtiYQ'i
662 3630 740 3663 1100
768 3619 1002 3671 immutari,
1017 3618 1102 3663 nisi

2033 0 2152 31 “ai-m
2181 4 2186 10 ’-
2215 0 2352 71 ἰφ

2095 38 2102 47 ,
2214 30 2250 59 1,...
2272 38 2278 57 Ι,
2348 54 2352 57 ⁴

2188 60 2199 74 if
2240 67 2242 69 -
2316 60 2339 79 ἡ

2092 240 2199 285 1155

1161 310 1236 351 per
1254 299 1382 338 alium
1398 301 1621 340 Summum
1634 301 1888 344 Pontificem.
1906 303 2046 345 Dicere
2059 312 2198 350 autem
2244 319 2250 321 “

1160 361 1418 412 subintelligi
1432 362 1814 404 subordinationem
1824 369 1866 405 et
1878 365 2199 417 dependentium

1159 433 1184 462 3
1217 423 1435 472 Societate,
1469 429 1687 477 propterea
1718 426 1831 477 quod
1859 427 2129 481 Congregatio
2141 431 2199 474 eit

1159 494 1282 535 supra
1320 484 1579 534 Generalem,
1601 486 1880 528 voluntarium
1916 494 2000 538 est,
2025 491 2197 546 ideoque

1158 544 1447 595 improbabile,
1461 550 1603 597 utpote
1617 552 1761 588 contra
1774 548 2005 591 absolutam
2017 552 2197 597 formam

1158 605 1404 656 verborum3
1428 610 1470 645 et
1487 608 1575 646 sine
1606 610 1832 650 sufficiente
1853 612 2039 662 ratione,
2069 615 2198 668 siqui-

1157 666 1267 714 dem,
1287 678 1373 706 :non
1396 666 1584 706 obstante
1612 669 1685 708 illa
1707 671 1962 722 subjectione
1986 675 2195 718 Gener-alis

1158 729 1207 768 ad
1224 730 1613 781 Congregationem,
1626 731 1759 782 potuit
1770 732 1958 774 Pontifex
1976 737 2198 780 concedere

1157 791 1339 831 absolute
1373 795 1415 830 et
1432 790 1672 842 simpliciter
1707 791 1815 832 hanc
1839 794 2076 837 facultatem
2094 797 2196 840 huic

1157 851 1348 902 dignitati
1378 852 1605 904 Praepositi,
1622 850 1736 904 quia,
1753 853 1849 894 licet
1878 855 1923 894 in
1952 869 2047 896 casu
2069 859 2196 909 possit

1155 910 1306 952 babere
1334 913 1595 965 Superiorem
1630 913 1743 954 intra
1760 914 2022 966 Societatem,
2042 918 2198 960 scilicet

1153 975 1318 1027 quando
1334 976 1537 1026 generalis
1555 976 1829 1027 congregatio
1845 982 1940 1018 actu
1955 983 2094 1019 coacta
2118 984 2194 1031 est,

1153 1040 1294 1076 tamen
1310 1037 1553 1087 regulariter
1569 1041 1610 1077 et
1623 1037 1832 1078 ordinarie
1860 1037 1981 1079 illum
2013 1052 2099 1081 11011
2118 1041 2193 1083 ha-

1156 1096 1238 1139 bet.
1258 1099 1447 1138 Pontifex
1469 1102 1610 1139 autem
1638 1098 1803 1139 videtur
1828 1101 2049 1140 attendisse
2064 1102 2117 1142 ad
2132 1114 2194 1144 or-

1157 1159 1364 1200 dinarium
1383 1161 1554 1201 modum
1584 1159 1859 1212 gubernandi,
1883 1165 1928 1201 et
1942 1163 1996 1201 ad
2015 1162 2193 1214 dignita-

1156 1225 1241 1262 tem
1265 1223 1377 1262 illius
1395 1222 1578 1262 muneris
1600 1223 1811 1274 Praepositi
1828 1223 2044 1273 generalis.
2065 1226 2190 1277 Ergo,

1155 1281 1252 1326 lieet
1269 1284 1514 1336 Praepositus
1530 1283 1732 1334 generalis
1743 1295 1770 1323 3
1786 1283 1988 1324 Societate
2009 1290 2192 1336 emanet,

1157 1348 1199 1385 et
1216 1349 1458 1396 potestatem
1474 1344 1625 1384 habeat
1637 1344 1904 1393 ordinariam,
1924 1345 2191 1389 nihilominus

1155 1410 1371 1458 postquam
1399 1405 1526 1446 semel
1556 1405 1710 1446 electus
1745 1410 1819 1454 051,
1851 1406 2032 1458 aliquam
2057 1412 2191 1460 potest

1155 1465 1308 1508 habere
1335 1466 1576 1507 facultatem
1611 1480 1638 1507 a
1670 1467 1844 1507 Summo
1880 1467 2092 1518 Pontifice,
2109 1482 2192 1522 qua

1154 1539 1238 1568 11011
1249 1533 1380 1580 potest
1390 1529 1541 1580 privari
1552 1529 1764 1582 peripsam
1778 1528 2034 1578 Societatem,
2048 1542 2192 1582 quam·

1157 1588 1228 1628 diu
1251 1589 1459 1628 Generalis
1476 1595 1551 1637 est,
1567 1601 1638 1630 seu
1666 1590 1747 1629 nisi
1774 1601 1945 1630 munere
1986 1592 2191 1643 Praepositi

1156 1650 1354 1702 privetur.
1377 1651 1434 1690 De
1451 1662 1533 1702 qua
1550 1662 1594 1691 re
1621 1654 1682 1691 est
1718 1651 1921 1702 optimum
1954 1652 2190 1703 exemplum

1156 1711 1200 1751 in
1216 1712 1334 1751 Bulla
1349 1711 1532 1764 ejusdem
1551 1712 1736 1764 Gregorii
1755 1713 1862 1762 XIII,
1874 1725 2060 1753 concessa
2077 1725 2189 1755 anno

1157 1775 1276 1823 1575,
1295 1774 1362 1813 die
1399 1774 1422 1813 3
1445 1772 1557 1822 Maii,
1583 1785 1675 1825 quae
1709 1774 1855 1826 incipit
1876 1787 1886 1813 ε
1909 1775 2029 1815 Decet
2046 1776 2189 1817 Roma-

1155 1847 1249 1877 num
1270 1835 1523 1884 Pontificem,
1543 1837 1589 1875 in
1601 1848 1684 1888 qua
1702 1835 1893 1876 distincte
1906 1837 2089 1876 concedit
2101 1837 2188 1890 plu-

1155 1908 1218 1937 res
1240 1897 1452 1937 facultates
1487 1897 1677 1937 Societati
1696 1900 1739 1938 et
1772 1899 1990 1949 Praeposito
2025 1899 2128 1948 ejus,
2149 1902 2189 1937 et

1155 1962 1295 2010 postea
1333 1957 1523 1997 concedit
1551 1962 1600 1997 ut
1630 1957 1722 1997 31110
1755 1969 1942 2009 personae
1979 1959 2189 1999 Societatis

1155 2029 1240 2058 11011
1259 2019 1412 2070 possint
1428 2019 1492 2059 uti
1511 2018 1654 2069 gratiis
1673 2019 1870 2058 concessis
1886 2018 2094 2069 Societati‚
2108 2019 2190 2060 11151

1155 2091 1229 2132 per
1251 2080 1487 2131 generalem
1508 2080 1791 2131 Praepositum,
1812 2083 1854 2118 et
1880 2079 1931 2119 de
1956 2080 2046 2131 ejus
2066 2081 2190 2120 bene·

1153 2141 1319 2195 placito.
1347 2141 1423 2180 Ubi
1452 2141 1541 2180 sine
1572 2140 1697 2180 dubio
1734 2140 1917 2191 loquitur
1939 2140 1990 2180 de
2026 2143 2191 2193 propria

1154 2214 1328 2256 persona
1346 2208 1388 2241 et
1406 2213 1576 2242 munere
1591 2201 1802 2242 Generalis
1812 2212 1827 2252 ;
1847 2214 1924 2241 nec
1947 2207 2082 2253 posset
2098 2204 2182 2243 uni-

1153 2277 1271 2305 versa
1287 2264 1462 2303 Societas
1494 2264 1716 2303 immutare
1749 2262 1862 2303 hunc
1892 2264 2061 2303 modum
2082 2276 2188 2314 gau-

1150 2326 1277 2366 dendi
1311 2325 1538 2377 privilegiis
1567 2328 1611 2365 et
1638 2325 1781 2376 gratiis
1808 2337 1835 2366 a
1858 2324 2054 2365 Pontifice
2087 2336 2189 2376 prae-

1153 2387 1229 2428 seri
1236 2390 1363 2439 ptum,
1382 2386 1480 2437 quia
1491 2385 1677 2425 Pontifex
1687 2385 1818 2426 voluit
1827 2384 1934 2425 lianc
1946 2389 2189 2437 potestatem

1152 2459 1237 2488 csse
1257 2459 1382 2499 penes
1400 2445 1642 2488 Generalem
1658 2461 1673 2497 3
1693 2447 1804 2488 idem
1822 2457 1921 2498 ergo
1935 2447 1979 2487 in
1996 2448 2189 2499 praesenti

1151 2509 1368 2550 dicendum
1387 2513 1460 2548 est.

1204 2571 1270 2611 13.
1295 2569 1500 2611 Resolutio
1516 2570 1625 2611 circa
1641 2567 1848 2621 disputata
1865 2568 1912 2607 in
1930 2579 1974 2608 η.
1997 2569 2044 2607 11
2064 2567 2185 2610 0112,

1150 2631 1366 2683 -Ejeclio
1384 2631 1505 2671 maius
1533 2629 1742 2673 Generalis
1757 2628 1949 2682 supponit
1961 2627 2187 2670 electionem

1151 2693 1335 2736 alterius.
1348 2692 1513 2743 —Ergo
1530 2689 1640 2743 quod
1657 2690 1806 2731 attinet
1830 2690 1882 2728 ad
1894 2689 1972 2729 hoc
1989 2689 2186 2731 ultimum

1151 2758 1355 2807 punctum
1380 2763 1455 2792 scu
1487 2752 1676 2801 illatum,
1706 2762 1791 2791 non
1821 2755 1954 2803 potest
1990 2749 2186 2802 Praeposi-

1150 2820 1219 2856 tus
1252 2825 1328 2867 per
1355 2815 1604 2856 Societatem
1633 2812 1786 2866 privari
1815 2815 2015 2864 potestate
2040 2810 2124 2850 sibi
2157 2823 2187 2854 a

1150 2876 1346 2919 Pontifice
1363 2887 1549 2917 concessa
1565 2874 1616 2915 ad
1629 2874 1918 2928 expellendum
1934 2872 2183 2925 professum,

1149 2940 1215 2980 vel
1232 2938 1360 2979 dandi
1380 2938 1422 2980 ei
1449 2937 1688 2979 facultatem
1718 2933 1958 2976 transeundi
1975 2933 2028 2974 ad
2058 2933 2183 2973 aliar:

1148 3002 1393 3053 religionem
1409 2999 1531 3052 iustis
1549 2998 1600 3038 de
1615 2997 1761 3038 causis.
1782 2996 1898 3044 Quod
1914 3007 2008 3035 vero
2027 2999 2185 3047 spectac

1149 3064 1203 3105 ad
1223 3063 1431 3116 superiora
1448 3065 1614 3114 puncta,
1637 3070 1687 3101 ex
1712 3058 1862 3112 quibus
1880 3057 2041 3098 illatum
2070 3054 2182 3093 00111-

1151 3125 1338 3177 gebatur,
1360 3129 1654 3176 consequenter
1681 3121 1845 3161 videtur
1875 3115 2081 3171 probabile
2103 3113 2180 3154 soli

1149 3186 1340 3228 Generali
1354 3185 1432 3225 hoc
1460 3185 1604 3225 datum
1633 3195 1733 3231 esse,
1751 3181 1850 3234 quia
1880 3177 2004 3217 verba
2026 3175 2180 3215 Indulsi-

1151 3247 1228 3292 hoc
1247 3251 1409 3297 sonant,
1429 3250 1471 3287 et
1487 3244 1768 3298 interpretatio
1788 3242 1839 3282 de
1852 3236 2180 3291 repraesentatio-

1150 3321 1204 3355 ne
1233 3309 1446 3351 Societatis
1475 3309 1522 3348 in
1560 3308 1653 3360 :ipso
1674 3301 1862 3347 Generali
1896 3303 1955 3340 est
1992 3309 2104 3338 110νὸ
2137 3300 2182 3335 2ss

1151 3372 1364 3421 inusitata,
1387 3375 1434 3410 ut
1474 3373 1589 3423 patet
1623 3379 1673 3408 ex
1708 3364 1789 3405 alia
1821 3361 1939 3402 Bulla
1969 3360 2108 3426 citata,
2137 3360 2182 3395 et

1151 3434 1291 3475 multis
1307 3433 1523 3473 similibus.
1558 3430 1683 3477 Unde,
1707 3424 1907 3479 quamdiu
1938 3422 2182 3472 Praepositus

1151 3497 1270 3546 vivit,
1286 3495 1496 3549 probabile
1514 3496 1573 3533 est
1587 3487 1953 3540 congregationem
1973 3482 2182 3549 etiam-82·

1152 3558 1334 3600 neralem
1342 3570 1429 3598 non
1441 3567 1555 3608 posse
1567 3553 1610 3592 id
1620 3551 1753 3591 facere
1767 3549 1855 3588 sine
1867 3554 2063 3585 consensu
2075 3551 2176 3592 eJtlS,

1152 3610 1319 3676 propter
1333 3619 1538 3663 rationem
1556 3614 1722 3665 factam,
1736 3609 1835 3665 quia
1851 3606 1914 3650 illi
1927 3605 2024 3647 data
2037 3606 2099 3644 est
2106 3613 2179 3654 1³0⁴

2269 71 2334 97 Jp„
2342 68 2352 88 Δ

2318 89 2352 118 -s',

2269 282 2289 298 Ρ
