2352 3880
183 256 378 380 {Zizania
412 331 520 371 facto
552 333 695 369 tamen
726 328 816 380 ipso
849 339 896 368 se
927 326 999 368 illa
1026 326 1214 378 privavit.
1265 326 1490 383 participes
1507 326 1650 374 habet;
1675 327 1746 380 qui
1765 324 1855 368 vero
1870 324 2015 371 anim
2027 303 2194 384 ὠμῷ.

186 397 316 444 Quam
339 392 678 432 communitatem
704 389 967 440 antiquorum
995 388 1218 428 monacho·

185 469 277 498 rum
295 454 474 493 maxime
494 451 759 492 commendat
773 448 1217 503 Chrysostomus‚libro

184 517 306 557 tertio
327 516 477 560 Contra
493 514 656 565 Impug.
686 513 782 554 vitae
814 516 991 552 monast.
1022 521 1034 552 ι
1067 511 1220 552 Cuncta

184 576 351 631 (inquit
368 578 381 625 )
400 576 488 616 illis
517 574 738 615 eommunia
755 577 865 623 sunt,
899 585 1046 622 mensa,
1067 574 1216 620 domus,

184 639 476 686 indumentum,
488 639 526 678 et
542 637 646 689 quod
662 647 758 676 sane
775 635 1006 676 mirabilius
1023 639 1095 682 est,
1115 645 1220 675 unus

184 699 304 739 etiam
332 699 507 750 idemque
529 698 688 738 animus
709 697 887 737 omuibus
918 700 999 743 σείς
1029 696 1219 734 indicans

182 760 298 802 illam
331 763 546 800 externam
583 760 784 799 unitatem
819 757 998 799 multum
1028 757 1083 796 ad
1111 757 1220 796 hanc

183 822 419 862 animorum
439 821 642 860 unitatem
663 821 908 860 conducere.

234 883 276 924 4.
311 884 504 931 Quomodo
523 884 653 923 vietus
669 893 738 922 seu
758 891 894 922 mensa
917 881 1148 923 communis.
1166 901 1220 913 —

181 943 268 985 Nec
293 956 441 984 mensa
474 944 609 983 solum
628 942 777 981 dicitur
795 942 1028 982 communis
1056 943 1099 982 in
1127 942 1218 982 loco

183 1008 228 1047 et
251 1010 465 1056 tempore,
505 1004 580 1044 sed
614 1004 795 1043 maxime
828 1003 874 1044 in
900 1016 980 1044 usu
1015 1005 1215 1055 ciborum,

181 1078 281 1107 nam
300 1068 426 1106 iidem
449 1065 641 1105 omnibus
661 1065 821 1116 absque
841 1065 1126 1116 singularitate
1146 1078 1218 1116 ap-

179 1130 281 1181 poni
301 1128 470 1174 debent,
491 1127 543 1166 dc
561 1138 644 1178 quo
660 1127 992 1179 Chrysostomus,
1010 1128 1122 1167 hom.
1146 1129 1212 1175 58,

180 1189 235 1230 ad
249 1189 465 1240 Populum,
479 1187 531 1227 de
548 1188 751 1240 religiosis
761 1188 957 1239 loquens:
977 1189 1068 1229 Una
1081 1199 1217 1230 mensa

181 1254 219 1291 et
234 1251 507 1291 ministerium
523 1250 829 1301 suscipientibus
844 1280 855 1298 ,
877 1254 914 1290 et
930 1251 1213 1298 exhibentibus,

178 1313 310 1353 eadem
340 1313 510 1361 fereula,
545 1313 675 1353 eadem
708 1313 955 1359 indumenta,
986 1311 1215 1352 habitacula

176 1375 323 1422 eadem,
350 1373 480 1415 eadem
499 1374 598 1414 vita.
629 1374 692 1414 Et
709 1375 808 1426 quid
825 1375 998 1415 miraris
1024 1373 1211 1424 (subdit)

177 1436 283 1489 quod
305 1446 386 1475 ‘zeiza
406 1435 463 1475 sit
491 1436 671 1475 omuibus
695 1435 816 1483 dieta,
838 1436 961 1476 restis
982 1439 1018 1475 et
1045 1446 1181 1475 mensa
1197 1465 1209 1483 ,

177 1496 320 1550 quippe
334 1508 421 1537 cuin
441 1497 620 1536 omnibus
636 1496 692 1536 sit
707 1507 790 1536 una
809 1498 959 1536 aniona.
976 1497 1022 1535 Et
1037 1496 1090 1534 ob
1103 1495 1211 1534 hanc

175 1569 344 1598 causam
366 1558 500 1598 omnis
518 1559 644 1597 etiam
659 1558 922 1610 singularitas
938 1559 983 1597 in
1001 1558 1212 1597 communi

175 1630 322 1658 mensa
351 1624 533 1666 cavetur,
564 1620 661 1670 quia
686 1620 790 1658 solet
819 1620 937 1658 valde
968 1619 1212 1670 pusillorum

175 1681 338 1720 animos
353 1680 580 1728 offendere,
595 1684 636 1719 et
650 1685 956 1731 consequenter
971 1680 1211 1718 charitatem

174 1742 431 1792 perturbare,
448 1746 494 1781 ut
513 1742 667 1792 optime
682 1742 802 1780 docet
815 1742 1066 1790 Bernardus,
1085 1753 1208 1780 serm.

174 1803 386 1855 trigesimo
410 1804 452 1842 in
482 1804 660 1843 Cantica.
694 1804 957 1854 Quamquam
980 1805 1059 1843 hoc
1081 1804 1211 1854 impe-

174 1864 264 1903 dire
285 1878 369 1904 non
388 1865 553 1912 debeat,
571 1870 616 1904 ut
636 1866 886 1916 praecedenti
907 1878 1015 1917 cap.,
1035 1877 1211 1904 numero

175 1925 336 1965 decimo
357 1928 548 1977 septimO,
567 1927 609 1965 in
629 1927 753 1965 simili
773 1927 872 1974 dixi,
896 1927 1119 1977 quominus
1139 1938 1210 1965 ne-

174 1987 436 2026 cessitatibus
459 1988 643 2025 omnium
663 1999 759 2026 cum
779 1989 1044 2039 proportione
1067 1987 1210 2027 subve-

175 2047 328 2094 niatur,
346 2048 460 2098 juxta
487 2048 603 2096 illud,
623 2049 870 2088 dividebatur
888 2050 1076 2099 sinqulis,
1091 2052 1213 2099 prout

174 2109 386 2160 unicuique
406 2121 503 2161 opus
524 2115 634 2156 erat,·
653 2122 750 2147 nam
772 2109 851 2148 hoc
877 2111 1013 2161 ipsum
1033 2111 1212 2149 charitas

171 2163 265 2220 'ipsa
281 2169 502 2208 desiderat.
521 2170 640 2210 Unde
662 2171 924 2218 Benedictus,
940 2183 1030 2222 cap.
1053 2172 1212 2223 trigesi-

174 2242 243 2270 mo
270 2237 418 2282 quarto
447 2233 641 2283 Regulae:
662 2233 757 2274 Non
774 2234 944 2273 dicimus
962 2234 974 2283 (
989 2233 1147 2284 inquit)
1168 2236 1213 2272 ut

173 2304 436 2344 personarum
457 2294 469 2343 (
488 2295 590 2345 quod
610 2294 742 2344 absit)
764 2295 933 2345 acceptio
953 2295 1024 2342 sit,
1056 2294 1124 2334 sed
1151 2292 1211 2333 in-

175 2354 418 2404 firmitatum
432 2356 713 2402 consideratio,·
727 2356 794 2396 ubi
812 2357 881 2407 qui
895 2356 1030 2394 minus
1039 2356 1208 2405 indiqu,

176 2419 275 2466 aqut
308 2417 388 2455 Deo
417 2417 592 2468 gnatius,
613 2427 692 2456 non
711 2418 968 2456 contristetur
978 2432 992 2461 ;
1022 2416 1092 2467 qui
1122 2427 1211 2456 vero

172 2477 267 2528 plus
285 2477 453 2528 iudiqet,
477 2478 710 2517 humilietur
738 2489 812 2527 pro
844 2476 1084 2525 infirmitate
1100 2506 1111 2524 ‚
1135 2488 1212 2516 non

174 2537 392 2577 eutotlatur
408 2550 482 2589 pro
503 2539 796 2587 misericordia,
811 2541 849 2579 et
866 2540 927 2578 ita
943 2539 1077 2578 omnia
1095 2550 1212 2578 onem-

175 2598 249 2638 bra
277 2603 394 2639 erunt
422 2600 466 2639 in
496 2611 604 2650 pace.
634 2600 683 2639 Et
715 2600 756 2639 S.
790 2600 1060 2650 Augustinus,
1094 2611 1129 2638 c.
1162 2601 1208 2638 11

175 2659 276 2710 Reg.
303 2669 314 2698 ε
340 2660 417 2707 Qui
436 2661 595 2710 infirmi
613 2665 708 2701 sunt
737 2672 784 2701 ea:
811 2661 994 2712 pristina
1011 2664 1212 2700 consuetu-

172 2721 290 2768 dine,
317 2722 353 2761 si
386 2722 505 2761 aliter
535 2725 764 2764 tractantur
782 2723 827 2761 in
853 2722 978 2769 victu,
1005 2733 1081 2761 non
1110 2723 1213 2762 debet

175 2780 274 2819 aliis
297 2782 504 2821 molestum
524 2794 621 2830 esse,
639 2794 707 2823 neo
726 2783 926 2833 injustum
946 2782 1072 2822 videri
1084 2812 1097 2831 ,
1115 2795 1211 2835 quos

174 2839 266 2888 feeit
297 2841 382 2880 alia
411 2844 643 2882 consuetudo
667 2845 880 2892 forciores,-
904 2855 971 2883 nec
1000 2843 1093 2882 illos
1121 2844 1212 2891 seli-

177 2899 299 2941 ciores
324 2906 480 2953 putent,
502 2905 605 2956 quod
629 2908 791 2944 sumunt
820 2901 924 2955 quod
945 2916 1024 2943 non
1049 2908 1214 2944 sumunt

175 2961 276 3013 ipsi,
307 2963 374 3001 sed
400 2964 477 3002 sibi
505 2966 641 3016 potius
668 2965 940 3015 qratulentur,
962 2965 1058 3016 quia
1079 2966 1214 3007 valent

174 3023 281 3074 quod
296 3035 372 3062 non
393 3024 526 3064 valent
543 3024 623 3065 illi.

248 3084 286 3123 5.
334 3083 560 3125 Secundum
594 3086 821 3138 principale
857 3089 1029 3128 medium
1066 3093 1213 3130 mutuoe

174 3143 412 3201 ¹charitatis,
446 3148 726 3197 oeyrotantium
748 3160 858 3188 cura.
878 3170 932 3178 —
949 3150 1036 3189 Huc
1055 3151 1213 3192 accedit

178 3204 400 3256 singularis
431 3212 680 3258 aegrotorum
719 3213 760 3248 et
790 3209 1052 3251 infirmorum
1089 3225 1209 3263 cura,

179 3276 307 3316 quam
329 3271 469 3307 nostra
487 3270 669 3309 Societas
691 3271 920 3322 profitetur,
939 3285 1031 3324 quae
1051 3273 1108 3313 illi
1125 3274 1214 3325 qui-

180 3327 277 3366 dem
298 3329 519 3379 singularis
547 3343 631 3369 non
659 3335 744 3377 est,
766 3344 863 3371 nam
884 3335 1105 3402 religiones
1127 3348 1212 3375 om-

177 3399 256 3428 nes
276 3389 319 3428 in
338 3402 389 3430 ea
409 3391 650 3442 splendent,
672 3396 713 3431 et
739 3392 792 3431 ab
809 3395 994 3434 omnium
1021 3396 1212 3436 fundato-

176 3451 295 3491 ribus
325 3453 504 3493 maxime
537 3455 866 3496 commendatur.
890 3457 1079 3507 Basilius,
1117 3471 1208 3511 cap.

178 3510 342 3552 decimo
370 3527 480 3554 nono
509 3515 646 3555 Const.
678 3521 881 3557 monast:
909 3519 985 3559 Ubi
1004 3519 1132 3571 (dicit
1157 3520 1210 3560 de

178 3573 264 3612 vita
287 3576 555 3627 coenobitica)
590 3577 662 3630 qui
685 3579 848 3630 infirma
869 3583 1046 3631 corporis
1063 3581 1212 3622 valetu-

181 3633 270 3674 dine
286 3640 360 3683 est,
371 3637 635 3689 complurium
653 3641 806 3681 animos
818 3639 1102 3685 imbecillitatis
1128 3653 1233 3686 suce-

563 262 641 298 Lm.
664 261 748 297 vul.
770 260 827 296 DE
846 258 997 302 Emis,
1019 255 1171 301 numus
1187 259 1245 295 An
1265 257 1472 294 moenum
1493 244 1823 298 penitentialem}
1823 245 1975 302 Q
1996 229 1998 234 v
2036 243 2060 251 υ
2117 245 2135 261 ’

1272 388 1514 440 affliqitum
1545 389 1666 428 etiam
1700 388 1919 440 complures
1946 394 2093 440 proeaeto
2122 405 2185 437 su
2300 381 2314 425 ῑ·’

1274 449 1415 503 quibus
1434 453 1607 494 curetur,
1626 461 1652 489 a
1670 449 1887 502 quibusque
1902 451 2074 501 quotidie
2112 471 2113 474 =
2140 439 2236 513 '1331‘
2305 445 2321 475 ¹·

1276 510 1511 562 significans
1531 510 1609 550 sub
1627 510 1706 550 hac
1724 510 2013 562 aegrotantium
2029 524 2145 562 cura,
2160 515 2248 559 om
2300 542 2301 545 ,
2319 503 2320 506 Ἴ

1273 571 1565 611 misericoxdiae
1585 583 1712 623 opera
1730 571 2042 623 comprehendi,
2059 573 2257 623 quibust·³

1272 635 1357 672 tres
1379 632 1486 672 sibi
1475 633 1651 672 invicem
1671 633 1952 681 subvenirent,
1967 646 2079 673 nunc
2096 635 2167 676 infi
2199 655 2260 673 m-
2316 655 2317 658 =

1273 694 1472 742 curando,
1508 706 1619 734 nunc
1656 695 1853 734 afflictum
1887 696 2223 744 consoland0,n
2224 673 2273 718 Ἦ
2313 683 2318 693 ’

1274 755 1535 795 laborantem
1556 756 1808 808 adjuvando,
1827 768 1938 796 nunc
1955 757 2078 796 etiam
2097 754 2260 799 labam.

1275 818 1568 867 confortando,
1603 823 1675 858 aut
1690 819 1779 871 jam
1798 819 1962 870 lapsum
1983 819 2270 874 corripienda
2298 864 2301 868 ,

1275 879 1488 930 erigendo.
1516 879 1663 920 Unde
1653 891 1696 919 m
1712 881 1880 932 Regulis
1903 881 2144 929 moralibus,
2170 882 2245 925 in

1273 952 1312 983 c.
1344 943 1385 988 2,
1416 941 1626 981 lenitatem
1650 946 1692 981 et
1714 941 1954 981 facilitatem
1981 942 2090 982 circa
2118 941 2306 988 nmfirnss

1271 1002 1392 1042 valde
1412 1002 1690 1043 commendat.
1712 1003 1762 1043 Et
1789 1003 1831 1042 in
1859 1003 2014 1055 regulis
2032 1004 2236 1044 breviorib

1272 1064 1314 1104 in
1341 1066 1441 1111 155,
1473 1064 1530 1104 ait
1565 1065 1882 1104 ministrandum
1921 1077 2013 1105 esse
2048 1065 2267 1115 infirmiss,
2296 1093 2311 1110 .·

1267 1126 1466 1176 fratribus
1480 1127 1657 1166 Domini.
1681 1127 1885 1166 Praeterea
1902 1127 1950 1165 D.
1974 1126 2241 1176 Augustinus,
2259 1136 2287 1161 1
2304 1123 2310 1130 ’

1272 1199 1348 1227 sua
1370 1188 1534 1239 regula,
1563 1187 1715 1238 saepius
1734 1187 1842 1227 hanc
1868 1187 2127 1227 infirmorum
2162 1200 2248 1227 cur
2271 1207 2286 1222 ι-

1271 1250 1550 1298 commendat,
1567 1261 1659 1300 cap.
1679 1249 1839 1289 decimo
1858 1250 1996 1295 tertio,
2014 1250 2081 1291 28.
2109 1250 2162 1289 30
2179 1253 2220 1290 et
2241 1273 2246 1278 ι
2269 1257 2310 1289 ι-

1269 1310 1320 1350 Et
1340 1311 1494 1362 optime
1514 1312 1554 1351 S.
1580 1311 1843 1358 Benedictus,
1865 1321 1957 1363 cap.
1977 1310 2192 1361 trigesimo
2211 1322 2271 1349 sa:
2313 1310 2315 1315 “

1268 1376 1311 1412 to
1328 1383 1342 1412 :
1360 1373 1627 1419 Infirmoruon
1648 1385 1748 1414 cura
1766 1376 1857 1414 aute
1878 1372 2011 1412 omnia
2029 1376 2064 1412 et
2083 1384 2204 1424 super
2226 1382 2245 1411 o
2293 1379 2315 1420 ’,-

1266 1434 1338 1474 uia
1374 1434 1593 1475 adhibenda
1627 1437 1710 1482 est.
1740 1438 1788 1476 ut
1823 1435 1930 1476 sicut
1961 1445 2100 1474 revera
2122 1434 2326 1486 Christo„

1266 1494 1327 1535 ita
1347 1495 1404 1534 eis
1435 1497 1651 1534 serviatur.
1674 1495 1722 1534 Et
1747 1494 1877 1534 infra:
1908 1494 2021 1536 Cura
2049 1496 2230 1535 niam-ima
2247 1486 2320 1538 affl
2341 1522 2346 1523 ν

1267 1555 1430 1603 Abbati,
1467 1566 1514 1595 ne
1547 1556 1723 1606 aliquam
1755 1556 2040 1608 neyliqentiam
2067 1544 2322 1664 patientie&

1269 1619 1346 1656 etc.
1370 1616 1488 1662 Quod
1513 1617 1774 1655 confirmavit
1800 1617 2066 1655 Innocentius
2093 1617 2147 1656 111
2188 1629 2234 1655 in

1271 1678 1370 1719 Cum
1392 1680 1445 1718 ad
1462 1681 1764 1725 monasterium,
1784 1679 1834 1717 de
1851 1679 1968 1717 Statu
1986 1666 2324 1746 monachorum.3⁴

1267 1741 1409 1779 Eidem
1428 1740 1489 1779 rei
1510 1739 1686 1791 providit
1711 1740 1753 1780 S.
1779 1740 2038 1788 Pachomius,
2070 1740 2114 1779 in
2139 1752 2214 1779 sua
2240 1731 2346 1782 rei-5

1269 1802 1381 1854 gula.
1398 1813 1490 1852 cap.
1516 1802 1734 1851 vigesimo,
1758 1802 1810 1840 22
1836 1804 1878 1841 et
1907 1803 1983 1849 23,
2011 1800 2084 1839 ubi
2111 1804 2207 1840 sunt
2230 1799 2301 1844 illa

1268 1866 1393 1906 verba
1426 1865 1610 1905 notanda
1644 1877 1655 1904 :
1686 1866 1846 1906 Dabunt
1874 1865 1910 1905 ei
1938 1866 1992 1906 ad
2007 1877 2156 1906 omnem
2179 1865 2254 1907 abu

1269 1929 1448 1968 (lantiam
1460 1957 1472 1975 ,
1496 1931 1542 1968 ut
1559 1929 1604 1966 in
1623 1927 1732 1967 nullo
1750 1929 1882 1976 frater
1901 1927 2116 1980 lanquidus
2132 1926 2304 1968 contris·¹
2339 1961 2352 1968 -

1268 1992 1387 2030 tetur.
1400 1989 1472 2027 Cui
1487 1994 1701 2036 consonat,
1721 1987 1856 2039 quod
1846 2000 1888 2027 ιιι
1903 1988 2106 2039 prooemio
2123 1988 2175 2028 ad
2190 1980 2352 2050 illam‘}

1266 2050 1455 2101 regulam
1476 2050 1527 2088 de
1547 2050 1621 2089 AEo
1601 2050 1752 2101 gyptiis
1771 2049 1987 2088 monachis
2012 2050 2139 2089 1efe1t
2159 2034 2323 2091 Hiero-⁴)

1267 2123 1451 2163 nymus:
1473 2111 1744 2162 AEqrotantes
1764 2111 1881 2151 miris
1900 2113 2179 2151 sustentantur
2201 2095 2323 2152 obse-i

1268 2175 1391 2225 quiis,
1407 2177 1443 2213 et
1460 2174 1512 2213 ad
1528 2184 1676 2213 omnem
1697 2173 1847 2225 copiam
1865 2172 2110 2223 praeparatis
2128 2172 2237 2213 cibis.
2253 2172 2327 2214 Et

1268 2235 1378 2273 idem
1401 2235 1576 2273 sumitur
1596 2246 1647 2273 ex
1676 2234 1717 2274 S.
1747 2234 1968 2281 Dorotheo‚
1989 2233 2120 2273 doctr.
2156 2234 2223 2283 18,
2248 2233 2316 2276 ἅθ’

1268 2296 1360 2335 Vita
1378 2300 1490 2335 recte
1512 2295 1778 2334 instituenda.

1319 2357 1359 2396 6.
1395 2356 1602 2396 Simulata
1622 2359 1882 2407 quorumdam
1901 2358 2122 2409 infirmitas
2137 2369 2214 2397 non
2233 2356 2303 2399 (ἰδέ
2319 2347 2335 2413 J

1268 2419 1328 2459 bet
1364 2418 1574 2458 retardare
1604 2418 1650 2458 ab
1685 2417 1753 2456 boe
1779 2419 1919 2457 medio.
1940 2419 2054 2457 —In
2085 2419 2229 2469 regula
2255 2415 2302 2459 Si
2325 2421 2331 2459 t

1268 2478 1473 2518 Francisci
1494 2477 1624 2515 nihil
1615 2478 1780 2515 mvenio
1801 2478 1851 2516 de
1873 2478 1950 2517 hac
1968 2491 2013 2518 re
2041 2489 2298 2529 expressum,
2329 2492 2333 2531 j

1268 2545 1408 2579 tamen
1425 2544 1584 2579 certum
1603 2543 1665 2577 est
1682 2540 1874 2577 eumdem
1889 2539 2015 2578 fuisse
2034 2541 2142 2599 illius
2163 2532 2306 2580 eximii
2331 2574 2334 2579 .

1270 2788 1423 2839 optime
1441 2786 1629 2832 advertit,
1650 2798 1731 2823 non
1751 2797 1841 2823 esse
1862 2785 2068 2835 aliquibus
2088 2785 2269 2838 denega
2296 2804 2302 2822 2
2335 2807 2337 2811 ι

1268 2849 1369 2887 dum
1391 2847 1642 2886 infirmitatis
1662 2846 1906 2893 subsidium,
1938 2859 1987 2885 eo
2014 2846 2126 2897 quod
2154 2844 2281 2898 aliqui
2334 2868 2338 2876 ι

1267 2909 1334 2948 vel
1355 2921 1405 2947 ex
1423 2908 1628 2954 illusione,
1650 2908 1715 2946 vel
1737 2919 1787 2946 ex
1807 2907 1977 2954 malitia,
1992 2908 2204 2947 interdum
2226 2908 2286 2948 d··

1268 2970 1420 3020 cipiunt
1429 2999 1442 3018 ,
1467 2969 1540 3008 sed
1565 2969 1702 3020 potius
1726 2968 2054 3008 subveniendum
2091 2982 2182 3009 esse
2213 2981 2269 3009 01⁶
2287 3003 2291 3007 .

1268 3031 1414 3079 nibus,
1446 3042 1499 3069 ne
1531 3029 1628 3068 boni
1657 3034 1698 3069 et
1733 3040 1830 3069 vere
1863 3030 2094 3082 indigentes
2123 3030 2283 3070 fortas
2336 3054 2337 3059 ι

1267 3092 1490 3143 patiantur.
1523 3092 1571 3130 Et
1589 3091 1684 3130 ideo
1714 3092 1838 3130 etiam
1870 3092 2096 3143 prudenter
2115 3091 2294 3144 praeci·
2335 3134 2337 3141 ¹

1268 3154 1312 3193 D.
1330 3153 1599 3205 Augustinus,
1617 3154 1719 3205 Reg.
1738 3153 1790 3193 28
1807 3165 1819 3192 ι
1837 3152 1890 3194 Si
1907 3154 2035 3194 latens
2054 3157 2112 3194 est
2127 3153 2242 3194 aolor-
2277 3183 2279 3187 .

1268 3226 1442 3267 corpore,
1459 3215 1614 3263 famulo
1645 3215 1723 3255 Dei
1750 3215 1898 3255 dicenti
1925 3216 2028 3267 quod
2052 3216 2128 3256 sibi
2336 3230 2338 3235 ·

1267 3277 1354 3317 sine
1369 3275 1610 3317 dubitatione
1630 3276 1829 3323 credatur,
1848 3271 1918 3316 sed
1928 3279 2060 3316 tamen
2076 3279 2214 3316 utrum
2246 3278 2253 3311 .“
2336 3278 2341 3322 ,ἑ

1267 3339 1395 3378 nando
1422 3338 1489 3378 illi
1507 3335 1647 3385 dolori,
1667 3338 1770 3387 quod
1788 3337 1972 3385 delectat,
1992 3338 2201 3387 impediat,
2338 3333 2341 3339 '

1268 3400 1378 3439 dicus
1397 3399 1638 3440 consulatur.
1661 3399 1867 3437 Praeterea
1885 3398 1929 3436 in
1949 3397 2127 3437 Concilio
2145 3391 2282 3447 Aqff'*

1267 3472 1404 3511 gran„
1439 3458 1521 3500 sub
1550 3458 1756 3499 Ludovico
1785 3459 2060 3510 imperatore«,
2079 3469 2169 3509 cap.
2193 3468 2269 3514 ‘1:ss

1267 3521 1504 3572 dragesimo
1537 3520 1736 3570 secundo,
1773 3519 1934 3560 clericis
1968 3529 2044 3559 scu
2077 3518 2180 3558 Can·
2200 3525 2257 3551 r·-

1266 3583 1526 3634 regularibus
1553 3581 1645 3622 haec
1661 3581 1810 3633 regula
1826 3579 2005 3621 maxime
2023 3589 2186 3619 comme
2198 3596 2215 3611 ·
2228 3618 2231 3620 ,
2261 3572 2267 3627 ζ

1265 3647 1348 3685 tur.
1373 3644 1479 3686 Item
1496 3642 1652 3695 Lupus,
1669 3642 1715 3684 in
1730 3641 1892 3695 Regula
1904 3639 2226 3693 monachorum
