2352 3880
195 341 411 385 amittitur.
429 335 530 390 quia
554 336 748 377 voluntas
770 340 918 391 parata
939 341 1000 378 est
1023 337 1078 378 ad
1094 338 1224 380 multo

190 403 330 454 magis
349 397 633 440 obediendum
651 400 872 450 praecepto,
891 398 926 438 si
945 399 1226 452 interponere-

193 469 260 504 tur
265 474 280 513 3
304 465 346 502 et
381 473 458 513 per
493 459 626 500 solam
658 459 884 512 simplicem
922 460 1226 512 injunctionem

193 524 293 564 satis
313 526 474 564 constat
495 521 658 561 subdito
690 521 743 561 de
778 521 916 563 divina
933 523 1160 573 voluntate,
1179 527 1226 564 ut

187 578 362 628 ¹omnem
381 585 562 624 fructum
582 582 840 633 obedientiae,
863 587 909 624 ut
929 596 1097 625 omnem
1125 584 1225 625 divi-

191 658 291 687 nam
325 645 625 698 protectionem
653 647 696 685 et
717 645 919 686 auxilium
940 657 1032 686 eam
1054 646 1108 686 ob
1126 658 1223 686 cau-

191 720 282 750 sam
296 718 464 763 sperare
486 705 630 760 possit.

195 783 346 858 &trum
375 810 446 855 Ῑιοσ
471 815 606 852 votum
637 810 693 851 sit
714 807 895 856 solemne,
924 808 1024 851 etin
1040 819 1116 863 quo
1137 809 1225 861 ejus

477 872 707 915 solemnitas
724 869 937 912 consistat.

244 962 310 1003 38.
340 959 492 1006 Ultimo
537 959 629 999 loco
663 954 954 1009 explicandum
991 958 1181 1008 superest
1204 964 1220 1007 3

189 1028 329 1064 utrum
352 1023 431 1062 hoc
450 1024 590 1060 votum
613 1018 667 1058 sit
682 1019 883 1066 solemne,
911 1022 952 1058 et
971 1018 1014 1058 in
1033 1029 1115 1070 quo
1133 1018 1224 1070 ejus

186 1085 425 1126 solemnitas
442 1081 668 1121 consistere
681 1081 828 1132 possit,
844 1079 957 1132 quod
970 1083 1060 1120 erat
1075 1091 1223 1119 secun-

185 1147 286 1188 dum
318 1148 521 1198 punctum
546 1143 590 1182 in
614 1154 789 1182 numero
823 1142 1008 1183 secundo
1035 1141 1223 1194 proposi-

184 1209 293 1255 tum,
329 1206 448 1257 cujus
480 1204 699 1244 dubitandi
723 1203 928 1244 rationem
958 1203 1117 1243 ibidem
1147 1203 1223 1243 ad-

183 1268 297 1309 duxi.
330 1267 604 1308 Nihilominus
624 1277 778 1318 negare
798 1277 883 1305 non
901 1277 1122 1316 possumus
1142 1265 1222 1305 hoc

181 1331 324 1370 votum
355 1340 448 1369 esse
483 1328 692 1374 solemne;
721 1338 820 1367 nam
851 1327 893 1366 in
921 1326 1222 1367 Constitutione

182 1390 424 1432 Ascendente
444 1389 627 1435 Domino,
650 1388 837 1441 Gregorii
856 1389 959 1435 XIII,
979 1388 1159 1439 primum
1178 1387 1221 1427 hi

181 1452 446 1504 appellantur
472 1449 647 1502 professi
673 1453 852 1501 quatuor
881 1452 1088 1496 votorum,
1123 1447 1222 1500 quia

181 1513 321 1553 omnia
339 1513 408 1551 illa
429 1511 631 1551 solemnia
651 1515 761 1560 sunt,
781 1510 882 1550 alias
902 1510 1084 1562 plurium
1105 1513 1222 1549 voto-

179 1586 272 1615 rum
287 1605 297 1622 ,
315 1574 518 1626 appellari
533 1573 749 1620 deberent,
768 1573 817 1612 ut
829 1571 958 1620 infra,
976 1583 1002 1610 a
1020 1583 1057 1610 c.
1079 1572 1105 1609 6
1118 1601 1131 1619 ,
1162 1570 1221 1611 vi-

179 1636 383 1676 debimus.
420 1636 567 1675 Postea
594 1646 691 1674 vero
722 1633 957 1685 expressius
985 1632 1036 1672 de
1062 1632 1223 1672 eisdem

179 1697 342 1746 dicitur,
360 1697 489 1737 tribus
504 1696 593 1736 illis
608 1694 942 1735 substantialibus
958 1694 1062 1733 votis
1083 1694 1221 1733 solem-

178 1760 311 1806 nibus,
338 1761 527 1809 quartum
554 1756 744 1796 similiter
770 1755 938 1796 solemne
958 1755 1111 1795 addunt
1135 1766 1221 1806 spe-

179 1820 278 1861 ciale
317 1819 484 1861 Summo
505 1816 702 1865 Pontifici
735 1816 959 1856 obedientiae
987 1816 1097 1856 circa
1122 1815 1219 1855 mis-

178 1882 308 1922 siones
326 1881 569 1932 paoestancloe
584 1878 628 1918 ob
643 1877 847 1918 certiorem
865 1877 1052 1929 Spiritus
1070 1876 1221 1917 Sancti

178 1942 223 1982 in
252 1941 513 1981 missionibus
542 1939 646 1991 ipsis
678 1938 944 1984 directionem,
982 1941 1059 1976 etc.
1091 1938 1140 1975 Et
1168 1947 1220 1975 ex

179 2001 547 2044 Constitutionibus
559 2001 603 2038 in
621 1999 755 2039 forma
774 1999 863 2050 ipsa
880 1997 1102 2050 profitendi
1120 1997 1216 2037 satis

177 2064 396 2115 colligitur,
427 2062 527 2113 quia
555 2060 703 2101 eodem
738 2063 883 2099 tenore
911 2059 954 2097 in
978 2059 1126 2098 eadem
1147 2070 1216 2098 so-

177 2124 306 2165 lemni
327 2122 585 2174 professione
606 2122 686 2161 hoc
704 2124 848 2160 votum
869 2131 964 2159 cum
989 2120 1079 2159 aliis
1099 2119 1160 2158 fit.

229 2187 294 2226 39.
326 2186 426 2237 Ejus
468 2187 611 2223 autem
641 2181 882 2222 solemnitas
910 2180 1058 2219 eodem
1090 2178 1214 2219 modo

176 2247 337 2289 videtur
356 2244 622 2292 declaranda,
645 2243 716 2295 qui
735 2242 778 2281 in
795 2241 981 2293 generali
1002 2242 1097 2280 voto
1119 2240 1218 2279 obe-

177 2309 360 2356 dientiae,
397 2306 665 2359 proportione
700 2308 862 2343 servata
883 2316 893 2351 ;
928 2315 1026 2341 nam
1063 2303 1106 2340 in
1138 2303 1216 2342 hoc

177 2375 270 2412 voto
299 2369 513 2422 probabile
534 2370 610 2413 est,
638 2369 767 2406 totam
795 2365 886 2415 ejus
912 2363 1215 2403 solemnitatem

177 2432 404 2474 consistere
431 2430 474 2469 in
502 2427 727 2469 traditione
756 2426 925 2466 omnino
955 2424 1214 2465 irrevocabili

176 2506 228 2536 ex
240 2497 415 2544 utraque
432 2492 567 2543 parte,
580 2487 845 2541 promissioni
858 2487 925 2539 adj
933 2490 1071 2534 uncta,
1088 2497 1214 2538 quam

176 2556 228 2597 de
250 2555 387 2606 seipso
405 2553 503 2592 facIt
521 2561 699 2603 persona
716 2549 932 2601 profitens,
957 2560 1001 2588 se
1014 2559 1111 2587 vere
1128 2552 1215 2587 tra-

176 2618 279 2658 dens
306 2617 348 2656 in
378 2613 609 2655 dominium
628 2612 860 2663 religionis;
893 2610 953 2651 sic
978 2610 1091 2650 enim
1120 2621 1215 2662 pro-

177 2680 308 2720 fessus
330 2677 544 2719 Societatis
562 2675 794 2726 specialiter
812 2684 857 2713 se
877 2671 1002 2712 tradit
1022 2671 1065 2711 in
1085 2671 1213 2711 domi-

178 2741 290 2781 nium
304 2744 344 2780 et
357 2741 605 2790 potestatem
618 2735 826 2775 Pontiticis
840 2764 850 2781 ,
876 2733 1016 2785 quoad
1027 2734 1136 2772 hunc
1156 2731 1213 2773 ef·

177 2802 325 2843 fectum
339 2800 600 2846 missionum,
615 2798 673 2836 ita
683 2801 728 2835 ut
748 2795 886 2847 quoad
898 2795 1012 2833 illum
1029 2806 1112 2833 non
1126 2805 1213 2832 ma-

178 2866 272 2902 neat
292 2861 485 2913 suijuris,
502 2870 580 2898 nec
597 2858 775 2909 propriae
789 2855 1016 2907 religionis,
1030 2855 1104 2894 sed
1121 2859 1213 2894 tan-

177 2936 302 2976 quam
318 2933 463 2962 servus
479 2918 684 2959 Pontificis
696 2948 707 2967 ,
730 2928 856 2968 quam
870 2916 1110 2956 servitutem
1127 2919 1212 2955 tota

177 2985 265 3037 ipsa
277 2983 422 3034 religio
436 2979 653 3033 participat
665 2992 740 3031 per
759 2979 866 3018 hanc
880 2977 1209 3030 professionem,

178 3057 303 3097 quam
332 3043 509 3084 fideliter
539 3054 615 3095 per
642 3041 723 3080 hoc
751 3045 893 3080 votum
921 3050 1087 3078 servare
1116 3049 1211 3089 pro-

179 3107 313 3148 mittit.
340 3107 562 3151 Praeterea,
589 3103 693 3143 sicut
722 3101 766 3140 in
791 3100 966 3141 solemni
989 3103 1083 3139 voto
1113 3099 1212 3140 obe-

176 3169 341 3211 dientiae
359 3167 416 3207 ita
443 3165 634 3206 subditur
653 3164 843 3204 voluntas
865 3161 1047 3213 religiosi
1064 3162 1211 3200 volun-

177 3230 250 3272 tati
274 3228 450 3276 Praelati,
481 3231 527 3267 ut
546 3226 708 3267 desinat
728 3236 818 3265 esse
838 3223 902 3263 sui
923 3223 1026 3274 juris
1043 3252 1053 3270 ‚
1086 3225 1209 3274 atque

177 3292 230 3334 ob
249 3303 346 3332 eam
362 3302 452 3332 rem
478 3301 623 3329 omnes
643 3289 877 3328 contractus
894 3284 992 3324 facti
1011 3296 1035 3323 0
1053 3284 1126 3324 tali
1146 3295 1212 3323 re-

178 3350 320 3406 ligioso
339 3352 406 3392 vel
425 3350 532 3391 nulli
551 3350 648 3398 sint,
661 3349 729 3389 vel
747 3346 927 3388 rescindi
947 3358 971 3385 a
991 3344 1211 3398 Superiore

180 3414 368 3468 possint,
381 3413 455 3462 ita,
486 3423 584 3453 cum
608 3410 895 3462 proportione,
928 3407 979 3447 de
1010 3407 1089 3447 hoc
1115 3410 1211 3447 voto

180 3476 402 3519 dicendum
421 3478 510 3525 est,
542 3485 642 3515 11001
661 3473 705 3514 in
729 3471 872 3513 ordine
897 3469 952 3511 ad
976 3469 1211 3520 missiones,

181 3541 308 3592 abque
333 3537 440 3579 adeo
467 3537 511 3576 111
537 3535 682 3577 ordine
707 3533 762 3574 ad
780 3531 1080 3574 habitandum
1069 3543 1114 3571 m
1133 3532 1215 3572 hoc

181 3599 247 3641 vel
263 3599 335 3640 illo
353 3599 464 3646 loco,
478 3597 536 3638 ita
559 3599 624 3639 est.
638 3594 848 3647 professus
863 3592 1076 3635 societatis
1093 3592 1216 3634 alieni

181 3659 365 3709 10110,οῐ
377 3657 582 3712 quidquid
605 3656 771 3698 efficere
789 3655 857 3697 vel
878 3654 1126 3696 contrahere
1143 3664 1218 3695 ve·

549 270 626 307 un.
650 270 705 304 vt
727 270 782 305 DE.
801 270 1084 314 PROFESSIONE.
1108 273 1203 314 QUAE
1221 273 1266 309 m
1285 272 1511 311 socinum
1530 274 1610 318 Etr,-
1610 268 1689 311 m*
1700 263 1761 335 pp
1781 272 1960 321 110010.

1228 3065 1231 3068 ψ
1266 3035 1326 3076 010
1346 3036 1480 3087 magis
1501 3047 1696 3104 expressa
1716 3034 1805 3075 fieri
1827 3047 1951 3088 posse
1968 3036 2172 3076 videatur.
2195 3037 2270 3078 N:

1368 43 1378 58 .’
1406 52 1421 60 2<
1459 40 1468 50 “
1507 38 1511 44 '
1603 52 1610 55 -
1623 45 1627 61 ¹,
1657 39 1673 63 ζ’
1936 55 1938 58 ,

1404 70 1443 99 1²·-
1463 87 1466 90 Α
1490 76 1491 80 ,
1518 71 1539 96 n'.
1576 67 1622 85 ve,
1638 86 1656 104 Α
1691 76 1711 87 ;,
1745 70 1779 96 <ww
1799 63 1873 115 ’.μ’
1919 97 1921 99 ¹
1971 79 1993 95 Δ.
2014 95 2016 98 y

1429 104 1437 113 r
1598 107 1602 111 .
1627 108 1637 121 b
1659 103 1661 106 ⁴
1679 122 1687 132 v
1752 99 1773 129 ἢ.
1789 124 1806 132 ,Ι
1910 101 1914 109 ι
1964 112 1977 132 >¹
2044 103 2050 110 -.

1442 149 1446 153 ,
1626 143 1629 146 «
1659 151 1667 162 ⁴
1699 134 1711 147 .“
1725 152 1731 166 .'
1779 136 1841 164 ¹«.23
1872 155 1885 166 1-
1919 135 1924 159 :
1953 146 2009 198 μὶ*
2024 138 2067 175 ,ι’-δέ·
2108 165 2118 184 'P

1908 185 1943 195 *⁷*
1964 193 2038 233 ,““...ῙῘ
2051 207 2082 242 S
2102 190 2174 231 :1⁵²3st

2012 234 2049 281 §1¹⁸⁴
2058 231 2102 267 ι’·ἰ
2119 233 2194 325 ῗέζ

1277 339 1325 381 lit
1352 339 1410 381 illi
1437 339 1682 401 obligationi
1707 347 1972 395 repugnans,
2001 303 2187 388 vffiid

1278 413 1363 442 non
1377 402 1528 453 possit.
1553 402 1690 443 Habet
1719 411 1819 455 ergo
1836 402 1927 443 *hoc
1952 404 2134 445 votum·
2135 375 2220 438 tm

1279 463 1617 513 solemnitatem,
1645 474 1774 515 quam
1805 463 2001 516 generale
2034 453 2220 507 votum

1279 524 1457 575 dientiae,
1487 530 1649 566 servata
1677 526 1964 579 proportione,
1992 514 2249 586 0111100·ἶ

1277 586 1381 628 nihil
1399 587 1577 643 amplius
1593 587 1818 630 dicendum
1837 590 2043 642 superest.

1673 720 1838 768 CAPUT
1866 722 1917 764 V.

1276 842 1413 876 UTRUM
1444 841 1644 877 ruornsslo
1675 843 1945 876 GONVENIENTI
1980 844 2085 878 MODO
2111 845 2154 876 IN
2178 847 2215 881 s·
2230 839 2285 884 vs„

1667 904 1777 937 'run
1798 906 1912 940 FIAT.

1330 1018 1420 1059 Duo
1450 1018 1495 1058 in
1520 1015 1645 1059 modo
1665 1017 1881 1061 emittendi
1897 1018 2198 1073 professionem
2245 1006 2277 1057 ι’.
2308 1007 2310 1011 ’

1279 1079 1454 1122 siderari
1472 1083 1660 1131 possunt.
1684 1080 1824 1120 Unum
1841 1084 1916 1129 est,
1941 1081 1984 1121 id
2003 1081 2113 1133 quod
2130 1082 2296 1178 perti·¹
2275 1101 2285 1136 '·.
2304 1097 2307 1122 ;

1279 1142 1332 1183 0(1
1348 1142 1621 1182 substantiam
1641 1141 1757 1194 ejus;
1781 1141 1894 1183 aliud
1907 1141 1962 1182 ad
1980 1139 2271 1187 exteriorem.

1277 1202 1532 1244 lemnitatem
1552 1207 1594 1242 et
1611 1203 1902 1244 caeremoniam
1920 1206 2126 1255 spectans.
2148 1205 2258 1246 Utr
2343 1198 2345 1200 ’

1277 1277 1360 1335 que
1379 1269 1518 1317 potest
1535 1265 1578 1304 in
1603 1266 1797 1318 praesenti
1823 1265 2064 1306 brevissime
2085 1266 2305 1321 explicari
2337 1262 2346 1290 ³>

1277 1327 1374 1378 quia
1393 1326 1681 1367 substantialia
1697 1327 1821 1378 hujus
1836 1326 2134 1379 professionis
2117 1340 2206 1380 Jam
2221 1327 2345 1382 fere
2335 1317 2345 1319 *i

1276 1388 1486 1429 declarata
1510 1392 1636 1440 suut,
1663 1387 1936 1433 accidentalia
1961 1400 2061 1432 vero
2082 1394 2180 1432 sunt
2203 1387 2308 1445 paui
2326 1371 2347 1433 l

1275 1448 1456 1494 cissima.

1552 1531 1617 1575 De
1628 1531 1740 1577 modo
1754 1532 2025 1577 substantiali.

1329 1629 1370 1670 1.
1388 1626 1543 1670 Forma
1557 1628 1819 1683 professionis
1832 1629 2111 1672 substantialis
2128 1642 2178 1672 ec>
2189 1618 2340 1699 parsq?

1274 1689 1512 1742 profitentis
1536 1711 1589 1721 —
1606 1690 1670 1730 Ad
1684 1689 1956 1730 substantiam
1974 1702 2072 1743 ergo
2093 1692 2164 1743 huj
2173 1687 2338 1747 usmoq

1276 1751 1318 1791 di
1334 1750 1602 1803 professionis
1618 1763 1668 1791 ex
1684 1755 1802 1803 parte
1822 1752 2045 1792 emittentis
2064 1752 2192 1803 illam,
2212 1763 2335 1817 sup-f

1272 1814 1408 1867 posita
1426 1814 1611 1865 legitima
1629 1814 1883 1866 receptione,
1906 1816 1947 1854 et
1967 1815 2194 1856 sufficiente
2213 1827 2338 1868 pro-r.

1272 1875 1456 1920 batione,
1485 1875 1537 1914 de
1558 1875 1709 1926 quibus
1731 1887 1868 1928 supra,
1894 1876 1937 1915 in
1956 1876 2029 1916 lib.
2052 1878 2093 1925 2,
2113 1889 2204 1929 cap.
2225 1876 2308 1930 prii-

1273 1947 1359 1985 mo,
1381 1939 1422 1975 et
1439 1935 1521 1976 hoc
1537 1935 1644 1976 libro
1662 1940 1792 1984 sexto,
1814 1949 1905 1989 cap.
1929 1938 2128 1987 secunde,
2153 1939 2339 1985 dictum

1274 2000 1362 2044 est,
1396 1996 1611 2048 supposita
1630 1997 1756 2036 etiam
1773 1996 1915 2038 debita
1933 1998 2162 2040 intentione
2182 1998 2333 2053 111011οῥ

1270 2057 1406 2106 tendi,
1427 2057 1561 2097 solum
1575 2062 1671 2097 sunt
1688 2058 1815 2099 verba
1834 2057 1905 2099 1110
1922 2070 2015 2111 quae
2036 2061 2275 2101 habentur
2262 2067 2306 2107 111

1271 2119 1415 2171 quinta
1442 2123 1557 2171 parte
1572 2120 1948 2170 constitutionum,
1968 2133 2004 2162 0.
2029 2122 2067 2170 3,
2095 2122 2119 2174 ξ
2139 2124 2194 2163 3;
2214 2123 2309 2179 Eua

1271 2181 1331 2221 N.
1343 2181 1630 2234 professionem
1643 2182 1763 2249 facie,
1786 2185 1822 2222 et
1833 2194 1886 2235 pr
1888 2183 2027 2224 omitto
2047 2152 2338 2252 omnip-atem}

1272 2241 1376 2288 Deo,
1411 2253 1542 2282 coram
1565 2241 1652 2293 eJ'us
1679 2254 1720 2282 cz
1713 2242 1838 2294 ryine
1856 2243 2016 2291 Matre,
2046 2247 2084 2284 et
2117 2243 2292 2288 univers
2333 2244 2335 2250 ⁴

1273 2302 1422 2344 caelesti
1455 2303 1600 2350 curia,
1631 2314 1677 2344 ac
1709 2303 1887 2344 omnibus
1918 2304 2272 2348 circumstantibus
2285 2296 2333 2358 „⁵

1274 2364 1347 2402 tibi
1366 2363 1571 2404 reverendo
1594 2363 1720 2404 Patri
1742 2363 1927 2406 Generali
1948 2364 2167 2407 Societatis
2185 2367 2220 2408 J
2222 2377 2324 2424 esu„

1272 2425 1398 2466 locum
1417 2424 1491 2466 Dei
1510 2426 1687 2474 tenenti,
1711 2428 1747 2465 et
1762 2427 2052 2467 successoribus
2071 2429 2154 2468 tuis
2170 2438 2333 2500 perpa-

1270 2489 1381 2526 tuam
1399 2489 1702 2539 paupertatem,
1729 2488 1955 2528 castitatem
1971 2491 2009 2529 et
2027 2476 2330 2556 obedientiam,

1270 2551 1306 2587 et
1322 2548 1533 2588 secundum
1556 2559 1655 2596 eam,
1673 2548 1917 2600 peculiarem
1935 2560 2072 2589 curam
2090 2550 2199 2592 circa
2213 2561 2327 2603 ρας-

1270 2620 1408 2649 rorum
1439 2609 1724 2657 eruditionem,
1739 2609 1868 2661 juata
1892 2613 2062 2660 formam
2087 2611 2277 2653 vivendi
2322 2607 2332 2631 '¹

1269 2670 1419 2710 litteris
1437 2669 1681 2720 Apostolicis
1703 2669 1920 2711 Societatis
1941 2671 2040 2711 Jesu
2056 2699 2070 2719 ,
2093 2675 2131 2713 et
2148 2671 2192 2712 in
2216 2672 2255 2725 ej

1271 2730 1629 2773 Constitutionibus
1660 2734 1881 2772 contentam
1888 2747 1904 2779 ;
1929 2729 2095 2782 insuper
2111 2734 2244 2783 promi

2279 2886 2328 2934 ,ἐμὲ

1268 2790 1476 2843 specialem
1502 2790 1762 2832 obedientiam
1794 2790 1962 2833 Sammo
1986 2791 2194 2847 Pontifici,
2221 2805 2244 2834 0

1267 2853 1315 2894 In
1349 2851 1500 2904 quibus
1531 2851 1668 2891 verbis
1700 2852 1963 2892 considerare
1993 2852 2104 2901 licet,
2137 2853 2228 2894 dis*

1266 2913 1422 2954 tissime
1442 2912 1646 2952 contineri
1663 2913 1802 2952 omnia
1822 2925 1917 2964 quae
1935 2918 2031 2953 sunt
2046 2914 2098 2954 de
2115 2915 2243 2955 subs:

1265 2975 1322 3015 tia
1342 2976 1471 3014 status
1490 2973 1687 3026 religiosi,
1708 2974 1764 3013 ita
1782 2978 1827 3014 ut
1842 2975 1955 3015 nulla
1972 2976 2132 3016 ratione
2147 2946 2301 3069 prof-j}

1265 3097 1308 3139 in
1328 3110 1377 3136 ea
1394 3097 1596 3148 imprimis
1621 3108 1816 3149 expresse
1842 3097 1890 3136 fit
1913 3097 2080 3137 traditio
2107 3110 2184 3151 per
2212 3110 2255 3139 v·-

1265 3159 1365 3199 hum
1386 3158 1631 3211 profitendi;
1664 3159 1814 3199 deinde
1843 3159 2008 3212 singula
2034 3163 2130 3200 vota
2150 3159 2205 3207 si:
2216 3159 2260 3214 '¹4‘

1265 3221 1339 3262 tim
1378 3221 1678 3273 exprimuntur,
1709 3220 1987 3271 declarantur,
2022 3198 2251 3271 extendum
2289 3226 2295 3254 1-

1268 3287 1308 3325 et
1326 3283 1588 3330 limitantur;
1610 3294 1660 3322 ac
1691 3282 1872 3335 denique
1908 3283 2032 3324 etiam
2065 3281 2175 3322 insin
2214 3298 2219 3316 :
2242 3282 2258 3311 ί

1266 3347 1398 3385 totum
1413 3345 1490 3384 hoc
1506 3342 1626 3383 fieri
1614 3355 1658 3382 m
1675 3343 1897 3396 religione,
1910 3355 1985 3397 per
2001 3342 2156 3384 Sedem
2168 3331 2293 3406 Ap

1266 3405 1431 3448 tolicam
1446 3405 1690 3460 approbata,
1710 3405 1812 3447 dum
1827 3405 2059 3447 litterarum
2076 3403 2214 3458 ojus-¹

1265 3467 1324 3508 tio
1343 3467 1404 3509 fit.

1319 3529 1360 3570 2.
1379 3527 1477 3578 Qua»
1487 3528 1604 3571 cerba
1615 3527 1697 3570 sint
1711 3526 2010 3574 substantialia.
2019 3537 2108 3582 qm
2116 3525 2176 3569 mi
2215 3525 2234 3567 r*
2288 3557 2290 3561 .

1268 3610 1322 3623 -·
1337 3590 1611 3633 Nihilominus
1629 3594 1770 3645 tamen
1787 3588 2002 3632 advertere
2021 3598 2225 3643 11000000

1271 3664 1358 3694 non
1373 3652 1515 3693 omnia
1536 3655 1579 3692 et
1596 3647 1759 3704 singula
1775 3642 1847 3691 1110
1864 3649 1994 3692 verba
2018 3660 2112 3719 0000
2125 3649 2204 3692 de*
