2352 3880
191 36 291 90 2:51„
331 41 400 86 τε·
435 54 438 57 Δ
468 43 513 81 τε
645 66 648 70 .
696 60 715 66 »-

150 90 168 117 1δ
261 91 318 117 ’ρι’
613 106 616 110 ·
661 95 664 98 ¹

71 348 74 350 v
98 330 188 364 esse
200 319 255 361 ad
269 319 545 366 substantiam,
558 320 812 370 obedientiae,
830 320 1014 373 aliquam
1029 334 1127 364 vero

88 382 152 422 :ad
175 382 482 434 perfectionem.
517 383 619 423 Cum
639 382 750 422 enim
767 382 1000 424 obedientia
1017 384 1128 426 dicat

99 442 299 484 moralem
325 449 462 484 actum
488 449 528 484 et
553 444 783 485 humanum
798 474 809 491 ,
839 456 884 484 ac
903 445 954 485 de
981 458 1024 486 se
1042 449 1127 486 stu-

98 504 260 544 diosum
271 535 285 554 ,
314 509 517 558 repugnat
536 517 618 545 esse
635 505 722 545 sine
739 505 949 546 voluntate
964 537 975 555 ‚
1003 519 1027 547 a
1044 520 1126 559 qua

97 566 232 606 omnis
246 570 360 606 actus
373 567 551 606 hominis
562 567 747 618 proxime
761 566 896 614 habet,
914 569 1023 619 quod
1039 581 1125 607 mo-

95 604 195 668 talis
211 633 252 669 et
269 629 472 668 humanus
490 629 554 668 sit.
580 630 682 678 Imo,
703 641 798 668 cum
814 629 894 668 duo
910 631 1064 682 possint
1078 631 1123 670 in

96 676 190 730 'actu
208 691 447 731 ohedientiae
461 689 674 740 distingui,
695 690 860 738 scilicet,
880 695 921 730 et
939 692 1122 731 substan-

96 741 155 805 tia
167 752 294 806 ipsius
311 756 438 798 actus,
458 755 519 800 ut,
541 751 654 791 verbi
673 752 819 802 gratia,
840 754 949 803 quod
966 754 1018 793 sit
1032 766 1122 793 ora-

95 814 169 861 tio,
199 813 264 852 vel
281 814 503 864 jejunium,
531 817 572 852 et
589 814 689 852 ordo
707 813 758 852 ad
777 813 1029 854 voluntatem
1048 815 1122 855 Su-

94 869 278 928 perioris,
310 874 475 923 scilicet,
490 874 600 926 quod
618 880 844 926 praeceptus
864 876 930 924 sit,
958 877 1008 915 ad
1028 876 1121 915 sub-

93 937 283 976 'stantiam
309 935 548 975 obedientiae
577 949 660 975 non
693 937 789 975 satis
816 941 876 975 est
904 938 1010 988 quod
1030 937 1122 977 talis

92 1003 207 1038 actus
224 1010 249 1037 a
268 998 476 1037 voluntate
495 998 684 1050 procedat
698 998 832 1049 quoad
851 998 1121 1039 substantiam

90 1072 207 1100 suam
226 1073 236 1107 ;
263 1059 333 1100 sed
355 1062 479 1099 etiam
499 1066 700 1112 quatenus
719 1060 875 1098 substat
894 1061 1120 1111 Superioris

92 1122 308 1161 voluntati.
338 1122 379 1161 Si
400 1122 490 1174 quis
514 1122 624 1161 enim
652 1121 882 1175 voluntarie
904 1126 1020 1171 oret,
1048 1127 1121 1162 aut

89 1184 262 1235 jejunet,
274 1184 468 1235 ignorans
481 1213 494 1232 ,
520 1183 585 1222 vel
609 1183 778 1221 omnino
799 1194 883 1221 non
906 1183 1121 1223 attendens

90 1246 194 1286 illud
214 1258 296 1286 esse
313 1258 337 1285 a
355 1246 569 1296 Superiorc
597 1245 828 1295 injunctum
839 1275 852 1294 ,
883 1258 967 1285 non
987 1251 1122 1297 potest

91 1310 173 1349 dici
197 1310 358 1361 proprie
384 1309 572 1354 obedire,
602 1308 697 1347 licet
713 1308 979 1348 materialiter
997 1309 1121 1349 faciat

90 1371 199 1423 quod
215 1372 443 1421 injunctum
459 1374 531 1409 est.
552 1370 665 1409 Sicut
678 1370 748 1421 qui
760 1369 989 1409 voluntarie
1005 1371 1121 1410 audit

89 1433 251 1473 Missam
271 1443 320 1471 ex
335 1444 408 1471 sua
426 1432 641 1470 devotione
656 1461 668 1478 ,
691 1432 885 1482 ignorans
907 1443 990 1470 esse
1010 1432 1121 1471 diem

88 1494 253 1543 festum,
278 1495 440 1546 proprie
458 1505 542 1531 nou
561 1492 703 1544 implet
721 1497 968 1543 praeceptum
988 1493 1122 1533 Eccle-

88 1557 175 1603 siae,
207 1556 302 1595 licet
328 1555 430 1594 illud
457 1566 541 1594 non
569 1554 706 1593 violet.
741 1554 859 1593 Ratio
882 1559 1019 1594 autem
1043 1559 1119 1604 est,

89 1618 186 1670 quia
211 1629 296 1656 non
320 1628 370 1656 ex
392 1615 558 1668 propria
587 1615 815 1654 intentione
841 1619 882 1654 et
910 1616 1122 1656 voluntate

89 1682 205 1731 paret
219 1681 434 1730 praecepto,
455 1677 524 1716 sed
539 1689 634 1716 casu
652 1676 855 1727 contingit
873 1681 919 1716 ut
933 1677 1122 1717 voluntas

89 1741 179 1791 ejus
203 1752 299 1780 cum
330 1744 528 1792 praecepto
561 1742 778 1778 concurrat
793 1767 807 1786 ‚
840 1742 884 1777 et
907 1739 967 1779 ita
1000 1740 1123 1779 faciat

89 1802 199 1854 quod
229 1801 330 1841 alias
360 1804 606 1853 praeceptum
638 1805 751 1850 erat3
786 1813 885 1841 nam
917 1807 1120 1851 quantum

87 1867 177 1903 erat
198 1875 249 1903 ex
273 1863 536 1915 dispositione
555 1863 775 1913 operantis,
798 1875 882 1902 non
907 1864 1038 1915 magis
1060 1864 1122 1903 fe-

86 1924 255 1965 rebatur
289 1924 341 1963 ad
375 1923 698 1963 observationem
735 1924 927 1975 praecepti
945 1955 956 1972 ,
994 1936 1120 1976 quam

87 1986 140 2026 ad
171 1997 255 2025 non
284 1985 610 2024 observationem
632 1997 644 2031 ;
675 1997 837 2026 necesse
862 1989 923 2024 est
951 1997 1048 2036 ergo
1073 1991 1120 2026 ut

86 2047 274 2088 voluntas
310 2047 449 2098 aliquo
489 2047 610 2086 modo
653 2046 810 2086 seratur
851 2047 896 2086 in
937 2052 1077 2087 actum
1104 2078 1117 2097 ,

86 2114 289 2163 quatenus
321 2110 429 2148 cadit
457 2108 532 2148 sub
567 2108 821 2148 voluntatem
855 2108 1086 2160 Superioris
1101 2139 1117 2159 ,

87 2171 187 2212 alias
204 2171 286 2211 dici
302 2183 386 2210 non
402 2170 549 2222 poterit
567 2170 800 2210 obedientia
814 2182 950 2222 presse
965 2182 1012 2211 ac
1023 2182 1116 2225 pro-

87 2233 176 2287 prie
197 2232 320 2273 etiam
339 2233 471 2284 quoad
494 2232 793 2272 executionem.

143 2295 181 2334 3.
210 2294 382 2336 Notatio
400 2294 574 2345 duplicis
594 2298 708 2334 aetus
726 2295 947 2336 voluntatis
964 2307 1039 2347 pro
1061 2309 1122 2338 se·

90 2356 212 2397 cundo
225 2354 781 2407 pronuntiata—Secundum
790 2368 947 2407 pronun
953 2359 1124 2399 tiatum:

88 2418 205 2470 prior
220 2421 334 2458 aetus
345 2417 505 2466 suffieit
519 2428 566 2457 ne
580 2416 746 2457 violetur
762 2418 984 2460 obedientia
996 2436 1014 2467 ;
1031 2432 1121 2471 pos-

89 2479 216 2522 terior
231 2479 458 2531 requiritur
476 2479 530 2519 ad
546 2479 631 2526 ejus
649 2480 966 2526 speciem—Est
983 2486 1122 2521 autem

89 2540 261 2582 ulterius
274 2540 588 2585 observandum,
607 2538 765 2578 duobus
778 2540 911 2580 modis
925 2553 1040 2592 posse
1054 2555 1123 2582 vo-

87 2602 290 2644 luntatem
306 2602 405 2641 ferri
420 2602 464 2640 in
481 2605 633 2649 actum,
655 2605 846 2653 quatenus
860 2614 886 2641 a
904 2602 1122 2654 Superiore

87 2664 336 2716 injunctum.
374 2662 510 2701 Primo
522 2692 536 2711 ,
559 2666 606 2700 ut
624 2662 668 2700 in
686 2661 890 2712 objectum
910 2664 1122 2704 materiale

88 2729 250 2766 tantum
264 2754 278 2773 ‚
306 2725 363 2764 ita
381 2728 428 2762 ut
445 2723 547 2762 illud
567 2726 761 2775 quatenus
784 2724 916 2763 solum
935 2725 1122 2776 designet

89 2797 178 2827 rem
196 2786 240 2826 in
257 2796 382 2838 quam
399 2784 528 2824 fertur
544 2784 754 2832 voluntas,
781 2784 1007 2824 secundum
1029 2798 1120 2837 pro-

89 2848 222 2901 priam
249 2848 450 2887 rationem
486 2847 587 2897 ejus,
620 2858 710 2898 quae
741 2846 843 2885 solet
868 2847 1064 2898 appellari
1095 2861 1122 2888 a

89 2909 337 2963 philosophis
352 2908 456 2948 ratio
473 2907 660 2957 formalis
674 2916 775 2960 quoe‘.
797 2909 996 2957 Secundo,
1013 2909 1122 2950 utin

89 2971 299 3024 proprium
335 2970 532 3009 motivum
555 2999 568 3018 ,
603 2982 675 3009 seu
708 2970 915 3021 objectum
951 2971 1122 3011 formale

90 3036 256 3084 propter
274 3032 382 3084 quod
401 3032 589 3070 voluntas
610 3031 739 3070 fertur
757 3033 801 3071 in
821 3032 945 3071 talem
966 3036 1119 3080 actum,

91 3093 150 3132 ita
173 3097 220 3132 ut
237 3093 338 3132 illud
365 3097 555 3145 quatenus
574 3093 801 3145 reduplicet
817 3093 1021 3132 rationem
1040 3094 1124 3133 for-

93 3153 243 3193 malem
262 3153 338 3193 sub
352 3166 433 3206 qua
452 3154 602 3205 objecti
622 3156 713 3194 talis
732 3160 861 3195 actus.
894 3156 1007 3194 Alter
1026 3167 1124 3207 crgo

94 3227 146 3256 ex
164 3215 229 3254 his
246 3216 377 3255 modis
395 3218 643 3257 necessarius
661 3223 721 3258 est
738 3219 790 3258 ad
806 3219 1003 3258 moralem
1023 3219 1123 3259 obe-

93 3277 307 3324 dientiam,
333 3281 380 3316 ut
395 3279 539 3329 probat
559 3281 663 3319 ratio
679 3281 801 3333 paulo
821 3285 914 3320 ante
934 3281 1055 3329 facta,
1085 3286 1124 3321 et

95 3350 153 3380 ex
179 3338 259 3378 illis
282 3338 395 3390 prior
418 3340 567 3379 sufficit
593 3342 645 3380 ad
672 3343 1003 3382 satisfaciendum
1026 3355 1126 3394 prae·

100 3408 218 3452 cepto
233 3398 473 3439 obedientiae
488 3429 502 3448 ,
522 3400 580 3439 ita
597 3406 644 3440 ut
660 3407 800 3443 contra
815 3403 917 3443 illud
937 3415 1019 3442 non
1039 3415 1128 3455 pec-

95 3465 231 3502 'cetur.
278 3461 482 3500 Posterior
511 3465 648 3501 autem
684 3466 930 3504 necessarius
964 3464 1043 3503 erit
1076 3464 1129 3504 ad

32 3552 35 3555 »
105 3522 375 3562 exercendum
410 3522 623 3573 proprium
656 3526 698 3562 et
729 3525 961 3575 specificam
995 3528 1131 3564 actum

111 3583 270 3624 virtutis
286 3582 542 3622 obedientiae.
579 3583 638 3622 Ita
659 3586 900 3636 pronuntiat
916 3586 963 3625 D.
983 3586 1129 3625 Thom.

109 3643 153 3684 2.
184 3644 227 3694 2,
256 3647 400 3698 quaest.
432 3644 652 3688 centesima
680 3650 841 3697 quarta,
873 3645 1044 3687 articulo
1073 3658 1134 3688 sc-

324 3719 406 3752 xvi.

473 255 563 290 cAP.
585 255 671 292 xlv.
692 256 747 291 m:
769 255 951 292 CONSILIO
973 253 1229 294 OBEmENTiAE
1249 260 1388 301 Quom>
1407 260 1721 309 PERFECTIONES,
1745 257 1849 303 E‘rcs

2255 71 2267 104 ?

2292 143 2301 159 V

2199 176 2218 199 „q
2257 153 2317 217 Q

2139 267 2218 309 769

1181 325 1332 376 cundo,
1355 327 1408 367 ad
1428 329 1468 377 1,
1487 329 1546 368 ibi
1565 342 1574 369 :
1606 331 1661 373 Si
1682 333 1899 376 obedientia
1921 335 2086 389 proprio
2114 338 2221 379 acci-

1179 386 1338 438 piatur,
1354 391 1565 430 eeeundum
1580 394 1684 443 quod
1695 396 1863 446 respicit
1875 409 1947 449 per
1958 398 2216 439 intentionem

1179 449 1385 499 formalem
1403 452 1597 491 rationem
1611 458 1816 505 praecepti,
1834 459 1913 498 erit
1929 460 2117 512 specialis
2132 461 2218 501 vir-

1181 512 1267 559 tus,
1295 514 1333 550 et
1351 511 1613 553 inobedientia
1635 520 1836 564 peecatum
1858 522 2053 570 spectatu
2079 533 2216 562 seeun-

1179 571 1272 611 dum
1290 572 1360 612 koe
1377 574 1481 613 enim
1499 575 1553 614 ad
1568 574 1823 615 obedientiam
1840 581 2065 630 requiritur
2078 613 2090 630 ,
2110 583 2215 635 quod

1176 633 1342 684 impleat
1369 634 1518 687 aliquis
1554 641 1687 677 aetum
1710 638 1914 690 justitiae,
1954 643 2014 681 vel
2043 643 2219 685 alterius'

1175 695 1344 736 virtutis
1359 727 1369 744 ‚
1398 698 1610 739 intendens
1622 699 1785 750 implere
1802 705 2046 754 proeeeptum
2060 733 2072 752 ,
2105 709 2140 746 et
2158 701 2217 747 (ιῶ

1174 757 1477 799 inobedientiam
1491 761 1716 811 requiritur
1730 791 1743 809 ,
1769 763 1872 814 quod
1889 764 2103 805 actualiter
2123 778 2213 807 con-

1176 823 1327 860 temnat
1345 822 1514 873 speciale
1528 827 1781 874 praeceptum.
1814 824 1869 865 Si
1890 837 1979 866 vero
1999 808 2215 870 obediential

1175 881 1290 932 larqe
1317 883 1540 931 accipiatur
1558 897 1636 936 pro
1661 886 1884 926 executione
1904 887 2214 940 cujuscumque,

1175 943 1280 994 quod
1287 947 1416 995 potest
1429 946 1564 985 eadere
1579 946 1648 985 sub
1661 951 1915 998 praeceptum,
1937 952 1975 988 et
1993 949 2212 990 inobedien-

1174 1005 1239 1045 tia
1248 1015 1325 1056 pro
1342 1005 1552 1046 omissione
1572 1007 1743 1058 ejusdem
1759 1020 1807 1048 eo>
1822 1020 2065 1061 quacumque
2085 1011 2214 1051 inten-

1175 1066 1294 1114 tione,
1323 1067 1384 1107 eie
1412 1068 1627 1109 obedientia
1656 1070 1737 1109 erit
1767 1071 1966 1121 qeneralis
1998 1071 2145 1120 virtus,
2177 1077 2215 1113 et

1174 1126 1438 1168 inobedientia
1465 1130 1644 1181 qenerale
1674 1135 1889 1182 peccatum.
1921 1131 2040 1172 Ratio
2072 1138 2214 1173 autem

1175 1188 1324 1239 prioris
1343 1189 1469 1240 partis
1488 1194 1552 1229 est
1570 1221 1578 1236 ,
1612 1192 1710 1242 quia
1729 1204 1823 1231 cum
1842 1192 1910 1232 lex
1932 1193 1997 1232 vel
2019 1194 2215 1243 Superior

1176 1249 1334 1300 aliquid
1359 1251 1544 1303 praecipit
1558 1281 1572 1300 ,
1602 1264 1686 1291 non
1711 1252 1894 1303 injungit
1916 1258 1963 1293 ut
1981 1255 2024 1293 id
2042 1255 2114 1294 fiat
2132 1256 2215 1295 for-

1175 1311 1354 1360 maliter,
1390 1312 1489 1362 quia
1520 1318 1774 1365 praeceptum
1810 1320 1887 1364 est,
1911 1316 1972 1354 ita
2004 1320 2051 1354 ut
2079 1320 2222 1356 totum‘

1174 1371 1253 1411 hoc
1272 1373 1324 1411 sit
1342 1373 1514 1412 materia
1537 1375 1728 1426 praecepti
1746 1405 1760 1424 ,
1794 1376 1863 1415 sed
1881 1376 2014 1415 solum
2034 1377 2218 1429 injungit

1175 1434 1300 1474 talem
1319 1439 1481 1483 actum;
1502 1447 1601 1487 ergo
1618 1435 1669 1476 ad
1690 1441 1942 1489 praeceptum
1958 1439 2218 1490 implendum

1176 1496 1326 1536 sufficit
1346 1496 1576 1536 voluntarie
1604 1497 1709 1537 illud
1735 1499 1893 1549 facere,
1924 1502 2112 1552 quamvis
2131 1513 2218 1541 non

1176 1557 1250 1598 fiat
1267 1570 1318 1597 ex
1334 1558 1406 1597 illo
1425 1559 1594 1598 motivo.
1620 1559 1740 1599 Ratio
1759 1573 1855 1600 vero
1873 1563 2107 1614 posterioris
2125 1575 2217 1614 par·

1176 1620 1230 1659 tis
1254 1624 1328 1668 est,
1357 1620 1455 1671 quia
1473 1620 1518 1659 in
1537 1622 1652 1659 omni
1674 1622 1827 1661 virtute
1843 1652 1854 1668 ‚
1885 1624 1937 1662 ad
1967 1624 2218 1663 eliciendum

1176 1681 1391 1733 proprium
1408 1684 1449 1720 et
1466 1681 1678 1721 internum
1697 1688 1835 1722 actum
1855 1685 2091 1736 specificum
2111 1686 2217 1736 ejus,

1177 1742 1452 1782 necessarium
1481 1746 1542 1781 est
1575 1745 1737 1795 operari
1771 1756 1823 1784 ex
1861 1748 2027 1797 proprio
2062 1748 2219 1786 motivo

1175 1804 1264 1855 ejus
1277 1834 1288 1850 ‚
1314 1808 1355 1843 et
1372 1803 1424 1842 ob
1444 1804 1533 1854 ejus
1551 1804 1832 1854 honestatem,
1849 1806 1972 1856 juxta
1986 1808 2219 1847 doctrinam

1174 1865 1416 1913 Aristotelis,
1445 1867 1471 1905 2
1492 1865 1644 1914 Ethic.,
1671 1877 1759 1918 cap.
1781 1868 1824 1915 4,
1852 1867 1924 1906 ubi
1949 1868 2006 1907 ait
2025 1877 2126 1907 tunc
2145 1869 2221 1907 ali-

1174 1937 1299 1977 quem
1314 1926 1473 1977 operari
1485 1926 1610 1976 juste,
1626 1927 1792 1977 quando
1808 1932 2005 1979 operatur
2017 1931 2163 1976 scien-5,
2182 1933 2222 1970 et

1174 1987 1320 2041 eliqens
1346 1992 1512 2040 propter
1546 1987 1662 2041 ἐμω,-
1683 2001 1798 2039 ergo,
1831 1994 1879 2028 ut
1910 1991 2002 2042 quis
2027 1996 2222 2043 operetur

1174 2055 1312 2089 actum
1331 2050 1543 2102 proprium
1562 2055 1602 2089 et
1617 2050 1850 2101 specificum
1868 2051 2128 2102 obedientiae,
2149 2067 2221 2094 ne-

1174 2123 1282 2151 cesse
1303 2119 1361 2151 est
1380 2117 1427 2150 ut
1441 2112 1542 2151 velit
1560 2111 1613 2150 ob
1632 2112 1779 2163 ipsam,
1797 2112 1844 2152 id
1860 2118 1934 2161 est,
1957 2119 2123 2166 propter
2137 2115 2221 2155 for-

1175 2173 1285 2213 male
1304 2173 1506 2212 motivum
1526 2173 1769 2213 obedientiae
1788 2186 1799 2223 ;
1832 2175 1902 2213 sed
1922 2175 1998 2214 hoc
2015 2177 2220 2216 motivum

1176 2239 1238 2275 est
1265 2235 1398 2274 facere
1422 2234 1577 2287 aliquid
1610 2236 1708 2286 quia
1740 2241 1995 2287 praeceptum
2035 2242 2096 2278 est
2111 2250 2126 2289 3
2156 2251 2220 2279 er-

1175 2308 1244 2349 go,
1266 2301 1342 2336 etc.

1228 2359 1268 2398 4.
1304 2358 1477 2409 Obseetio
1516 2361 1657 2398 eontra
1690 2358 1870 2408 primam
1905 2363 2063 2408 partem
2096 2360 2220 2411 liujus

1177 2421 1339 2461 secundi
1357 2419 1628 2471 pronuntiati.
1642 2439 1696 2448 -—
1710 2419 1965 2470 Principalis
1986 2432 2219 2473 consequen-

1178 2484 1241 2523 tia
1259 2482 1486 2531 objectionis
1503 2481 1707 2521 suadetur.
1727 2502 1780 2509 —
1801 2479 1974 2531 Objeetio
1993 2486 2134 2524 eontra
2156 2497 2218 2525 se—

1178 2544 1346 2584 cundam
1363 2546 1532 2594 partem.
1560 2564 1611 2572 -u
1632 2541 1714 2580 Sed
1733 2541 1924 2592 objicitur
1942 2548 2084 2583 contra
2107 2546 2216 2596 prio-

1175 2615 1266 2643 rem
1293 2607 1451 2655 partem
1483 2603 1756 2653 pronunciati,
1786 2604 1899 2654 quia,
1930 2609 1976 2643 ut
1998 2606 2217 2656 religiosus

1176 2666 1405 2705 committat
1443 2664 1662 2715 specialem
1700 2664 1900 2703 malitiam
1940 2671 2084 2706 contra
2121 2668 2217 2707 obe-

1175 2726 1389 2774 dientiam,
1419 2737 1504 2764 non
1527 2730 1589 2764 est
1610 2737 1771 2764 necesse
1797 2734 1844 2764 ut
1867 2737 1918 2765 ex
1936 2728 2102 2778 speciali
2121 2720 2219 2768 0011-1

1174 2791 1333 2838 temptu
1360 2787 1552 2838 praecepti
1571 2791 1708 2825 actum
1732 2786 1910 2835 omittat,
1940 2788 2010 2826 sed
2036 2789 2132 2827 satis
2155 2791 2216 2829 est

1177 2850 1286 2899 quod
1306 2847 1532 2887 voluntarie
1555 2848 1717 2887 omittat
1737 2859 1788 2887 ex
1813 2860 2071 2900 quocumque
2091 2851 2219 2894 moti—i

1176 2922 1227 2949 vo
1244 2925 1255 2958 3
1287 2922 1400 2961 ergo,
1420 2922 1442 2948 e
1463 2911 1682 2959 contrario,
1712 2914 1758 2948 ut
1776 2910 1947 2960 impleat
1967 2911 2219 2950 obedientiae

1176 2976 1458 3023 praeceptum,
1490 2984 1654 3011 necesse
1688 2978 1748 3010 est
1778 2976 1823 3010 ut
1853 2972 2083 3011 formaliter
2116 2973 2216 3012 velit

1178 3033 1387 3084 Superiori
1414 3033 1579 3072 obedire
1603 3045 1653 3073 ex
1672 3033 1826 3072 motivo
1849 3033 2106 3072 obedientiae.
2131 3035 2215 3073 An-

1177 3095 1367 3135 tecedens
1383 3095 1612 3134 declaratur
1629 3107 1679 3135 ex
1696 3095 1924 3134 differentia
1937 3096 2044 3134 inter
2059 3096 2216 3146 obliga-

1177 3158 1334 3196 tionem
1364 3156 1480 3207 legis,
1513 3161 1553 3196 et
1585 3157 1750 3208 imperii
1785 3157 1943 3196 Praelati
1979 3157 2214 3207 religionis3

1179 3231 1278 3258 nam
1294 3219 1361 3258 lex
1378 3218 1549 3269 obligat,
1567 3219 1851 3257 constituendo
1867 3223 2003 3257 actum
2017 3219 2061 3256 in
2080 3218 2217 3267 aliqua

1180 3280 1314 3331 specie
1342 3280 1535 3327 virtutis,
1566 3280 1685 3330 juxta
1718 3280 1967 3330 exigentiam
2010 3279 2216 3322 materiae,

1181 3341 1296 3381 verbi
1315 3341 1461 3395 gratia,
1478 3341 1629 3391 jejunii
1651 3345 1724 3379 aut
1743 3341 2044 3388 misericordiae,
2067 3343 2106 3376 et
2124 3337 2216 3374 ideo

1181 3405 1457 3453 transgressor
1483 3403 1576 3441 talis
1602 3401 1702 3452 legis
1722 3414 1806 3441 non
1828 3401 2048 3440 committit
2066 3399 2217 3436 forma-

1182 3463 1265 3504 lem
1291 3464 1628 3511 inobedientiam,
1660 3463 1813 3502 secluso
1834 3461 1997 3501 formali
2028 3463 2218 3497 contem-

1184 3529 1259 3578 ptu
1273 3555 1286 3574 ,
1315 3526 1385 3564 sed
1414 3525 1802 3576 intemperantiam,
1838 3522 1903 3561 vel
1934 3519 2031 3570 quid
2066 3517 2216 3558 simile.

1184 3588 1437 3638 Praeceptum
1453 3591 1591 3625 autem
1608 3585 1766 3624 Praelati
1782 3580 1990 3631 religionis
2002 3590 2087 3618 non
2101 3579 2220 3631 ponit

1187 3651 1326 3689 actum
1339 3649 1385 3689 in
1399 3647 1595 3700 peculiari
1610 3645 1741 3697 specie
1756 3642 1918 3682 virtutis
1935 3640 2094 3692 (loquor
2109 3641 2220 3681 enim
