2352 3880
128 261 216 315 ,ΤΗ

128 329 383 374 ‘obedientiae
401 324 587 381 specialis
602 327 781 378 virtutis,
799 327 868 368 sed
895 333 1008 370 actus
1042 327 1172 372 chari-

135 393 234 435 tatis
250 402 349 444 0180
362 389 509 438 Deum,
529 386 633 429 sicut
646 398 760 430 nunc
776 384 882 430 vene
899 399 1023 443 opera
1041 386 1171 432 001131-

465 253 567 298 1111.
590 255 646 296 iv.
667 253 722 296 na
741 253 864 296 vous
884 230 1142 300 summoveo]
1154 230 1471 301 ensrfflfssffl
1483 251 1783 304 venenarius,
1805 250 1898 299 mc.

1224 331 1413 385 quamvis
1444 331 1662 387 Superior,
1697 325 1796 368 dum
1834 315 1992 379 aliquid
2016 322 2292 379 simpliciter?-

1222 389 1409 442 mandat,
1434 397 1481 434 ut
1508 390 1612 433 nolit
1637 398 1712 430 sua
1738 386 1903 442 propria
1921 391 2119 440 potestate
2133 387 2255 448 ¹iuris-3
2288 423 2290 425 ,
2335 404 2345 457 '3

134 453 301 504 liorum,
318 465 371 494 ex
387 451 466 492 hoc
480 448 646 505 praecise
661 451 781 492 titulo
799 449 908 505 quod
928 454 1007 493 Deo
1037 454 1170 506 magis
1222 449 1439 503 dictionis,
1473 449 1540 494 vel
1570 451 1695 493 etiam
1735 447 2015 500 domimum,
2051 450 2255 502 quatenus
2298 447 2300 449 ’
2340 478 2345 492 .

133 517 311 570 placent,
329 513 538 554 charitatis
555 525 657 566 opus
681 518 763 564 est,
785 524 870 554 non
905 511 1163 557 obedientiae.

134 575 268 629 Atque
279 575 358 616 hoc
374 575 497 616 modo
527 574 704 628 explicat
722 573 996 616 obedientiam
1018 575 1167 616 Christi

134 638 457 692 chrysostomus,
483 636 624 678 homil.
656 639 678 679 1
702 636 748 678 in
777 637 894 690 epist.
918 639 971 678 ad
995 636 1163 690 Philip„

132 700 233 740 dum
251 701 310 740 ait
329 712 338 740 ε
364 699 680 753 Quandoquidem
697 711 769 740 nos
784 700 906 740 etiam
924 700 1067 741 amieis
1082 700 1165 741 obe-

131 762 281 810 dimus,
300 774 420 814 neque
439 762 485 802 id
507 765 636 802 tamen
663 770 735 802 nos
755 763 925 801 minores
949 760 1059 809 facit.
1082 759 1166 801 Hu-

130 822 317 863 militatis
337 823 461 863 etiam
493 827 623 875 potest
645 834 730 862 esse
768 823 837 862 ille
868 826 997 871 actus,
1033 821 1067 862 si
1093 822 1166 863 fiat

128 885 283 925 intuitu
298 874 579 938 subjectionis;
603 896 714 931 nam,
733 888 778 923 ut
793 884 837 924 D.
856 882 1036 925 Thomas
1044 885 1162 935 dixit,

128 946 168 988 2.
192 949 233 997 2,
257 953 401 999 quaest.
426 947 646 986 centesima
666 946 917 997 sexagesima
936 947 1083 998 prima,
1099 958 1164 986 ar-

127 1008 199 1050 tic.
217 1011 258 1059 5,
279 1009 491 1048 humilitas
528 1008 627 1047 facit
645 1007 856 1047 hominem
888 1007 991 1048 bene
1010 1007 1165 1060 subJec-

126 1073 218 1111 tum
238 1070 504 1118 ordinationi,
525 1074 728 1121 quantum
748 1069 801 1108 ad
822 1070 975 1109 omnia.
992 1069 1042 1109 Et
1055 1069 1165 1109 hunc

127 1133 252 1173 etiam
265 1133 431 1172 modum
450 1131 596 1171 tribuit
614 1131 855 1172 obedientiae
873 1131 1023 1171 Christi
1041 1132 1166 1184 Chry-

127 1201 330 1235 sostomus
353 1208 492 1246 supra,
515 1194 655 1234 dicens
676 1206 687 1234 ε
708 1195 838 1237 Nemo
855 1194 983 1236 Deum
1005 1195 1067 1237 ita
1099 1194 1165 1235 1ιο-

125 1258 285 1297 noravit
298 1272 315 1303 ,·
328 1260 522 1308 quantum
542 1254 681 1297 habuit
697 1256 902 1306 celsitatis,
924 1256 1165 1298 tantumdem

117 1318 376 1368 ,humititatis
394 1317 533 1359 subiit.

183 1381 246 1419 16.
279 1381 424 1421 Modus
459 1391 565 1421 unus
598 1379 842 1432 adjetnyendi
874 1380 932 1421 ibz‘
969 1381 1165 1422 rationem

125 1439 352 1484 obedientiae
371 1442 626 1493 specialis.-
642 1442 836 1488 Quamvis
857 1446 994 1482 autem
1013 1443 1090 1482 hoc
1107 1443 1166 1482 ita

126 1504 196 1551 sit,
218 1503 489 1542 nihilominus
513 1503 664 1554 duplici
691 1503 812 1542 modo
836 1507 968 1556 potest
995 1503 1165 1554 adjungi

123 1564 184 1604 illi
201 1565 309 1603 actui
327 1564 516 1616 specifica
531 1569 571 1603 et
590 1565 771 1604 formalis
785 1566 890 1605 ratio
902 1566 1160 1606 obedientiae.

124 1626 280 1674 Primo,
301 1626 335 1665 si
353 1626 425 1665 fiat
453 1626 608 1665 intuitu
638 1627 850 1677 cujusdam
881 1627 1066 1679 perfectae
1085 1627 1165 1664 dis-

122 1688 338 1740 positionis
375 1691 416 1727 et
456 1688 764 1740 praeparationis
800 1688 852 1727 ad
890 1686 1165 1728 obediendum

124 1749 355 1802 praeceptis,
378 1750 543 1801 quando
571 1762 735 1789 necesse
766 1749 905 1799 fuerit,
927 1754 967 1789 et
993 1749 1164 1788 tollendi

124 1823 248 1850 omne
269 1811 497 1862 periculum
517 1811 746 1857 resistendi,
765 1811 830 1850 vel
858 1811 1163 1851 contradicendi

122 1874 288 1914 formali
319 1875 579 1924 obedientiae,
601 1875 636 1914 si
660 1880 898 1916 occurreret.
923 1877 1059 1927 Neque
1078 1875 1164 1915 haec

121 1937 297 1976 intentio
318 1942 378 1975 est
397 1937 529 1975 solum
549 1938 778 1987 excogitata
797 1942 868 1976 aut
884 1937 1163 1976 extraordina-

123 1998 203 2047 ria,
223 1998 292 2038 sed
315 1998 451 2050 potius
469 1998 631 2038 videtur
658 1999 887 2038 communis
910 2000 955 2038 in
974 2003 1081 2038 statu
1099 2011 1163 2037 re-

120 2059 284 2111 ligioso.
317 2061 412 2100 Ideo
444 2061 555 2099 enim
586 2059 739 2099 subditi
767 2065 911 2113 parent
936 2061 987 2100 ad
1015 2064 1164 2100 nutum

124 2122 354 2173 Superioris
368 2152 380 2171 ,
402 2134 486 2162 non
505 2123 758 2173 expectando
783 2123 995 2174 proprium
1016 2133 1163 2173 praece-

121 2188 258 2235 ptum,
280 2184 378 2235 quia
411 2183 469 2222 ibi
499 2184 723 2234 respiciunt
753 2184 973 2235 quamdam
996 2182 1163 2222 inchoa-

125 2246 298 2294 tionem,
324 2250 371 2284 ut
393 2245 450 2284 sic
478 2244 626 2294 dicam,
647 2245 713 2284 vel
745 2245 934 2284 umbram
956 2245 1162 2296 praecepti,

125 2311 167 2346 et
195 2307 286 2346 ideo
310 2308 362 2345 ob
383 2308 584 2358 majorem
609 2307 672 2346 sui
703 2308 787 2346 voti
820 2307 1161 2356 observationem,

125 2369 253 2408 etiam
281 2381 353 2420 per
383 2368 704 2420 praeventionem
726 2369 782 2407 ita
813 2369 1025 2407 obediunt.
1049 2367 1164 2416 Quod

125 2435 263 2469 autem
287 2430 364 2468 hoc
395 2430 567 2469 sufficiat
591 2434 639 2468 ut
665 2430 737 2468 illa
758 2429 944 2469 voluntas
972 2430 1165 2482 procedat

126 2490 266 2542 aliquo
297 2490 419 2529 modo
453 2503 502 2529 ex
537 2490 699 2541 speciali
733 2489 886 2529 virtute
909 2489 1162 2538 obedientiae,

124 2552 338 2603 probatur,
369 2552 465 2604 quia
504 2553 637 2590 omnis
668 2555 795 2599 actus,
824 2551 895 2602 qui
932 2551 979 2589 fit
1010 2550 1164 2589 intuitu

125 2612 350 2652 honestatis
372 2613 546 2664 alicujus
566 2614 746 2662 virtutis,
766 2613 943 2665 pertinet
960 2612 1011 2652 ad
1030 2611 1161 2661 illam,

124 2675 190 2713 vel
210 2675 400 2722 elicitive,
429 2675 463 2714 si
479 2675 583 2714 illud
602 2676 654 2714 sit
679 2676 882 2714 motivum
909 2675 1160 2727 proximum,

124 2735 190 2775 vel
209 2736 466 2787 imperative,
485 2737 520 2776 si
540 2737 592 2775 sit
610 2736 704 2775 finis
721 2741 902 2776 remotus
911 2747 925 2786 ;
941 2736 1008 2775 hic
1024 2741 1162 2775 autem

125 2803 260 2846 actua,
283 2810 331 2836 eo
357 2799 444 2848 ipso
463 2798 572 2848 quod
591 2797 638 2835 fit
656 2798 701 2836 in
719 2798 862 2836 ordine
887 2797 939 2836 ad
963 2797 1162 2848 majorem

125 2859 423 2909 perfectionem
440 2858 682 2897 obedientiae
698 2858 742 2896 in
762 2858 1043 2897 observatione
1059 2871 1163 2909 prae-

126 2926 355 2970 ceptorum,
391 2919 536 2958 saltem
572 2919 616 2957 in
647 2919 835 2970 proxima
868 2919 1163 2970 praeparatione

126 2985 199 3020 aut
217 2982 482 3032 dispositione
509 2981 557 3020 fit
572 2983 725 3020 intuitu
746 2981 969 3021 honestatis
987 2983 1161 3034 propriae

125 3043 314 3094 specialis
349 3043 620 3082 obedientiae:
661 3054 772 3093 ergo.
798 3043 912 3082 Sicut
943 3045 1014 3095 qui
1040 3044 1163 3083 vellet

127 3102 329 3153 laborare,
346 3109 387 3144 et
406 3104 631 3144 laborando
650 3104 805 3156 aliquid
822 3104 986 3154 lucrari,
1001 3108 1048 3144 ut
1061 3111 1163 3145 esset

128 3169 246 3218 aptus
285 3166 338 3205 ad
368 3165 598 3206 faciendam
635 3166 958 3218 eleemosynam,
990 3167 1163 3206 interius

128 3232 338 3268 exerceret
356 3239 502 3267 verum
529 3232 570 3267 et
598 3227 812 3267 formalem
844 3232 982 3267 actum
1005 3229 1163 3268 miseri-

127 3287 297 3338 cordiae,
321 3293 362 3328 et
388 3289 458 3329 ille
488 3288 619 3338 labor,
642 3289 677 3328 si
707 3301 732 3328 a
751 3288 824 3328 tali
849 3289 1058 3329 voluntate
1078 3290 1161 3330 im-

130 3350 308 3390 mediate
324 3350 612 3403 imperaretur,
634 3362 729 3390 vere
746 3350 827 3388 dici
854 3355 986 3403 posset
1006 3351 1162 3392 miseri-

131 3411 279 3451 cord-a·
302 3415 438 3462 actus3
455 3412 514 3451 ita
530 3423 628 3462 ergo
644 3411 724 3451 dici
743 3414 875 3463 potest
891 3412 937 3451 in
955 3413 1160 3466 praesenti,

131 3474 394 3524 proportione
413 3477 585 3514 servata.

191 3538 257 3577 17.
290 3535 436 3578 Modus
465 3533 738 3576 altem—Hic
765 3539 894 3574 tamen
923 3531 1059 3574 modus
1087 3546 1167 3573 non
1222 3537 1264 3575 et
1280 3535 1373 3576 ideo
1391 3535 1535 3588 plures
1552 3541 1680 3588 actus,
1700 3537 1932 3591 praesertim
1959 3537 2160 3590 internos,
2180 3553 2257 3594 po·
2303 3542 2305 3546 ⁴

138 3596 193 3639 ad
211 3603 355 3648 votum,
386 3597 452 3638 sed
482 3596 535 3638 ad
570 3596 755 3637 naturale
785 3602 1027 3650 praeceptum
1060 3608 1168 3650 spec-

139 3663 214 3701 tat.
238 3679 294 3691 --
313 3659 470 3702 Deinde
524 3659 650 3700 etiam
703 3657 952 3698 considerari
1003 3660 1139 3709 potest
1153 3687 1165 3703 ,

1221 518 1317 555 voto
1343 511 1583 555 confirmata
1611 517 1687 561 est,
1721 508 1784 551 uti
1815 511 1904 562 (sic
1919 509 2031 551 enim
2055 511 2254 552 hactenus
2339 554 2343 564 ,

1218 573 1344 616 locuti
1385 578 1579 628 sumus),
1617 572 1890 615 nihilominus
1933 581 2019 613 non
2062 581 2176 625 posse
2211 581 2255 614 se
2299 613 2302 618 ,

1219 648 1368 677 exuere
1387 637 1625 677 auctoritate
1644 635 1890 688 Superioris,
1912 634 1952 675 et
1970 631 2132 686 capitis;
2150 632 2256 675 sicut
2296 625 2347 674 κ’

1218 699 1338 749 Deus,
1375 696 1539 750 quaudo
1571 697 1660 738 vult
1691 696 1846 748 aliquid
1877 708 1904 736 a
1932 705 1999 736 me
2030 694 2136 743 fieri,
2168 704 2255 736 non
2301 693 2323 710 ”

1219 761 1372 800 utendo
1386 762 1584 812 potestate
1599 756 1878 812 praecipiendi,
1893 770 1978 799 non
1992 760 2124 810 potest
2137 766 2255 798 suam

1220 823 1464 875 dignitatem
1499 826 1541 863 et
1574 822 1827 874 majestatem
1863 830 1916 862 ao
1939 821 2012 861 ula
2040 821 2253 861 voluntate

1219 897 1421 936 separare,
1438 895 1531 936 quae
1548 882 1675 924 veluti
1692 895 1742 923 ex
1760 886 1908 922 natura
1923 882 1982 922 rei
2002 881 2156 933 obligat
2180 880 2255 921 ho·
2324 889 2336 937 f,

1219 947 1376 987 minem
1405 944 1486 986 alio
1516 943 1663 995 titulo,
1683 949 1732 984 ut
1749 943 1846 984 velit
1865 954 1980 984 suam
1999 944 2253 983 voluntatem

1220 1009 1370 1049 divinae
1391 1006 1468 1048 sibi
1489 1005 1705 1048 efficaciter
1733 1005 1948 1058 propositae
1978 1004 2250 1045 conformare.
2321 1003 2343 1054 ἐξ·

1219 1069 1280 1111 Ita
1309 1083 1406 1122 ergo
1438 1070 1627 1110 voluntas
1654 1066 1897 1120 Superioris,
1917 1065 1989 1119 qui
2018 1066 2150 1106 vicem
2180 1066 2254 1107 Dei
2322 1090 2352 1116 „J

1220 1131 1343 1184 gerit,
1364 1136 1405 1172 et
1431 1136 1555 1184 caput
1575 1135 1635 1171 est
1662 1131 1787 1181 hujus
1804 1129 1996 1180 corporis,
2019 1127 2172 1168 scilicet
2189 1138 2255 1168 re-

1219 1192 1385 1245 ligionis
1397 1225 1409 1244 ,
1429 1193 1655 1235 necessario
1673 1192 1797 1233 habet
1826 1190 2060 1244 adjunctam
2078 1187 2257 1243 peculia·
2327 1182 2352 1242 g

1219 1269 1309 1297 rem
1328 1256 1549 1308 quamdam
1578 1255 1824 1306 dignitatem
1844 1257 1885 1293 et
1904 1252 2183 1293 excellentiam
2204 1264 2257 1294 ex
2322 1270 2323 1274 ¹

1220 1317 1527 1358 circumstantia
1542 1317 1635 1357 talis
1652 1328 1848 1369 personae,
1866 1316 2027 1356 ratione
2052 1314 2167 1366 cnjus
2181 1313 2256 1355 ha-

1220 1379 1290 1420 bet
1318 1381 1441 1421 etiam
1469 1379 1685 1434 specialem
1713 1379 1798 1419 vim
1819 1378 2010 1418 movendi
2029 1378 2253 1427 moraliter,
2327 1398 2342 1435 a

1220 1443 1436 1494 majorem,
1468 1448 1509 1482 et
1539 1441 1706 1482 alterius
1738 1440 1922 1490 rationis,
1955 1452 2077 1491 quam
2106 1439 2255 1479 haheat

1219 1505 1409 1545 voluntas
1430 1505 1596 1544 alterius
1616 1503 1739 1544 amici
1755 1518 1765 1552 3
1784 1502 1893 1555 quod
1909 1502 2021 1543 cerni
2040 1503 2163 1542 etiam
2182 1513 2256 1554 po-
2330 1535 2341 1546 τ,

1219 1571 1296 1607 test
1326 1567 1370 1607 in
1400 1566 1612 1607 voluntate
1640 1566 1821 1619 parentis
1848 1576 1946 1616 erga
1971 1564 2120 1613 filium,
2141 1567 2183 1604 et
2209 1563 2256 1604 in
2332 1575 2352 1613 ’,γ

1219 1629 1432 1669 voluntate
1452 1628 1609 1668 domini
1628 1640 1726 1679 erga
1745 1638 1923 1675 servum,
1941 1627 2066 1666 etiam
2083 1626 2171 1666 sine
2192 1626 2255 1666 in·
2328 1617 2341 1667 ἶ

1218 1691 1402 1730 tentione
1428 1691 1608 1741 rigorose
1627 1687 1905 1742 praecipiendi,
1923 1691 1964 1726 et
1981 1685 2193 1738 obligandi
2209 1686 2254 1728 in
2331 1678 2341 1694 ‘

1219 1752 1480 1791 conscientia.
1501 1753 1560 1791 Ex
1576 1752 1654 1791 hoc
1673 1755 1811 1790 autem
1830 1749 1993 1789 videtur
2007 1747 2178 1788 ulterius
2196 1760 2255 1789 se-

1218 1814 1291 1866 qui
1321 1813 1365 1853 in
1394 1813 1585 1864 religioso
1615 1811 1812 1864 obligatio
1835 1811 2027 1863 quaedam
2057 1811 2256 1852 naturalis

1218 1875 1501 1915 conformandi
1520 1874 1774 1914 voluntatem
1793 1885 1911 1912 suam
1931 1885 2025 1912 cum
2043 1871 2256 1913 voluntate

1217 1937 1281 1976 sui
1310 1936 1453 1988 capitis
1474 1939 1515 1976 et
1540 1936 1786 1988 Superioris,
1806 1934 1903 1986 quia
1920 1934 2119 1973 naturalis
2148 1934 2254 1974 ratio
2330 1958 2334 1964 ›

1218 1998 1396 2050 postulat
1414 2001 1462 2037 ut
1480 1997 1587 2037 inter
1607 1998 1680 2037 has
1705 1997 1936 2036 voluntates
1964 1996 2018 2035 sit
2035 1995 2255 2035 conformi-

1217 2064 1280 2100 tas
1301 2064 1342 2100 et
1370 2059 1664 2100 subordinatio.
1697 2059 1943 2111 Exemplum
1972 2057 2254 2099 accommoda·

1217 2125 1307 2161 tum
1337 2122 1469 2161 videri
1501 2125 1634 2173 potest
1661 2121 1706 2161 in
1728 2121 1883 2172 regulis
1901 2120 2125 2172 religionis,
2146 2131 2250 2172 quae,

1216 2183 1311 2224 licet
1331 2196 1381 2224 ex
1410 2184 1640 2223 intentione
1669 2181 1914 2235 legislatoris
1937 2193 2021 2222 non
2047 2185 2255 2235 ponantur
2332 2215 2343 2234 9

1217 2249 1263 2285 ut
1283 2248 1485 2297 praccepta
1501 2244 1727 2296 obligantia
1743 2244 1866 2283 etiam
1887 2244 1938 2283 ad
1954 2243 2128 2289 veniale,
2145 2243 2255 2282 nihi·
2329 2235 2349 2284 -l

1217 2306 1412 2355 lominus,
1433 2318 1480 2346 eo
1498 2306 1585 2359 ipso
1605 2306 1714 2358 quod
1731 2306 1776 2345 in
1804 2305 1881 2345 hoc
1898 2317 2065 2357 corpore
2091 2303 2254 2357 politico

1218 2374 1427 2423 ponuntur
1456 2372 1503 2408 ut
1531 2365 1674 2420 regula
1702 2367 2002 2421 operationum,
2027 2377 2078 2407 ex
2104 2371 2257 2407 natura

1218 2432 1278 2472 rei
1297 2431 1482 2483 obligant
1509 2430 1646 2483 aliquo
1673 2430 1809 2479 modo,
1827 2430 1974 2469 saltem
1996 2428 2071 2469 sub
2086 2428 2250 2477 veniali,

1218 2493 1271 2534 ad
1303 2493 1367 2533 sui
1400 2492 1742 2540 observationem,
1777 2491 1873 2543 quia
1904 2491 2039 2544 turpis
2066 2494 2127 2534 eet
2152 2502 2254 2543 pare

1217 2567 1306 2610 quoe
1324 2554 1411 2596 sine
1430 2566 1552 2596 eausa
1583 2550 1785 2595 discordat
1802 2566 1828 2595 a
1860 2557 1955 2595 toto.
1977 2551 2132 2594 Similis
2153 2563 2254 2605 ergo
2330 2548 2339 2614 J.

1219 2616 1415 2668 obligatio
1441 2614 1621 2655 nascitur
1644 2627 1696 2655 ex
1713 2627 1969 2667 quacumque
1987 2614 2162 2665 simplici
2188 2626 2254 2655 01·-

1215 2677 1424 2717 dinatione
1439 2676 1680 2728 Superioris.
1699 2677 1831 2727 Atque
1850 2676 1940 2715 haec
1954 2674 2150 2727 obligatio
2168 2675 2252 2716 suf-

1215 2737 1301 2778 ficit
1315 2748 1362 2777 ut
1375 2737 1434 2777 ibi
1453 2737 1689 2776 inveniatur
1705 2736 1913 2787 objectum
1930 2737 2141 2789 proprium
2157 2736 2250 2778 obe·

1216 2799 1380 2839 dientiae
1395 2828 1410 2849 ‚
1440 2802 1486 2837 ut
1505 2802 1565 2837 est
1584 2798 1768 2850 specialis
1787 2798 1939 2846 virtus;
1966 2798 2166 2851 quiajam
2193 2798 2251 2838 ibi

1215 2859 1282 2899 vel
1299 2860 1434 2908 tacite,
1455 2858 1522 2898 vel
1541 2871 1742 2911 expresse,
1772 2859 1839 2898 vel
1860 2859 2027 2909 directe,
2054 2861 2119 2900 vel
2145 2859 2253 2899 indi-

1215 2925 1324 2960 recte
1354 2920 1576 2960 intervenit
1602 2919 1741 2973 aliqua
1772 2921 1877 2960 ratio
1909 2922 2119 2974 praecepti.
2147 2921 2266 2969 Quia,
2324 2915 2346 2975 J

1215 2994 1313 3022 vero
1324 2982 1426 3021 illud
1439 2986 1687 3035 praeceptum
1701 2983 1832 3033 magis
1850 2987 1909 3023 est
1924 2983 2111 3023 naturale
2125 2995 2252 3036 quam
2316 2990 2320 3022 ζ

1215 3043 1419 3092 hominis,
1448 3044 1610 3084 etiamsi
1632 3049 1833 3097 supponat
1856 3045 2037 3098 aliquam
2065 3046 2252 3086 volunta·
2314 3053 2323 3093 ζ

1216 3109 1303 3145 tem
1319 3105 1515 3156 hominis,
1531 3106 1638 3155 ideo,
1656 3105 1751 3146 lieet
1766 3106 1834 3146 ille
1850 3111 1963 3147 actus
1978 3120 2049 3148 seu
2063 3107 2252 3149 voluntas
2299 3153 2303 3158 ,

1214 3166 1388 3219 parendi
1405 3166 1533 3219 possit
1547 3179 1632 3207 esse
1648 3180 1699 3207 ex
1715 3169 1879 3220 propria
1894 3171 2044 3210 virtute
2059 3171 2252 3211 obedien·

1215 3228 1296 3276 tiae,
1329 3240 1413 3268 non
1445 3234 1585 3268 tamen
1617 3241 1668 3269 ex
1699 3234 1794 3269 voto
1826 3230 2093 3280 obedientiae;
2127 3233 2252 3274 latius

1215 3289 1327 3328 enim
1359 3293 1472 3342 patet
1503 3291 1675 3331 materia
1702 3293 1867 3332 virtutis
1896 3305 2020 3345 quam
2039 3293 2146 3346 νοτίς
2167 3307 2248 3335 non

1215 3350 1328 3390 enim
1343 3356 1462 3391 vovet
1475 3349 1600 3391 homo
1621 3364 1782 3393 servare
1801 3355 1941 3394 omnia
1960 3360 2164 3408 praecepta
2180 3367 2255 3396 na·

1214 3411 1365 3451 turalia
1391 3412 1457 3452 vel
1482 3412 1670 3464 positiva,
1693 3413 1834 3454 divina
1852 3414 1918 3455 vel
1949 3415 2151 3462 humana,
2181 3416 2253 3456 sed
2307 3437 2310 3443 ·

1216 3473 1350 3512 solum
1377 3473 1542 3514 obedire
1562 3476 1775 3529 proeceptis
1794 3475 1941 3516 talium
1969 3477 2249 3528 Praelatorum,

1223 3599 1305 3637 test
1322 3595 1468 3638 elicere
1485 3599 1656 3653 propria
1677 3599 1810 3640 virtus
1842 3599 2104 3652 obedientiae,
2126 3613 2254 3656 quam
2276 3640 2279 3642 .
2304 3605 2306 3611 ’

1223 3657 1306 3698 sint
1322 3670 1398 3712 per
1414 3662 1560 3701 votum
1576 3659 1785 3713 promissi.
1799 3659 1941 3714 ntper
1955 3659 2059 3708 haec,
2079 3666 2128 3704 ut
2143 3662 2254 3706 exis-
2288 3702 2290 3707 .
