2352 3880
177 257 257 298 676

175 324 384 375 gnificatio
400 322 510 363 illius
527 324 640 364 vocis
656 323 792 364 aliena
817 329 881 366 est
910 327 964 365 ab
999 327 1089 377 ejus
1109 337 1200 379 pro-

174 386 365 438 prietate,
386 389 425 424 et
445 386 655 424 communi
675 398 769 435 uSU,
805 390 846 427 et
875 387 929 426 ab
955 400 1034 426 usu
1059 388 1206 427 multo-

174 460 267 488 rum
289 447 534 494 Doctorum
554 459 667 495 nam,
685 448 804 498 juxta
823 449 994 487 latinam
1022 449 1207 500 proprie-

173 511 317 556 tatem,
335 508 518 558 profiteri
538 509 789 560 generaliter
808 509 1028 560 significat,
1051 510 1117 550 vel
1136 522 1207 561 pa-

172 568 256 607 lam
272 580 320 607 ac
339 569 503 619 publice
516 570 770 619 promittere,
787 570 852 609 vel
870 582 1023 609 munus
1039 570 1208 621 aliquod

171 629 384 682 publicum
404 643 498 670 cum
519 631 658 682 aliqua
691 631 950 671 solemnitate
979 632 1203 682 suscipere,

171 691 381 742 quomodo
406 691 556 731 dicitur
575 692 668 743 quis
689 692 874 743 profiteri
908 692 1112 739 militiam,
1133 696 1206 732 aut

170 752 457 804 magisterium
481 753 718 801 Theologiae
750 753 1020 801 scholasticae,
1052 753 1117 793 vel
1139 765 1207 793 sa-

169 825 334 853 orarum
345 814 589 862 litterarum,
604 818 673 853 aut
684 814 1036 865 jurisprudentiae,
1046 821 1123 854 etc.
1139 814 1205 855 Sic

170 875 295 914 etiam
312 877 360 914 D.
379 875 559 914 Thomas
585 877 625 914 2.
655 875 700 924 2,
723 886 765 925 q.
786 876 1012 915 centesima
1032 880 1203 926 octoge-

170 937 274 976 sima
294 939 456 987 quarta,
481 935 653 975 articulo
674 936 833 986 quinto,
850 937 922 985 ait,
954 937 1204 988 Episcopum

168 1010 263 1038 cum
284 999 457 1037 assumit
497 998 807 1048 Episcopatum,
840 998 1069 1038 solemnem
1108 1011 1203 1050 pro-

164 1059 390 1098 fessionem
423 1059 577 1105 facere,
600 1058 671 1098 ubi
703 1063 864 1098 constat
898 1071 983 1099 non
1015 1060 1127 1110 loqui
1149 1060 1202 1100 de

168 1121 342 1160 solemni
361 1119 635 1171 professione,
664 1123 786 1171 prout
823 1132 847 1159 a
881 1120 1084 1171 religiosis
1118 1121 1163 1160 fit
1186 1133 1197 1168 ;

168 1183 226 1221 sic
247 1183 369 1221 etiam
391 1180 621 1221 Concilium
635 1181 881 1220 Toletanum
899 1182 949 1229 ΙΙ,
971 1193 1062 1232 cap.
1086 1184 1124 1226 1,
1147 1181 1201 1222 de

166 1243 423 1283 subdiacono
463 1242 566 1282 dixit
588 1272 599 1290 ‚
642 1242 802 1281 admitti
836 1254 961 1293 posse
997 1243 1200 1293 vigesimo

164 1317 275 1344 anno
296 1304 442 1351 aetatis,
476 1303 618 1342 habita
651 1304 895 1355 probatione
923 1314 1008 1342 suae
1040 1303 1200 1354 profes·

164 1366 305 1406 sionis.
332 1367 534 1405 Praeterea
557 1365 837 1412 Innocentius,
858 1365 901 1403 in
929 1375 1020 1413 cap.
1051 1364 1200 1405 Porre-

164 1432 284 1476 ctum,
311 1428 362 1466 de
383 1427 596 1478 Regular.‚
612 1426 912 1477 professionem
930 1426 1110 1464 validam
1129 1438 1200 1465 vo-

162 1490 271 1529 cavit
286 1489 414 1536 illam,
437 1499 529 1538 quae
545 1487 591 1526 fit
608 1492 721 1526 extra
734 1488 975 1533 claustrum,
999 1488 1094 1526 etin
1114 1499 1200 1526 ma·

162 1550 286 1590 nibus
306 1550 480 1600 alictiJus
497 1549 565 1599 qui
587 1560 672 1587 non
703 1549 828 1588 habet
864 1552 1107 1599 potestatem
1139 1548 1199 1587 in-

162 1610 409 1662 corporandi
431 1609 635 1659 religioni,
668 1611 854 1661 quamvis
881 1609 1013 1648 solum
1048 1609 1199 1648 habeat

160 1672 243 1710 vim
271 1672 351 1710 voti
378 1670 571 1720 simplicis
592 1683 602 1716 ;
625 1674 663 1708 et
688 1671 743 1709 ibi
774 1671 1031 1717 Antoninus,
1059 1683 1083 1710 a
1114 1682 1197 1722 quo

159 1746 242 1772 non
265 1734 440 1771 multum
462 1733 650 1771 dissentit
670 1733 821 1778 Abbas,
839 1744 1013 1771 numero
1040 1733 1198 1771 duode-

159 1797 282 1843 cimo,
304 1796 359 1833 ita
386 1795 509 1832 etiam
528 1795 709 1844 loquitur
729 1795 781 1833 de
802 1795 1057 1845 professione
1087 1794 1195 1833 sacta

158 1857 201 1895 in
219 1869 346 1894 manu
360 1856 564 1905 Episcopi,
588 1867 681 1893 cum
702 1860 842 1893 tamen
858 1855 1064 1894 fateantur
1083 1855 1194 1893 illam

158 1930 240 1956 non
264 1917 513 1956 constituere
534 1927 675 1953 verum
695 1916 951 1965 religiosum,
969 1915 1042 1953 sed
1060 1915 1194 1952 solum

159 1991 249 2018 esse
268 1983 408 2016 votum
428 1976 637 2028 quoddam
656 1976 844 2026 simplex,
864 1981 1015 2014 etcum
1045 1976 1194 2013 solem·

158 2041 285 2079 nitate
307 2038 488 2090 quadam
508 2037 753 2076 accidentali
776 2037 987 2076 emissum.
1011 2037 1060 2075 Et
1075 2036 1192 2074 Palu-

157 2102 307 2147 danus‚
328 2101 371 2139 in
388 2102 429 2147 4,
445 2099 485 2138 d.
507 2100 594 2145 38„
615 2111 657 2150 q.
679 2101 721 2145 3,
742 2099 783 2137 in
798 2099 897 2147 fine,
918 2110 1003 2137 non
1031 2098 1191 2136 dubitat

157 2162 458 2215 professionem
489 2161 653 2200 tacitam
702 2171 850 2198 vocare
890 2160 1188 2209 professionem,

157 2224 345 2277 quamvis
365 2222 525 2261 dubitet
544 2234 597 2261 an
614 2221 706 2260 talis
739 2221 940 2273 professio
961 2220 1110 2260 reddat
1128 2221 1192 2259 in-

157 2287 337 2325 habilem
354 2284 407 2323 ad
432 2284 757 2323 matrimonium.
774 2283 876 2323 Cum
896 2295 994 2334 ergo
1013 2283 1102 2322 haec
1130 2282 1190 2320 in-

157 2347 389 2399 corporatio
427 2346 674 2385 scholarium
698 2345 739 2383 in
775 2345 992 2393 Societate,
1028 2344 1191 2396 publica

157 2411 211 2450 sit
230 2421 315 2448 non
335 2408 469 2447 solum
490 2406 723 2458 promissio,
755 2406 827 2445 sed
854 2406 978 2445 etiam
1007 2406 1188 2455 traditio,

159 2477 284 2522 atque
303 2470 528 2520 assumptio
549 2467 733 2518 religiosi
753 2472 897 2516 status,
919 2472 960 2507 et
974 2468 1062 2519 jam
1081 2479 1191 2507 nunc

157 2533 303 2574 reddat
319 2542 539 2584 personam
557 2529 783 2568 inhabilem
792 2529 845 2568 ad
863 2530 1189 2578 matrimonium,

157 2595 303 2634 merito
317 2598 454 2644 posset
465 2591 664 2643 appellari
675 2592 886 2640 professio.
898 2590 974 2630 Ubi
993 2590 1046 2630 de
1064 2603 1190 2630 sensu

158 2660 382 2703 constaret,
399 2654 526 2706 quod,
546 2653 749 2692 scilicetin
763 2652 842 2691 hac
862 2653 1046 2703 generali
1065 2653 1191 2704 signi‘

158 2719 362 2765 ficatione,
387 2722 427 2756 et
442 2727 527 2756 non
545 2715 589 2754 in
607 2714 687 2753 alia
701 2714 888 2765 rigorosa
905 2717 947 2753 et
966 2714 1082 2765 quasi
1097 2726 1192 2766 spe-

159 2780 275 2819 cifica
295 2779 485 2818 sumitur.

214 2842 253 2879 3.
283 2840 350 2879 An
372 2841 416 2878 in
441 2840 539 2890 jure
570 2835 727 2877 nomino
759 2836 1032 2886 professorum
1057 2835 1190 2876 venire

160 2902 278 2943 etiam
297 2901 453 2940 debeant
485 2898 684 2939 scholares
712 2896 949 2943 societatis,
963 2899 1079 2948 atque
1097 2896 1190 2936 adeo

160 2964 315 3003 nomine
328 2960 577 3010 recularium
597 2964 632 2999 et
645 2958 996 3011 reliqiosorum.—
1007 2958 1071 2995 An
1090 2967 1189 2996 vero

161 3024 270 3076 jura,
292 3033 382 3073 quae
413 3021 639 3071 loquuntur
663 3019 716 3058 de
746 3018 999 3070 professione
1028 3017 1192 3067 religio-

161 3084 241 3132 nis,
264 3082 618 3133 comprehendant
636 3081 744 3119 hanc
760 3079 1052 3118 admissionem
1074 3078 1194 3117 scho-

159 3135 312 3186 larium
329 3143 557 3188 Societatis‚
573 3154 650 3181 nec
664 3152 811 3192 parum
829 3140 969 3187 refert,
980 3151 1057 3178 nec
1073 3138 1192 3179 facile

163 3205 329 3246 definiri
362 3207 509 3255 potest.
534 3202 714 3242 Primum
735 3205 908 3248 constat,
932 3202 1027 3252 quia
1054 3213 1103 3240 ex
1122 3201 1194 3239 illo

164 3266 352 3321 pendent
367 3264 613 3315 quaestiones
627 3264 780 3314 plures,
797 3267 842 3302 ut
862 3275 916 3302 an
932 3262 1085 3310 omnia,
1102 3273 1193 3313 quae

165 3329 261 3383 jura
280 3327 498 3378 requirunt
518 3325 571 3363 ad
591 3324 908 3374 professionem,
927 3323 1195 3373 requirantur

167 3389 221 3432 ad
237 3389 344 3428 banc
368 3386 681 3432 admissionem,
700 3389 744 3423 ut
775 3384 869 3424 talis
896 3388 1012 3430 aetas,
1033 3386 1194 3423 tantum

173 3449 436 3505 probat⁷0nis
450 3452 628 3498 tempus,
645 3450 725 3484 etc.
742 3445 842 3484 Item
875 3456 927 3483 an
958 3449 1091 3484 metus
1105 3443 1197 3484 red·

167 3510 244 3551 dat
264 3510 422 3550 nullum
444 3509 553 3548 hunc
570 3509 814 3558 ingressum,
834 3507 938 3545 sicut
955 3507 1088 3545 reddit
1107 3506 1198 3544 nul-

171 3570 261 3613 lum
278 3572 392 3612 illum
411 3570 664 3622 ingressum,
683 3572 725 3608 et
743 3567 802 3607 sic
819 3567 872 3607 de
894 3567 998 3608 aliis.
1011 3568 1199 3618 Denique

174 3631 274 3672 inde
291 3634 417 3673 etiam
439 3631 626 3686 pendere
652 3628 828 3677 videtur,
845 3639 901 3668 an
927 3628 972 3668 hi
991 3628 1202 3669 scholares

572 259 648 293 LlB.
671 259 728 294 111.
751 258 806 293 m:
825 259 1067 296 AnmlssloNss
1087 261 1347 297 Selinuntium
1368 263 1424 295 An
1444 262 1556 298 von
1577 259 1794 300 sturmen,
1814 260 1905 294 ETC.

1257 325 1300 364 in
1310 327 1404 378 jure
1416 323 1794 379 comprehendendi
1805 323 1887 363 sint
1900 321 1977 363 sub
1986 322 2155 363 nomine
2163 333 2288 374 regn-

1258 387 1407 426 larium
1423 400 1496 427 seu
1511 388 1824 439 religiosorum;
1849 395 1948 423 nam
1967 383 2056 424 haec
2078 384 2176 431 duo,
2196 396 2289 436 pro-

1259 448 1409 497 fessus,
1439 452 1479 489 et
1503 449 1706 501 regularis
1734 458 1808 486 seu
1836 444 2079 497 religiosus,
2096 445 2290 485 videntur

1263 522 1354 550 esse
1379 510 1423 549 in
1453 510 1548 562 jure
1576 509 1766 562 aequalia,
1789 520 1865 547 seu
1883 506 1937 547 ad
1964 506 2290 546 convertentiam

1261 571 1355 612 dici.
1379 571 1617 611 Secundum
1648 570 1899 617 declaratur,
1932 568 2031 619 quia
2067 578 2191 606 omne
2220 567 2290 618 jus

1259 633 1469 684 antiquius
1485 633 1782 685 approbatione
1798 629 2029 676 Societatis‚
2049 639 2123 679 per
2137 628 2290 680 profes÷

1260 694 1419 734 sionem
1440 694 1527 734 sine
1549 694 1674 734 dubio
1694 693 1826 732 solum
1844 690 2035 741 intelligit
2058 689 2173 728 illam
2196 699 2290 740 quae

1259 759 1358 796 tunc
1377 759 1464 795 erat
1489 755 1531 794 in
1550 767 1627 794 usu
1638 769 1650 803 ;
1670 755 1764 805 jura
1783 756 1923 792 autem
1954 749 2183 803 posteriora
2206 761 2289 789 non

1258 819 1472 855 mutarunt
1490 815 1835 865 significationem
1846 812 1975 861 vocis,
1991 812 2064 852 sed
2077 812 2119 850 in
2137 811 2289 851 eodem

1258 890 1385 918 sensu
1404 879 1542 917 locuta
1561 881 1678 923 sunt;
1702 887 1800 927 ergo
1835 875 1991 915 nullam
2020 872 2291 924 comprehen-

1256 940 1361 979 dunt
1395 939 1473 979 sub
1505 938 1573 977 illa
1610 947 1725 983 voce,
1744 936 1823 975 nisi
1840 935 2139 987 professionem
2157 933 2287 982 illam,

1257 1014 1348 1053 quae
1365 1014 1440 1052 per
1455 1000 1657 1040 solemnia
1672 1002 1765 1037 vota
1784 997 1846 1037 fit.
1870 998 1917 1036 In
1939 996 2192 1037 contrarium
2211 998 2290 1045 fau·

1254 1067 1339 1103 tem
1360 1066 1437 1108 est,
1458 1062 1554 1112 quia
1574 1060 1705 1099 multa
1726 1058 1878 1098 suntin
1895 1057 1990 1108 jure
2011 1057 2207 1097 attributa
2224 1068 2289 1096 re-

1255 1123 1409 1175 ligiosae
1426 1121 1690 1174 professioni,
1720 1129 1812 1171 quae
1833 1119 1877 1157 in
1898 1119 2007 1157 hanc
2025 1118 2148 1157 etiam
2170 1117 2289 1156 scho-

1254 1186 1404 1224 larium
1422 1183 1717 1223 admissionem
1738 1181 2005 1225 couveniunt,
2018 1183 2060 1217 et
2079 1177 2160 1216 alia
2178 1187 2289 1216 com-

1253 1247 1370 1286 muni
1389 1258 1491 1285 voce
1524 1257 1607 1283 non
1632 1242 1929 1294 significantur.
1964 1241 2066 1279 Item
2093 1238 2191 1290 quia
2213 1250 2289 1277 no-

1254 1318 1353 1347 men
1371 1306 1552 1357 religiosi
1566 1315 1788 1344 commune
1808 1306 1869 1342 est
1881 1301 1946 1340 his
1957 1299 2168 1352 personis;
2187 1309 2288 1349 ergo

1254 1371 1296 1407 et
1311 1379 1463 1406 nomen
1483 1365 1766 1417 professionis,
1786 1365 1904 1416 juxta
1926 1373 2048 1402 usum
2072 1360 2192 1412 juris,
2218 1359 2288 1401 de-

1252 1428 1324 1469 bet
1343 1441 1433 1468 esse
1452 1439 1688 1467 commune.

1306 1492 1346 1530 4.
1377 1490 1686 1539 Affirmandccm
1723 1488 1770 1527 in
1802 1485 2176 1536 favorabilibus.—
2199 1483 2287 1522 Dis·

1253 1552 1449 1592 tinctione
1471 1551 1671 1591 utendum
1693 1560 1844 1588 censeo
1864 1559 1874 1586 ε
1894 1551 1965 1586 aut
1986 1547 2093 1586 enim
2111 1546 2207 1597 jura
2225 1545 2287 1583 lo-

1254 1618 1438 1664 quuntur
1461 1613 1513 1652 de
1542 1611 1683 1663 gratiis
1705 1615 1746 1649 et
1765 1609 1975 1648 favoribus
1993 1606 2200 1647 concessis
2221 1616 2286 1645 re-

1252 1675 1408 1721 ligiosis
1427 1673 1638 1725 professis,
1673 1677 1745 1710 aut
1781 1671 1835 1710 de
1863 1671 1988 1710 rebus
2019 1668 2187 1716 odiosis,
2210 1678 2285 1706 seu

1252 1747 1345 1787 quae
1388 1736 1568 1786 rigorem
1606 1733 1833 1773 continent.
1874 1731 1915 1771 Si
1953 1742 2090 1771 sermo
2137 1730 2189 1768 sit
2230 1729 2284 1768 de

1250 1797 1470 1847 prioribus,
1488 1794 1750 1835 extendenda
1778 1804 1929 1832 censeo
1950 1792 2002 1832 ad
2040 1795 2135 1830 vota
2168 1790 2284 1829 scho-

1248 1857 1398 1896 larium
1433 1857 1661 1900 Societatis,
1696 1857 1821 1904 atque
1860 1854 1965 1892 adeo
1997 1853 2074 1891 snb
2112 1852 2283 1890 nomine

1246 1918 1511 1969 professionis
1541 1914 1837 1966 comprehendi
1874 1914 1997 1952 etiam
2027 1914 2135 1951 hanc
2159 1913 2282 1951 scho-

1247 1979 1398 2017 la1ium
1420 1978 1811 2028 incorporatlonem.
1850 1975 1936 2014 Hoc
1960 1973 2165 2025 imprimis
2196 1972 2281 2011 col-

1246 2039 1329 2091 ligo
1361 2051 1412 2078 ex
1439 2038 1622 2090 generali
1641 2037 1786 2088 regula
1802 2036 2046 2081 Innocentii‚
2071 2032 2281 2072 Panormi-

1245 2101 1347 2145 tam,
1374 2105 1415 2139 et
1449 2099 1637 2146 aliorum,
1669 2099 1712 2137 in
1747 2097 1914 2137 Rubrio.
1946 2096 1998 2135 de
2022 2095 2186 2144 Regul.‚
2208 2093 2280 2145 qui

1245 2162 1387 2200 dicunt
1424 2161 1500 2199 sub
1534 2161 1701 2199 nomine
1735 2159 1917 2208 reliyiosi
1948 2157 2087 2208 quoad
2118 2156 2281 2195 favora-

1245 2223 1343 2263 bilia
1378 2222 1517 2274 plures
1546 2221 1857 2272 comprehendi,
1890 2220 1959 2271 qui
1994 2218 2117 2258 variis
2143 2217 2279 2257 modis

1246 2284 1385 2324 divino
1400 2283 1524 2324 cultui
1541 2284 1710 2322 omniuo
1719 2282 1844 2322 dicati
1858 2284 1968 2328 sunt,
1986 2280 2176 2332 quamvis
2193 2289 2279 2317 non

1247 2346 1328 2385 sint
1374 2345 1615 2385 solemniter
1648 2344 1843 2395 professi;
1888 2354 1987 2394 ergo
2023 2341 2153 2380 multo
2188 2352 2279 2379 ma-

1246 2408 1309 2459 gis
1336 2411 1431 2446 sunt
1459 2405 1721 2446 extendenda
1753 2404 1901 2444 similia
1923 2404 2021 2455 ¹iura
2040 2403 2093 2442 ad
2117 2403 2192 2441 hos
2215 2412 2278 2441 re·

1243 2469 1413 2519 ligiosos
1439 2467 1679 2515 Societatis,
1710 2467 1781 2517 qui
1814 2477 1898 2505 non
1924 2470 2149 2515 utcumque
2179 2466 2276 2502 sunt

1244 2529 1384 2571 divino
1408 2528 1572 2569 servitio
1594 2527 1833 2578 mancipati,
1855 2526 1929 2566 sed
1962 2531 2160 2576 tanquam
2188 2522 2277 2564 veri

1245 2596 1285 2631 et
1303 2590 1459 2643 proprii
1487 2589 1692 2641 religiosi;
1715 2600 1816 2639 ergo
1845 2587 1992 2627 eadem
2022 2587 2195 2632 ratione,
2217 2586 2278 2624 fa-

1244 2665 1365 2693 vores
1386 2656 1426 2691 et
1453 2652 1611 2702 gratiae,
1630 2661 1724 2701 quae
1743 2649 2028 2689 conceduntur
2051 2647 2146 2697 jure
2166 2657 2276 2686 com-

1244 2714 1375 2760 muni,
1410 2712 1478 2752 vel
1505 2711 1758 2762 rayniaribus
1788 2709 1866 2749 sub
1894 2709 1974 2748 hoc
2010 2708 2192 2755 nomine,
2207 2707 2276 2747 vel

1243 2774 1464 2825 reliyiosi&
1483 2772 1549 2811 vel
1570 2771 1694 2810 etiam
1711 2769 1901 2822 professis
1921 2770 1998 2809 suh
2018 2770 2080 2808 his
2098 2766 2275 2807 nomini-

1243 2836 1338 2881 bus,
1361 2832 1528 2874 extendi
1544 2832 1698 2871 debent
1720 2831 1772 2870 ad
1804 2831 2019 2883 praedictos
2039 2830 2270 2877 scholares;

1243 2906 1343 2947 ergo
1369 2893 1516 2934 eadem
1553 2892 1819 2944 proportione
1850 2892 2105 2942 loquendum
2138 2894 2199 2930 est
2221 2890 2275 2930 de

1243 2956 1516 3009 professione,
1530 2959 1568 2994 et
1583 2954 1634 2993 de
1651 2955 1980 3005 incorporatione
1996 2954 2141 2992 horum
2158 2952 2275 2991 scho-

1244 3019 1408 3065 larium,
1433 3016 1569 3068 quoad
1594 3015 1758 3054 favores
1778 3019 1818 3054 et
1835 3015 2001 3066 gratias.
2026 3014 2215 3054 Secundo
2234 3016 2275 3052 et

1245 3078 1527 3132 principaliter
1544 3077 1587 3116 id
1599 3076 1746 3128 colligo
1772 3088 1822 3115 ex
1840 3077 1950 3115 Motu
1971 3074 2136 3126 proprio
2154 3074 2210 3113 Pii
2223 3074 2271 3123 V,

1246 3141 1315 3195 qui
1344 3139 1500 3190 incipit,
1522 3139 1629 3178 Dum
1649 3140 1869 3189 indefessae,
1886 3138 1955 3176 ubi
1974 3149 2068 3177 cum
2088 3136 2272 3183 dixisset,

1247 3213 1393 3242 omnes
1415 3205 1457 3239 et
1475 3199 1661 3250 singulas
1689 3210 1889 3250 personas
1917 3198 2146 3245 Societatis,
2167 3197 2275 3236 intra

1246 3262 1462 3314 religiosos
1481 3260 1765 3299 mendicantes
1785 3271 1882 3299 vere
1914 3263 1955 3299 et
1981 3271 2065 3298 non
2085 3259 2179 3298 ficte
2199 3269 2275 3297 nu-

1246 3322 1398 3364 merari
1430 3321 1599 3370 debere,
1621 3321 1758 3360 subdit
1777 3330 1788 3359 ε
1809 3320 1846 3361 Α
1865 3331 1938 3374 qao
1955 3332 2084 3360 omnes
2119 3323 2158 3360 et
2191 3320 2274 3360 sin-

1246 3384 1364 3440 yulas
1385 3387 1470 3424 tam
1493 3383 1610 3433 juris
1637 3394 1755 3434 quam
1780 3382 1980 3422 hominum
1998 3380 2276 3432 dispositiones

1248 3446 1295 3485 in
1319 3447 1497 3494 favorem
1519 3442 1812 3494 reliyiosorum‚
1832 3454 1899 3484 seu
1916 3444 2096 3493 fratrum
2125 3439 2276 3481 mendi-

1251 3507 1439 3551 cantium,
1464 3516 1568 3545 nanc
1586 3509 1623 3544 et
1642 3516 1715 3555 pro
1733 3509 1901 3556 tempore
1917 3505 2134 3548 emanatas,
2154 3503 2275 3542 etiam

1252 3567 1299 3607 in
1316 3566 1529 3613 Societate,
1545 3565 1732 3617 illiusque
1745 3564 1938 3610 domibus,
1951 3561 2142 3612 collcyiisu
2162 3561 2277 3602 Pm-

1249 3628 1396 3679 posito‚
1415 3631 1454 3668 ot
1477 3626 1572 3668 aliis
1593 3627 1794 3680 religiosis
1821 3625 1947 3666 locum
1969 3623 2124 3664 habere.
2144 3622 2277 3669 Quam
