2352 3880
12 0 45 25 ν
69 0 76 19 ³
274 0 284 27 ε

7 44 10 45 c
30 26 73 43 Μ’
157 39 166 47 »
270 26 274 33 ’

30 48 38 57 ,

195 240 278 283 82⁶
551 238 628 274 Lm.
651 237 704 272 Vs.
731 237 784 272 DE
803 207 1089 280 mmm
1109 238 1205 281 ΦΕ
1223 238 1269 274 ΙΝ
1286 237 1517 274 somam
1530 236 1610 278 m,
1631 236 1688 272 E!
1705 235 1766 272 m
1779 235 1847 280 m,
1860 236 1957 275 rm·

198 309 400 353 existimo,
418 308 460 346 et
475 317 547 355 per
559 316 603 343 se
624 303 913 349 sufficientem,
932 305 1091 344 etiamsi
1111 306 1225 346 nulla

198 370 279 411 alia
311 365 602 412 interveniret,
640 363 831 416 quamvis
864 366 993 405 altera
1025 366 1131 407 ratio
1172 366 1226 407 de

197 429 500 482 experimento,
542 431 583 467 et
609 428 852 479 probatione
877 430 1104 469 omittenda
1141 442 1225 470 non

196 493 260 532 sit.
288 491 528 530 Declaratur
548 489 635 529 haec
659 490 779 537 ratio,
801 492 1090 542 supponendo,
1111 493 1224 544 quod

195 565 306 604 saepe
334 551 530 599 diximus,
555 552 783 602 praesertim
802 552 906 591 libro
933 553 1087 603 primo,
1129 566 1220 606 cap.

194 620 331 661 sexto,
359 613 606 652 Societatem
645 625 737 652 esse
770 613 1015 664 religionem
1041 616 1223 666 perfecte

193 676 373 721 mistam,
395 685 486 725 quae
507 673 563 713 ita
590 673 765 713 intendit
785 676 936 714 actioni
962 677 1069 715 circa
1090 678 1223 728 proxi·

194 749 299 784 mos,
323 740 365 774 ut
384 735 508 774 etiam
534 735 816 786 principaliter
838 742 953 776 vacet
974 739 1225 789 contempla-

192 797 308 846 tioni,
331 801 531 847 quantum
551 808 722 835 necesse
749 802 825 845 est,
855 802 899 836 ut
926 798 1029 837 nihil
1049 799 1100 838 de
1129 811 1224 851 pro-

191 859 281 910 pria
306 859 558 910 perfectione
582 858 829 905 remittatur,
857 862 896 897 et
915 859 1142 900 ministeria
1163 874 1222 901 er-

192 933 245 975 ga
283 920 493 972 proximos
522 931 617 958 cum
650 919 797 970 majori
834 919 969 959 fructu
1007 921 1135 972 fiant3
1169 924 1222 963 ob

190 993 318 1033 quam
346 981 564 1027 rationem,
591 980 779 1030 quamvis
801 981 1006 1021 ordinarie
1031 983 1119 1023 haec
1139 985 1221 1024 vita

191 1043 402 1084 societatis
432 1042 551 1079 mista
574 1041 638 1088 sit,
661 1041 928 1082 nihilominus
960 1044 1096 1096 aliqua
1115 1050 1221 1085 tem-

187 1114 291 1157 pora
310 1102 542 1154 specialiter
553 1101 749 1152 deputata
767 1107 862 1142 sunt
877 1105 929 1143 ad
949 1108 1222 1147 exercendam

188 1177 337 1217 puram
358 1164 482 1202 vitam
501 1164 861 1215 contemplativam
876 1178 886 1212 3
902 1166 979 1206 hoc
1001 1166 1111 1206 enim
1126 1181 1224 1208 con-

189 1225 544 1265 venientissimum
567 1237 657 1264 esse
679 1226 721 1263 in
738 1226 975 1277 hujusmodi
994 1229 1114 1268 mista
1131 1230 1223 1268 reli-

187 1288 311 1338 gione
343 1287 390 1326 D.
412 1287 593 1325 Thomas
614 1291 756 1338 aperte
788 1287 927 1327 docuit
945 1291 984 1329 2.
1009 1290 1049 1336 2,
1073 1296 1218 1340 quaest.

187 1350 281 1397 188,
311 1349 482 1388 articulo
505 1353 673 1396 octavo,
702 1361 796 1388 cum
828 1350 928 1389 dixit
959 1351 1221 1392 solitudinem

186 1422 272 1450 nou
295 1422 524 1460 congruere
551 1410 841 1461 religionibus,
867 1424 959 1462 quae
984 1418 1080 1452 sunt
1112 1415 1223 1453 ordi-

186 1476 294 1510 natae
316 1472 369 1510 ad
404 1484 529 1522 opera
551 1472 644 1511 vitae
670 1473 827 1521 activae,
861 1474 938 1513 nisi
966 1474 1020 1514 ad
1041 1479 1218 1526 tempus,

186 1533 377 1584 exemplo
402 1533 562 1581 Christi,
588 1533 680 1584 qui,
702 1538 747 1573 ut
766 1534 916 1574 dicitur
938 1536 1034 1575 Luc.
1066 1538 1105 1583 5,
1126 1538 1222 1577 exiit

184 1595 230 1635 in
250 1599 415 1634 montem
445 1595 552 1634 solus
582 1607 710 1641 orare,
741 1599 777 1636 et
810 1600 897 1637 erat
919 1603 1155 1648 pernoctans
1179 1601 1221 1638 in

186 1658 362 1697 oratisne
385 1656 478 1696 Dei.
510 1656 621 1696 Inter
650 1657 730 1695 alia
758 1670 877 1705 vero,
902 1659 983 1698 duo
1015 1662 1221 1712 praecipue

183 1721 371 1768 tempora
390 1718 444 1756 ad
472 1718 551 1757 hoc
575 1731 707 1770 genus
726 1719 818 1758 vitae
846 1723 1125 1761 exercendum
1153 1723 1222 1761 de-

185 1781 404 1818 terminata
426 1784 522 1818 sunt
541 1781 585 1817 in
612 1781 840 1819 Societate:
862 1794 993 1821 unum
1022 1789 1083 1823 est
1106 1784 1222 1823 bien-

186 1842 301 1879 nium
322 1841 568 1887 novitiatus,
595 1840 645 1879 de
676 1853 757 1890 quo
787 1842 829 1879 in
859 1845 1154 1894 superioribus,
1178 1846 1222 1884 li-

186 1902 261 1942 bro
289 1901 486 1949 secundo,
513 1913 603 1951 cap.
626 1903 667 1947 4,
689 1901 881 1942 diximus.
916 1906 1037 1943 Aliud
1073 1911 1133 1945 est
1157 1907 1220 1945 hic

186 1964 330 2003 tertius
351 1975 485 2002 annus
505 1963 776 2013 probationis,
798 1965 869 2015 qui
897 1970 935 2004 et
962 1970 1223 2017 opportunis-

187 2025 290 2064 simo
319 2027 505 2075 tempore
536 2023 760 2063 collocatus
793 2031 869 2074 est,
903 2030 943 2065 et
964 2040 1040 2066 nec
1064 2028 1219 2073 debuit,

187 2098 264 2125 nec
285 2086 416 2136 potuit
438 2085 615 2136 amplius
637 2086 851 2134 coarctari,
875 2093 919 2126 ut
943 2090 1129 2138 effectus,
1152 2090 1222 2141 qui

185 2147 229 2186 in
242 2147 311 2185 illo
330 2146 601 2193 desideratur,
616 2147 821 2185 ordinarie
832 2148 962 2197 possit
973 2152 1217 2200 comparari.

189 2209 369 2247 Primum
390 2208 501 2245 enirn
527 2212 691 2257 tempus
723 2209 943 2247 novitiatus
964 2211 1098 2260 majus
1130 2223 1220 2250 esse

188 2273 369 2321 oportet,
393 2270 489 2318 quia
518 2269 560 2306 in
584 2268 652 2306 illo
677 2269 844 2321 spiritus
872 2270 1142 2311 fundamenta
1161 2273 1222 2323 ja-

187 2332 366 2378 ciuntur,
389 2334 429 2368 et
447 2330 647 2380 incipiunt
665 2331 705 2368 in
729 2331 854 2369 rebus
875 2331 1023 2371 divinis
1043 2346 1086 2372 se
1109 2346 1222 2373 exer-

187 2403 297 2439 cere,
318 2391 386 2442 qui
402 2391 561 2429 nullum
580 2403 702 2430 usum
723 2396 762 2431 et
777 2392 863 2430 fere
885 2393 1040 2431 nullam
1059 2394 1220 2434 illarum

187 2453 374 2492 notitiam
410 2452 523 2503 prius
558 2459 919 2504 comparaverant;
952 2460 1093 2506 postea
1124 2468 1221 2495 vero

186 2518 488 2565 promoventur
507 2513 582 2552 viri
599 2515 688 2564 jam
715 2515 919 2562 instructi,
952 2519 991 2554 et
1011 2518 1221 2557 exercitati

186 2576 229 2615 in
243 2576 369 2615 rebus
387 2575 690 2626 spiritualibus;
716 2588 891 2627 quarum
907 2579 1030 2617 etiarn
1050 2581 1224 2631 amplio-

187 2650 275 2677 rem
295 2637 574 2689 cognitionem
594 2643 634 2676 et
650 2637 877 2678 faciliorem
900 2652 1021 2678 usum
1041 2653 1114 2692 per
1130 2641 1225 2680 doc-

187 2701 340 2738 trinam
384 2704 425 2739 et
466 2700 681 2739 scientiam
726 2702 1031 2753 Scripturarum
1070 2703 1223 2742 habere

187 2766 375 2812 possunt,
402 2765 443 2800 et
465 2761 558 2800 ideo
588 2763 711 2801 unius
731 2764 827 2802 anni
860 2767 1024 2814 tempus
1051 2776 1124 2815 pro
1146 2765 1223 2803 illis

189 2822 399 2861 sufficiens
418 2822 516 2869 fuit;
554 2822 654 2863 illud
674 2829 809 2863 autem
830 2825 1111 2863 necessarium
1130 2825 1220 2874 fuit,

189 2884 284 2933 quia
308 2884 348 2921 in
369 2884 585 2931 novitiatu,
605 2886 853 2935 regulariter
873 2886 1098 2937 loquendo,
1119 2898 1219 2925 nun-

190 2956 317 2996 quam
337 2949 473 2994 potest
489 2945 578 2982 haec
603 2948 774 2997 mystica
792 2952 832 2986 et
851 2948 1075 2998 spiritualis
1093 2948 1222 2986 scien-

187 3007 245 3044 tia
277 3005 460 3056 perfecte
490 3006 660 3052 addisci,
689 3020 823 3058 neque
845 3009 997 3058 gradus
1017 3009 1222 3048 interioris

188 3067 481 3114 meditationis,
505 3069 702 3106 orationis
723 3074 761 3107 et
782 3071 1142 3121 contemplationis
1162 3076 1223 3110 at-

190 3130 316 3180 tingi,
348 3133 551 3180 quantum
579 3130 675 3168 viris
704 3131 914 3180 perfectis,
946 3133 1011 3171 vel
1045 3133 1223 3172 multum

187 3190 499 3242 proficientibus
528 3192 811 3230 necessarium
837 3195 911 3231 est.
945 3193 1060 3239 Quod
1083 3198 1223 3232 autem

189 3257 288 3291 tunc
314 3251 458 3300 defuit,
491 3264 584 3291 raro
615 3257 750 3303 potest
781 3254 1011 3292 studiorum
1037 3258 1224 3306 tempore

189 3314 444 3365 comparari;
467 3313 552 3352 imo
572 3314 801 3353 timendum
822 3316 958 3366 potius
980 3320 1056 3363 est,
1079 3328 1132 3355 ne
1152 3317 1226 3356 ali-

191 3387 274 3426 qua
288 3387 339 3414 ex
349 3379 467 3427 parte
486 3375 741 3414 diminuatur
753 3376 864 3426 quod
877 3375 1125 3427 acquisitum
1140 3377 1226 3416 fue-

191 3441 270 3485 rat,
303 3437 369 3475 vel
408 3436 554 3476 saltem
589 3437 841 3488 intepescat,
875 3441 920 3477 ut
947 3437 989 3476 in
1026 3438 1224 3489 praedicta

192 3498 489 3538 Constitutione
509 3497 682 3546 diuitum
711 3510 794 3550 quo
829 3498 952 3538 etiam
979 3498 1062 3539 fine
1092 3501 1224 3540 noxiae

191 3560 424 3600 remissioni
443 3573 519 3600 seu
536 3560 738 3612 tepiditati
758 3560 995 3609 obsistendi,
1019 3566 1133 3602 sexta
1155 3574 1226 3613 ge-

193 3622 350 3670 neralis
366 3622 657 3676 congregatio,
688 3634 838 3664 canon.
877 3622 1122 3674 undecimo,
1150 3634 1226 3677 pa·-

1278 305 1408 345 rentis
1444 303 1590 354 Ignatii
1626 303 1811 355 vestiffl'is
1838 303 2078 357 inum&
2126 326 2132 343 ι
2213 356 2216 358 ,
2269 353 2273 354 ⁷

1276 365 1452 406 fratrum
1471 365 1643 404 seorsim
1663 377 1689 404 a
1713 365 1886 416 reliquis
1907 365 2120 408 habitandi
2147 363 2190 408 et
2224 398 2228 402 ,
2263 378 2279 416 ᾗ
2343 419 2347 421 λ

1278 426 1475 467 versandi
1489 436 1665 470 morem.
1682 427 1772 478 jam
1795 431 1896 468 tune
1921 428 2073 468 alicubi
2099 430 2159 470 int
2195 459 2198 465 .
2223 452 2225 455 v
2269 434 2278 443 ⁵

1278 492 1380 534 tum,
1402 487 1602 538 probavit,
1625 488 1729 527 etin
1747 489 1991 529 universum
2008 490 2255 543 deinceps
2282 491 2292 500 ’

1277 540 1514 600 cipiendum
1531 549 1689 592 indixit.
1714 553 1757 590 ut
1771 551 2157 601 spiritns-sermm
2172 554 2225 593 in
2248 580 2252 585 =
2301 596 2305 598 ,

1277 611 1420 649 vitiatu
1459 616 1705 662 conceptum
1743 613 1820 651 sub
1853 613 2305 665 pemliarispm12›-t·,

1277 671 1459 711 Praefecti
1486 682 1587 710 cura
1614 672 1759 712 fratres
1776 673 1819 712 hi
1847 681 2157 722 conservarent,
2184 687 2210 715 a
2243 681 2245 683 “
2306 714 2308 716 .

1277 731 1320 771 in
1340 731 1428 771 dies
1449 738 1667 783 augerent,
1693 739 1818 785 atque
1838 736 1967 776 etiam
1987 736 2176 777 Generali
2200 739 2231 778 P

1277 793 1410 843 posito
1424 793 1738 834 instructionem
1756 796 1864 836 dicto
1880 796 1957 836 fini
1975 799 2223 838 convenient
2234 814 2265 835 ιι.
2332 848 2335 850 q

1277 858 1321 892 ut
1349 854 1502 901 ederet,
1529 857 1849 896 commenda-vit.
1880 859 2022 909 Itaque
2048 865 2282 910 opportun
2308 896 2314 901 ,

1279 915 1383 954 sime
1399 916 1509 955 cadit
1535 918 1614 964 hic,
1635 917 1691 956 de
1708 930 1789 968 quo
1809 919 2032 970 loqui-mur,
2054 922 2240 973 tertiusp
2272 946 2297 959 ι.

1277 977 1454 1017 bationis
1474 991 1609 1017 annus
1630 984 1723 1030 post
1742 980 1902 1029 studia,
1923 986 1968 1021 nt
1988 994 2073 1021 non
2093 984 2224 1022 solum
2279 1002 2311 1019 κν
2341 1013 2346 1031 ,-

1277 1044 1458 1089 paretur,
1481 1040 1512 1079 si
1535 1040 1634 1091 quid
1652 1041 1786 1081 fuerat
1804 1042 2068 1093 diminutum,
2088 1045 2164 1085 sed
2182 1046 2316 1088 etiam,

1275 1104 1322 1139 ut
1341 1100 1474 1139 altiori
1496 1106 1536 1140 et
1558 1103 1792 1152 perfectiori
1814 1103 1938 1142 modo
1958 1110 2073 1144 actus
2094 1107 2187 1146 vitoe
2213 1114 2311 1149 coni·

1276 1163 1524 1213 templativae
1557 1169 1843 1214 exerceantur,
1872 1169 1916 1205 ut
1940 1167 2008 1217 qui
2029 1173 2151 1207 antea
2174 1162 2335 1221 sapies?

1278 1223 1360 1270 bat,
1393 1225 1612 1275 cogitabat,
1636 1226 1794 1271 orabat,
1822 1231 1861 1266 et
1884 1227 2133 1278 loquebatur
2154 1235 2198 1269 ut
2216 1242 2311 1282 pur!-
2326 1239 2334 1251 '

1276 1284 1419 1331 vuius,
1457 1291 1676 1338 postquam
1709 1287 1841 1327 factus
1874 1293 1935 1328 est
1963 1291 2046 1337 vir,
2082 1302 2156 1330 suo
2184 1293 2306 1333 modo

1278 1350 1450 1385 evacuet
1467 1359 1557 1397 quae
1583 1352 1701 1388 erant
1727 1351 1901 1400 parvuli,
1934 1355 1975 1390 et
2002 1352 2171 1402 incipiat
2199 1364 2307 1394 now·

1276 1407 1399 1446 modo
1422 1409 1632 1449 adhaerere
1661 1412 1759 1459 Deo,
1784 1413 1985 1451 mundum
2016 1414 2244 1465 despicere,
2268 1420 2310 1457 et

1276 1468 1456 1519 seipsum
1491 1482 1538 1509 ac
1571 1473 1709 1511 omnia
1744 1475 1986 1525 temporalia
2024 1482 2304 1518 contemnere.

1277 1530 1393 1568 Unde
1414 1532 1536 1570 etiam
1565 1532 1636 1572 fiet
1662 1539 1720 1579 ut,
1752 1536 1783 1573 si
1809 1537 1996 1584 scientia,
2027 1543 2150 1588 prout
2188 1541 2308 1588 solet,

1276 1591 1431 1642 aliquid
1449 1593 1638 1633 elationis
1647 1597 1711 1635 vel
1729 1597 1963 1638 ambitionis
1981 1599 2155 1649 induxit,
2175 1602 2310 1642 altiori

1276 1654 1510 1704 cognitione
1527 1657 1904 1698 etconsideratione
1917 1660 2150 1700 divinarum
2168 1673 2309 1703 rerum

1276 1716 1542 1766 expellamus,

1331 1779 1368 1816 6.
1392 1779 1540 1819 Deinde
1557 1786 1733 1831 respectu
1746 1784 1934 1833 temporis
1949 1786 2097 1832 futuri.
2112 1787 2309 1827 —Accz‘os

1277 1849 1338 1885 ne,
1361 1849 1413 1878 an
1441 1844 1715 1893 contemplatio
1738 1846 1856 1894 prior
1879 1846 1923 1884 in
1951 1847 2017 1886 via
2049 1848 2310 1888 mista—Et

1278 1899 1368 1937 haec
1389 1902 1556 1950 quidem
1579 1909 1639 1942 est
1669 1905 1760 1944 talis
1780 1906 1879 1944 anni
1900 1907 2002 1945 ratio
2032 1919 2106 1946 seu
2130 1909 2311 1949 necessi-

1277 1964 1340 1998 tas
1352 1966 1658 2014 comparatione
1671 1967 1776 2006 facta
1791 1968 1844 2006 ad
1857 1972 2020 2020 tempus
2031 1967 2306 2021 praeteritarum
2340 1964 2343 1965 ⁷

1277 2033 1361 2060 non
1372 2023 1603 2066 invenietur
1617 2033 1755 2067 autem
1773 2031 1921 2079 minor,
1943 2032 1976 2070 si
1993 2033 2134 2071 oculos
2146 2034 2198 2072 ad
2210 2038 2311 2074 tem-

1275 2095 1353 2134 pus
1385 2085 1534 2126 futurae
1556 2089 1646 2128 vitae
1676 2097 1980 2131 convertamus.
2011 2094 2167 2144 Inquiri
2199 2095 2310 2135 enim

1277 2146 1394 2192 solet,
1421 2160 1473 2185 an
1495 2149 1534 2187 in
1561 2151 1637 2190 hac
1656 2153 1736 2191 vita
1754 2154 1888 2199 mista,
1913 2155 2018 2192 actio
2037 2155 2187 2195 debeat
2205 2167 2311 2207 pr&-

1278 2207 1425 2245 cedere
1435 2213 1844 2262 contemplationem,
1859 2214 1925 2253 vel
1940 2218 2230 2266 contemplatio
2245 2228 2310 2257 ac-

1276 2266 1444 2307 tionem.
1469 2269 1607 2309 Sancti
1628 2275 1739 2310 enim
1763 2276 1903 2314 Patres
1923 2277 2131 2315 interdum
2160 2278 2310 2318 docere

1276 2328 1468 2368 videntur
1499 2333 1705 2371 actionem
1739 2336 2069 2385 praemittendam
2102 2350 2207 2378 esse.
2245 2340 2310 2380 Sic

1277 2389 1521 2441 Gregorius,
1543 2395 1568 2433 6
1598 2395 1766 2443 Moral.‚
1791 2409 1880 2448 cap.
1905 2398 2104 2449 vigesimo
2135 2403 2309 2452 septimo

1278 2456 1318 2491 et
1338 2454 1539 2505 vigesimo
1573 2462 1734 2506 octavo,
1755 2459 1857 2498 alias
1880 2461 1928 2499 17
1950 2464 1990 2499 et
2019 2463 2095 2500 18:
2121 2462 2199 2509 Qm·
2224 2474 2312 2504 con-

1277 2517 1548 2566 templationis
1588 2521 1601 2569 <
1619 2521 1704 2571 ait)
1742 2533 1871 2562 arcem
1917 2527 2044 2563 tenere
2086 2525 2312 2568 desiderant

1274 2578 1394 2627 prius
1424 2591 1465 2620 se
1494 2580 1537 2619 in
1565 2593 1698 2632 campo
1719 2584 1850 2635 operis
1876 2595 1946 2633 per
1971 2586 2133 2626 exercit
2136 2598 2201 2625 um
2217 2596 2312 2638 pro-

1280 2637 1390 2686 bent,·
1421 2644 1462 2679 et
1485 2641 1614 2681 infra:
1646 2643 1698 2683 Ut
1740 2643 1919 2683 videlicet
1955 2657 2062 2684 mens
2096 2648 2216 2696 prius
2247 2647 2312 2687 de-

1280 2702 1392 2740 sudet
1428 2702 1470 2741 in
1505 2713 1644 2753 opere,
1677 2707 1716 2743 et
1741 2705 1988 2756 postmodum
2024 2707 2140 2752 refici
2178 2708 2312 2749 debeat

1275 2775 1350 2815 per
1376 2765 1751 2814 contemplationem.
1777 2765 1823 2803 Et
1842 2765 1895 2804 ad
1927 2766 2004 2804 hoc
2025 2769 2312 2810 accommodat
2348 2760 2352 2772 -.

1279 2823 1455 2875 figuram
1484 2825 1636 2864 Rachel
1674 2830 1714 2865 et
1748 2826 1829 2866 Liae
1855 2857 1864 2874 ,
1901 2839 2078 2876 quarum
2110 2830 2229 2880 prior‘
2250 2830 2311 2870 vi·
2349 2830 2352 2832 ’

1277 2889 1362 2925 tam
1397 2887 1772 2937 contemplativam,
1813 2889 2017 2938 posterior
2053 2891 2227 2930 activam
2261 2883 2352 2931 fl-vss

1277 2947 1454 2998 guravit.
1485 2948 1533 2986 Et
1566 2947 1659 2987 ideo
1683 2949 1752 2987 Lia
1782 2949 1899 3000 prius
1926 2953 2056 3002 nupta
2088 2949 2352 3007 est,s?et1b5·

1278 3009 1390 3060 prius
1409 3009 1531 3048 etiam
1552 3013 1647 3049 nata
1662 3011 1816 3057 fuerat3
1841 3016 1880 3051 et
1911 3012 1968 3051 sic
1993 3014 2165 3064 mystice
2185 3014 2352 3056 int'en-
2347 3037 2352 3040 <

1277 3075 1462 3122 pretatur
1483 3072 1606 3111 verba
1633 3073 1702 3111 illa
1732 3073 1880 3112 Genes.
1915 3074 1994 3113 29:
2025 3074 2120 3116 Non
2139 3080 2198 3116 est
2217 3083 2308 3116 otm-
2343 3085 2352 3123 1

1277 3133 1501 3173 svetudims
1518 3136 1561 3173 in
1581 3138 1691 3174 terra
1710 3139 1862 3182 nostra,
1881 3139 1926 3175 ut
1941 3137 2114 3176 minores
2126 3137 2245 3189 prius
2270 3140 2274 3145 ’
2292 3165 2293 3168 ¹
2328 3152 2329 3155 ¹

1276 3195 1442 3246 nuptias
1453 3196 1668 3245 trademus,
1679 3208 1795 3247 quam
1806 3197 1992 3248 majores.
2004 3197 2202 3236 Eamdem
2213 3197 2318 3246 d
2331 3187 2336 3237 ἶ

1279 3256 1429 3294 trinam
1447 3256 1574 3296 habet
1589 3257 1632 3296 D.
1649 3257 1919 3308 Augustinus,
1942 3259 1992 3297 22
2018 3263 2160 3297 eontra
2186 3258 2261 3297 Fa

1278 3320 1381 3363 tum,
1403 3328 1495 3369 cap.
1520 3319 1572 3358 52
1588 3321 1629 3357 et
1648 3319 1917 3368 sequentibus
1929 3329 1944 3369 3
1965 3318 2036 3358 sed
2060 3323 2222 3370 oportet
2247 3335 2251 3352 2

1278 3381 1440 3418 vertere
1469 3390 1519 3419 ex
1547 3379 1738 3431 superius
1754 3380 1949 3428 tractatis,
1977 3380 2082 3419 libro
2098 3380 2251 3430 primo,
2291 3389 2305 3410 ›·

1281 3445 1420 3489 sexto,
1455 3439 1507 3480 de
1526 3440 1604 3480 hac
1633 3441 1784 3493 duplici
1814 3442 1910 3490 vita,
1934 3440 2146 3480 interdum»
2167 3441 2222 3480 Pii
2239 3437 2296 3497 „f

1280 3501 1358 3540 sub
1378 3501 1540 3541 actione
1569 3501 1925 3553 comprehendere
1947 3504 2230 3541 omnemext
2260 3497 2287 3554 Vs

1279 3574 1368 3603 rem
1392 3563 1692 3615 operationem,
1715 3564 1804 3603 sive
1819 3561 2037 3602 ordinetur·
2049 3561 2105 3600 ad
2121 3572 2197 3613 pro
2210 3579 2228 3597 ι,
2243 3566 2263 3572 ’

1279 3636 1376 3666 rum
1393 3625 1542 3668 affectu
1548 3636 1619 3666 am
1633 3622 2008 3674 mortificationem,
2034 3618 2205 3664 nivea&
2221 3640 2240 3658 ι]
