2352 3880
131 203 241 244 1112

137 273 294 314 lucrum
320 269 482 317 fratris3
508 278 603 306 nam
635 267 736 317 ipse,
769 263 932 316 quando
950 244 1174 318 religiostii

136 339 209 383 est,
249 333 369 372 debet
403 329 454 385 ad
498 327 786 380 perfectionem
823 326 1016 377 aspirare,
1041 330 1163 378 atque

135 395 236 436 adeo
257 393 314 432 illi
333 386 574 443 perfectioni
604 388 953 440 proportionatam
973 387 1165 426 emenda-

136 457 287 496 tionem
307 451 515 504 amplecti,
529 454 570 490 et
587 449 794 488 communi
814 448 920 487 bono
937 448 1162 497 consulere,

130 516 340 565 Ι11110011οο
362 519 496 552 totum
518 515 715 564 tanquam
737 509 896 549 lucrum
925 522 1041 550 suum
1060 509 1165 549 oesti-

131 572 249 618 ¹mare
274 575 408 616 debet.

188 640 227 678 3.
259 638 325 678 Ad
346 635 559 677 ,ineundum
583 638 859 688 arqumentam
880 634 1030 685 eoi-jure
1051 646 1166 675 cano-

134 700 236 745 nico,
259 700 386 739 eodem
407 710 515 738 num.
536 698 575 738 3.
589 718 643 728 —
660 697 720 736 Ad
758 697 995 738 secundum,
1017 695 1165 746 proba-

134 760 215 800 bile
236 761 332 800 satis
366 765 427 798 est
452 759 549 810 jura
574 759 727 803 omnia,
758 769 848 808 quae
873 757 922 794 de
953 756 1166 795 denuntia-

134 822 244 862 tione
258 822 500 873 loquuntur,
516 823 556 859 et
574 820 625 859 ad
648 819 759 857 illam
778 817 986 868 postulant
999 820 1044 855 ut
1064 828 1166 867 prae-

135 884 252 924 cedat
273 883 515 922 charitativa
536 880 720 925 monitio,
738 889 829 930 quae
851 878 974 916 etiam
999 889 1022 916 a
1052 878 1163 917 Prae-

134 944 217 984 lato
232 945 354 991 facta,
378 947 530 982 secreta
549 942 668 980 estin
685 951 758 978 suo
784 939 926 989 gradu,
948 942 995 977 ut
1025 939 1158 979 statim

134 1007 328 1055 dicemus,
358 1005 468 1056 loqui
497 1003 546 1042 de
573 1001 883 1042 denuntiatione
901 1000 1103 1051 judiciali.
1120 1005 1155 1041 et

137 1069 223 1106 sinc
240 1067 362 1106 dnbio
385 1066 433 1103 de
471 1063 543 1102 illa
574 1066 633 1103 est
661 1075 793 1101 sermo
822 1062 865 1100 in
885 1062 981 1100 dict.
1004 1074 1037 1100 c.
1061 1061 1154 1102 Cum

134 1130 311 1170 dilectus.
342 1128 391 1166 Et
416 1124 525 1164 idem
550 1123 754 1173 colligitur
773 1135 821 1162 ex
851 1134 939 1173 cap.
979 1122 1156 1169 Qualiter

135 1194 172 1231 et
188 1190 355 1242 quando,
377 1191 417 1226 et
439 1199 487 1226 ex
502 1186 566 1225 his
580 1198 669 1237 quae
689 1185 745 1223 ibi
763 1188 959 1222 notantur
974 1196 1045 1234 per
1060 1185 1157 1222 Doc-

133 1261 252 1299 tores,
266 1255 305 1289 et
323 1262 394 1302 per
410 1261 451 1287 sc
465 1249 542 1287 1100
557 1251 616 1286 est
635 1245 842 1293 credibile,
864 1246 961 1296 quia
979 1244 1049 1283 illa
1066 1246 1158 1295 jura

132 1316 315 1352 statuunt
361 1310 543 1350 ordinem
577 1308 814 1360 judicialem
861 1311 902 1346 et
939 1306 1156 1353 forensem,

132 1375 264 1427 quoad
285 1385 426 1412 omnes
445 1373 545 1420 vias,
566 1371 715 1422 quibus
735 1370 779 1408 in
807 1381 854 1408 eo
887 1369 1051 1419 procedi
1089 1380 1159 1419 po-

132 1441 224 1483 test,
243 1448 342 1487 quas
362 1435 608 1484 attingemus
623 1432 755 1482 capite
775 1431 976 1481 sequenti,
1000 1430 1068 1468 ubi
1087 1430 1159 1468 hu-

130 1499 196 1551 jus
215 1499 338 1537 etiam
359 1496 512 1535 ordinis
547 1493 745 1533 rationem
769 1493 999 1530 reddemus.
1023 1492 1159 1542 Neque

131 1560 264 1599 obstat
282 1559 387 1610 quod
407 1557 475 1595 illa
493 1557 585 1606 jura
600 1555 825 1592 fundantur
842 1554 886 1591 in
903 1553 1049 1590 Christi
1072 1564 1159 1591 ver-

131 1621 208 1669 bis,
227 1626 314 1659 tum
344 1619 439 1671 quia
458 1617 555 1655 illud
576 1621 706 1668 potest
729 1614 903 1664 intelligi
927 1626 999 1664 per
1019 1625 1159 1665 qnam-

132 1682 226 1721 dam
263 1680 553 1726 imitationem,
581 1690 662 1716 non
696 1677 802 1728 quod
842 1675 1010 1715 definiat
1043 1675 1160 1713 illum

132 1755 216 1783 esse
251 1754 415 1782 sensum
452 1740 670 1779 verborum
704 1737 873 1785 Christi3
915 1742 1002 1774 tuin
1038 1737 1161 1774 etiam

131 1807 241 1858 quia,
257 1810 303 1844 ut
320 1805 405 1844 dixi
425 1804 468 1842 in
485 1803 555 1842 illo
575 1814 611 1841 c.
627 1804 669 1849 7,
688 1812 860 1840 numero
875 1799 1031 1838 decimo
1042 1799 1164 1849 quin-

132 1872 186 1914 10,
203 1868 297 1906 satis
319 1865 581 1918 probabiliter
599 1863 847 1912 intelligitur
865 1861 967 1899 illud
989 1861 1161 1898 verbum

132 1928 293 1976 Christi,
325 1929 387 1967 dic
405 1926 614 1973 Ecclesia,
641 1924 690 1963 (10
722 1923 1033 1962 denuntiatione
1049 1920 1160 1971 judi-

131 1990 243 2037 ciali3
264 1988 334 2026 illa
355 1999 452 2038 ergo
476 1987 569 2037 jura
598 1997 680 2023 non
710 1988 896 2022 statuunt
915 1981 1077 2033 aliquod
1092 1981 1160 2031 jus

132 2051 350 2102 positivum
382 2048 506 2100 (quod
525 2046 753 2085 notandum
776 2047 847 2094 est)
870 2044 976 2082 circa
1005 2043 1160 2081 denun-

130 2113 339 2151 tiationem
365 2115 593 2163 paternam,
613 2112 653 2147 et
673 2108 779 2156 ideo,
799 2106 880 2145 illis
893 2118 977 2144 non
997 2104 1162 2144 obstan-

132 2173 255 2221 tibus,
277 2172 383 2211 solus
414 2170 482 2210 ille
505 2169 604 2209 ordo
635 2168 759 2208 estin
793 2170 994 2219 praecepto
1014 2166 1058 2204 in
1087 2164 1160 2204 tali

130 2229 459 2276 denuntiatione,
484 2240 564 2278 quo
586 2227 748 2266 sublato
787 2226 963 2264 charitas
996 2225 1167 2263 offendi·

130 2295 218 2338 tur3
242 2304 294 2329 an
310 2303 406 2329 vcro
425 2293 611 2340 respectu
629 2288 952 2327 denuntiationis
961 2286 1167 2338 judicialis

129 2357 380 2404 praeccptum
402 2351 502 2389 illud
525 2355 563 2389 et
585 2351 712 2388 latum
736 2350 799 2395 sit,
826 2353 865 2386 vt
885 2360 1046 2399 semper
1067 2347 1167 2386 obli-

130 2419 212 2466 get,
235 2413 423 2464 sequenti
444 2413 574 2459 capite
600 2411 843 2448 videbimus.

182 2479 220 2517 4.
252 2477 427 2518 Monitio
442 2478 562 2526 sacta
581 2486 605 2515 a
631 2473 826 2522 Praelata,
847 2482 896 2513 ex
919 2472 1067 2513 notitia
1095 2471 1133 2513 dt
1154 2495 1160 2499 -

128 2542 305 2591 serentis,
323 2540 449 2579 adnuo
474 2540 625 2578 secreta
643 2539 701 2576 est
721 2538 759 2575 et
790 2535 1001 2586 conformis
1020 2535 1161 2574 Evan-

130 2602 310 2655 gelia—
326 2601 443 2639 Nunc
464 2599 594 2638 solum
615 2598 783 2636 adverto
804 2595 1160 2635 denuntiationem

130 2663 236 2702 hanc
256 2667 468 2714 paternam
492 2660 543 2699 ad
580 2659 656 2699 hoc
688 2658 872 2710 proxime
891 2656 1085 2705 ordinari,
1114 2659 1160 2695 ut

131 2724 253 2763 frater
269 2727 421 2762 secreto
441 2725 657 2760 moneatur
681 2724 721 2758 et
746 2719 1001 2770 corripiatur,
1016 2729 1159 2769 quam·

131 2786 191 2823 ris
210 2798 294 2825 nou
310 2784 545 2823 immediate
566 2782 782 2834 peripsum
797 2781 980 2828 fratrem,
993 2779 1064 2820 sed
1087 2790 1159 2830 per

134 2846 363 2884 l’raelatum.
386 2845 499 2884 Unde
518 2843 551 2883 si
571 2842 733 2882 Praelati
760 2842 932 2880 monitio
954 2853 1036 2879 non
1052 2840 1158 2879 suffi-

132 2906 225 2954 ciat,
245 2907 314 2944 illa
327 2906 403 2944 erit
421 2906 517 2944 satis
540 2908 586 2943 ut
607 2903 656 2942 ad
679 2902 1033 2942 denuntiationem
1049 2901 1157 2952 judiw

132 2967 272 3006 cialcm
293 2966 452 3017 procedi
482 2966 622 3018 possit,
645 2964 679 3002 si
714 2963 803 3002 aliae
840 2962 1155 3001 circumstantiae

133 3030 372 3067 <concurrant
405 3027 455 3065 ad
491 3025 785 3065 transeundum
814 3024 865 3062 ad
889 3024 967 3063 tale
1004 3024 1151 3062 forum.

131 3091 231 3138 Quia
261 3101 353 3127 cum
378 3088 472 3139 jura
505 3088 647 3125 dicunt
679 3089 773 3124 ante
800 3085 1155 3124 denuntiationem

130 3151 241 3190 illam
279 3149 427 3189 debere
465 3148 689 3199 praecedere
722 3147 989 3185 monitionem
1025 3158 1155 3186 secre-

130 3217 230 3260 tam,
248 3225 332 3250 non
353 3211 494 3249 dicunt
516 3209 627 3247 illam
667 3208 935 3246 monitionem
975 3219 1155 3247 necessa-

132 3277 190 3314 110
207 3273 352 3312 dehere
378 3272 466 3310 fieri
487 3269 721 3310 immediate
754 3268 805 3306 ab
825 3270 997 3320 ipsomet
1014 3268 1152 3317 fratre,

133 3336 201 3387 qui
223 3335 326 3374 vidit
343 3334 408 3372 vel
427 3334 541 3372 novit
555 3331 762 3379 delictum,
781 3331 850 3368 sed
882 3331 1012 3369 solnm
1046 3330 1154 3380 quod

134 3396 337 3446 fiat3ergo
359 3394 393 3433 si
425 3406 496 3445 per
527 3406 622 3433 eum
655 3391 761 3431 facta
793 3395 866 3440 est,
886 3392 955 3442 qui
977 3392 1152 3430 maxime

131 3457 319 3509 prodesse
354 3459 501 3508 posset,
530 3466 676 3506 nempe
708 3465 779 3506 per
816 3452 1087 3504 Superiorem,
1111 3452 1153 3491 id

131 3518 226 3557 satis
242 3522 317 3558 est.
338 3517 456 3558 Unde
484 3517 605 3556 etiam
641 3515 770 3555 obiter
793 3514 897 3554 addo
922 3514 1032 3552 1111110
1066 3525 1152 3552 mo-

135 3577 232 3620 lum
267 3579 499 3632 corrigendi
533 3578 700 3619 fratrem
735 3577 869 3618 media
905 3576 1151 3615 correctione

420 200 635 238 111131.οΕ
654 198 850 234 REGlllilNE
871 197 1117 238 socm'rmls,
1139 198 1194 235 ΕΤ
1215 186 1605 246 CONSEQUEMBE
1625 195 1835 240 PRAEL‘AW
1851 205 1961 243 Esus.

1217 271 1386 319 paterna
1417 280 1501 308 non
1539 278 1624 307 esse
1654 266 1834 309 alienum
1848 282 1879 311 a
1900 272 2023 313 verbo
2054 273 2211 317 unt-isit*

1220 330 1383 382 Corripe
1399 341 1481 370 eam
1499 328 1606 369 inter
1621 331 1659 370 te
1689 332 1731 371 et
1744 331 1874 380 imum
1899 333 2039 381 noum,
2058 348 2155 375 nam
2171 324 2254 381 inti·

1218 392 1345 431 tentio
1367 391 1514 430 horum
1534 390 1751 430 verborum
1771 391 1902 431 solum
1934 391 2059 437 essm
2091 389 2278 448 frater-,²

1219 453 1372 492 occulte
1409 464 1594 504 peccam,
1629 452 1783 491 occulte
1807 463 1900 491 cum
1925 455 2037 495 ornati
2060 461 2233 508 secreto,
2279 462 2293 494 .'

1221 514 1349 566 quoad
1371 513 1459 552 ficri
1477 513 1614 565 possit,
1635 514 1890 564 corripiatur.
1914 514 1980 554 Uti
1995 519 2143 558 autem
2159 519 2235 561 mi-
2296 525 2303 562 'z

1219 575 1386 615 nisterio
1409 574 1566 614 Praelati
1599 573 1651 613 ad
1690 574 1923 625 hujusmodi
1941 577 2238 626 correptionem
2276 616 2277 619 ,

1386 0 1476 40 3²·
1499 0 1583 44 ῃ
1582 0 1847 71 ψἠἳὶ

1405 52 1479 113 ⁸².
1519 80 1546 122 ⁹..
1615 76 1621 83 ,

1867 51 2003 122 *⁷
2002 91 2041 117 “⁷
2056 78 2198 163 si*-

2125 151 2154 171 Μ’
2173 170 2183 178 ,
2207 151 2212 166 ⁴¹

1220 640 1386 688 propter
1403 637 1535 687 majus
1561 635 1715 675 bonum
1747 635 1898 683 fratris,
1917 636 1982 675 vel
2007 648 2235 690 commune,

1220 709 1301 736 non
1323 702 1383 737 est
1403 703 1542 736 contra
1554 696 1630 735 hoc
1650 701 1864 745 secretum,
1886 709 1960 736 nec
1978 698 2137 737 excedit
2155 709 2240 741 mo·
2301 719 2305 729 =

1221 758 1320 797 dum
1352 758 1573 807 occultum,
1609 770 1729 809 quem
1754 758 1846 797 talis
1876 759 1981 797 actio
2016 759 2240 802 secundum
2290 767 2317 796 .’

1220 826 1372 859 rectam
1405 820 1605 859 rationem
1624 819 1806 870 requirit,
1826 824 1867 858 et
1897 819 1988 859 ideo
2006 820 2051 859 in
2078 832 2126 859 eo
2146 832 2257 862 casu·
2281 847 2284 855 ι
2305 813 2309 818 ’

1219 881 1419 933 particula
1457 881 1583 922 solum
1611 892 1694 919 non
1736 880 1913 919 excludit
1943 893 2240 934 quemcumque
2343 879 2349 907 ἴ

1217 942 1361 987 alium,
1385 941 1455 981 sed
1478 942 1608 981 solum
1627 941 1771 990 alium,
1810 941 1882 993 qni
1915 941 1968 980 ad
2002 942 2124 982 talem
2158 954 2239 983 cor-

1215 1005 1452 1051 rectionem,
1488 1014 1621 1054 neque
1652 1004 1929 1052 necessarius,
1965 1015 2097 1055 neque
2130 1003 2240 1045 utilis
2295 990 2297 994 Α
2343 995 2345 1025 3

1217 1069 1303 1114 est,
1336 1064 1400 1104 vel
1444 1064 1568 1104 etiam
1604 1064 1782 1103 excludit
1822 1064 1949 1102 alium
1986 1065 2238 1116 simpliciter,

1215 1126 1404 1165 subditus
1438 1130 1575 1165 autem
1616 1126 1782 1176 ejusque
1830 1126 2019 1177 Superior
2050 1126 2101 1164 ad
2131 1126 2240 1166 hunc
2290 1126 2299 1165 l
2343 1151 2345 1153 >

1216 1187 1401 1226 eflectum
1439 1199 1521 1225 non
1549 1191 1708 1238 ponunt
1731 1187 1775 1225 in
1794 1199 1981 1236 numero,
2002 1190 2048 1225 ut
2085 1187 2236 1228 dialec·
2275 1180 2282 1192 ”
2303 1218 2307 1226 .

1215 1249 1285 1287 tici
1316 1248 1556 1299 loquuntur,
1577 1253 1700 1300 atque
1732 1247 1808 1287 hoc
1846 1247 1978 1287 solum
2003 1249 2128 1287 sensit
2159 1249 2240 1288 Au·
2295 1269 2301 1298 q

1217 1310 1401 1361 gustinus
1433 1311 1578 1349 citatus
1613 1310 1656 1348 in
1680 1310 1777 1349 dict.
1812 1322 1899 1362 cap.
1923 1310 1977 1350 Si
2002 1309 2238 1363 peccaverit,
2290 1334 2310 1350 .-

1215 1373 1255 1419 2,
1286 1372 1507 1424 quaestione
1539 1373 1685 1424 prima,
1708 1376 1755 1411 ut
1788 1373 1969 1411 indicant
1992 1372 2062 1411 illa
2085 1371 2239 1412 verba:

1218 1433 1323 1481 Quia
1341 1437 1530 1474 secretam
1552 1436 1650 1483 fait,
1673 1435 1825 1486 qnando
1846 1434 1887 1473 in
1907 1438 1944 1473 te
1971 1435 2165 1485 peccavit,
2185 1444 2241 1474 80-

1216 1499 1362 1535 cretam
1384 1507 1527 1546 qaoere,
1551 1507 1636 1534 cum
1657 1494 1828 1545 corripis
1847 1495 1950 1546 qaod
1967 1496 2009 1534 in
2041 1498 2077 1535 te
2105 1504 2242 1545 pecca-

1216 1557 1277 1596 vit
1290 1574 1303 1602 ,·
1321 1568 1414 1595 nam
1434 1557 1471 1595 si
1491 1555 1598 1595 solas
1627 1555 1732 1595 nosti
1749 1557 1846 1607 quia
1861 1556 2038 1606 peccavit
2057 1557 2101 1595 in
2134 1559 2187 1604 te,
2205 1559 2242 1596 et
2291 1574 2293 1578 ⁴

1216 1630 1302 1657 cam
1321 1619 1383 1657 vis
1403 1629 1531 1657 coram
1550 1617 1727 1656 omnibns
1746 1628 1925 1668 arquere,
1943 1628 2019 1655 non
2044 1629 2082 1656 es
2113 1628 2241 1657 corre·
2292 1615 2294 1619 ’

1211 1684 1319 1733 pior,
1333 1680 1400 1718 sed
1410 1679 1612 1729 proditor,
1637 1678 1708 1716 ubi
1730 1681 1924 1716 secretam
1945 1677 2242 1728 correptionem
2300 1669 2311 1730 ¹,

1218 1740 1348 1779 solum
1370 1740 1583 1789 distinguit
1602 1751 1626 1778 a
1645 1738 1820 1790 publica,
1838 1739 1946 1777 unde
1962 1751 2042 1777 uon
2066 1737 2243 1777 excludit

1216 1802 1379 1840 tertiam
1397 1813 1625 1852 personam,
1649 1801 1682 1838 si
1699 1800 1922 1839 necessaria
1952 1804 2016 1844 Sit,
2033 1800 2101 1838 sed
2118 1799 2217 1838 alias
2225 1809 2240 1848 3

1218 1866 1258 1901 et
1275 1862 1382 1900 infra
1411 1862 1526 1913 ponit
1547 1860 1778 1911 exemplum
1799 1861 1842 1899 in
1863 1860 2072 1910 Episcopo,
2092 1860 2162 1910 qui
2181 1870 2242 1898 so·
2298 1855 2311 1911 γ’
2341 1885 2345 1903 2

1217 1922 1278 1962 lus
1303 1924 1378 1962 scit
1406 1922 1614 1968 delictum,
1640 1926 1680 1960 et
1711 1921 1800 1960 ideo
1825 1921 1932 1959 solus
1970 1921 2159 1971 corripit3
2180 1919 2242 1958 di-
2335 1952 2345 1963 Ἰ

1217 1985 1321 2023 citur
1357 1992 1493 2022 autem
1529 1982 1634 2021 solus
1670 1981 1784 2029 scire,
1817 1981 1972 2020 etiamsi
2009 1994 2080 2032 per
2111 1980 2240 2019 alium
2306 1999 2311 2028 2
2335 1991 2345 2004 ·¹

1217 2046 1331 2094 sciat,
1361 2044 1430 2096 qui
1463 2050 1629 2096 paterne
1648 2043 1918 2082 denuntiavit.
1939 2042 2053 2081 Unde
2072 2041 2209 2080 subdit
2229 2052 2240 2081 ε

1220 2105 1330 2148 Sunt
1349 2106 1520 2146 nomines
1543 2106 1714 2146 adulteri
1735 2105 1779 2144 in
1806 2105 1983 2145 domibus
2011 2106 2096 2144 suis
2118 2104 2163 2143 in
2181 2114 2242 2145 se·
2293 2124 2297 2133 =

1216 2172 1317 2208 creto
1343 2172 1557 2218 peccantes,
1575 2166 1786 2218 aliquando
1807 2165 1918 2204 nobis
1935 2166 2162 2216 produntur
2192 2163 2240 2205 ab
2298 2183 2347 2215 ·,

2329 2318 2341 2343 *l

2324 2358 2335 2386 1

1215 2230 1407 2269 amoribus
1425 2227 1526 2274 sais,
1541 2227 1770 2278 plerumque
1781 2227 2013 2273 zelantibus,
2030 2225 2241 2277 aliquando

1216 2291 1455 2330 maritorum
1480 2289 1649 2328 satutem
1668 2287 1955 2340 quoerentibz;5;
1969 2298 2039 2326 nos
2059 2298 2136 2326 non
2149 2297 2242 2338 pro·
2297 2276 2306 2342 s
2331 2306 2342 2314 -

1217 2350 1347 2391 dimas
1373 2350 1528 2401 palam,
1556 2350 1625 2389 sed
1655 2349 1700 2388 in
1740 2352 1883 2389 secreto
1920 2347 2242 2399 unanimanti&

1217 2411 1384 2462 contigit
1398 2412 1563 2459 malum,
1583 2410 1640 2450 ibi
1658 2409 1857 2450 moriatur
1889 2410 2053 2448 malum.
2083 2409 2141 2447 Ex
2161 2419 2241 2460 quo
2292 2407 2302 2430 ·‘

2345 2479 2347 2492 1

2330 2493 2335 2500 .

2324 2514 2342 2552 a

1215 2472 1336 2525 plane
1371 2475 1528 2510 constat
1573 2476 1767 2510 secretam
1805 2472 2099 2522 correptionem
2131 2470 2241 2521 apud

1216 2534 1490 2584 Augustinum
1518 2543 1601 2571 non
1641 2533 1853 2573 excludere
1887 2532 2240 2571 denuntiationem

2298 2071 2343 2117 ,ἰ

1215 2594 1601 2646 paternam,factam
1621 2593 2043 2633 Praelato.Concilium
2064 2593 2240 2644 denique
2345 2610 2346 2615 ¹

1223 2657 1459 2706 Awisgran.
1483 2667 1566 2695 non
1595 2655 1778 2707 loquitur
1804 2655 1854 2694 de
1882 2654 2064 2700 subditis,
2082 2653 2152 2692 sed
2188 2653 2239 2694 (10
2298 2679 2307 2699 a
2336 2684 2346 2696 ,1

1214 2717 1393 2757 Praelatis
1411 2717 1522 2768 ipsis,
1539 2728 1640 2767 quos
1661 2719 1801 2754 monet
1820 2719 1933 2754 tanta
1950 2715 2118 2753 lenitate
2144 2726 2239 2766 pro·
2290 2707 2305 2762 ζ’
2339 2738 2341 2743 ‹

1215 2778 1373 2826 cedere,
1388 2782 1434 2817 ut
1453 2778 1599 2828 saepius
1619 2779 1914 2828 praemoneant,
1932 2776 2170 2827 priusquam
2185 2776 2240 2818 adl
2292 2799 2305 2828 ῃ
2321 2794 2341 2830 g,

2299 2649 2309 2668 ,
2332 2653 2340 2658 .

2322 2763 2342 2791 ὦ

1212 2840 1420 2893 publicam
1439 2839 1656 2878 vindictam
1676 2837 1908 2889 procedant.
1931 2837 2046 2878 Unde
2064 2841 2154 2888 post
2182 2838 2239 2878 ci·-
2300 2866 2302 2870 ,
2325 2835 2342 2872 ἰ

1212 2905 1298 2941 tata
1322 2900 1446 2940 verba
1464 2899 1599 2938 subdit
1619 2913 1628 2938 :
1652 2900 1714 2939 Et
1736 2900 1775 2940 si
1808 2899 1871 2939 Itis
1903 2899 2236 2941 admonitionibus

1212 2974 1290 3004 non
1316 2963 1488 3009 cesserit,
1510 2960 1552 3001 in
1567 2961 1723 3014 publica
1754 2960 2024 3014 objurgatione
2043 2959 2237 3011 corripiet·
2286 2979 2302 3014 .‘

1212 3028 1293 3066 tar.
1317 3024 1537 3074 posteaque
1565 3021 1821 3074 prosequitur
1850 3025 2014 3060 modum
2046 3021 2235 3060 vindictae
2288 3022 2290 3025 “
2326 3019 2342 3023 ‘²

1209 3085 1325 3136 juxta
1342 3086 1582 3136 qualitatem
1603 3082 1756 3133 delicti,
1780 3086 1821 3122 et
1841 3081 2149 3135 dispositionem
2165 3080 2235 3122 (10-
2280 3104 2290 3133 ,ι
2330 3097 2336 3099 ·

1212 3145 1449 3197 linquentis·

1266 3209 1302 3247 5.
1334 3208 1401 3248 Ad
1431 3211 1591 3249 tertiam
1614 3211 1892 3259 arqumentam
1911 3207 1954 3247 in
1974 3206 2015 3246 4.
2029 3225 2084 3236 —-
2105 3205 2233 3257 Major
2285 3221 2293 3229 ·

1211 3268 1429 3308 difficultas
1463 3282 1547 3309 esse
1567 3268 1729 3308 videtur
1762 3268 1806 3307 in
1831 3268 1951 3307 tertia
1984 3267 2230 3317 objectione;
2287 3263 2291 3275 ¹
2319 3259 2338 3331 β’

1209 3342 1307 3368 nam
1327 3330 1495 3369 Basilius
1515 3333 1555 3368 et
1569 3329 1821 3379 Augustinus
1841 3330 1884 3367 in
1904 3340 1951 3367 ea
1970 3328 2083 3367 citati
2102 3327 2153 3367 de
2169 3337 2233 3367 ro-

1208 3391 1362 3441 ligiosis
1393 3393 1436 3431 in
1460 3390 1695 3443 particulari
1713 3390 1961 3442 loquuntur3
1980 3390 2063 3428 imo
2092 3388 2150 3428 eis
2169 3397 2230 3427 re-

1208 3453 1348 3503 gulam
1379 3453 1560 3501 tradunt,
1585 3456 1626 3491 et
1650 3455 1788 3491 tamen
1815 3451 1997 3491 absolute
2034 3449 2091 3489 eis
2120 3458 2227 3487 com-

1208 3515 1405 3554 mendant
1423 3513 1534 3553 hunc
1551 3513 1735 3553 ordinem
1755 3513 1867 3565 prius
1882 3510 2088 3559 monendi,
2102 3519 2226 3560 quam
2279 3513 2293 3571 ⁸·

1207 3586 1273 3615 res
1307 3576 1356 3616 ad
1395 3576 1628 3615 Antistitem
1653 3574 1875 3615 deferatur.
1897 3573 1975 3615 Sed
1992 3573 2126 3624 potest
2147 3568 2263 3635 pri':
2285 3589 2294 3604 .·
2329 3631 2339 3639 ἡ
