2352 3880
147 221 150 227 '
254 224 275 231 ”
295 239 301 255 ³
333 228 424 274 car.
450 243 522 274 vii..
539 243 601 275 nu
611 243 755 275 mis
770 242 821 275 m·
832 236 1113 276 numanum
1126 240 1207 276 nno
1227 242 1469 278 mmmm
1481 242 1595 280 men
1611 239 1944 285 rantis—ff.

134 279 379 355 *sm
395 304 550 357 quanta
573 303 723 355 requie
746 314 830 344 non.
859 302 1112 344 eoum

106 371 113 378 ‘
164 363 292 412 dio,
298 363 518 414 opinando,
540 362 795 414 disputando,
814 363 1111 414 pewciocjudt-

11 418 29 475 ,1
75 447 77 449 -
121 437 124 439 ’
205 423 371 464 -Ad
393 424 589 463 eumdem
607 423 817 462 charitatis
846 424 984 464 finem
1002 423 1108 463 rere.-

11 481 33 507 ³⁴
51 484 97 529 ’ζ’
127 504 130 509 ·
164 488 331 526 mest
345 484 488 535 quod‘
476 495 626 535 mreg⁴
650 484 716 531 28,
734 495 785 522 ex
801 484 1105 532 communibus,

132 544 323 593 fiatur:
340 545 496 588 Nullus
529 555 619 586 eum
635 543 718 584 alio
745 547 967 594 contendat,
988 543 1110 592 sedai

24 622 78 663 ,2
143 608 214 648 iu
232 619 274 648 ro
291 606 403 647 uobis
417 609 477 647 est
499 605 660 646 diversa
674 607 889 654 sententia,
915 618 1032 658 eaque
1046 617 1110 646 w-

24 663 33 707 ,ἑ
68 669 120 722 '‘f‘-
121 688 153 718 31..
168 691 173 700 υ
217 667 532 718 manifestanda,
560 667 738 706 rationes
763 666 932 707 modeste
966 670 1111 708 etcum

20 711 31 770 5.
74 736 77 737 ’
123 728 271 771 ritate
285 730 532 780 afferantur,
546 739 586 767 eo
602 728 747 767 animo
761 731 809 769 ut
826 740 922 768 suus
946 726 1110 768 veritati

24 790 271 843 mineus,
293 801 371 830 non
386 792 432 829 ut
449 791 494 829 in
510 800 555 828 ea
574 799 618 827 re
648 789 871 840 superiores
888 789 1107 829 videamur.

21 851 174 908 {lum
192 851 271 891 hac
296 850 442 902 regula
461 853 677 896 consonat,
706 850 818 901 quod
853 851 974 890 tertia
994 852 1109 901 parte

26 913 432 959 .'¹cmstitutionum,
454 925 489 954 0.
513 914 556 962 1,
577 913 601 963 §
631 913 696 960 18,
728 916 768 953 et
800 913 842 950 in
875 911 1107 951 Summario

16 1027 19 1029 ‚
72 973 565 1025 constitutionum‚§42:
588 975 701 1015 Idem
721 974 927 1024 sapiamus
946 984 1077 1012 omnes
1096 1001 1109 1021 ,

22 1070 26 1079 ,
72 1037 171 1080 idm
192 1048 322 1077 omnes
350 1037 545 1084 dieamus,
578 1040 626 1076 ut
660 1035 875 1088 Apostolus
909 1036 1105 1074 admonet.

71 1098 276 1142 Doctrinae
305 1097 437 1148 igitur
458 1098 689 1149 differentes
713 1107 789 1135 non
821 1096 1104 1144 admittantur,

69 1171 138 1202 uo
153 1160 266 1202 verbo
284 1158 333 1198 in,
347 1158 606 1204 concionibus,
630 1158 690 1197 oel
717 1157 943 1196 lectionibus
973 1157 1108 1206 publi-

23 1232 26 1234 ’
72 1219 142 1268 ais,
157 1220 398 1269 necscriptis
415 1220 544 1259 libris.
566 1219 656 1259 Imo
676 1222 712 1258 et
715 1217 962 1269 judiciorum
989 1218 1034 1257 de
1048 1229 1108 1258 re-

70 1283 147 1324 bus
170 1282 333 1334 agendis
354 1282 580 1330 diversitas,
615 1292 702 1333 quoe
737 1283 867 1320 mater
893 1291 976 1319 esse
1010 1280 1109 1321 solet

71 1343 292 1392 discordiae,
340 1345 378 1384 et
412 1341 579 1382 inimica
625 1341 789 1382 unionis
829 1341 1104 1389 voluntatum,

70 1407 260 1459 quantum
281 1401 374 1453 fieri
388 1406 534 1455 potest,
563 1403 711 1443 evitari
741 1403 861 1443 debet.
885 1403 931 1440 In
957 1402 1106 1453 quibus

70 1465 224 1517 regulis
246 1476 330 1504 non
351 1463 485 1502 solum
521 1465 703 1503 exterior
739 1463 1007 1503 contradictio
1041 1463 1108 1504 vel

69 1526 293 1572 contentio,
316 1525 392 1565 sed
411 1525 534 1564 etiam
547 1525 721 1565 interior
731 1525 935 1564 dissensio
957 1537 1108 1565 caven-

69 1587 126 1627 da
150 1586 316 1631 dicitur,
334 1599 414 1627 nec
439 1590 603 1625 tantum
633 1587 677 1624 in
711 1587 902 1637 practicis
919 1587 1105 1638 judiciis,

69 1647 148 1689 sed
166 1649 291 1688 etiam
309 1649 352 1686 in
367 1648 572 1695 doctrina,
586 1651 627 1686 et
646 1647 899 1698 speculativa
919 1648 1107 1686 scientia.

69 1709 167 1749 Tria
202 1721 308 1760 ergo
335 1709 635 1760 prohibentur:
657 1709 926 1748 contrarietas
952 1710 1110 1760 opinio-

69 1782 186 1819 num,
213 1771 393 1810 exterior
417 1770 626 1809 contentio
646 1774 689 1809 et
709 1771 976 1810 contradictio
1012 1783 1106 1810 ver-

70 1832 222 1872 borum
248 1832 385 1881 ineis,
401 1830 608 1874 dissensio
637 1831 681 1870 in
706 1832 874 1883 ,iudiciis
901 1832 955 1870 de
981 1832 1107 1872 rebus

71 1893 260 1946 agendis.

120 1954 165 1997 8.
194 1953 437 2006 Opinionum
469 1953 690 2005 dissensio,
723 1957 911 2009 quomodo
953 1957 1109 2007 officiat

69 2014 276 2059 dentati.
298 2036 352 2046 -
378 2017 437 2055 De
472 2016 608 2067 primo
634 2019 697 2056 est
735 2016 906 2067 quidem
938 2021 1110 2069 recepta

68 2077 291 2126 sententia,
310 2077 554 2128 opinionum
568 2077 850 2118 diversitatem
861 2090 936 2130 per
959 2091 1002 2118 se
1024 2091 1112 2117 non

69 2149 163 2182 Osse
209 2138 402 2179 charitati
439 2141 718 2186 contrariam3
747 2142 806 2179 ita
840 2141 891 2179 D-
928 2140 1110 2181 Thomas

63 2199 191 2241 *ducet
210 2200 248 2240 2.
268 2202 312 2249 2,
331 2204 475 2252 quaest.
494 2201 559 2243 28,
581 2202 755 2240 articulo
784 2202 923 2251 tertio,
958 2203 1012 2241 ad
1047 2214 1110 2241 se-

71 2262 267 2310 eundum,
295 2263 367 2302 ubi
389 2274 440 2302 ex
450 2263 685 2311 Aristotele,
707 2265 733 2303 9
752 2264 901 2313 Ethic.,
922 2277 957 2303 c.
978 2264 999 2303 1
1018 2265 1109 2312 et3,

71 2324 256 2374 adducit,
271 2325 539 2365 concordiam
565 2326 609 2364 in
630 2326 894 2375 opinionibus
914 2337 998 2363 non
1016 2336 1112 2376 per-

69 2386 203 2426 tinere
222 2386 275 2425 ad
292 2386 530 2425 amicitiam.
561 2385 684 2424 Unde
705 2385 845 2433 infert,
880 2385 982 2424 nihil
1014 2397 1110 2436 pro-

69 2445 214 2487 hibere
231 2447 408 2496 aliquos,
432 2446 538 2484 inter
557 2457 602 2484 se
627 2446 868 2485 charitatem
888 2446 1107 2496 habentes,

69 2508 114 2547 in
135 2507 399 2558 opinionibus
420 2506 650 2554 dissentire,
671 2518 749 2546 nec
778 2507 854 2546 hoc
873 2520 1109 2559 repugnare

69 2569 178 2621 paci,
196 2570 294 2621 quia
310 2569 515 2619 opiniones
525 2572 622 2608 sunt
638 2569 683 2609 in
696 2569 910 2617 intellectu,
923 2570 991 2622 qui
1007 2582 1109 2616 prce·

68 2631 174 2672 *vedu
193 2630 428 2680 appetitum,
446 2629 514 2681 qui
529 2641 602 2682 per
614 2640 751 2681 pacem
765 2631 922 2672 unitur.
945 2631 1041 2679 Sed,
1059 2631 1108 2670 li-

74 2695 141 2733 cet
156 2691 235 2730 hoc
255 2702 402 2729 verum
417 2690 485 2737 sit,
506 2703 605 2729 usus
640 2691 730 2741 ipse
751 2695 793 2731 et
811 2693 949 2743 praxis
970 2697 1110 2733 osten·

62 2751 146 2800 nit,
177 2751 420 2803 opinionum
462 2750 740 2792 diversitatem
778 2757 818 2793 et
845 2753 1109 2805 frequentem

75 2813 440 2861 mmdictionem
477 2825 562 2854 non
600 2826 749 2866 parum
787 2815 933 2855 obesse
965 2817 1111 2858 unioni

71 2874 302 2923 ⁴charitatis,
322 2879 364 2915 et
386 2885 498 2926 saepe
518 2875 766 2915 discordiam
786 2889 950 2928 parere,
965 2891 1000 2917 0.
1015 2879 1109 2928 ult„

64 2935 130 2982 ’,θο
145 2936 206 2984 (1.,
234 2940 275 2975 et
306 2937 359 2975 ad
378 2937 597 2976 minimum
626 2937 838 2978 remittere
868 2938 1075 2979 fervorem
1099 2970 1110 2989 ,

67 2997 433 3067 §.perfectionem
457 2999 547 3049 ejus
578 2999 799 3038 minuere·
834 3001 916 3048 vel,
947 3002 1045 3051 quia
1066 3002 1112 3041 li-

75 3053 150 3115 ψ.
174 3059 390 3111 opiniones
426 3060 663 3111 pertineant
695 3060 748 3099 ad
783 3062 1051 3112 intellectum,
1067 3067 1115 3103 ut

29 3150 34 3162 2
70 3111 139 3170 ,ᾖ
154 3119 334 3160 ’.11110ωᾶ3
358 3121 429 3168 ait,
466 3125 606 3160 tamen
640 3122 815 3160 multum
847 3124 1030 3173 pendent
1063 3138 1114 3165 ex

64 3178 248 3236 «affectu,
272 3183 397 3233 etpia.
416 3181 635 3221 affectione
653 3183 893 3232 voluntatis,
911 3188 952 3223 et
976 3186 1116 3236 quoad

22 3256 31 3263 ²
63 3239 313 3294 'mopinio
346 3247 409 3282 est
439 3245 644 3291 posterior
661 3245 908 3294 voluntate3
930 3247 1041 3286 unde
1066 3247 1114 3286 ti-

30 3344 34 3347 ,
62 3303 194 3358 ,ΞΝ
199 3307 348 3371 potest,
367 3315 422 3342 ne
440 3304 689 3355 opinionum
700 3306 886 3345 varietas
904 3318 966 3346 ex
978 3307 1115 3348 defice·

26 3371 35 3414 ,
64 3362 118 3403 ἶῖ·
147 3364 312 3410 unionis
330 3364 590 3404 voluntatum
606 3366 905 3417 proficiscatur.
925 3368 1001 3407 Vel
1018 3369 1122 3419 quie*

81 3422 290 3474 ss‘-;·'onis
324 3425 595 3465 contradictio
626 3428 952 3478 apprehenditur
983 3431 1029 3468 ut
1055 3429 1124 3469 ds-

28 3503 36 3534 4
80 3484 111 3537 gs?
201 3485 258 3529 tio
278 3486 470 3538 quaedam
487 3486 664 3538 proprias
683 3489 968 3529 aestimationis
996 3493 1038 3529 et
1059 3490 1120 3530 fa-

26 3546 50 3599 1‘
139 3557 289 3598 ‚quae
307 3547 468 3587 occasio
479 3550 553 3594 est,
576 3551 624 3587 ut
640 3548 812 3588 affectus
827 3550 882 3589 ad
899 3551 1027 3589 alium
1044 3551 1123 3591 mi·

97 3602 130 3613 '⁶
188 3622 207 3637 =·
243 3634 262 3647 .
291 3607 371 3647 Vel
398 3607 582 3660 denique
598 3609 699 3660 quia
729 3609 823 3651 haec
848 3611 1122 3653 contrarietas

1164 314 1274 356 saepe
1290 307 1481 357 promit
1498 319 1551 348 ea
1565 308 1748 360 quadam
1786 307 2194 349 minimam
2236 314 2238 316 ’
2291 318 2294 322 ’

1163 362 1365 404 doctrinm
1379 366 1558 415 propriae
1579 367 1931 408 existimationem
1937 371 1980 408 ct
1991 367 2196 408 hoa-omn

1163 427 1288 474 atque
1308 424 1389 463 alia
1405 425 1589 464 humana
1613 428 1848 476 commoda,
1877 440 1974 480 quae
1987 428 2198 481 inde-pm·

1162 485 1352 523 veniunt.
1383 484 1486 523 Hinc
1523 486 1663 524 Abbas
1699 488 1853 539 ,loseph
1885 489 1998 540 apud
2037 490 2199 530 Caenia,-

1162 554 1279 591 num,
1310 544 1446 584 collat-
1486 546 1553 591 16,
1581 557 1618 583 c.
1645 547 1671 584 8
1705 560 1714 584 :
1751 548 2080 594 Quemadmodum
2108 550 2200 603 (ait)

1162 605 1343 646 carnales
1362 606 1491 646 adhuc
1523 609 1561 645 et
1580 606 1792 647 imbecilles
1824 611 1977 653 fratres
2008 612 2052 650 ob
2081 612 2200 652 vilem

1163 669 1435 718 terrenamque
1454 666 1724 712 substantiam
1739 668 1931 708 inimicus
1945 670 2014 710 ille
2043 672 2201 723 disjm

1161 728 1224 781 9it
1241 757 1263 775 ,.
1283 729 1345 768 ita
1362 729 1479 768 etiam
1496 727 1602 767 inter
1620 727 1856 778 spirituales
1880 729 2015 780 yiqnit
2031 743 2107 782 pro
2137 733 2201 771 iu—

1164 788 1389 829 tellectuum
1403 789 1634 828 diversitate
1647 788 1901 828 discordium.
1922 788 1988 828 Ad
2004 792 2202 833 eumdem

1163 850 1334 888 modum
1357 851 1398 890 S.
1426 850 1683 898 Ambrosius,
1696 849 1739 887 in
1772 850 1890 901 epist.
1931 850 1984 889 ad
2002 853 2141 902 Rom„
2162 866 2199 893 c.

1165 912 1230 958 14,
1252 912 1434 963 exponit,
1455 916 1625 963 propter
1643 923 1808 963 pugnas
1846 911 2092 963 opinionum
2124 914 2203 952 tol—

1162 973 1308 1012 lendas
1328 974 1527 1023 scriptum
1555 973 1683 1012 fuisse
1722 977 1846 1024 caput
1878 973 1982 1012 illud
2000 973 2054 1012 ab
2074 975 2204 1025 Apos—

1161 1034 1245 1073 tolo
1269 1047 1277 1072 :
1298 1035 1615 1086 Disceptationes
1634 1034 1729 1087 (ait).
1743 1038 1859 1075 erant
1876 1035 1984 1075 inter
2007 1046 2083 1077 eos.
2105 1048 2203 1088 qiias

1159 1095 1375 1147 Apostolus
1401 1097 1614 1136 concordiae
1651 1100 1688 1138 et
1724 1096 1851 1136 saluti
1883 1096 2046 1137 studens
2065 1097 2205 1136 divina

1162 1158 1434 1208 disputatione
1463 1160 1657 1207 confutat.
1697 1157 1825 1197 Multo
1856 1169 1956 1208 ergo
1977 1158 2112 1209 magis
2152 1157 2206 1198 ab

1163 1219 1227 1257 his
1247 1219 1578 1258 dissensionibus
1595 1230 1743 1258 cavere
1766 1218 1935 1267 debent,
1957 1219 2027 1269 qui
2045 1219 2205 1270 perfec-

1163 1285 1248 1319 tam
1257 1282 1503 1320 charitatem
1515 1281 1743 1319 fraternam
1755 1281 2069 1332 concupiscunt,
2083 1285 2202 1332 prout

1166 1343 1290 1381 etiam
1322 1346 1488 1382 cautum
1521 1346 1583 1381 est
1601 1342 1646 1380 in
1687 1341 1831 1393 quinta
1856 1342 2203 1393 Congregatione‚

1160 1403 1329 1444 decreto
1346 1404 1560 1455 trigesimo
1581 1403 1734 1454 primo.

1214 1467 1257 1505 9.
1292 1466 1373 1513 Quo
1394 1467 1504 1505 modo
1528 1466 1647 1506 etiam
1676 1464 1839 1514 officiat
1857 1464 1898 1504 si
1921 1464 2097 1506 euterius
2111 1477 2205 1519 pro-

1162 1530 1252 1569 deat
1270 1528 1508 1568 contentiose
1529 1526 1785 1578 disputando.
1813 1548 1867 1555 --
1888 1525 1987 1571 Quia
2008 1539 2107 1566 vero
2130 1527 2207 1565 hu-

1162 1601 1288 1628 mana
1309 1589 1488 1627 conditio
1508 1600 1594 1626 non
1613 1587 1707 1634 fert,
1730 1590 1777 1625 ut
1795 1586 1838 1624 in
1859 1587 1925 1626 his
1944 1587 2085 1635 rebus,
2116 1600 2208 1640 (μω

1164 1650 1242 1689 sub
1263 1649 1389 1687 fidem
1410 1652 1481 1687 aut
1501 1648 1717 1687 scientiam
1735 1659 1822 1685 non
1842 1648 2012 1694 cadunt,
2035 1650 2206 1688 omnino

1161 1712 1327 1751 diversa
1357 1710 1525 1761 ingenia
1558 1709 1835 1762 consentiant,
1871 1709 1964 1748 ideo
1994 1722 2070 1760 per
2098 1710 2208 1750 hanc

1161 1774 1352 1823 regulam
1383 1785 1467 1811 non
1501 1772 1766 1823 praecipimur
1795 1771 1956 1810 nullam
1991 1772 2099 1810 inter
2129 1784 2207 1811 nos

1162 1835 1318 1874 habere
1337 1834 1581 1884 opinionum
1599 1833 1900 1881 diversitatem,
1916 1833 1984 1872 sed
1999 1836 2045 1872 ut
2063 1834 2207 1873 doetri-

1162 1908 1226 1936 noe
1245 1896 1476 1947 differentes
1500 1905 1579 1933 non
1609 1895 1893 1934 admittantur.
1930 1893 2048 1938 Quod
2068 1894 2207 1944 impri-

1161 1957 1241 1995 mis
1281 1955 1524 2006 intelligitur
1564 1954 1703 2004 quoad
1742 1953 1974 1992 doctrinam
2015 1954 2206 2001 solidam,

1161 2019 1381 2069 magisque
1424 2017 1465 2055 in
1509 2015 1690 2055 Ecclesia
1731 2015 2005 2066 approbatam
2029 2028 2039 2062 ;
2081 2016 2124 2054 in
2159 2028 2207 2055 ea

1163 2081 1278 2119 enim
1297 2091 1383 2117 non
1406 2077 1532 2116 debet
1553 2077 1711 2116 admitti
1737 2076 1954 2115 diversitas
1979 2077 2089 2115 inter
2107 2089 2205 2115 nos-

1165 2147 1266 2190 tros,
1289 2154 1384 2180 cum
1403 2153 1522 2179 novae
1545 2140 1762 2190 opiniones
1783 2139 1858 2177 tali
1875 2139 2073 2177 doctrina}
2089 2151 2206 2189 repu-

1166 2207 1343 2256 gnantes
1364 2201 1629 2240 admittendae
1650 2213 1736 2239 non
1760 2200 1866 2248 sint,
1900 2204 1946 2238 ut
1966 2200 2008 2238 in
2028 2200 2208 2238 declara-

1164 2266 1293 2312 tione,
1315 2265 1375 2303 lit.
1411 2263 1459 2310 O,
1490 2263 1653 2311 dicitur,
1677 2262 1799 2300 citato
1821 2261 1912 2300 loco
1947 2261 2209 2300 Constitutio-

1164 2338 1280 2364 num.
1313 2324 1471 2363 Deinde
1491 2324 1534 2362 in
1560 2323 1826 2374 opinionibus
1853 2323 1915 2373 (ut
1935 2322 2090 2362 ibidem
2112 2323 2208 2362 dici-

1165 2384 1248 2437 tur)
1274 2386 1319 2424 in
1346 2385 1498 2436 quibus
1519 2385 1711 2423 catholici
1734 2386 1933 2423 Doctores
1959 2385 2122 2423 variant
2149 2385 2208 2423 in-

1163 2451 1229 2487 ter
1262 2459 1321 2492 se,
1350 2447 1415 2484 vel
1446 2446 1643 2485 contrarii
1673 2450 1783 2493 sunt,
1815 2445 2046 2485 curandum
2076 2450 2138 2485 est
2165 2449 2211 2486 ut

1163 2509 1436 2548 conformitas
1468 2507 1595 2546 etiam
1632 2507 1671 2545 in
1711 2506 1914 2547 Societate
1953 2509 2031 2556 sit,
2066 2508 2210 2557 utique

1165 2569 1306 2621 quoad
1335 2569 1420 2607 fieri
1440 2568 1585 2619 possit.
1616 2568 1769 2614 Tertio,
1792 2567 1980 2618 intelligo
2001 2569 2210 2619 praecipue

1164 2630 1367 2669 intentum
1388 2641 1436 2668 ac
1462 2629 1744 2668 necessarium
1766 2641 1871 2674 esse,
1899 2633 1944 2668 ut
1964 2630 2055 2667 haec
2077 2629 2212 2667 diver-

1164 2691 1264 2730 sitas
1287 2691 1335 2741 (si
1361 2703 1442 2741 qua
1463 2689 1526 2742 sit)
1551 2702 1636 2728 non
1664 2691 1716 2729 sit
1733 2690 1775 2728 in
1803 2693 1892 2729 toto
1914 2702 2088 2741 corpore
2114 2690 2213 2730 doc·

1163 2753 1280 2792 trinae
1301 2752 1361 2803 (ut
1383 2752 1440 2790 sic
1461 2752 1630 2802 dicam),
1653 2751 1710 2790 ita
1729 2753 1775 2789 ut
1794 2751 2017 2790 videantur
2037 2762 2130 2790 esse
2148 2751 2213 2790 in-

1165 2817 1230 2853 ter
1245 2815 1409 2852 nostros
1428 2813 1548 2864 quasi
1568 2813 1717 2851 scholae
1737 2812 1977 2858 contrariae;
2000 2811 2080 2851 hoc
2099 2811 2217 2850 enim.

1165 2875 1348 2915 maxime
1374 2874 1478 2913 solet
1503 2874 1740 2913 animorum
1760 2873 2010 2912 divisionem
2028 2873 2216 2913 efficere..

1220 2937 1286 2975 10.
1318 2935 1550 2976 Diversitas
1584 2936 1794 2983 doctrinae,
1830 2946 1877 2975 ex
1909 2936 2062 2987 affectu
2096 2939 2211 2984 nata,

1166 3000 1342 3041 maxime
1357 3002 1518 3039 vetatur
1533 3011 1561 3038 u
1576 2999 1732 3050 reyula.
1747 3019 1801 3026 -—-
1816 2996 1925 3037 Illud
1941 2998 2067 3036 etiam
2085 2997 2215 3036 maxi-

1168 3073 1238 3101 me
1260 3073 1312 3100 ex
1331 3060 1371 3099 vi
1395 3059 1504 3098 illius
1532 3059 1689 3111 regulae
1717 3058 1880 3098 videtur
1907 3059 2134 3104 intentum,
2166 3059 2215 3096 ut

1171 3123 1388 3162 diversitas
1406 3121 1619 3169 doctrinae,
1643 3132 1736 3171 quae
1757 3133 1807 3160 ex
1823 3121 1974 3159 affectu
1995 3125 2034 3158 et
2055 3119 2211 3157 directa

1170 3186 1384 3225 voluntate
1401 3183 1601 3235 procedit,
1616 3183 1732 3222 nulla
1747 3183 1910 3222 ratione
1924 3181 2206 3232 permittatur:

1168 3255 1352 3297 namque
1374 3258 1425 3284 ex
1439 3245 1628 3284 instituto
1645 3244 1877 3284 doctrinam
1893 3242 2063 3282 alterius
2084 3251 2193 3291 oppu

1169 3320 1314 3359 gnare,
1348 3307 1551 3346 indicium
1576 3307 1804 3346 vehemens
1837 3308 1900 3343 est
1931 3299 2202 3343 dissentienti-

1169 3370 1307 3421 potius
1340 3368 1565 3407 voluntatis
1597 3377 1725 3418 quam
1755 3365 2002 3409 intellectus,
2042 3365 2081 3399 et
2113 3359 2215 3398 ideo

1170 3442 1262 3470 non
1268 3434 1405 3481 potest
1420 3441 1505 3468 non
1521 3430 1696 3468 nimium
1711 3438 1864 3467 nocere
1881 3421 2083 3464 charitati.
2102 3420 2211 3458 Tan-

1171 3491 1269 3530 dem
1288 3491 1344 3530 ad
1361 3491 1691 3530 observationem
1714 3488 1839 3538 hujus
1855 3483 2010 3535 regulae
2029 3481 2206 3520 maxime

1171 3551 1380 3604 pertinet,
1396 3555 1443 3592 ut
1460 3563 1547 3590 non
1566 3562 1659 3590 cum
1681 3547 1911 3589 offensione
1930 3542 2100 3582 alterius
2119 3552 2214 3593 eju-

1170 3612 1361 3654 doctrina
1388 3615 1654 3665 oppugnetur
1678 3609 1726 3648 in
1745 3605 1923 3660 publicis
1945 3602 2208 3649 lectionibus.
