2352 3880
19 435 86 456 ;’·’

20 466 82 483 εἰ.

28 506 58 518 2³

62 485 79 517 ἰ

14 610 27 614 ,c
52 592 74 611 ‘at

131 359 144 415 ’.Γ
158 350 238 430 L}
259 387 451 428 Auctoris
461 389 802 441 judiciumjvaoeta
819 389 1043 441 opinionem
1058 389 1148 432 Am-

116 450 416 501 mmL—Ego
445 463 543 490 vero
575 451 671 490 hinc
696 451 866 490 ulterius
885 452 1048 502 colligo,
1074 465 1146 492 ca—

29 534 33 536 -
63 521 75 542 -·
116 521 206 551 sum
227 510 352 557 hunc,
381 512 432 551 de
458 523 539 563 quo
556 512 849 562 agimus,.non
873 513 1004 553 videri
1036 514 1143 554 deci-

116 573 296 614 dendum
316 579 496 626 respectu
529 575 740 614 Societatis
769 587 818 615 ex
843 576 914 616 illo
935 579 1031 627 jure
1057 588 1145 630 spe-

115 635 210 674 ciali
232 647 304 686 pro
324 635 516 675 frati-ibus
533 636 761 676 Minoribus
778 637 1006 689 deelzirat03
1027 640 1140 691 quia,

114 695 209 735 lieet
227 696 403 736 Societas
421 697 600 746 professa
610 697 664 737 ·in
683 699 820 749 aliquo
849 712 940 739 cum
972 701 1028 740 eis
1047 713 1142 740 con·

114 757 252 797 veniat
269 758 312 797 in
330 759 539 798 communi
561 765 814 812 paupertate,
837 774 918 800 non
940 766 1078 802 tamen
1096 763 1141 804 in

111 819 324 865 omnibns:
351 833 434 860 non
466 825 528 862 est
552 833 651 871 ergo
673 835 835 863 necesse
856 825 904 863 ad
934 825 1046 864 illam
1071 837 1140 865 ex-

108 881 275 921 tendere
294 882 395 922 illud
422 883 491 935 jus
515 885 700 936 speciale,
732 898 803 926 seu
823 886 1138 927 declarationem

108 941 238 990 illam,
259 957 349 996 quae
369 958 442 996 per
462 959 504 986 se
523 959 605 987 non
628 952 780 999 spectat
799 949 850 987 ad
871 949 1139 990 substantiam

107 1007 371 1057 paupertatis·
410 1008 526 1048 Unde
569 1015 769 1061 quantum
804 1011 854 1050 ad
897 1011 1138 1052 Societatem

106 1066 358 1118 prohabilem
380 1082 524 1110 censeo
543 1072 775 1122 opinionem
796 1073 1007 1112 Antonini.
1036 1073 1137 1120 Quia

105 1138 204 1168 vero
222 1130 397 1170 Societas
417 1144 498 1171 non
517 1133 692 1183 acquirit
704 1133 773 1184 jus
800 1133 933 1180 civile,
961 1146 1043 1173 non
1066 1146 1136 1185 po-

103 1190 203 1228 terit
226 1197 358 1242 petere
378 1192 458 1231 tale
476 1193 680 1243 legatum
704 1195 738 1233 si
759 1201 894 1243 autern
917 1195 1045 1234 haeres
1068 1207 1135 1235 vo-

105 1248 229 1289 luerit
250 1252 345 1291 dare
369 1254 678 1294 aestimationem
703 1256 803 1306 ejus,
827 1256 892 1294 vel
914 1258 1134 1307 ipsummet

104 1308 279 1351 liberum
301 1317 340 1351 et
355 1315 505 1364 rejecta
516 1316 747 1355 conditione
758 1318 930 1364 tradere,
948 1318 1054 1357 licite
1071 1331 1133 1358 ac-

102 1374 254 1423 ceptari
275 1379 417 1425 potest,
445 1377 541 1428 quia
567 1390 642 1417 nec
661 1383 770 1425 voto,
803 1392 877 1418 nec
899 1380 1019 1418 alicui
1052 1381 1134 1430 J‘uri

102 1431 311 1474 Societatis
339 1443 553 1489 repugnat.
577 1441 639 1479 An
667 1452 763 1479 vero
786 1441 914 1480 haeres
947 1447 1134 1481 teneatur

98 1493 144 1535 in
174 1497 416 1537 conscientia
435 1499 510 1538 hoc
532 1501 652 1540 modo
681 1502 777 1541 dare
797 1502 976 1552 legatum
998 1504 1133 1543 Socie-

101 1556 190 1603 tati,
213 1559 401 1598 existimo
431 1561 475 1599 in
494 1562 628 1613 rigore
650 1576 731 1602 non
762 1566 906 1614 teneri,
941 1566 1038 1616 quia
1070 1565 1130 1604 illi

99 1623 256 1657 constat
276 1633 357 1659 non
378 1622 498 1661 fuisse
514 1625 635 1663 talem
659 1626 908 1664 voluntatem
930 1627 1128 1675 defuncti,

98 1682 140 1719 et
157 1680 308 1732 alioqui
325 1683 417 1733 jura
429 1685 577 1734 civilia,
597 1699 686 1737 quae
703 1688 752 1726 de
771 1688 1004 1738 hujusmodi
1019 1689 1128 1740 lega-

97 1740 151 1779 tis
170 1742 406 1794 disponunt,
430 1746 482 1784 ibi
515 1759 598 1786 non
624 1748 822 1799 ohligant,
845 1752 940 1800 quia
959 1763 1041 1789 non
1063 1763 1129 1790 ac-

95 1803 272 1854 quiritur
288 1806 353 1856 jus
378 1807 509 1848 civile.

106 1915 111 1922 .
147 1866 213 1904 16.
231 1867 390 1913 ρηαιιιίυ
401 1869 574 1920 Zeyutum
587 1873 903 1923 paupertatinon
915 1882 1124 1926 repuqnat,

94 1930 200 1967 certa
220 1930 421 1968 resolutio.
438 1932 685 1970 —Secuiido
704 1963 713 1975 ,
750 1939 878 1984 potest
911 1936 986 1975 hoc
1015 1938 1126 1988 lega·

54 2029 57 2035 7
92 1988 180 2027 tum
206 1990 398 2043 relinqui,
420 1992 484 2031 vel
505 1993 581 2031 sub
598 2006 785 2044 expressa
808 1998 1055 2046 conditione,
1079 2004 1124 2039 ut

48 2045 51 2048 ¹
92 2058 351 2091 convertatur
369 2054 409 2092 in
433 2055 651 2094 utilitatem
672 2058 896 2101 Societatis,
926 2073 975 2098 eo
1003 2062 1122 2101 modo

91 2122 173 2164 quo
194 2114 301 2153 licite
320 2118 509 2167 potuerit,
530 2120 593 2157 vel
610 2120 847 2170 simpliciter
866 2121 1040 2172 legando
1062 2129 1120 2163 ta-

91 2172 170 2214 lem
192 2189 292 2223 rem,
313 2182 353 2216 et
375 2179 475 2217 nihil
495 2180 752 2229 declarando,
772 2187 812 2221 et
839 2182 881 2220 hi
902 2184 983 2222 duo
1011 2186 1121 2224 modi

94 2238 398 2288 aequiparzintur
431 2241 474 2279 in
504 2242 619 2293 jure3
643 2244 739 2294 quia
771 2245 929 2295 quoties
961 2251 1124 2286 contra·

92 2298 199 2337 rium
231 2312 312 2339 non
343 2303 590 2354 explicatur,
611 2306 856 2356 intelligitur
880 2311 1044 2347 testator
1065 2308 1119 2348 le-

92 2371 189 2411 gare
209 2375 256 2401 eo
276 2365 394 2402 inodo
415 2378 494 2416 quo
513 2367 657 2405 melius
680 2372 824 2418 potest,
849 2374 894 2407 ut
916 2371 958 2408 iu
988 2372 1119 2421 specie

90 2421 321 2462 declaratur
335 2426 373 2462 in
396 2426 492 2465 dict.
512 2440 545 2465 c.
562 2429 696 2474 Exiit,
719 2428 928 2480 §Aetnaea
948 2432 991 2470 In
1009 2438 1117 2471 utro-

90 2496 169 2537 que
191 2498 287 2536 ergo
307 2501 399 2526 casu
419 2490 597 2528 validum
626 2495 684 2529 est
712 2491 907 2541 legatum,
930 2498 970 2532 et
997 2507 1021 2534 a
1045 2496 1119 2535 So-

89 2548 234 2586 cietate
253 2553 452 2600 acceptari
476 2556 616 2602 potest,
640 2552 689 2590 ad
711 2565 828 2591 usum
850 2567 930 2592 suae
949 2567 1118 2606 pauper-

86 2610 163 2648 tati
179 2612 506 2659 convenientem,
524 2617 568 2651 ut
588 2613 816 2652 declaratur
835 2616 874 2653 iu
895 2622 1007 2655 sexta
1030 2629 1117 2665 par-

87 2674 128 2712 te
153 2672 512 2721 constitutionum,
542 2687 576 2713 c.
600 2676 640 2721 Ξ,
667 2675 730 2713 lit.
751 2676 795 2721 E,
820 2677 887 2714 ubi
905 2678 946 2715 in
968 2691 1117 2728 genere

87 2732 234 2773 dicitur
252 2747 262 2775 ε
284 2735 482 2786 Quidquid
495 2737 639 2776 stabile
658 2738 724 2776 illi
741 2739 875 2778 datum
896 2741 1035 2787 suerit,
1062 2746 1115 2783 te-

86 2799 245 2844 matur,
275 2809 314 2836 eo
344 2799 638 2850 quamprimum
655 2804 820 2851 poterit,
851 2812 893 2840 se
912 2814 1050 2843 exuere
1070 2815 1117 2844 ac

87 2859 261 2905 vendere,
283 2860 579 2910 utpauperibus
596 2861 830 2910 Societatem,
852 2864 910 2902 vel
925 2866 1114 2912 excerni-5¹,

89 2929 161 2959 sua
188 2919 232 2958 in
248 2922 416 2970 penuria
444 2922 731 2969 subveniatur‚·
762 2924 868 2974 quod
893 2938 942 2963 ex
970 2931 1117 2965 natura

88 2979 147 3019 rei
163 2985 222 3018 est
243 2982 530 3030 necessarium,
551 2986 760 3035 supposito
773 2986 844 3024 tali
862 2992 970 3034 voto,
992 2993 1031 3026 et
1046 2988 1118 3027 tali

87 3053 237 3092 genere
262 3045 524 3093 paupertatis.
550 3046 598 3083 Et
626 3046 683 3084 ita
703 3059 920 3087 commune
940 3049 1014 3087 hoc
1034 3062 1118 3089 esse

91 3102 281 3140 omnibus
309 3105 650 3151 mendicantibus,
686 3110 757 3159 qui
779 3116 1055 3161 paupertatem
1075 3111 1119 3150 in

92 3163 300 3202 communi
333 3165 570 3217 observant,
606 3169 709 3207 dixit
744 3171 995 3213 Antoninus,
1021 3173 1118 3212 dict.

93 3227 179 3263 not.
193 3225 239 3271 7;
256 3227 295 3262 et
312 3226 530 3277 Navarrus‚
545 3229 587 3268 in
604 3231 830 3271 Comment.
850 3234 875 3271 ⁶2
900 3234 950 3273 de
973 3234 1115 3284 Regni.

93 3283 154 3325 Ad
184 3285 382 3324 tollendos
403 3299 498 3328 vero
520 3294 726 3344 scrupulos
749 3297 913 3334 auditur
946 3296 989 3334 in
1018 3307 1122 3347 prae·

94 3345 205 3386 dieta
221 3347 507 3397 declaratione,
526 3351 586 3391 lit.
602 3354 649 3402 E,
668 3367 780 3405 posse
801 3358 1003 3408 expectari
1019 3361 1121 3396 tem-

95 3409 203 3459 poris
222 3411 585 3462 opportunitatem,
602 3426 654 3455 ne
665 3417 767 3456 forte
787 3420 1054 3458 necessarium
1071 3418 1122 3458 sit

96 3469 220 3509 vilius
255 3483 343 3509 rem
365 3472 605 3523 dix-endere,
635 3488 758 3527 quain
786 3485 994 3530 oporteat3
1027 3479 1124 3520 facit

19 3534 54 3590 ,J
98 3529 222 3571 etiam
243 3533 294 3570 ad
309 3533 400 3582 hoc,
419 3535 527 3585 qnod
548 3536 590 3575 in
609 3535 770 3576 decreto
788 3541 1125 3593 quinquagesimo

101 3588 232 3642 primo
242 3594 576 3648 congregationis
587 3598 769 3651 septimae
779 3599 856 3640 fuit
863 3602 1123 3644 deciaratum.

224 236 235 251 f
347 169 351 174 ἡ
409 201 503 237 ΰΑΡ.
522 201 565 237 X.
585 202 645 237 Ait
664 198 894 239 meritum}
914 175 1130 242 SOERRYGFI
1147 201 1303 243 cmm
1313 207 1964 262 ‘thrxffmmumm
1992 215 1993 218 ¹

232 271 236 275 ’
264 289 274 299 ».
293 287 298 299 1
311 278 327 316 ¹,
357 263 410 305 de
429 265 764 322 Institutionihps
785 270 832 308 et
849 266 1149 308 substitutione

1927 144 2006 178 ”e

1602 341 1768 384 CAPUT
1791 317 1843 385 x'.

1198 453 1256 484 ΔΝ
1280 456 1494 488 mLmA'rA
1515 461 1715 493 summum
1741 467 1881 499 cAPrrE
1902 472 2128 507 PAUPERTAS
2143 477 2235 510 GOR-

1356 519 1526 552 VBNIRNS
1553 525 1614 554 SIT
1637 526 1840 558 soclE'rATI
1866 532 2078 566 PROFESSAE.

1251 636 1292 675 1.
1319 636 1411 675 ,lam
1431 638 1560 689 quaeri
1590 637 1657 678 hic
1674 644 1827 690 potest,
1850 654 1924 682 cur
1942 646 2120 690 Societas
2139 662 2233 703 pm-

1194 695 1298 736 fessa
1326 698 1438 737 hunc
1470 693 1636 755 modui'n
1662 705 1933 753 paupertatis,
1953 718 2074 757 quam
2096 711 2232 754 hante.

1195 771 1274 800 nus
1292 761 1336 799 in
1355 762 1542 811 proximo
1561 763 1690 814 rapite
1711 765 1988 815 exposuimus,
2014 771 2233 820 amplepta.

1195 825 1283 872 tur3
1302 827 1348 861 ut
1366 823 1477 862 enim
1505 836 1616 863 nunc
1634 825 1872 864 omittamus
1900 830 2109 877 generales
2127 834 2231 873 diffi-

1196 885 1388 933 cultates,
1411 897 1502 936 quae
1521 885 1570 924 de
1589 886 1665 924 hac
1692 892 1932 938 paupertate
1957 890 2000 929 in
2021 895 2229 934 communi

1193 952 1314 988 motae
1334 951 1429 986 sunt
1457 947 1501 986 in
1533 948 1724 997 Ecclesia,
1746 954 1786 988 et
1814 951 1854 989 in
1882 955 1995 991 tomo
2030 956 2230 1004 superiori

1192 1014 1288 1048 sunt
1321 1013 1519 1055 tractatae,
1552 1011 1779 1061 specialiter
1810 1013 1937 1052 videri
1971 1019 2103 1065 potest
2140 1016 2230 1056 haec

1191 1075 1410 1122 paupertas
1429 1073 1564 1110 minus
1583 1073 1886 1112 accommodata
1909 1075 2004 1113 huic
2025 1076 2226 1116 instituto.

1191 1134 1342 1183 Primo,
1358 1135 1454 1185 quia
1476 1147 1568 1173 cum
1591 1136 1734 1173 modus
1761 1137 1938 1184 vivendi,
1961 1138 2004 1176 in
2034 1139 2113 1187 his,
2136 1151 2226 1189 quai

1190 1197 1240 1237 ad
1261 1199 1451 1236 vestitum
1471 1201 1511 1236 et
1530 1197 1668 1236 cibum
1695 1199 1916 1248 pertinent,
1939 1212 2013 1238 nec
2033 1201 2085 1239 sit
2104 1201 2228 1241 nimis

1188 1264 1393 1304 austerus,
1428 1271 1504 1298 nec
1539 1261 1662 1298 nimis
1697 1260 1876 1309 abjectus
1907 1273 1954 1299 ac
1990 1263 2095 1309 vilis,
2130 1263 2226 1302 talis

1187 1322 1438 1372 paupertatis
1457 1321 1602 1359 modus
1629 1333 1711 1359 non
1740 1325 1847 1359 recte
1867 1334 1959 1360 cum
1990 1323 2061 1361 illo
2082 1336 2224 1362 conso-

1188 1387 1280 1429 nnt;
1302 1387 1389 1421 tum
1410 1383 1506 1433 qnia
1526 1382 1568 1420 in
1588 1386 1756 1420 externa
1777 1384 1908 1433 speeie
1928 1395 2011 1422 non
2033 1385 2226 1424 videntur

1187 1445 1230 1485 hi
1260 1445 1439 1495 religiosi
1458 1449 1615 1482 tantam
1638 1448 1918 1494 paupertatem
1944 1457 2023 1494 prae
2041 1457 2083 1483 se
2101 1445 2223 1493 ferre,

1187 1512 1344 1559 oportet
1363 1511 1500 1544 autem
1529 1509 1574 1543 ut
1593 1506 1812 1543 exteriores
1836 1506 2016 1543 actiones
2044 1519 2135 1544 cum
2158 1519 2225 1545 ex-

1184 1570 1322 1608 teriori
1358 1568 1501 1606 habitu
1537 1566 1795 1605 concordent.
1835 1568 1937 1605 Tum
1971 1568 2094 1605 etiam
2128 1569 2225 1618 quia

1184 1636 1304 1670 erunt
1325 1631 1447 1668 nimis
1473 1629 1632 1667 onerosi
1664 1628 1753 1665 aliis
1782 1627 1992 1674 fidelibus,
2017 1629 2113 1678 quia
2132 1629 2223 1679 plu-

1183 1694 1295 1733 ribus
1312 1693 1499 1740 indigent
1519 1691 1567 1728 ad
1588 1702 1702 1728 snam
1724 1690 2077 1737 sustentationem,
2098 1702 2223 1740 quam

1183 1756 1250 1796 alii
1276 1766 1473 1806 pauperes
1503 1752 1696 1797 religiosi.
1718 1751 1925 1798 Secundo,
1949 1752 2069 1801 quia,
2092 1751 2223 1790 consi-

1183 1818 1322 1856 dei-ato
1344 1816 1423 1854 fine
1443 1815 1589 1853 harum
1610 1815 1826 1851 domorum
1841 1841 1852 1857 ,
1875 1823 1958 1849 non
1979 1812 2142 1849 videtur
2161 1811 2220 1852 illi

1180 1879 1485 1931 proportionata
1504 1875 1589 1912 haec
1608 1878 1845 1924 paupertas3
1867 1885 1959 1910 cum
1979 1877 2119 1910 tamen
2135 1878 2219 1915 tota

1181 1940 1373 1992 perfectio
1414 1937 1664 1989 paupertatis
1703 1935 1904 1981 religiosae
1946 1935 2139 1972 consistat
2175 1935 2219 1976 in

1179 2002 1438 2053 proportione
1465 1999 1514 2036 ad
1540 1997 1665 2035 finem
1690 1996 1901 2039 religionis
1926 1998 2044 2042 ,iuxta
2069 1996 2218 2035 doctri-

1177 2076 1271 2103 nam
1296 2064 1338 2100 D.
1354 2062 1520 2100 'rhomae
1539 2060 1582 2097 in
1598 2059 1721 2096 citato
1742 2062 1854 2095 tomo
1871 2058 2103 2096 adductam.

1229 2127 1268 2165 2.
1302 2124 1492 2164 Prolaacz'n
1513 2133 1594 2160 uua
1621 2121 1799 2170 prwimz'
1819 2120 2060 2170 aryumerici.
2074 2118 2217 2158 —An-

1176 2187 1366 2226 tes-edens
1385 2185 1468 2223 sive
1489 2186 1746 2231 assumptum
1765 2181 1886 2230 hujus
1907 2179 2075 2218 secundi
2097 2192 2215 2230 argu-

1176 2250 1303 2288 menti
1323 2251 1446 2299 patet,
1468 2246 1562 2296 quia
1590 2244 1684 2281 finis
1709 2242 1919 2281 Societatis
1946 2244 2134 2291 protessae
2157 2246 2215 2281 est

1174 2309 1419 2360 Evangelica
1452 2306 1713 2358 praedicatio,
1747 2309 1788 2342 et
1815 2303 1974 2340 fructi-s
2000 2303 2087 2351 ejus
2121 2315 2214 2342 cum

1175 2371 1411 2413 ministeriis
1431 2368 1490 2407 illi
1514 2369 1707 2412 aunexi53
1724 2365 1774 2403 ad
1798 2364 1908 2402 hunc
1926 2368 2063 2401 autem
2087 2363 2214 2403 finem

1174 2433 1428 2476 commodius
1454 2429 1662 2467 videretur
1678 2427 1828 2464 habere
1850 2426 2103 2463 moderatam
2127 2437 2214 2464 31154-

1172 2501 1441 2537 tentationem
1469 2503 1517 2529 ex
1549 2490 1723 2540 propriis
1758 2487 1876 2525 honis
1910 2487 1954 2524 in
1986 2486 2210 2534 communi,

1172 2562 1259 2597 tum
1298 2556 1393 2607 quia
1430 2553 1631 2590 minorem
1667 2550 1830 2587 aflei-ret
1867 2548 2210 2597 sollicitiuliiiem3

1173 2619 1342 2659 omniuo
1376 2616 1487 2653 enim
1523 2612 1711 2650 omittere
1747 2620 1889 2647 curam
1922 2608 2212 2657 temporalium

1172 2679 1360 2733 possibile
1378 2689 1461 2715 non
1482 2679 1556 2717 est,
1576 2672 1836 2724 perfectionis
1855 2682 1952 2708 vero
1974 2676 2033 2708 est
2061 2669 2211 2717 eligere

1170 2743 1402 2783 minimam,
1420 2748 1511 2788 quae
1532 2735 1726 2781 sufficiam
1750 2734 1885 2770 minus
1908 2736 2045 2769 autem
2069 2731 2211 2769 videu—

1172 2810 1240 2845 tur
1259 2801 1474 2841 sollicitare
1494 2795 1753 2847 temporalia,
1772 2794 1938 2844 quando
1956 2804 2050 2830 cum
2072 2791 2210 2859 mode:

1172 2865 1330 2906 ratione
1361 2867 1402 2900 et
1435 2861 1476 2898 in
1512 2857 1718 2896 communi
1757 2855 1979 2897 hahentur,
2018 2863 2142 2902 quam
2176 2863 2211 2890 ει

1172 2927 1341 2966 omuino
1355 2935 1437 2962 non
1455 2920 1698 2964 habeantur,
1715 2922 1754 2954 et
1769 2920 1952 2966 oporteat
1966 2914 2126 2952 assidue
2141 2912 2212 2951 illa

1172 2998 1357 3041 quaerere
1378 2989 1418 3023 et
1439 2991 1667 3034 procurare.
1686 2979 1861 3018 Maxime
1879 2977 1977 3027 quia
1993 2975 2070 3013 hoc
2085 2975 2210 3012 etiam

1173 3062 1266 3090 cum
1301 3045 1447 3097 majori
1473 3041 1656 3094 periculo
1688 3040 1749 3086 fit,
1780 3050 1903 3090 quam
1935 3037 1968 3074 si
2001 3036 2210 3074 moderata

1174 3112 1280 3151 bona
1301 3109 1652 3147 administrentur.
1671 3102 1786 3148 Item,
1808 3101 1905 3150 quia
1924 3098 2000 3136 hoc
2020 3108 2091 3147 per
2111 3106 2211 3146 pau-

1176 3185 1242 3212 cos
1273 3170 1361 3209 fieri
1383 3171 1527 3220 potest,
1550 3169 1591 3203 et
1615 3165 1672 3202 ita
1703 3162 1773 3201 alii
1805 3160 1984 3211 expediti
2005 3161 2125 3196 erunt
2159 3154 2209 3194 ad

1174 3230 1577 3281 contemplationem,
1605 3225 1786 3263 studium
1806 3226 1848 3260 et
1865 3219 2119 3284 spiritualem
2144 3227 2209 3283 ac-

1172 3288 1346 3339 tionem,
1366 3303 1455 3342 qnae
1471 3292 1566 3327 suut
1583 3286 1746 3338 propria
1762 3295 1887 3335 opera
1904 3282 2028 3331 hujus
2045 3278 2208 3326 religio-

1175 3356 1261 3403 nis,
1284 3358 1324 3393 et
1354 3354 1570 3402 requirunt
1598 3348 1807 3386 hominem
1837 3343 1955 3381 valde
1981 3340 2157 3378 liberum
2184 3344 2209 3372 a

1174 3414 1469 3468 temporalibus
1487 3416 1526 3450 et
1552 3407 1828 3460 corporalibus
1846 3404 1965 3442 curis.
2043 3458 2052 3465 ·

1231 3480 1272 3521 3.
1301 3476 1495 3520 probatio
1529 3476 1671 3511 attera.
1705 3490 1759 3500 -
1786 3466 1964 3512 lienique
1999 3463 2127 3523 etrum
2159 3466 2212 3495 ex

1177 3543 1295 3597 parte
1312 3547 1452 3577 eorum
1470 3533 1620 3589 quihus
1638 3526 1947 3590 praed'icaudninv
1957 3523 2035 3587 est,
2055 3517 2215 3556 vide-tur

1181 3598 1438 3642 cummodius
1466 3606 1552 3637 non
1573 3591 1754 3647 pendere
1776 3585 1829 3628 ab
1852 3583 1999 3624 uliam
2014 3583 2218 3620 sustenta-
