2352 3880
35 284 41 300 ¹.
164 266 192 299 z‘.
219 265 222 268 ·
262 262 283 279 υ
297 252 299 254 ’
317 266 344 293 ,
339 255 495 285 verum
513 245 639 286 etiam
640 244 792 298 petitio
806 257 903 286 cum
913 245 1109 286 talicun-

77 350 84 362 .
116 318 123 332 ³
160 301 316 362 finum
340 306 453 357 quod
479 306 665 357 intelligo
696 309 790 346 tam
800 306 853 346 de
874 305 1059 346 formali
1067 307 1108 345 et

103 363 197 426 ,312
214 380 289 414 sa,
315 379 441 419 quam
457 367 511 408 de
526 367 734 420 implicita
743 370 785 406 et
799 379 882 418 per
894 365 1107 407 circumlo-

76 431 82 434 ’
101 438 110 455 ³
119 424 149 463 θ’
160 447 166 462 -·
178 458 191 477 ,
200 429 296 480 quia
305 429 516 469 moraliter
524 428 786 480 aequivalent.
796 429 1003 476 Secundo,
1013 427 1106 468 sim-

71 512 75 518 ·
98 486 133 523 ³⁸v
157 490 328 542 :petitio
339 489 604 542 permittitur,
612 492 837 529 nummata
850 502 949 529 vero
963 488 1105 529 mode-

107 543 251 620 tione,
268 555 312 590 ut
327 551 424 590 sola.
434 550 658 589 necessitas
672 550 919 601 explicanda
929 551 1103 590 dicatur.

45 643 53 662 ⁷:
69 615 74 636 ²
91 612 194 652 unde
214 612 247 652 si
267 612 317 652 sit
331 611 504 650 fortasse
517 611 752 662 collegium,
774 612 932 651 nullam
946 612 1103 651 hahens

48 684 217 714 veram
234 672 537 720 necessitatem,
553 672 625 720 ibi,
639 673 753 723 juxta
767 673 981 724 regulam,
989 671 1102 712 nulla

47 733 200 777 debet
215 733 303 772 fieri
329 734 563 783 postulatio.
592 734 727 773 Te1tio
755 735 879 774 etiam
899 739 997 774 tunc
1016 745 1103 773 nou

39 803 51 807 ·
65 794 323 854 'permittitur
335 795 491 845 aliquid
503 795 774 835 determinate
789 796 1016 847 postulare,
1030 794 1104 834 sed

44 862 50 867 “
72 855 317 901 necessitate
339 856 563 907 proposita,
587 857 786 896 voluntati
808 856 1104 896 testator-isde-

46 913 302 963 {finitionem
319 917 564 967 relinquere,
584 917 802 968 solumque
828 919 864 957 ei
889 917 1103 957 consulere

71 983 120 1021 'ut
135 983 237 1027 oret,
258 983 298 1018 et
317 983 428 1030 petat
443 980 624 1018 divinam
643 980 972 1030 inspirationem,
1003 983 1045 1018 ut
1062 978 1104 1017 id

73 1044 241 1088 statuat,
261 1040 370 1092 quod
395 1042 481 1079 Deo
499 1040 654 1091 gratius
683 1040 819 1078 fuerit.
847 1040 943 1085 Quae
966 1039 1105 1078 omnia

44 1151 50 1155 Δ
73 1105 264 1143 constant
284 1113 374 1141 esse
390 1101 510 1140 valde
528 1101 663 1140 aliena
674 1101 726 1139 ab
741 1100 890 1140 affectu
907 1112 1102 1148 avaritiae,

73 1163 293 1216 potiusque
308 1175 399 1200 esse
421 1166 699 1200 consentanea
714 1161 871 1212 spiritui
887 1165 1105 1212 pauperta-

73 1222 141 1272 tis,
163 1227 208 1262 ut
239 1224 279 1261 in
301 1223 422 1261 simili
443 1223 541 1261 dixit
561 1223 748 1261 Clemens
769 1223 816 1269 V,
841 1222 883 1260 in
904 1222 1102 1261 Clement.

73 1284 219 1331 Eoeivi,
241 1296 348 1323 vers.
377 1284 466 1326 Nos
497 1287 640 1330 autem,
663 1283 714 1322 de
734 1283 857 1322 Verb.
886 1283 1104 1334 signifieat.

127 1346 194 1385 10.
221 1344 404 1386 Secunda
424 1345 583 1394 objectio
611 1345 729 1384 ctiam
757 1345 962 1392 refellitur
981 1357 1106 1384 exem-

70 1405 165 1461 plis.
179 1429 230 1434 -—
242 1405 430 1445 Secunda
451 1404 625 1455 objectio
640 1404 817 1455 pertinet
837 1405 890 1443 ad
909 1405 1107 1443 auxilium

73 1479 217 1507 eorum
232 1467 299 1517 qui
316 1469 481 1520 propter
494 1465 643 1504 delicta
663 1465 912 1504 damnantur
933 1465 984 1504 ad
1000 1477 1106 1504 mor-

73 1532 179 1578 tem;
216 1527 578 1578 reprehenduntur
608 1527 718 1565 enim
751 1527 896 1574 nostrl,
927 1538 975 1565 eo
996 1531 1108 1577 quod

73 1589 153 1629 sint
175 1589 347 1627 nimium
369 1588 528 1627 solliciti
560 1587 668 1626 cirea
693 1587 819 1627 vitam
849 1588 1109 1638 corporalem

73 1662 232 1695 eorum,
254 1649 498 1701 importunis
520 1649 726 1700 precibuS,
748 1649 814 1688 vel
842 1649 931 1687 aliis
961 1650 1108 1689 mediis

73 1711 334 1763 procurando
354 1710 593 1762 hujusmodi
613 1722 781 1761 poenam
798 1710 1013 1761 impedire.
1032 1713 1109 1751 Ve-

74 1778 308 1811 rumtamen
326 1772 412 1811 haec
432 1773 698 1823 reprehensio
716 1772 762 1822 (si
776 1772 854 1814 hoe
869 1773 1036 1811 nomine
1051 1773 1109 1811 di-

75 1845 157 1884 gna
185 1833 257 1884 est)
279 1845 362 1871 non
381 1837 440 1872 est
460 1834 679 1884 peculiaris
700 1834 929 1879 Societatis,
953 1834 1026 1873 sed
1045 1845 1110 1873 re-

72 1895 313 1945 ligiosorum
334 1894 533 1941 omnium,
569 1907 653 1932 non
683 1895 817 1932 solum
840 1895 1110 1944 praesentium

72 1959 306 2006 temporum
319 1984 328 2002 ,
366 1955 439 1993 sed
463 1955 585 1993 etiam
621 1955 936 2006 praeteritorum.
971 1955 1110 1995 Refert

74 2074 371 2118 monachorum
394 2073 625 2111 institutum
644 2073 771 2112 fuisse
792 2085 865 2123 pro
890 2074 1053 2112 miseris
1068 2077 1110 2113 et

76 2136 282 2190 oppressis
318 2134 590 2173 intercedere.
642 2135 690 2172 Et
730 2135 781 2172 de
822 2135 867 2172 B.
903 2135 1080 2173 Antonio
1098 2165 1107 2183 ‚

76 2198 264 2252 quamvis
286 2207 417 2247 genus
438 2195 528 2234 vitae
551 2194 780 2234 solitarium
802 2196 980 2234 maxime
999 2196 1111 2235 cole-

77 2265 153 2307 ret,
188 2257 320 2308 inquit
345 2257 615 2304 Sozomenus‚
647 2256 675 2294 l.
713 2258 732 2295 1
758 2256 927 2302 Histor.,
961 2269 997 2295 c.
1031 2258 1107 2296 13:

77 2321 205 2364 Porro
226 2324 355 2360 autem
374 2319 418 2358 in
442 2317 728 2362 defensionibus
746 2329 892 2366 eorum,
914 2318 983 2370 qui
1001 2322 1114 2358 erant

77 2382 236 2435 injuria
247 2381 399 2432 affecti,
412 2390 519 2418 nemo
535 2379 627 2430 plus
637 2390 762 2429 operte
778 2379 947 2420 studiive
960 2380 1110 2429 posuit,

79 2444 173 2487 adeo
191 2446 239 2482 ut
258 2453 389 2482 eorum
406 2452 528 2480 causa
549 2452 651 2491 soepe
680 2442 732 2480 ad
752 2442 867 2480 urbes
886 2453 925 2480 se
944 2441 1112 2480 contule-

77 2506 151 2546 rit.
168 2504 324 2544 Clarius
344 2502 582 2553 exemplum
610 2506 671 2541 est
690 2503 802 2553 quod
822 2502 873 2541 de
896 2503 1112 2541 Ambrosio

79 2564 219 2611 refert,
239 2565 265 2603 l.
282 2565 322 2610 7,
339 2575 374 2602 e.
394 2564 461 2611 23,
478 2563 646 2611 scilicet,
662 2563 926 2602 Ambrosium
947 2563 999 2601 ad
1015 2564 1114 2602 Gra-

81 2627 240 2668 nanum
258 2626 552 2676 Imperatorem
570 2625 806 2671 accessisse,
828 2628 873 2663 ut
890 2624 1114 2675 quemdam

81 2687 280 2728 illustrem
309 2687 442 2725 virum
462 2685 515 2723 ad
534 2688 711 2724 mortem
736 2685 979 2724 damnatum
1008 2684 1113 2723 libe-

80 2752 205 2788 raret.
228 2748 277 2786 Et
298 2759 383 2786 non
411 2750 532 2785 antea
553 2757 721 2784 causam
752 2746 955 2794 omisisse,
988 2757 1115 2796 quam

82 2809 247 2850 veniam
265 2820 290 2847 a
302 2808 494 2847 Gratiano
515 2806 791 2858 impetrasset.
809 2807 869 2845 De
885 2806 1114 2857 Augustino

80 2870 213 2910 ‘refert
231 2868 492 2908 possidonius
514 2868 559 2906 in
583 2868 666 2907 vita
689 2880 778 2915 sua,
800 2879 890 2919 cap.
917 2868 983 2915 020,
1017 2867 1116 2906 soli—

83 2935 174 2972 tum
196 2929 323 2968 fuisse
343 2941 418 2980 pro
438 2929 520 2968 reis
544 2928 822 2978 intercedere,
843 2931 926 2969 tam
960 2928 1117 2969 honeste

77 2990 246 3048 ginquit)
277 3001 324 3031 ao
343 2993 568 3043 temperate,
587 2993 634 3030 ut
653 3000 840 3030 onerosus
859 3000 906 3030 ae
933 2989 1118 3030 molestus

85 3061 166 3093 non
175 3052 390 3099 videretur,
406 3061 539 3091 verum
556 3051 675 3090 etiam
684 3049 884 3090 mirabilis
903 3050 1116 3090 extitisset.

86 3110 213 3165 Cujus
233 3110 445 3163 egregium
463 3110 744 3150 testimonium
763 3114 874 3150 extat
891 3110 998 3149 inter
1014 3110 1119 3162 epis-

75 3172 195 3214 :iolas
226 3170 534 3223 Augustini,·in
565 3172 633 3220 51,
662 3182 755 3223 quae
788 3173 851 3210 est
887 3170 1119 3210 Macedonii

81 3231 240 3290 judicis
274 3232 329 3271 ad
357 3232 492 3282 ipsum
523 3232 833 3284 Augustinum·
823 3261 835 3279 ‚
877 3242 972 3270 cum
1009 3232 1119 3271 enim

47 3334 49 3341 ,
73 3304 168 3355 mro
206 3292 454 3343 quibusdam
486 3293 568 3332 reis
598 3293 853 3344 Augustinus
894 3291 1005 3343 apud
1037 3292 1121 3332 Ma-

45 3346 314 3412 ,vij-,edonium
344 3353 657 3405 interpellasset,
666 3325 753 3393 ome
783 3353 1020 3405 respondit·
1038 3354 1122 3395 Mi-

41 3407 140 3474 &a
172 3416 282 3456 modo
317 3414 480 3465 afficior
513 3415 712 3467 sapientia
747 3417 844 3464 tua,
881 3418 920 3455 et
953 3414 997 3454 in
1034 3413 1122 3456 illis

44 3484 183 3534 W
218 3476 392 3523 edidisti,
422 3478 460 3515 et
489 3474 532 3515 in
558 3475 622 3515 liis
649 3486 736 3527 quoe
770 3474 1034 3516 interveniens
1048 3485 1123 3526 pro

83 3536 181 3598 qm
207 3537 363 3579 mittere
387 3546 466 3578 non
500 3536 715 3588 gyraveris,-
733 3545 828 3576 nam
860 3538 898 3576 et
927 3534 1004 3576 illa
1034 3537 1124 3576 tan-

475 2 537 34 .··,--
553 0 734 60 &rar-‘¹
828 0 881 27 ι’·
915 0 1121 35 ἰῖ

357 69 366 78 ν
417 66 453 75 ”·
535 67 537 69 ’
970 69 978 72 ⁴
1034 71 1037 73 ¹

235 93 237 102 l
343 84 350 97 ν
374 81 383 91 v
482 99 486 103 ”
961 90 977 102 ιι
1047 79 1050 83 ι

299 108 334 116 ιο
895 112 898 114 ¹

463 177 568 213 ω.
577 178 635 215 ix.
647 178 721 213 nn.
727 177 871 213 mio
878 174 1126 225 pnsum
1134 153 1451 214 mtmvmt
1469 178 1688 223 mmmm,
1709 179 1817 224 uros
1838 183 1850 199 ‘

74 2018 198 2057 etiam
222 2017 456 2057 Cassianus,
479 2016 614 2055 collat.
638 2017 701 2060 14,
720 2028 756 2053 c.
772 2017 814 2060 4,
831 2017 1129 2063 quorumdam*

1146 0 1174 18 ¹¹?
1196 0 1207 35 j,
1231 0 1390 45 Wl‘ffiffwn
1413 0 1490 26 ’,γῆν
1511 0 1588 35 ›³'“.⁵''L
1610 0 1703 40 33:13:
1715 0 1746 34 ’ᾖ
1758 0 1850 36 ’ὅῗξέ-
1867 0 2027 38 .·'·⁴',²''²‹‘.'a·-‘ae
2050 0 2092 37 {f
2105 0 2194 28 ³⁴:5⁸8*

1243 45 1263 50 „
1328 42 1346 49 v·-
1395 43 1433 58 ,κς
1606 38 1695 62 2⁷17
1742 35 1753 50 ἰ
1789 31 1850 61 ‘133'
1885 36 1978 54 1.·.-:'
2004 43 2029 50 κ·
2064 53 2081 60 Ἴ,

2084 28 2117 63 -LT
2151 35 2193 56 b..

1162 247 1252 286 bum
1260 245 1403 288 liabent
1412 247 1629 296 eommunis,
1642 238 1881 289 'scintioeet
1889 248 2138 297 concumbis,
2147 253 2196 292 ut

1161 305 1265 346 nibil
1281 318 1411 359 supra
1425 308 1497 355 sit,
1524 312 1570 351 et.
1581 309 1664 350 ltaee
1693 311 1851 350 meum
1862 309 2197 358 ·momdioe,mt

1161 367 1246 407 nisi
1263 367 1745 420 fmiam.quod.mosndas,·.
1753 369 1913 423 eulpam
1921 381 2040 423 penes
2055 381 2118 412 ne
2128 380 2196 413 ro-

1160 439 1333 475 manere,
1351 439 1444 468 ·.non
1474 429 1519 468 in
1544 432 1699 482 nepotio
1716 441 1813 471 zesse
1829 429 2085 483 sdijudircem
2108 441 2196 474 mn

1157 488 1412 528 eniminstas
1432 489 1550 540 (qnod
1563 490 1742 542 plerique
1761 491 1947 532 nomines
1966 491 2088 534 istius
2102 526 2104 530 ,
2117 491 2197 535 w

1156 547 1327 599 faciunt)
1343 550 1677 602 unquodeumque
1696 550 1894 592 sollicitus
1921 552 2101 603 petieris,
2124 563 2194 595 θω-

1158 610 1464 660 torqueas‚.sed
1477 610 1598 661 ,quod
1615 611 1746 652 tibia
1771 611 1904 661 iudice
1922 616 1979 652 tot
2009 613 2192 655 aurient-

1155 671 1295 711 stricto
1309 670 1467 721 petibile
1484 671 1771 720 visumsuerit,
1791 673 1976 713 admones
1996 677 2035 715 et
2054 686 2191 725 royas,

1155 732 1418 772 subserviente
1446 732 1708 783 verecundia,
1737 743 1825 783 quoe
1855 733 2033 775 inanima
2051 734 2193 786 diffici-

1157 793 1257 832 lium
1273 793 1378 833 inter
1397 793 1512 832 bonos
1531 793 1738 842 efficacior
1755 795 1829 834 est.
1850 794 2026 836 Proinde
2052 796 2191 837 statim

1157 855 1434 894 commendatis
1447 855 1629 907 effectum
1644 854 1830 895 desiderii
1843 854 1983 902 tribui,
2000 867 2095 896 nam
2109 869 2192 908 spe·

1157 916 1277 955 randi
1290 915 1397 956 viam
1415 920 1506 955 ante
1519 918 1795 968 patefeceram.
1816 916 1866 954 Et
1880 916 1923 955 in
1941 916 2110 967 epistola
2124 918 2192 965 53,

1159 975 1269 1015 idem
1290 975 1572 1023 Macedonius,
1606 976 1659 1015 ad
1681 976 1958 1026 Augustinum
1993 977 2192 1030 scribens,

1161 1037 1217 1076 ait
1243 1048 1287 1076 se
1313 1037 1461 1076 fecisse
1490 1037 1601 1087 quod
1626 1038 1669 1075 in
1689 1037 1818 1076 altera
1839 1037 2010 1088 epistola
2031 1040 2195 1089 Augus-

1162 1098 1272 1136 tinus
1289 1097 1341 1136 ab
1361 1110 1409 1136 eo
1424 1098 1717 1148 postulaverat,
1740 1097 2096 1149 quaestionemque
2108 1111 2197 1139 mo-

1161 1163 1245 1206 vet,
1271 1171 1324 1196 an
1338 1158 1392 1197 ad
1409 1158 1587 1197 officium
1605 1158 1832 1197 sacerdotis
1849 1159 2056 1210 pertineat
2070 1160 2196 1200 inter-

1161 1220 1301 1260 venire
1335 1232 1409 1270 pro
1441 1220 1538 1267 reis,
1575 1220 1687 1269 quod
1716 1220 1971 1270 Augustinus
2002 1219 2056 1259 ad
2080 1220 2196 1260 illum

1163 1282 1395 1332 scripserat.
1431 1281 1685 1331 Augustinus
1719 1285 1872 1328 autem,
1894 1281 1938 1319 in
1968 1281 2087 1331 epist.
2128 1283 2195 1331 540,

1161 1343 1243 1382 late
1263 1342 1487 1392 respondet
1505 1342 1723 1381 declarans
1740 1341 1948 1392 quomodo
1965 1341 2195 1381 humanita-

1162 1405 1214 1443 tis
1237 1404 1417 1442 officium
1456 1404 1520 1449 sit,
1549 1403 1605 1441 ita
1643 1415 1734 1442 esse
1760 1403 1941 1441 criminis
1961 1406 2197 1454 persecuto-

1163 1475 1268 1511 rem,
1286 1469 1332 1504 ut
1342 1467 1536 1515 procuret
1548 1464 1655 1514 quis,
1668 1463 1806 1514 quoad
1814 1464 1924 1514 juste
1943 1464 2033 1502 fieri
2052 1465 2197 1514 possit,

1163 1538 1255 1566 esse
1275 1525 1452 1564 numinis
1489 1525 1768 1563 liberatorem.
1804 1523 1923 1572 Quod
1949 1524 2031 1563 late
2058 1536 2198 1575 prose-

1163 1587 1315 1638 quitur,
1342 1586 1555 1624 adducens
1576 1586 1720 1624 Christi
1740 1586 1993 1636 exemplum,
2024 1586 2094 1636 qui
2114 1597 2200 1624 ma·

1164 1661 1245 1700 gna
1260 1648 1463 1698 sapientia
1478 1647 1778 1698 etbenignitate
1788 1647 2019 1686 adulteram
2033 1660 2056 1686 a
2074 1658 2198 1699 poena

1163 1709 1306 1748 mortis
1332 1709 1534 1757 liberavit,
1558 1713 1598 1748 et
1618 1709 1658 1748 S.
1684 1708 1929 1758 Josephum‚
1953 1708 2079 1758 quiin
2106 1719 2200 1747 sus-

1163 1772 1324 1822 picione
1343 1783 1467 1822 quam
1486 1771 1536 1809 de
1552 1770 1710 1821 virgine
1731 1770 1892 1816 habuit,
1911 1781 2004 1807 eam
2020 1770 2073 1807 ab
2087 1768 2201 1809 omni

1164 1843 1286 1883 poena
1306 1837 1346 1870 et
1366 1831 1534 1870 infamia
1552 1828 1731 1870 liberare
1751 1831 1920 1870 studuit.
1947 1830 2102 1876 Quibus
2126 1828 2199 1869 ad·-

1163 1893 1262 1932 dere
1294 1905 1515 1943 possumus
1544 1893 1732 1938 Paulum,
1756 1891 1826 1942 qui
1863 1891 1975 1941 apud
1994 1891 2200 1929 Philemo-

1164 1965 1262 1991 nem
1281 1965 1354 1999 pro
1383 1953 1576 1988 Onesimn
1605 1951 1849 1987 intercessit.
1886 1953 1936 1987 Et
1966 1951 2097 1990 multa
2121 1952 2202 1989 alia

1166 2023 1216 2049 ex
1234 2010 1381 2048 eodem
1401 2011 1630 2061 Augustino
1652 2013 1692 2048 et
1725 2009 1924 2060 Gregorio
1942 2009 2068 2049 refert
2095 2012 2202 2050 Gra-

1166 2071 1315 2119 tianus,
1339 2072 1403 2118 ⁶23,
1427 2084 1467 2122 q.
1491 2073 1528 2110 5.

1220 2135 1284 2172 11.
1300 2132 1489 2182 Officium
1509 2133 1772 2172 intercedendi
1786 2143 1859 2184 pro
1878 2130 1972 2180 reis,
1989 2144 2062 2184 quo
2076 2134 2198 2173 mode-

1165 2195 1321 2234 ramine
1346 2192 1878 2245 praestanditnz.-—taando
1902 2193 2029 2233 locum
2063 2194 2199 2233 habeat

1167 2254 1226 2294 rel
1248 2266 1324 2293 non
1356 2254 1496 2294 babeat
1529 2254 1677 2293 dictum
1706 2254 1897 2304 officium.
1915 2276 1967 2282 --
1987 2255 2074 2293 Hoc
2100 2265 2198 2304 ergo

1168 2315 1347 2354 officium
1375 2318 1415 2352 et
1436 2316 1622 2352 sanctum
1644 2318 1684 2353 et
1718 2314 1958 2364 religiosum
1988 2318 2075 2362 est,
2104 2314 2200 2354 licet

1167 2375 1385 2427 prudentia
1398 2379 1439 2414 et
1449 2374 1678 2414 moderatio
1694 2375 1863 2425 justitiae
1875 2375 2086 2414 servandae
2102 2375 2198 2423 sint,

1169 2449 1257 2488 quae
1277 2437 1355 2475 hoc
1374 2437 1466 2475 loco
1487 2436 1683 2487 prosequi
1703 2448 1785 2474 non
1807 2441 1869 2475 cst
1888 2448 2083 2483 necesse;
2104 2435 2197 2486 quia

1167 2497 1279 2548 quod
1319 2496 1372 2535 ad
1418 2496 1684 2546 prudentiam
1727 2497 1874 2535 attinet
1889 2527 1903 2544 ,
1949 2497 2199 2535 sufficienter

1170 2557 1358 2608 exemplo
1371 2557 1587 2608 Augustini
1602 2555 1734 2595 verbis
1747 2555 1978 2595 Macedonii
1992 2568 2199 2595 commen-

1168 2619 1264 2659 dato
1300 2619 1555 2657 insinuatum
1584 2621 1661 2656 est.
1685 2617 1803 2665 Quod
1833 2629 1932 2656 vero
1963 2621 2122 2667 spectat
2147 2616 2199 2656 ad

1165 2680 1381 2733 Justitiam,
1397 2679 1523 2718 habet
1541 2677 1755 2730 proprium
1771 2677 1909 2716 locum
1928 2677 1971 2716 in
1985 2678 2054 2716 illa
2074 2681 2198 2716 mate-

1169 2742 1246 2789 ria,
1269 2743 1310 2780 et
1336 2739 1551 2779 tractando
1572 2739 1624 2778 de
1645 2739 1738 2790 lege
1758 2739 1910 2790 poenali
1930 2750 1954 2778 a
1974 2738 2103 2777 nobis,
2116 2742 2200 2777 tac-

1169 2807 1259 2843 tum
1273 2805 1346 2841 est.
1368 2802 1622 2850 Summaque
1640 2799 1827 2839 omnium
1842 2803 1918 2845 est,
1931 2799 2091 2841 amihil
2108 2810 2202 2850 pos·

1168 2863 1325 2904 tuletur
1343 2863 1386 2902 in
1403 2861 1693 2914 praejudicium
1718 2860 1969 2912 Reipublieae
1988 2860 2053 2899 vel
2071 2859 2201 2899 tertiae

1169 2936 1377 2978 personae,
1400 2936 1474 2964 nec
1493 2922 1607 2975 quod
1626 2922 1679 2962 ab
1697 2922 1789 2974 ipso
1804 2922 1944 2973 judice
1962 2921 2070 2960 licite
2101 2933 2203 2971 pree-

1171 2987 1270 3026 stari
1285 2997 1371 3025 non
1389 2984 1534 3036 possit.
1551 2985 1662 3024 Inter
1679 2995 1729 3022 ea
1748 2995 1847 3022 vero
1865 2993 1957 3034 quae
1975 2982 2028 3021 ab
2045 2993 2094 3020 eo
2112 2980 2202 3019 fieri

1172 3051 1360 3100 possunt,
1394 3050 1436 3086 et
1463 3046 1552 3085 siue
1583 3044 1833 3085 detrimento
1864 3043 1986 3090 tertii,
2011 3043 2076 3081 vel
2103 3039 2202 3080 boni

1173 3107 1420 3154 eommunis,
1441 3106 1485 3145 id
1505 3105 1618 3156 quod
1635 3105 1857 3157 benignius
1879 3103 2003 3142 fuerit
2021 3114 2095 3153 pro
2128 3101 2202 3140 mi-

1173 3168 1275 3209 seris
1289 3167 1530 3207 hominibus
1544 3177 1784 3218 procurare,
1798 3163 2006 3204 charitatis
2023 3161 2202 3200 officium

1173 3234 1259 3278 est;
1287 3241 1424 3280 neque
1453 3228 1566 3268 aliud
1593 3240 1619 3269 a
1651 3227 1802 3267 nostris
1833 3223 2116 3264 sacerdotibus
2138 3218 2202 3260 vel

1174 3290 1479 3332 confessoribus
1498 3289 1604 3337 fieri,
1626 3290 1719 3340 Jure
1742 3289 1879 3338 potest
1898 3285 1951 3323 ab
1977 3283 2115 3332 aliquo
2145 3279 2203 3319 af-

1173 3352 1356 3398 firmari;
1378 3351 1591 3400 multoque
1611 3349 1761 3388 certius
1781 3359 1831 3385 ex
1858 3346 2041 3384 instituto
2065 3340 2205 3380 Socie-

1174 3413 1271 3454 tatis
1288 3413 1389 3452 nihil
1407 3411 1520 3451 aliud
1534 3408 1749 3462 postulari.
1766 3407 1869 3446 Nam
1884 3405 1935 3444 de
1953 3405 2030 3442 hoc
2050 3407 2206 3451 genere

1176 3472 1483 3513 intercessionis
1507 3470 1610 3510 nihil
1628 3467 1835 3520 peculiare
1865 3466 1907 3503 in
1927 3475 1978 3503 eo
2005 3460 2205 3501 traditum

1175 3534 1359 3579 invenio,
1378 3532 1453 3574 sed
1471 3531 1574 3571 illud
1592 3530 1742 3577 solum,
1762 3526 1875 3578 quod
1894 3523 2069 3577 septima
2085 3525 2207 3575 parte

2206 0 2254 29 “¹2'-

2206 29 2221 55 .»
2250 0 2352 68 Ἐέῧς

2316 119 2335 134 ⁴»
