2352 3880
0 0 281 139 5'4'7'33‘*
303 7 307 13 '

84 74 90 84 Ι

8 105 30 135 ,4,
100 121 102 123 ¹

33 293 37 299 ⁴
65 242 143 317 'me
157 237 247 282 fieri
264 240 405 291 possit,
417 247 502 276 esse
520 234 832 289 providendum,
845 233 1040 285 quoniam
1057 233 1101 272 in

73 301 354 346 observatione
375 302 670 351 praeceptorum
691 295 824 347 major
851 306 950 334 cura
979 297 1019 332 et
1040 292 1102 332 di-

91 359 244 417 'gentia
270 360 503 402 adhibenda
535 363 624 408 est,
657 367 784 410 quam
821 354 1099 395 consiliorum.

65 427 158 495 ε11110
184 424 256 465 1113
286 423 416 470 bona,
437 433 526 473 quae
548 421 626 461 1100
657 418 778 459 modo
814 417 951 457 debita
984 419 1100 464 sunt,

65 474 281 556 {moraliter
300 497 384 525 non
402 483 552 523 dehent
570 482 678 521 inter
689 479 799 519 bona
813 478 978 530 propria
993 489 1104 517 com-

66 530 234 603 putari,
260 549 307 586 ut
335 545 509 585 hahetur
529 544 574 582 in
591 542 671 594 leg.
697 542 763 590 31,
787 540 1100 591 Subsiqnatum‚

67 605 122 652 'de
143 609 312 649 Verbor.
335 605 572 657 significat„
608 607 648 643 et
680 603 772 642 ideo
803 613 888 641 non
921 611 1104 652 compre-

68 670 310 713 henduntur
327 668 401 708 sub
416 667 486 706 illo
504 665 700 706 consilio:
726 664 851 707 Vende
868 663 1001 703 omnia
1019 673 1106 714 quoe

69 720 203 775 'habea
214 732 302 771 Non
314 729 422 769 cadit
432 733 568 769 autem
579 727 655 767 sub
665 727 742 766 hac
752 726 1001 776 obligatione
1009 725 1105 763 dare

74 793 227 845 aliquid
247 791 452 840 Societati,
473 789 684 842 quoniam,
700 791 747 827 ut
769 787 886 826 dixi
875 799 918 825 10
934 796 1106 824 numero

72 855 223 909 primo,
241 854 328 905 ipsa
341 853 500 892 nullum
512 864 579 903 Jus
588 863 633 890 1n
648 850 758 890 bona
772 849 839 888 vel
853 848 904 888 ad
923 847 1030 887 bona
1046 858 1107 886 re-

71 915 212 979 ¹ligiosi
231 915 420 966 acquirit.
442 915 530 953 Non
549 917 686 953 tamen
710 910 942 952 excluditur
975 908 1108 948 Socie-

71 959 149 1034 Ι135,
170 978 272 1029 quin
290 977 415 1028 possit
439 975 654 1026 religiosus
683 972 840 1040 aliquid
870 971 909 1010 ei
936 970 1105 1018 donare,

74 1039 110 1080 si
127 1039 240 1079 velit.
263 1039 490 1089 Utrumque
511 1035 754 1087 supponitur
770 1033 815 1071 in
842 1030 922 1071 illis
942 1030 1106 1070 verbisz

79 1100 210 1149 Quiin
223 1100 406 1153 inqressu
422 1100 524 1150 ipso,
535 1097 595 1137 vel
613 1099 704 1147 post
715 1096 943 1146 inqressum
959 1094 1013 1133 ad
1024 1092 1105 1132 obe·

75 1163 283 1212 ‚dientiam‚
302 1165 429 1201 motus
450 1171 525 1200 sua
544 1159 756 1206 devoti-one,
768 1156 882 1197 vellet
901 1156 999 1196 bona
1015 1166 1104 1203 sua,

74 1223 140 1266 ²vel
157 1235 286 1266 eorum
299 1226 452 1274 partem
473 1222 516 1261 in
535 1219 753 1261 Societatis
775 1218 1000 1258 subsidium
1027 1218 1107 1258 dis—

74 1261 230 1340 'ponerm
252 1290 343 1332 etc.,
359 1283 479 1322 tertia
499 1285 611 1333 parte
630 1275 996 1328 Constitutionum‚
1015 1291 1104 1331 cap.

77 1348 224 1400 primo,
245 1345 268 1397 ἓ
289 1357 411 1383 0000.
436 1344 661 1395 Utrumque
681 1342 793 1381 euim
812 1341 964 1393 legitur
984 1342 1027 1379 in
1047 1353 1108 1381 re-

76 1407 172 1460 gula
186 1408 232 1446 D.
247 1406 468 1453 Benedicti,
482 1418 569 1456 cap.
589 1403 928 1456 quinquagesimo
948 1406 1105 1451 octavo,

75 1468 149 1508 ubi
172 1468 221 1507 de
241 1468 431 1519 religioso
460 1467 672 1506 emittente
691 1465 983 1516 professionem
999 1494 1008 1511 ‚
1030 1468 1108 1502 sta-

75 1530 150 1570 tim
166 1533 257 1582 post
277 1531 389 1569 illam
409 1530 599 1568 emissam
619 1528 753 1578 inquit
770 1539 778 1565 z
803 1526 858 1568 Si
874 1526 974 1578 quid
986 1527 1029 1564 in
1045 1525 1108 1564 bo-

75 1592 140 1632 nis
167 1592 303 1632 habeat
319 1622 330 1640 ‚
356 1591 599 1643 pauperibus
625 1589 859 1635 distribuat,
883 1588 971 1634 vel,
993 1589 1109 1637 facta

77 1653 239 1695 solemni
256 1654 477 1700 donatione,
498 1652 735 1692 monasterio
761 1651 887 1698 donet,
905 1648 1010 1689 nibil
1029 1649 1109 1689 sibi

78 1717 310 1756 reservando
322 1731 338 1760 ‚·
355 1715 427 1753 ubi
446 1713 659 1765 signifieat,
682 1717 721 1752 et
741 1713 985 1751 monasterio
1017 1710 1109 1748 nul-

78 1777 164 1816 lum
188 1778 256 1828 jus
278 1777 434 1827 acquiri
460 1777 503 1815 in
522 1775 592 1814 illo
624 1779 808 1825 tempore
831 1772 1107 1825 professionis,

77 1843 118 1878 et
136 1839 396 1877 donationem
415 1850 498 1876 non
515 1850 565 1876 ex
583 1836 848 1886 obligatione,
865 1835 935 1874 sed
954 1847 1004 1874 ex
1022 1846 1110 1885 pro-

76 1900 166 1953 pria
198 1900 407 1939 voluntate
432 1899 622 1950 religioni
647 1898 737 1937 fieri
759 1897 950 1949 potuisse.
977 1897 1027 1935 Et
1057 1897 1110 1935 si-

78 1961 228 2002 militer
246 1962 285 2001 S.
309 1961 560 2008 Franciscus‚
589 1971 682 1999 cum
703 1959 791 2010 ejus
821 1958 964 2009 religio
1000 1958 1112 1997 inca-

78 2035 156 2076 pax
179 2024 230 2063 sit
247 2023 510 2073 haereditatis,
530 2022 706 2062 liberum
731 2020 899 2072 reliquit
935 2019 1112 2058 volenti-

78 2085 151 2125 bus
166 2097 257 2125 eam
277 2085 457 2137 profiteri
474 2115 486 2134 ,
509 2088 557 2123 ut
589 2083 642 2123 ad
672 2095 794 2122 usum
829 2082 1004 2122 fratrum
1037 2081 1110 2120 ali-

79 2147 185 2199 quod
204 2159 252 2186 ex
275 2147 392 2186 bonis
412 2147 494 2186 suis
511 2145 744 2197 relinquere
767 2148 945 2196 possent,
968 2144 1027 2182 ita
1049 2147 1109 2183 ta-

78 2220 174 2248 men
193 2213 240 2247 ut
266 2208 317 2247 ab
345 2208 440 2260 ipsis
473 2207 664 2247 fratribus
696 2206 748 2246 ad
776 2205 854 2246 1100
878 2217 962 2244 000
989 2205 1109 2244 indu-

81 2275 236 2319 cantur,
257 2275 303 2309 01
320 2270 536 2321 explicavit
556 2270 742 2309 Clemens
760 2268 810 2314 V,
828 2268 873 2304 in
893 2265 1109 2304 Clementi-

81 2343 132 2371 na
157 2331 302 2372 Exibit
322 2345 346 2373 a
368 2333 559 2381 paradiso
579 2361 589 2377 ‚
613 2331 663 2367 de
695 2327 924 2366 Verborum
949 2326 1107 2377 signifi-

80 2397 174 2441 eat„
196 2393 220 2444 ξ
244 2393 451 2433 Caeterum.
470 2390 586 2438 Quod
600 2390 761 2430 videtur
777 2389 901 2428 etiam
919 2389 1037 2427 nobis
1054 2388 1107 2428 si-

79 2455 290 2506 gnificasse
308 2454 352 2492 B.
371 2454 565 2503 ignatius,
582 2454 627 2491 in
643 2451 766 2490 verbo
785 2450 872 2498 illo,
890 2454 1018 2490 motus
1032 2461 1107 2491 sua

79 2517 288 2563 devotione,
313 2515 429 2566 quasi
452 2526 535 2553 non
555 2513 700 2552 debeat
731 2523 756 2551 a
788 2511 905 2551 nobis
933 2512 1105 2560 moveri,

79 2578 150 2618 sed
167 2589 191 2615 a
212 2578 308 2623 Deo,
330 2581 370 2614 et
387 2576 601 2614 devotione
619 2587 707 2614 sua.

130 2641 169 2679 7.
199 2640 336 2680 Potest
364 2642 493 2678 tamen
521 2637 702 2678 Societas
728 2634 988 2687 indiqentiam
1021 2645 1111 2685 pro—

77 2701 210 2754 priam
230 2701 385 2740 subdito
407 2699 660 2739 distribuenti
675 2709 962 2750 proponere.—
974 2698 1048 2738 Ubi
1067 2709 1111 2737 ea

78 2763 309 2804 'distributio
329 2762 536 2807 obvenerit,
549 2773 634 2812 quoe
650 2760 866 2801 moderatio
891 2760 1108 2800 adhibenda

80 2819 486 2864 ¹sit.---Nihilominus
506 2827 662 2871 tamen,
678 2823 709 2860 si
728 2822 905 2861 Societas
928 2833 1022 2860 vere
1042 2821 1107 2859 in-

81 2880 231 2942 digeat,
243 2897 326 2924 non
341 2886 419 2924 erit
429 2885 523 2923 huic
535 2884 824 2925 Constitutioni
838 2884 1104 2931 contrarium,

82 2943 171 2987 'eam
191 2947 466 2986 necessitatem
486 2959 711 2998 proponere
736 2946 890 2986 volenti
909 2958 980 2984 sua
1000 2945 1107 2984 bona

86 3005 319 3047 distribuere
333 3018 346 3058 3
368 3021 464 3047 nam
481 3008 515 3047 si
529 3008 606 3048 hoc
623 3008 720 3048 licet
736 3012 776 3047 et
794 3008 958 3060 expedit
975 3008 1109 3048 facere

86 3078 177 3108 cum
204 3070 380 3109 externis
403 3070 658 3120 hominibus,
689 3083 760 3110 cur
784 3082 867 3109 non
895 3083 987 3110 eum
1018 3082 1110 3122 pro-

86 3128 207 3181 priis,
235 3132 460 3182 praesertim
487 3144 597 3180 cum,
629 3132 783 3172 caeteris
811 3131 1001 3183 paribus,
1035 3132 1112 3172 hoc

85 3190 210 3230 etiam
231 3191 282 3229 sit
299 3193 428 3242 magis
443 3197 758 3234 consentaneum
782 3194 918 3233 ordini
937 3193 1110 3233 charita-

85 3250 169 3291 tis?
195 3252 296 3291 Nam
323 3255 598 3306 unusquisque
628 3256 747 3296 debet
777 3256 908 3307 magis
939 3256 1110 3307 diligere

85 3312 161 3352 sibi
185 3314 423 3364 conjunctos
442 3315 716 3366 spiritualiter,
735 3329 861 3369 quam
881 3322 1106 3366 extraneos,

85 3377 132 3414 ut
149 3386 242 3414 cum
259 3376 306 3415 D.
323 3375 467 3416 Thom.
489 3377 529 3416 2.
547 3378 586 3424 2,
607 3383 745 3430 quaest.
766 3380 963 3431 vigesima
980 3383 1108 3429 sexta,

86 3435 255 3477 articulo
273 3439 445 3489 septimo
457 3467 467 3485 ‚
493 3437 599 3477 tradi
616 3439 729 3480 solet.
749 3441 859 3481 Inter
877 3442 1112 3492 religiosum

39 3505 42 3507 ·
87 3501 226 3538 autem
242 3501 284 3538 et
307 3499 549 3550 religionem
571 3503 633 3540 est
663 3511 814 3552 magna.
836 3506 878 3542 et
899 3501 1113 3554 peculiaris

89 3559 316 3611 conjunctio
332 3561 554 3614 spiritualis
575 3574 587 3602 z
617 3572 739 3615 ergo,
769 3561 806 3602 51
827 3562 971 3615 religio
997 3575 1113 3616 aeque

458 172 548 207 CAP.
571 171 626 206 VI.
650 168 844 213 Quouono
864 168 893 202 A
913 167 1192 204 scnoLAmBus
1211 169 1448 207 socm‘rA'rls
1469 173 1699 217 SERVANDA,
1721 167 1811 209 1⁹:1¹6.

2109 173 2162 212 72

1154 232 1352 283 indigeat,
1373 245 1446 285 per
1464 247 1506 274 se
1522 236 1741 289 loquendo,
1754 237 1852 278 ordo
1871 236 2080 279 charitatis
2094 173 2192 292 pos&

1154 294 1260 334 tulat
1278 298 1326 334 ut
1349 294 1561 346 religiosus
1584 299 1630 336 in
1647 299 1939 340 distribuendis
1967 300 2086 340 bonis
2106 301 2190 343 suis

1156 367 1246 395 eam
1266 355 1474 408 praeferat:
1498 368 1611 407 ergo,
1635 363 1681 397 ut
1700 360 1787 411 ipse
1806 362 1939 401 valeat
1954 361 2063 402 hunc
2080 362 2193 402 ordi-

1156 428 1254 456 nem
1279 429 1453 465 servare,
1485 418 1631 457 merito
1658 423 1789 470 potest
1814 423 1959 473 religio
1978 423 2193 464 necessita-

1157 482 1241 518 tem
1258 490 1373 518 suam
1391 478 1615 528 declarare,
1637 479 1722 518 imo
1739 485 1779 519 et
1798 484 1998 524 rationem
2017 485 2194 537 peculia-

1156 551 1260 588 rem,
1281 552 1373 592 quae
1396 540 1441 580 in
1462 551 1510 580 eo
1538 540 1689 579 militat
1705 571 1718 589 ,
1752 544 1928 592 aperire3
1962 545 2041 585 hoc
2059 559 2133 598 per
2151 558 2194 587 50

1156 601 1312 642 bonum
1331 606 1406 652 est,
1433 606 1473 643 et
1492 614 1580 658 non
1593 602 1773 642 excludit
1793 604 1892 654 quin
1909 611 1997 655 post
2012 609 2196 648 intellec-

1157 667 1243 703 tam
1264 665 1416 716 optime
1435 664 1732 704 distributionis
1750 665 1978 714 rationem,
2009 671 2192 710 executio

1159 738 1210 766 ex
1224 727 1386 778 propria
1396 727 1610 767 devotione
1625 726 1710 766 fiat.
1726 727 1887 773 Quanta
1901 732 2039 767 autem
2054 732 2195 771 mode-

1159 788 1264 827 ratio
1275 788 1318 827 in
1326 788 1402 828 hac
1412 789 1500 840 ipsa
1510 788 1982 840 distributione‚quand0
1993 789 2036 828 in
2044 790 2195 831 benefi-

1161 849 1270 889 cium
1283 850 1495 889 Societatis
1506 849 1566 898 fit,
1579 849 1629 889 ab
1644 850 1730 901 ipsa
1741 854 1938 898 servetur,
1951 851 2197 902 intelligitur

1161 911 1314 962 optime
1335 923 1385 950 ex
1404 911 1582 963 quadam
1602 913 1690 962 eJus
1717 911 1876 962 regula,
1896 924 1985 963 quae
2001 912 2044 951 in
2061 913 2195 954 officio

1162 972 1425 1012 Provincialis
1443 972 1633 1020 habetur,
1659 985 1748 1024 cap.
1774 975 1837 1022 10,
1860 986 1951 1025 quae
1969 974 2025 1013 510
2043 974 2195 1017 habet:

1163 1033 1218 1075 Si
1247 1034 1385 1086 aliqua
1417 1034 1513 1075 bona
1544 1034 1853 1086 applicabuntur
1887 1034 2084 1076 Societati
2111 1048 2198 1078 cum

1159 1096 1355 1146 facultate
1381 1095 1599 1144 Generalis,
1633 1107 1867 1148 maynopere
1896 1101 2003 1137 curet
2023 1098 2201 1140 Provin-

1161 1156 1294 1204 etatis,
1320 1161 1364 1197 ut
1384 1169 1471 1198 cum
1491 1157 1765 1207 aedificatione,
1788 1161 1825 1198 et
1841 1159 2052 1208 charitate,
2073 1163 2111 1201 et
2124 1172 2200 1201 non

1160 1231 1248 1259 cum
1266 1220 1400 1270 riyore
1419 1221 1637 1271 eoeiqantur
1654 1250 1663 1268 ‚
1691 1221 1901 1272 potiusque
1916 1233 1989 1272 par
2004 1234 2201 1273 procura-

1162 1284 1265 1322 tores
1298 1285 1476 1322 externos
1495 1311 1509 1330 ,
1543 1292 1662 1333 quam
1691 1293 1763 1332 per
1799 1284 1957 1322 nostros
1976 1298 1993 1328 ,·
2019 1282 2202 1335 empediat

1162 1353 1310 1394 quoque
1328 1347 1375 1384 ut
1401 1354 1448 1383 ece
1470 1343 1533 1383 liis
1560 1343 1808 1394 eleemosynae
1828 1344 1974 1396 aliquae
1998 1344 2040 1385 in
2055 1356 2202 1398 paupe-

1161 1416 1225 1444 res
1245 1405 1331 1455 ejus
1350 1404 1576 1455 oppidi,ubi
1596 1409 1689 1445 sunt
1706 1405 1817 1452 bona,
1831 1405 2202 1447 distribuanturAEt

1163 1465 1253 1503 aliis
1272 1466 1317 1503 in
1335 1465 1431 1503 loeis
1450 1477 1556 1516 saepe
1576 1466 1888 1505 commendatur
1903 1497 1915 1515 ,
1940 1473 1980 1506 et
1999 1468 2203 1507 inferiori-

1162 1524 1239 1564 bus
1255 1555 1268 1574 ,
1299 1529 1345 1565 ut
1366 1539 1460 1565 cum
1482 1538 1634 1578 magna
1655 1527 1989 1568 subordinatione
2007 1530 2059 1568 ad
2077 1530 2203 1581 Supe-

1162 1588 1290 1626 riores
1304 1619 1315 1635 ,
1346 1591 1387 1627 et
1406 1588 1692 1639 Superioribus
1710 1619 1719 1635 ,
1751 1593 1796 1627 ut
1815 1601 1908 1628 cum
1930 1603 2080 1641 magna
2101 1604 2202 1643 pru-

1164 1649 1303 1688 dentia
1322 1653 1362 1687 et
1381 1650 1662 1700 proximorum
1682 1650 1950 1690 aedificatione
1971 1653 2077 1691 01103
2098 1653 2203 1693 11300

1162 1710 1495 1750 distributionem
1512 1723 1554 1750 se
1573 1719 1733 1761 gerant,
1757 1715 1801 1748 ut
1821 1712 1959 1750 videre
1977 1713 2071 1751 licet
2086 1715 2130 1752 in
2146 1715 2204 1753 ci-

1163 1772 1272 1821 tatis,
1294 1776 1333 1811 et
1349 1772 1394 1811 in
1413 1784 1502 1811 can.
1522 1772 1643 1810 tertio
1664 1772 1851 1810 secundae
1868 1773 2205 1823 Congregationis

1165 1833 1367 1883 generalis
1381 1863 1394 1881 ,
1427 1836 1467 1872 et
1486 1845 1633 1872 canon.
1655 1833 1775 1871 tertio
1800 1836 1838 1871 et
1858 1837 2003 1884 quarto
2031 1834 2204 1885 Congre-

1168 1895 1342 1946 gationis
1361 1894 1504 1933 tertiae.
1539 1893 1656 1933 Unde
1677 1897 1716 1932 et
1735 1906 1758 1932 3
1781 1895 2055 1945 paucissimis,
2080 1901 2203 1947 atque

1165 1957 1401 2008 parcissime
1428 1956 1536 1995 dieta
1568 1955 1798 1995 distributio
1830 1956 1920 1997 fieri
1945 1958 2060 2008 solet,
2087 1958 2205 2011 quid·

1166 2017 1264 2070 quid
1281 2018 1460 2058 mundus
1478 2018 1602 2059 dicat.

1550 2127 1717 2172 CAPUT
1746 2130 1812 2171 VI.

1162 2235 1238 2270 QUA
1260 2235 1435 2266 RATIONE
1458 2235 1701 2266 DISTRlBUTIO
1722 2236 1903 2267 BONORUM
1925 2236 2050 2266 JUXTA
2067 2236 2200 2269 vorm!

1239 2296 1505 2327 PAUPERTATIS
1528 2298 1557 2329 A
1592 2298 1847 2329 SGHOLARIBUS
1870 2299 2096 2330 SOGIETATIS
2122 2300 2198 2332 FA-

1237 2357 1382 2389 CIENDA
1411 2359 1487 2390 SIT·

1216 2453 1253 2491 1.
1286 2452 1461 2493 Dubium
1488 2464 1568 2493 non
1590 2454 1770 2506 procedit
1790 2454 1834 2494 de
1863 2454 2013 2496 novitio
2040 2454 2200 2498 nullum

1165 2514 1321 2553 omnino
1335 2518 1466 2554 votum
1482 2514 1654 2555 habente.
1675 2536 1728 2544 —
1750 2516 1941 2566 Superest
1954 2521 2000 2555 ut
2016 2518 2124 2569 quod
2138 2529 2200 2560 se-

1166 2575 1300 2614 cundo
1325 2575 1412 2614 1000
1440 2575 1559 2615 initio
1591 2576 1855 2627 praecedentis
1885 2578 2028 2628 capitis
2054 2590 2200 2630 propo-

1166 2637 1337 2686 suimus,
1355 2636 1534 2677 breviter
1554 2638 1834 2688 expediamus,
1854 2639 2020 2686 scilicet,
2040 2652 2094 2679 an
2114 2651 2198 2680 om-

1165 2699 1258 2747 nia,
1280 2703 1352 2738 aut
1367 2698 1523 2750 aliquid
1543 2698 1685 2738 saltem
1706 2711 1756 2738 ex
1779 2699 1880 2747 illis,
1906 2712 1997 2750 quae
2017 2699 2075 2739 ibi
2094 2701 2198 2742 circa

1165 2760 1497 2801 distributionem
1521 2760 1724 2799 bonorum
1745 2772 1795 2800 ex
1817 2762 1959 2812 regula
1978 2762 2197 2813 assignavi-

1161 2834 1252 2862 mus
1271 2852 1284 2871 ,
1320 2827 1521 2874 quatenus
1558 2822 1813 2861 voluntatem
1854 2823 1920 2861 vel
1954 2835 2198 2864 consensum

1161 2885 1286 2936 ipsius
1314 2884 1493 2936 religiosi
1524 2884 1747 2935 postulant,
1775 2884 1924 2923 cadant
1953 2885 2028 2924 sub
2053 2891 2196 2927 votum

1162 2946 1422 2999 paupertatis.
1443 2946 1558 2994 Quod
1575 2946 1746 2985 dubium
1765 2958 1848 2985 non
1863 2946 1986 2986 habet
2002 2947 2136 2988 locum
2151 2949 2197 2988 in

1162 3009 1343 3058 novitio,
1378 3008 1449 3060 qui
1477 3012 1571 3047 ante
1604 3007 1820 3047 biennium
1850 3009 2059 3060 expletum
2091 3009 2197 3050 hanc

1163 3070 1258 3109 facit
1295 3069 1624 3109 distributionem
1644 3099 1654 3113 ,
1691 3070 1789 3121 quia
1826 3069 1925 3118 ille,
1959 3083 2031 3121 per
2065 3082 2107 3110 se
2139 3071 2197 3111 lo-

1165 3131 1329 3184 quendo
1339 3162 1352 3181 ,
1381 3143 1465 3170 non
1487 3131 1583 3171 facit
1602 3130 1715 3170 illam
1737 3143 1787 3170 ex
1806 3135 1899 3170 voto
1919 3132 2167 3183 paupertatis
2185 3163 2195 3180 ,

1163 3194 1234 3234 sed
1267 3205 1318 3233 ex
1350 3193 1479 3233 libera
1517 3192 1744 3232 voluntate.
1790 3193 1841 3231 Et
1873 3194 2061 3245 quamvis
2094 3205 2194 3246 prae-

1164 3256 1327 3295 cesserit
1352 3255 1566 3307 promissio
1603 3254 1778 3306 simplex
1819 3254 1880 3305 (ut
1914 3267 2036 3307 supra
2060 3286 2069 3303 ,
2104 3265 2192 3305 cap.

1164 3321 1334 3370 quarto,
1356 3329 1530 3357 numero
1550 3316 1707 3356 decimo
1728 3316 1901 3368 septimo
1915 3347 1925 3364 ,
1948 3317 2101 3354 dictum
2121 3315 2195 3365 est)

1164 3379 1423 3431 relinquendi
1464 3378 1628 3427 omnia,
1664 3389 1759 3417 cum
1794 3378 1972 3429 primum
2005 3374 2195 3425 Superior

1165 3445 1256 3493 post
1275 3440 1457 3493 elapsum
1478 3441 1657 3492 primum
1683 3451 1838 3479 annum
1865 3435 2115 3489 probationis
2133 3435 2196 3476 in·

1163 3502 1378 3555 junxerit,
1404 3505 1546 3541 tamen
1565 3501 1636 3541 illa
1662 3513 1746 3540 non
1771 3499 1924 3547 obligat
1941 3496 1993 3535 ad
2011 3496 2195 3546 modum,

1167 3564 1238 3605 sed
1251 3564 1385 3605 solum
1402 3563 1456 3604 ad
1474 3562 1743 3604 substantiam
1757 3564 1870 3599 actus
1889 3559 1949 3611 (ut
1963 3558 2021 3599 sic
2033 3557 2194 3613 dicam).
