2352 3880
182 334 304 374 vertit
333 332 472 370 autem
501 327 661 368 ibidem
686 326 898 380 sapienter
916 330 960 367 et
991 325 1212 378 subtiliter,

181 394 290 435 hanc
317 391 495 444 gratiam
517 401 613 430 0000
643 389 771 430 veluti
804 398 948 428 semen
981 388 1210 440 quoddam,

180 453 292 507 quod
325 452 389 493 sui
420 452 616 503 reliquias
653 451 699 490 in
725 450 864 490 anima
897 450 1108 503 relinquit,
1134 463 1211 503 per

179 527 284 567 quas
313 517 454 568 potest
492 513 620 553 homo
655 515 802 566 postea
837 512 996 565 aliquid
1028 514 1207 565 operari,

177 577 221 618 in
253 588 334 629 qua
375 576 668 628 cooperatione
704 575 869 615 misceri
905 579 1039 627 potest
1071 575 1211 628 aliqua

177 638 259 679 alia
292 637 485 686 intentio,
505 638 572 678 vel
598 637 728 678 motio
750 649 776 677 a
814 638 982 690 proprio
1019 638 1086 678 vel
1114 649 1211 678 con-

173 699 302 741 trario
348 699 495 752 spiritu
549 699 822 751 proveniens,
857 710 983 750 quam
1033 698 1210 749 proinde

175 761 397 801 observare
439 771 491 801 ac
524 760 762 800 discernere
800 758 1085 799 necessarium
1128 762 1206 800 001.

171 822 330 863 Rursus
360 821 405 861 in
429 821 638 874 prioribus
673 820 828 871 regulis
865 819 918 860 de
953 819 1101 859 eadem
1129 820 1209 860 dis-

172 884 357 924 cretione
379 883 612 935 spirituum,
628 883 672 921 in
690 882 928 927 undecima,
947 882 1114 934 egregie
1136 882 1207 922 do-

171 947 239 986 cet
271 945 478 985 aestimare
513 944 696 983 divinam
717 943 909 994 gratiam,
934 947 980 983 ut
1016 955 1111 984 cum
1133 944 1208 983 ali-

170 1008 264 1059 quis
280 1007 564 1059 operationem
583 1005 626 1043 in
647 1017 691 1044 se
711 1005 851 1055 sentit,
869 1006 1052 1058 seipsum
1071 1006 1208 1060 depri-

169 1073 270 1114 mat,
287 1081 335 1107 ac
353 1067 573 1113 vilet'aciat,
595 1068 815 1118 reputando
831 1079 976 1114 secum,
993 1080 1113 1121 quam
1132 1070 1208 1109 im·

170 1131 282 1172 bellis
303 1141 498 1181 quamque
519 1128 694 1180 iqnavus
726 1129 935 1182 apparebit
970 1129 1210 1171 desolatione

167 1192 445 1242 impuqnante,
465 1189 548 1230 nisi
575 1201 650 1243 per
680 1191 830 1245 qratioe
855 1193 892 1231 et
929 1190 1210 1231 consolationis

167 1252 314 1293 divinoe
336 1262 448 1303 opem
480 1252 558 1292 cito
590 1251 825 1292 sublevetur.
859 1251 909 1291 Et
946 1263 970 1293 0
1006 1264 1207 1292 converso

167 1313 294 1353 etiam
316 1313 440 1352 docet
478 1325 562 1352 1100
584 1313 846 1365 despondere
870 1314 1055 1354 animum
1080 1314 1206 1354 etiam

166 1374 202 1414 si
215 1374 309 1427 quis
325 1375 467 1426 gratiae
483 1375 810 1415 consolationem
820 1376 887 1416 vel
902 1376 1204 1415 abundantiam

164 1447 252 1475 non
272 1437 424 1476 sentiat
445 1450 456 1475 ε
489 1437 594 1485 Quia
623 1439 894 1491 unusquisque
921 1439 1120 1478 aestimare
1140 1438 1205 1477 de-

165 1497 227 1538 bet
246 1509 334 1538 cum
359 1499 437 1539 Dei
452 1498 592 1550 qratia
608 1510 722 1549 posse
756 1510 799 1539 se
823 1500 1049 1551 plurimum
1067 1502 1106 1539 et
1135 1501 1205 1541 ad-

167 1559 372 1599 versarios
398 1571 491 1600 suos
521 1560 792 1608 devicturum,
813 1561 1017 1601 dummodo
1046 1562 1092 1602 in
1126 1561 1206 1603 Dei

163 1619 316 1660 virtute
330 1620 491 1661 collocet
509 1632 616 1673 spem
648 1633 777 1670 suam,
800 1625 838 1662 et
874 1623 1053 1662 animum
1083 1634 1204 1664 suum

164 1682 400 1723 corroboret.
423 1682 500 1722 Ubi
535 1683 714 1722 ostendit
747 1684 1038 1723 necessitatem
1060 1684 1202 1734 gratiae

162 1749 358 1795 respectu
378 1745 580 1795 omnium,
600 1749 642 1785 et
659 1746 882 1797 gratuitam
900 1746 1200 1787 abundantiam

162 1808 356 1856 respectu
391 1806 640 1856 aliquorum,
674 1811 715 1847 et
747 1808 1037 1847 sufficientiam
1072 1820 1199 1861 quam

163 1878 310 1906 omnes
326 1880 493 1918 sperare
522 1869 690 1908 debent.
712 1870 761 1908 Et
777 1870 903 1921 paulo
922 1870 1127 1921 superius,
1154 1872 1199 1911 in

161 1939 250 1978 reg.
273 1929 325 1967 9:
347 1928 460 1968 Certi
477 1928 639 1980 (inquit)
654 1929 781 1972 simus
794 1934 1025 1973 nostrarum
1043 1933 1200 1974 virium

161 2000 240 2028 non
258 2001 353 2037 esse,
374 1989 435 2029 vel
468 1991 688 2041 acquirere,
716 1991 776 2031 vel
808 1993 978 2032 retinere
1003 1995 1199 2043 fervorem

161 2051 392 2098 devotio-nis,
413 2051 694 2092 vehementiam
722 2054 886 2099 amoris,
909 2053 1199 2095 abundantiam

159 2111 448 2162 lacrymarum,
464 2116 536 2152 aut
551 2113 678 2153 aliam
696 2124 979 2166 quamcumque
996 2116 1199 2157 internam

160 2172 493 2221 consolationem,
521 2174 591 2214 sed
615 2174 749 2215 omnia
779 2176 862 2217 leoec
896 2178 1082 2229 gratuita
1115 2189 1199 2219 esse

158 2234 237 2274 Dei
255 2234 372 2283 dona,
393 2246 482 2286 quae
499 2235 538 2274 si
557 2234 799 2277 vendicemus
815 2237 928 2278 nobis
948 2241 995 2279 ut
1008 2239 1197 2291 propria,

159 2299 197 2336 et
215 2307 328 2336 vanoe
340 2296 482 2347 qlorioe
499 2297 710 2337 criminem
728 2310 806 2338 non
825 2300 912 2340 sine
923 2300 1068 2342 salutis
1076 2300 1200 2353 ,oravi

155 2357 334 2409 periculo
353 2357 558 2397 incursuri
572 2369 725 2399 sumus.

209 2418 277 2457 44.
308 2418 527 2470 Responsio
553 2420 609 2460 ad
628 2420 807 2471 primum
834 2420 1051 2462 membrum
1085 2419 1197 2466 dubit

155 2479 202 2519 in
227 2489 390 2519 numero
416 2481 483 2519 42.
506 2501 560 2510 —
578 2481 682 2520 Cum
720 2492 821 2535 ergo
850 2482 894 2522 10
925 2483 1100 2540 septima
1128 2496 1195 2525 re-

156 2540 256 2592 gula
281 2552 332 2580 ex
361 2541 520 2580 eisdem
555 2541 729 2591 dicitur,
759 2542 962 2586 interdum
992 2547 1196 2598 probatio-

154 2603 222 2642 nis
239 2613 362 2643 causa
379 2614 451 2644 nos
468 2604 596 2644 Deum
612 2605 700 2645 sine
715 2607 979 2649 consolatione
995 2609 1198 2662 relinque-

154 2675 212 2711 re,
234 2667 282 2705 ut
314 2675 388 2717 per
413 2666 622 2706 naturales
656 2678 808 2720 quoque
831 2668 943 2708 vires
974 2669 1197 2712 insultibus

154 2725 315 2766 inimici
334 2726 465 2765 nostri
485 2727 743 2778 obsistamus,
765 2739 851 2767 non
870 2728 1018 2770 dicitur
1034 2733 1083 2771 ut
1101 2744 1195 2785 gra-

154 2785 212 2824 tia
243 2787 485 2826 excludatur
504 2788 760 2841 simpliciter,
794 2791 868 2830 sed
889 2792 1025 2832 solum
1055 2793 1194 2847 quoad

153 2847 358 2897 majorem
380 2849 607 2899 quamdam
633 2850 951 2901 abundantiam,
974 2858 1014 2893 et
1042 2866 1191 2895 conso-

153 2906 371 2956 lationem;
393 2921 492 2948 nam
519 2911 659 2950 statim
679 2912 869 2953 additur:
891 2915 959 2962 Id,
980 2918 1086 2968 quod
1098 2929 1192 2969 pos-

152 2980 292 3009 sumus
305 2970 414 3010 baud
430 2972 544 3012 dubie
556 2972 767 3014 assistente
783 2974 896 3016 nobis
904 2977 1067 3029 juqiter
1080 2989 1191 3030 prce-

153 3029 256 3070 sidio
276 3029 424 3078 divino,
443 3032 534 3072 licet
551 3039 645 3074 tunc
662 3047 907 3089 nequaquam
922 3041 1134 3090 sentiatur,
1147 3053 1191 3081 eo

153 3091 258 3145 quod
281 3094 474 3143 fervorem
505 3095 727 3145 pristinum
760 3099 977 3140 charitatis
993 3102 1191 3144 Dominus

153 3152 417 3203 subtraxerit,
441 3154 587 3196 relicta
619 3157 881 3200 nihilominus
918 3163 1074 3212 qratia,
1101 3176 1191 3215 quoe

155 3213 209 3255 ad
226 3213 315 3253 bene
331 3216 587 3267 operandum,
605 3220 642 3257 et
676 3219 730 3258 ad
755 3223 1057 3273 consequendam
1077 3224 1191 3265 salu-

155 3276 233 3316 tem
248 3274 352 3315 satis
371 3287 451 3316 esse
468 3281 598 3328 queat.
609 3278 727 3318 Unde
747 3291 821 3330 per
839 3283 1050 3323 naturales
1065 3285 1187 3335 vires,

154 3340 244 3376 tum
262 3336 335 3386 ihi,
352 3339 442 3376 tum
457 3338 537 3378 alio
553 3339 645 3379 loco
663 3340 887 3392 significari
904 3344 1097 3384 videntur
1112 3359 1190 3386 na-

153 3397 309 3438 turales
344 3397 574 3448 facultates,
597 3413 672 3440 seu
696 3404 905 3454 potentiae,
932 3417 1018 3445 non
1045 3411 1188 3448 tamen

157 3463 203 3497 ut
225 3464 443 3511 operantes
462 3473 540 3514 per
566 3463 698 3502 solam
726 3465 957 3506 naturalem
977 3468 1187 3522 virtutem,

155 3521 226 3559 sed
252 3526 293 3560 ut
322 3522 473 3575 adjutas
505 3523 644 3565 divina
673 3527 831 3577 gratia,
855 3531 896 3567 et
914 3535 1190 3582 cooperantes

155 3577 227 3619 illi.
251 3583 475 3636 Postquam
492 3586 605 3627 enim
624 3589 736 3628 Deus
756 3588 1007 3632 sufficienter
1028 3604 1191 3644 praeve-

155 3638 220 3681 nit
233 3644 492 3692 voluntatem
516 3658 596 3703 per
627 3660 747 3693 suam
772 3651 950 3704 gratiam
967 3655 1010 3693 et
1040 3652 1188 3707 fidem,

517 259 599 298 m.
618 258 678 296 ix⁶
698 258 756 295 1111
773 256 924 300 mults,
944 257 1027 294 000
1042 256 1300 300 mamus,
1321 255 1471 300 comus
1487 254 1546 294 An
1564 214 1960 309 summatim

1263 324 1476 367 interdum
1494 322 1692 375 relinquit
1709 324 1838 374 illam,
1863 324 2050 378 uim
2062 330 2183 380 uta

1264 387 1395 441 ceptis
1415 386 1552 436 donis,
1571 385 1639 428 val
1651 389 1698 429 ut
1725 386 1901 431 resistat
1908 391 2138 439 wannti
2156 342 2229 437 ω”ῗῑῑζ

1261 449 1378 499 tioni,
1389 448 1547 500 absquo
1559 459 1667 490 novo
1678 448 1961 499 proveniente
1977 448 2192 502 unissaw*

1263 512 1325 552 vis
1345 523 1430 550 non
1453 511 1542 551 0100
1567 510 1791 562 adjuvante
1810 513 1852 553 01
1879 517 2144 564 cooperata,
2162 517 2257 562 ιη
2243 558 2247 561 ,
2334 556 2337 568 Ι

1266 573 1465 626 praedicto
1499 572 1594 615 loco
1638 572 1739 614 satis
1778 571 2027 624 explicatum
2062 576 2139 618 ost.
2190 593 2193 597 -
2233 574 2237 575 ’
2263 583 2266 586 ’
2326 590 2331 596 -

1263 635 1390 676 etiam
1408 635 1524 675 locus
1544 646 1597 675 cx
1613 633 1885 677 meditatione
1910 633 1966 678 de
1993 633 2128 679 tribus
2159 635 2249 693 110,’
2326 669 2334 692 .-

1263 709 1365 738 num
1389 697 1605 745 0100011010,
1624 696 1758 738 facilis
1793 699 1880 744 est;
1910 695 2146 739 insinuatur
2187 716 2196 733 ·-
2214 716 2233 733 ι-
2259 696 2274 732 ἰ’
2322 699 2331 734 ’ζ

1261 759 1318 798 1111
1339 759 1491 811 duplex
1510 758 1660 799 modus
1691 769 1774 810 quo
1806 762 1997 799 movetur
2012 758 2138 802 homo
2157 769 2183 801 a
2201 758 2269 804 8

1261 821 1343 861 ritu
1362 821 1529 868 Sancto,
1545 832 1651 872 quos
1669 819 1868 872 Theologi
1882 820 2155 872 distinguunt.
2174 820 2283 891 Uuzs

1261 887 1324 922 est
1340 895 1416 935 per
1433 882 1608 935 Spiritus
1626 881 1766 924 Sancti
1786 881 1958 930 donum,
1986 893 2113 932 quem
2135 882 2252 934 opt'n·

1261 948 1382 985 vocat
1418 944 1616 997 Ignatius,
1645 956 1696 984 ex
1725 943 1863 985 divino
1899 943 2114 993 instinctu,
2140 943 2185 985 in
2216 947 2286 987 uf,

1260 1006 1389 1047 homo
1432 1006 1567 1059 magis
1610 1006 1746 1058 agitur
1789 1017 1918 1058 quam
1949 1017 1995 1046 se
2032 1009 2150 1059 agat·
2186 1005 2283 1054 alin,

1259 1069 1440 1122 pertinet
1471 1068 1526 1109 ad
1559 1068 1756 1116 virtutes,
1792 1066 1839 1107 in
1873 1078 1956 1117 quo
1986 1066 2113 1108 110100
2147 1078 2226 1119 ope
2256 1083 2274 1090 ⁴
2320 1078 2321 1083 ¹

1260 1135 1328 1171 tur
1363 1142 1440 1182 per
1475 1130 1736 1179 discursum,
1767 1132 1809 1169 01
1847 1128 2056 1169 dictamen
2093 1128 2278 1171 rationi-²
2314 1155 2327 1184 -,

1259 1204 1347 1232 non
1381 1192 1549 1243 quidem
1587 1192 1675 1232 sine
1702 1190 1861 1230 lumine
1892 1194 1934 1230 et
1967 1189 2120 1230 auxilio
2143 1192 2276 1242 super

1260 1254 1453 1300 naturali,
1471 1253 1544 1293 sed
1569 1253 1650 1293 illis
1670 1253 1852 1304 adjutus.
1874 1251 1938 1292 Sic
1980 1252 2091 1292 enim
2110 1264 2162 1291 ex
2179 1252 2271 1303 prin
2317 1259 2329 1285 1

1260 1316 1379 1368 cipiis
1417 1315 1515 1355 fidei
1556 1319 1599 1355 et
1639 1314 1838 1354 doctrinis
1882 1315 2051 1354 Patrum
2097 1312 2271 1355 discurri

1259 1389 1354 1417 mus
1373 1381 1414 1416 et
1442 1377 1646 1416 dictamus
1669 1388 1745 1428 per
1762 1375 1942 1415 infusam
1957 1373 2223 1426 prudentiam
2237 1374 2292 1418 d2=
2315 1388 2327 1421 κ

1259 1439 1448 1491 agendis.
1470 1440 1521 1478 Et
1550 1442 1727 1490 uterque
1747 1437 1898 1477 modus
1923 1437 2157 1476 insinuatur
2193 1448 2218 1476 a
2243 1435 2272 1479 8

1256 1501 1432 1553 Ignatio,
1450 1501 1551 1540 dum
1586 1501 1695 1540 inter
1724 1499 1861 1539 media
1880 1499 1931 1538 ad
1950 1498 2105 1537 bonam
2125 1496 2264 1538 electi·
2322 1551 2323 1554 Ἴ

1257 1575 1371 1611 11001,
1393 1563 1563 1603 tertium
1596 1563 1780 1614 ponitur,
1811 1562 2009 1602 obsecrare
2026 1560 2105 1601 Dei
2126 1561 2257 1602 clame
2284 1591 2289 1598 .

1256 1626 1374 1672 tiam,
1390 1628 1436 1666 ut
1457 1625 1647 1676 diqnetur
1661 1626 1827 1665 mentem
1846 1623 2059 1669 instruere,
2073 1625 2111 1663 et
2126 1622 2291 1673 impler
2318 1663 2322 1667 ,

1254 1688 1512 1735 voluntatem,
1532 1697 1772 1739 quocumque
1790 1686 1927 1739 potius
1944 1683 2046 1724 milii
2059 1683 2267 1725 tendendu-
2284 1700 2291 1724 2'
2319 1711 2321 1713 -

1253 1751 1326 1798 sit,
1349 1748 1526 1790 adnibito
1545 1747 1800 1789 nihilosecius
1813 1748 1896 1798 pio,
1917 1745 2101 1797 fidelique
2117 1744 2290 1793 intelle
2312 1782 2318 1795 y,

1254 1815 1323 1852 tus
1352 1811 1430 1852 mei
1459 1807 1687 1858 ratiocinio,
1711 1819 1787 1862 per
1803 1807 1909 1861 quod
1935 1806 2186 1861 apprehensa
2228 1812 2316 1867 Ι-’-»·Ι

1251 1873 1472 1920 voluntate,
1506 1871 1563 1912 ad
1597 1870 1817 1912 electionem
1837 1871 1982 1920 ferar,-
2009 1867 2080 1908 ubi
2105 1868 2252 1908 notan·
2270 1884 2292 1914 με.
2317 1868 2321 1895 ³

1253 1937 1351 1972 sunt
1366 1932 1437 1971 illa
1454 1932 1598 1980 verba,
1612 1933 1683 1982 pio
1695 1930 1877 1984 fidelique
1891 1930 2122 1977 ratiocinio,
2136 1928 2290 1981 quibu,

1252 1993 1583 2045 supernaturalis
1611 1993 1824 2034 discursus
1860 1991 2133 2043 significatur.
2159 1992 2210 2032 Et
2229 1989 2287 2033 si

1250 2055 1490 2096 ratiocinari
1511 2059 1554 2094 et
1575 2054 1748 2106 eligere,
1769 2056 1832 2094 est
1849 2054 1959 2094 vires
1979 2064 2054 2095 seu
2070 2053 2288 2094 facultate

1250 2117 1467 2158 naturales
1490 2116 1623 2157 libere
1641 2127 1851 2164 exercere,
1876 2119 1917 2156 et
1933 2116 2191 2155 voluntatem
2211 2112 2284 2155 D.·

1249 2189 1506 2230 cognoscere
1527 2189 1579 2218 ex
1608 2176 1782 2218 rationis
1809 2177 2047 2226 dictamine,
2069 2187 2286 2228 nunquan·-
2312 2230 2314 2234 v

1252 2239 1512 2281 excludendo
1523 2239 1711 2280 divinum
1724 2239 1867 2281 lumen
1879 2244 1921 2278 et
1933 2237 2123 2290 gratiam.
2137 2238 2267 2286 Quam
2306 2231 2307 2235 ¹

1250 2303 1316 2342 vis
1330 2302 1571 2354 negandum
1590 2302 1716 2342 etiam
1729 2313 1814 2341 non
1830 2305 1907 2349 est,
1926 2299 2151 2351 aliquando
2168 2303 2280 2350 natu⁸

1249 2364 1350 2405 ralis
1365 2364 1537 2403 rationis
1552 2362 1761 2404 dictamen
1773 2362 1962 2407 conferre
1974 2361 2027 2402 ad
2043 2361 2241 2404 electione
2253 2371 2281 2417 nj
2312 2363 2313 2366 ’

1249 2426 1469 2465 honestam
1487 2424 1738 2474 faciendam,
1753 2427 1998 2464 nontamen
2018 2423 2072 2463 de
2088 2434 2232 2475 super·
2251 2438 2256 2456 r
2278 2456 2280 2459 ,
2307 2474 2311 2485 ἐ

1248 2487 1452 2529 turalibus
1471 2486 1607 2535 bonis,
1627 2486 1684 2528 de
1703 2486 1856 2539 quihus
1869 2485 2009 2526 inillis
2025 2483 2127 2526 locis
2147 2495 2245 2526 ser·
2264 2500 2270 2517 1
2308 2533 2309 2539 ¹

1248 2562 1342 2591 esse
1364 2549 1540 2598 videtur,
1568 2548 1646 2588 sed
1674 2547 1730 2589 de
1752 2546 1891 2600 aliquo
1915 2546 2026 2587 bono
2056 2546 2220 2595 morali,
2240 2555 2263 2586 e
2304 2574 2310 2597 ,

1247 2611 1440 2660 honesto,
1464 2614 1511 2651 ut
1534 2610 1618 2651 late
1639 2609 1712 2651 lib.
1734 2612 1756 2651 1
1787 2612 1830 2651 et
1852 2610 1880 2648 2
1902 2608 1955 2651 de
1983 2607 2118 2660 gratia
2142 2610 2275 2649 oste

1248 2686 1343 2714 sum
1362 2677 1439 2712 001.

2326 872 2333 923 l

2324 950 2331 993 i

2325 1015 2330 1035 1

2323 1045 2329 1074 Ι

2324 1075 2330 1108 l

1297 2736 1367 2775 115.
1398 2733 1619 2786 Responsio
1635 2733 1689 2774 ad
1703 2731 1917 2775 secundum
1934 2730 2149 2772 membrum
2166 2730 2234 2771 in
2303 2769 2305 2776 ,

1247 2798 1333 2839 dem
1349 2808 1458 2838 num.
1481 2793 1817 2843 42.—Tandem‚
1837 2791 1948 2844 quod
1969 2793 2012 2833 in
2029 2791 2176 2832 ultimo
2188 2791 2244 2831 lo
2262 2809 2264 2824 :
2299 2796 2307 2845 J,

1243 2857 1395 2898 dicitur
1412 2856 1466 2896 de
1495 2855 1631 2895 divino
1651 2854 1836 2908 impulsu
1865 2854 1924 2894 ita
1951 2852 2124 2902 efficaci,
2144 2855 2190 2893 ut
2232 2870 2258 2906 ις
2296 2852 2306 2914 t

1245 2919 1442 2960 cultatem
1462 2916 1679 2957 dubitandi
1713 2915 1892 2964 auferat,
1921 2915 2130 2967 pertinere
2149 2925 2250 2960 cre

1242 2990 1338 3022 mus
1358 2979 1411 3019 ad
1424 2979 1607 3032 priorem
1625 2977 1798 3018 modum
1816 2976 1966 3018 divinae
1982 2975 2192 3021 motionis,

1243 3041 1356 3082 dona
1375 3041 1551 3092 Spiritus
1577 3040 1750 3081 Sancti.
1775 3051 1874 3080 nam
1904 3037 2113 3079 interdum
2144 2986 2261 3131 pm}

1244 3115 1336 3143 esse
1368 3107 1456 3142 tam
1479 3103 1639 3151 efficax,
1661 3105 1709 3143 ut
1738 3100 2032 3142 necessitatem
2052 3110 2219 3152 quam
2244 3152 2247 3155 .
2294 3082 2302 3110 ²

1242 3164 1409 3212 inferat,
1433 3164 1580 3204 saltem
1599 3163 1828 3204 intellectui
1850 3161 1906 3203 ad
1928 3160 2248 3214 judicandum
2246 3165 2250 3180 ·’
2291 3141 2302 3179 ³

1241 3227 1382 3278 aliquo
1404 3226 1631 3278 agendum,
1647 3237 1724 3277 per
1740 3225 1899 3265 donum
1923 3222 2098 3271 consilii,
2117 3221 2218 3263 vel
2249 3202 2302 3266 5

1242 3288 1426 3340 aliquam
1444 3288 1743 3328 revelationem
1776 3286 1883 3327 adeo
1912 3286 2138 3331 efficacem,
2159 3284 2248 3325 ut
2292 3270 2302 3338 1

1239 3354 1360 3405 parte
1394 3349 1627 3392 intellectus
1673 3360 1759 3387 non
1791 3348 2002 3398 relinquat
2035 3344 2243 3386 facultat
2243 3403 2246 3405 -
2294 3374 2299 3412 4

1242 3411 1474 3451 dubitandi.
1500 3409 1696 3457 Quamvis
1713 3413 1851 3450 autem
1872 3411 1973 3448 tunc
1986 3408 2112 3449 homo
2128 3416 2200 3445 110
2247 3409 2252 3413 “

1243 3472 1522 3524 sariojudicet
1539 3471 1765 3523 impulsum
1777 3470 1851 3510 Dei
1867 3481 1959 3510 0000
1992 3465 2238 3519 sequenti·-

1236 3533 1512 3574 :nihilominus
1542 3531 1588 3573 111
1620 3532 1834 3575 voluntate
1853 3540 2022 3572 mauors
2040 3529 2214 3580 potest

1237 3594 1366 3651 gendi
1399 3593 1587 3644 libertas,
1610 3594 1699 3636 haec
1720 3593 1837 3636 0111111
1864 3598 1951 3632 non
1979 3586 2212 3632 aufertur
2231 3645 2234 3649 Δ
2287 3615 2294 3631 -.

1235 3656 1447 3699 motiones
1458 3654 1602 3709 gratim
1616 3654 1723 3707 (0010
1738 3652 1884 3709 poam
1909 3650 2021 3694 Beue
2045 3647 2163 3692 illam
2285 3710 2290 3720 Ι
