2352 3880
995 100 1033 125 ,νᾳ
1038 108 1046 120 a

127 317 283 366 pramis
298 315 573 369 inquisitionis
596 313 782 365 specialis
796 314 887 365 post
901 310 1153 364 sufficientem

526 376 756 426 infamiam.

180 468 245 508 29.
278 467 337 507 De
355 466 533 506 examine
550 464 723 504 testium.
741 463 806 492 '—
834 462 895 502 De
904 461 1145 512 juramento.

125 529 426 580 -Proeceptum
440 526 553 568 aliud
570 526 711 577 absque
717 524 855 574 juram
862 527 946 563 ento
968 535 1020 562 an
1032 522 1149 573 suffi-

127 591 223 631 ciat.
244 613 297 619 —
322 588 538 639 Supposita
563 598 660 637 ergo
677 585 904 623 sufficiente
925 583 1092 623 infamia
1109 585 1150 622 et

127 650 269 690 notitia
290 650 393 701 ejus,
415 647 637 699 procedere
658 649 792 696 potest
811 645 1005 684 Praelatus
1023 644 1076 683 ad
1090 643 1149 682 in-

124 712 384 764 quisitionem
403 709 622 759 specialem
639 707 690 746 de
707 707 885 755 subdito,
910 707 993 745 sive
1012 708 1148 757 speret

60 801 63 804 -
123 774 213 824 ejus
234 771 582 818 emendationem,
608 770 692 808 sive
711 780 820 818 n0n3
846 769 942 820 quia
959 770 1046 820 jam
1066 779 1147 806 non

121 832 295 874 intendit
315 832 591 884 principaliter
615 831 963 878 emendationem,
986 830 1057 869 sed
1077 841 1148 881 pu-

121 894 338 942 nitionem,
362 898 402 933 et
421 893 649 932 remedium
669 893 866 939 scandali,
889 891 999 942 quod
1021 904 1070 930 ex
1088 891 1147 928 in-

121 956 246 995 famia
268 956 362 994 oriri
384 955 507 1001 solet,
535 960 578 994 ut
598 955 795 993 Antonin.
819 966 956 1004 supra,
986 953 1007 1004 ἓ
1028 954 1076 997 8:
1109 955 1148 990 et

121 1017 313 1068 Sylvest.,
346 1017 578 1068 InquisitiO,
612 1018 651 1062 2,
684 1016 789 1054 dicto
812 1016 848 1062 3,
880 1018 1037 1052 notant.
1063 1012 1146 1052 Mo-

121 1077 199 1117 dus
222 1081 359 1116 antem
384 1077 628 1127 procedendi
648 1077 700 1115 ad
720 1077 954 1127 praedictam
974 1074 1145 1124 inquisi-

119 1139 299 1187 tionem,
332 1139 516 1189 quamvis
547 1139 589 1177 in
622 1138 821 1189 religione
854 1149 934 1175 non
966 1136 1147 1185 requirat

121 1211 264 1238 omnes
296 1200 402 1250 juris
437 1200 694 1246 subtilitates,
729 1203 867 1237 tamen
903 1209 994 1236 esse
1024 1197 1148 1237 debet

118 1259 371 1299 sufficienter
385 1261 576 1311 juridica,
596 1262 650 1300 ita
668 1265 714 1298 ut
733 1260 854 1298 faciat
873 1258 1079 1310 publicam
1099 1258 1146 1296 fi·

119 1321 234 1367 dem;
266 1327 303 1361 et
328 1322 434 1370 ideo,
467 1323 670 1373 supposita
705 1321 888 1364 infamia,
919 1320 1144 1359 examinari

119 1383 274 1423 debent
295 1388 419 1422 testes
451 1396 588 1422 coram
614 1383 797 1429 notario,
830 1395 904 1421 seu
924 1382 1144 1420 secretario

119 1456 243 1496 quem
263 1446 348 1495 ipse
372 1445 563 1483 Praelatus
593 1456 642 1482 ex
665 1444 749 1482 suis
771 1444 971 1495 religiosis
991 1444 1042 1482 ad
1071 1445 1147 1482 hoc

118 1517 270 1546 munus
300 1506 577 1553 constituerit,
610 1510 653 1543 ut
678 1517 822 1544 omnes
844 1509 958 1544 actus
980 1506 1147 1554 inquisi—

118 1567 242 1609 tionis
259 1567 433 1606 fideliter
454 1567 683 1605 conscribat
704 1597 713 1613 ,
746 1567 886 1616 eisque
910 1567 1029 1604 simul
1052 1579 1147 1606 cum

119 1628 206 1680 ipso
232 1629 400 1668 Praelalo
431 1628 660 1666 subscribat
689 1627 741 1666 ad
769 1640 909 1666 eorum
942 1628 1146 1678 probatio·

119 1702 228 1730 nem.
272 1690 554 1741 Interrogandi
594 1690 717 1727 etiam
755 1694 848 1728 sunt
886 1690 1075 1727 distincte
1108 1693 1147 1728 et

120 1751 228 1791 clare
249 1763 323 1802 per
343 1753 534 1790 articulos
557 1755 595 1789 et
619 1751 795 1801 capitula
812 1781 823 1798 ,
857 1763 945 1801 quae
969 1751 1020 1788 ad
1042 1751 1153 1788 hunc

119 1812 245 1852 finem
266 1813 317 1850 ab
338 1814 424 1862 ipso
450 1813 616 1851 Praelato
640 1825 732 1850 cum
753 1813 913 1850 notario
933 1817 1053 1850 erunt
1070 1812 1152 1850 dis-

119 1874 244 1914 tincte
274 1874 472 1912 confecta.
502 1875 549 1912 Et
577 1874 762 1924 quamvis
788 1874 1026 1921 dixerimus,
1059 1885 1153 1923 pro-

118 1935 323 1975 clamante
342 1935 452 1972 fama
470 1964 479 1978 ,
512 1947 596 1972 non
616 1947 706 1972 esse
728 1936 1004 1972 necessariam
1025 1934 1148 1973 aliam

118 1997 402 2050 probationem
418 1998 452 2047 ej
462 2009 522 2044 us,
543 1997 621 2035 hoc
637 1997 814 2035 maxime
834 1996 1149 2047 intelligendum

120 2063 195 2106 est,
222 2063 267 2098 ut
288 2059 415 2109 judex
431 2059 541 2109 juste
568 2058 697 2109 possit
717 2058 1023 2108 inquisitionem
1044 2058 1148 2096 inci-

118 2131 243 2172 pere,
277 2125 316 2158 et
345 2124 466 2158 testes
499 2119 552 2158 ad
584 2119 919 2169 respondendum
944 2119 1147 2169 obligare.

119 2177 389 2222 Nihilominus
426 2185 562 2219 tamen
598 2181 798 2231 optimum
837 2184 898 2219 est
929 2180 1150 2220 nonnullos

119 2248 248 2283 testes
271 2243 415 2281 saltem
436 2243 477 2280 in
499 2242 697 2292 principio
715 2272 724 2286 ,
753 2253 835 2280 non
859 2242 993 2279 solnm
1013 2241 1065 2279 de
1083 2241 1151 2279 de-

120 2305 231 2353 licto,
252 2304 324 2343 sed
343 2304 465 2343 etiam
488 2304 538 2342 de
558 2303 724 2341 infamia
743 2304 1009 2353 interrogare,
1037 2306 1080 2342 ut
1099 2302 1153 2342 de

120 2369 296 2417 utroque
345 2366 475 2415 magis
525 2366 790 2403 convincatur
837 2377 944 2405 reus.
991 2364 1152 2403 Debent

122 2429 246 2469 etiam
277 2427 519 2476 interrogari
542 2427 617 2464 sub
638 2427 870 2476 juramento
889 2456 897 2471 ,
926 2425 1023 2476 quia
1050 2426 1152 2463 alias

122 2501 205 2528 non
223 2489 319 2527 facit
338 2489 452 2526 testis
473 2488 742 2526 sufficientem
763 2487 886 2525 fidem
909 2487 1120 2536 injudicio
1139 2515 1150 2534 ,

123 2550 234 2602 quod
252 2551 374 2588 etiam
394 2549 435 2586 in
457 2549 635 2599 regulari
655 2547 809 2599 judicio
831 2560 973 2586 verum
996 2548 1147 2593 habetg

123 2611 220 2663 quia
236 2611 304 2649 illa
322 2610 498 2648 conditio
516 2614 714 2660 tanquam
734 2609 1012 2648 substantialis
1034 2621 1151 2659 repu-

123 2679 247 2715 tatur.
275 2673 485 2719 Significat
509 2684 605 2711 vero
633 2672 825 2723 Sylvest.,
853 2672 1086 2722 Inquisitio,
1110 2672 1151 2718 2,

125 2735 232 2777 dicto
251 2735 278 2773 6
298 2733 381 2783 (ubi
403 2734 452 2772 de
468 2746 539 2773 reo
556 2734 750 2784 loquitur,
771 2738 833 2772 est
849 2738 989 2771 autem
1007 2733 1152 2771 eadem

123 2796 228 2839 ratio
245 2796 295 2835 de
316 2795 521 2845 testibus),
537 2795 726 2834 sufficere
743 2801 788 2834 ut
807 2795 999 2834 Praelatus
1016 2794 1056 2832 in
1075 2794 1153 2832 vir-

123 2862 213 2899 tute
245 2857 487 2896 obedientiae
522 2857 587 2895 vel
619 2856 696 2895 sub
727 2857 1154 2895 excommunicatione

124 2919 334 2971 praecipiat
350 2918 484 2956 dicere
500 2918 728 2956 veritatem.
753 2918 839 2968 Ego
857 2923 991 2956 tamen
1008 2930 1154 2956 consu-

123 2981 255 3022 lerem
277 2981 560 3031 juramentum
587 2980 689 3027 dari,
715 2980 833 3030 juxta
857 2992 947 3031 cap.
976 2979 1070 3020 Cum
1091 2980 1154 3019 de-

125 3043 232 3091 lioti,
265 3041 316 3080 de
351 3041 713 3088 Accusationibus,
746 3040 825 3079 nisi
856 3045 1022 3092 recepta
1056 3053 1153 3080 con-

126 3103 301 3144 suetudo
325 3102 535 3153 religionis
565 3102 688 3140 alium
718 3102 886 3140 modum
905 3106 1090 3148 teneret3
1114 3106 1154 3141 et

123 3165 407 3218 juramentum
430 3176 514 3202 non
535 3167 596 3202 est
618 3168 701 3202 tam
730 3163 997 3202 substantiale
1015 3193 1025 3210 ‚
1054 3164 1153 3214 quin

126 3226 256 3278 possit
284 3225 514 3265 renuntiari
542 3237 616 3276 per
649 3228 801 3275 partes,
836 3236 924 3275 cap.
956 3224 1070 3272 Pais,
1103 3225 1156 3264 de

127 3286 341 3325 Testibus.
380 3286 450 3324 Illa
489 3289 624 3325 autem
658 3285 910 3324 consuetudo
948 3286 1157 3325 renuntia-

66 3341 70 3350 ’
129 3345 231 3388 tioni
250 3346 494 3396 ae11uivalet;
522 3359 619 3385 nam
646 3347 900 3386 consuetudo
927 3346 997 3385 dat
1009 3346 1092 3398 jus,
1118 3351 1158 3387 et

130 3406 249 3455 tollit,
270 3419 318 3446 ac
337 3407 560 3454 renuntiat,
585 3408 694 3458 quod
716 3408 883 3458 perinde
905 3411 978 3446 est.

150 3502 152 3506 .
184 3469 253 3509 30.
286 3468 397 3509 Licet
417 3471 532 3509 testes
549 3481 659 3509 reum
676 3480 754 3508 non
773 3470 973 3513 damnent,
992 3469 1160 3509 interro-

130 3529 225 3582 0ari
253 3530 382 3570 adhuc
399 3533 527 3580 potest
549 3530 742 3581 juridico,
777 3531 815 3570 si
841 3530 984 3570 dentur
1008 3531 1160 3573 indicia

75 3590 81 3594 “
131 3588 196 3630 ul
216 3589 401 3642 infamia.
413 3591 660 3644 —Insamia
679 3591 787 3633 subit
815 3591 938 3632 vicem
959 3597 1158 3635 accusato-

422 214 512 250 ω.
533 213 604 248 xii.
627 212 682 247 ni:
701 211 814 247 nono
833 177 1087 246 neocaesari
1106 210 1187 245 rsa
1206 211 1309 246 vum
1330 212 1536 247 spectans
1556 197 1851 256 iffontsumms
1874 214 1965 250 mc.

1206 276 1270 317 ris
1288 279 1325 318 et
1341 277 1469 317 testis.
1483 276 1625 318 —Reo
1645 277 1829 329 leyendus
1844 289 2125 332 processus.—
2139 282 2233 325 Non

1207 342 1355 389 oportet
1373 340 1409 378 oz·
1428 339 1583 391 aperire
1602 343 1718 380 testes
1747 343 1818 381 aut
1837 345 2169 395 transsumptum.
2182 364 2231 376 —

1207 398 1353 438 Postea
1377 411 1475 438 vero
1504 401 1814 451 procedendum
1845 396 2017 441 ulterius
2036 407 2098 442 est
2115 404 2232 454 juxta

1205 460 1350 498 merita
1369 472 1502 500 causae
1522 473 1573 500 ex
1584 463 1750 502 testium
1769 463 2159 514 interrogationibus
2171 477 2232 505 re-

1204 521 1410 559 sultantia.
1451 523 1553 560 Nam
1591 524 1624 562 si
1662 524 1799 563 nullus
1839 525 1954 564 testis
1986 525 2234 568 condemnat

1202 593 1322 620 reum
1343 582 1394 620 de
1413 582 1578 630 delicto,
1598 583 1653 622 ita
1674 589 1719 623 ut
1737 585 1922 637 insurgat
1941 588 2087 626 saltem
2113 587 2229 628 semi-

1203 640 1324 693 plena
1344 643 1546 693 probatio,
1571 656 1652 682 non
1674 650 1807 695 potest
1822 659 1917 686 reus
1938 649 2026 699 ipse
2050 649 2231 700 legitime

1201 704 1460 756 interrogari,
1480 709 1520 744 et
1539 705 1594 743 ita
1607 700 1778 745 lilterius
1792 708 2083 758 inquirendum
2104 715 2166 750 est
2179 711 2230 751 ab

1203 766 1292 804 aliis
1311 766 1482 805 testibus
1501 766 1567 806 vel
1583 779 1666 805 non
1695 767 1800 806 ultra
1820 755 2148 818 procedendum}
2173 776 2229 812 ta·

1202 838 1299 865 men
1333 828 1520 867 existimo
1550 829 1738 867 sufficere
1770 829 1982 869 infamiam
2018 834 2230 882 probatam

1203 888 1482 935 sufficienter,
1519 890 1748 940 praesertim
1781 890 1813 928 si
1852 892 2050 931 accedant
2082 893 2231 933 indicia

1203 951 1358 1000 gravia,
1382 955 1426 989 ut
1459 951 1575 989 citari
1608 951 1757 1003 possit,
1794 956 1834 992 et
1852 953 2099 1003 interrogari
2119 968 2229 1004 reus,

1204 1011 1297 1061 quia
1321 1012 1489 1050 infamia
1519 1013 1610 1051 talis
1646 1013 1744 1051 facit
1780 1014 2052 1064 semiplenam
2088 1017 2231 1065 proha-

1204 1071 1373 1112 tionem.
1397 1074 1478 1111 Nec
1495 1073 1618 1112 refert
1634 1073 1744 1124 quod
1763 1074 1807 1112 in
1826 1075 1902 1113 hoc
1919 1087 2113 1125 processu
2134 1076 2232 1115 infa-

1201 1135 1285 1172 mia
1304 1135 1452 1173 habeat
1474 1136 1601 1174 vicem
1622 1137 1888 1182 accusatoris,
1912 1139 1952 1175 et
1974 1137 2066 1176 ideo
2095 1138 2233 1178 videa-

1201 1200 1269 1235 tur
1300 1209 1381 1235 non
1404 1209 1522 1248 posse
1558 1197 1760 1236 sustinere
1786 1197 1922 1235 locum
1959 1200 2099 1248 testis;
2137 1211 2233 1238 nam

1203 1260 1261 1310 (ut
1278 1259 1384 1297 bene
1403 1260 1524 1298 sentit
1537 1261 1753 1305 Navarrus,
1776 1260 1900 1297 corol.
1923 1262 1989 1307 63,
2011 1274 2124 1299 num.
2139 1263 2232 1312 294)

1202 1321 1277 1359 sub
1296 1321 1468 1359 diversis
1486 1321 1716 1359 rationibus
1735 1324 1954 1371 utrumque
1971 1327 2116 1372 potest,
2133 1335 2232 1373 prae-

1203 1382 1458 1427 sertimcum
1486 1394 1569 1420 non
1603 1382 1652 1420 sit
1674 1393 1795 1420 verus
1815 1387 2042 1428 accusatur,
2066 1384 2138 1422 sed
2163 1384 2234 1423 fic·

1202 1447 1282 1482 tus.
1301 1444 1510 1489 Quatenus
1526 1455 1623 1493 ergo
1641 1442 1846 1482 antecedit
1862 1444 2078 1483 clamando
2100 1445 2152 1483 ad
2166 1446 2234 1495 ju-

1204 1504 1356 1550 dicem,
1380 1504 1506 1542 habet
1530 1505 1660 1543 vicem
1696 1505 2000 1556 dentlntiantis3
2030 1512 2234 1557 quatenus

1203 1578 1301 1604 vero
1319 1566 1480 1603 veritati
1496 1565 1590 1604 facti
1616 1566 1785 1616 aliquod
1805 1567 2083 1605 testimouium
2105 1568 2234 1618 publi-

1204 1640 1296 1666 cum
1317 1628 1488 1678 praebet,
1524 1628 1620 1666 facit
1640 1629 1909 1679 semiplenam
1933 1629 2231 1679 probationem.

1203 1690 1276 1727 Vel
1297 1689 1428 1732 aliter,
1452 1688 1620 1727 infamia
1642 1691 1869 1728 secundum
1891 1702 1933 1728 se
1955 1695 1994 1729 et
2014 1703 2086 1741 per
2105 1703 2149 1730 se
2169 1703 2234 1730 co-

1208 1750 1319 1800 gnita
1344 1755 1533 1792 accusem
1557 1754 1601 1788 ut
1629 1763 1722 1789 vero
1746 1764 1817 1801 per
1852 1756 1974 1790 testes
2001 1753 2172 1802 probata
2194 1751 2233 1790 in

1203 1810 1373 1862 judicio,
1407 1815 1446 1850 et
1477 1812 1703 1862 prasertim
1729 1813 1887 1851 indiciis
1910 1814 2032 1852 etiam
2056 1814 2236 1864 probatis

1209 1875 1463 1916 confirmata,
1502 1873 1599 1912 facit
1636 1875 1904 1924 semiplenam
1934 1875 2233 1925 probationem.

1208 1936 1351 1984 Itaque
1371 1935 1572 1974 existente
1604 1936 1833 1985 semiplena
1870 1937 2111 1986 probatione
2148 1939 2239 1986 post

1206 1996 1386 2045 aliquam
1416 1995 1741 2044 inquisitionem,
1776 1996 1899 2034 debet
1932 1997 2060 2044 citari,
2082 1998 2146 2035 vel
2180 1999 2239 2046 (ut

1206 2057 1416 2106 Sylvester
1435 2057 1505 2103 ait)
1528 2056 1664 2093 vocari
1697 2057 1887 2106 religioso
1913 2058 2035 2096 modo
2068 2057 2239 2107 inquisi-

1206 2121 1286 2163 tus,
1310 2122 1350 2156 et
1366 2117 1416 2155 de
1437 2118 1607 2155 veritate
1625 2117 1949 2166 subjuramento
1968 2119 2233 2169 interrogari;

1206 2184 1253 2217 ut
1273 2183 1408 2216 autem
1432 2178 1483 2215 ad
1507 2178 1839 2227 respondendum
1859 2179 2076 2229 obligetur,
2097 2191 2238 2219 neces·

1207 2252 1251 2279 se
1270 2243 1332 2279 est
1352 2243 1395 2277 ut
1414 2239 1469 2276 illi
1485 2243 1642 2277 constet
1657 2239 1707 2277 de
1727 2239 1910 2288 legitImo
1932 2252 2124 2291 processu
2142 2254 2238 2279 con-

1207 2306 1271 2341 tra
1305 2301 1418 2338 iilum
1455 2300 1583 2346 facto,
1625 2304 1666 2339 et
1702 2301 1943 2350 probatione
1974 2313 2064 2351 quae
2096 2306 2240 2342 contra

1208 2363 1322 2401 illum
1352 2362 1538 2401 resultat.
1578 2362 1702 2400 Debet
1737 2375 1834 2413 ergo
1874 2362 1927 2400 iili
1960 2363 2055 2413 legi,
2094 2368 2137 2402 ut
2156 2364 2239 2402 col-

1207 2425 1346 2476 ligitur
1377 2436 1425 2462 ex
1451 2425 1545 2462 Divo
1565 2425 1722 2462 Thema
1741 2426 1782 2462 2.
1805 2426 1843 2467 2,
1864 2430 2007 2474 quaest.
2034 2427 2096 2471 69,
2122 2426 2236 2465 artic.

1209 2488 1246 2530 1,
1270 2486 1322 2524 ad
1352 2486 1398 2531 2;
1426 2490 1464 2523 et
1499 2497 1548 2523 ex
1567 2485 1777 2535 Cajetano,
1803 2485 1977 2532 ibidem3
2007 2487 2118 2531 SotO,
2141 2488 2236 2526 dict.

1207 2547 1392 2585 membro
1415 2549 1452 2591 2,
1478 2551 1621 2596 quaest.
1649 2549 1694 2592 '1;
1719 2548 1915 2595 Navarro,
1937 2548 1975 2585 in
1994 2548 2177 2594 Summa,
2199 2561 2236 2588 c.

1209 2623 1244 2648 c.
1269 2610 1334 2654 ⁶25,
1358 2621 1471 2646 num.
1490 2610 1554 2654 36,
1579 2609 1675 2647 etin
1697 2609 1789 2647 dict.
1812 2621 1901 2659 cap.
1920 2610 2033 2648 Inter
2052 2612 2180 2654 rerba,
2196 2611 2235 2649 in

1210 2671 1377 2720 antiquo
1393 2701 1402 2717 ‚
1432 2670 1556 2708 corol.
1597 2671 1662 2716 64,
1697 2682 1857 2708 numer.
1895 2671 1994 2717 730;
2038 2670 2236 2711 Bernard.

1208 2732 1372 2780 Dias,in
1399 2732 1593 2777 Practica,
1614 2743 1648 2769 c.
1672 2733 1762 2777 126,
1784 2744 1824 2768 n.
1848 2733 1895 2776 4;
1919 2736 1958 2770 et
1978 2732 2032 2769 ibi
2051 2733 2236 2782 Salzedo,

1210 2794 1281 2844 qui
1301 2793 1474 2831 advertit
1491 2793 1589 2830 satis
1605 2804 1694 2830 esse
1717 2797 1759 2830 ut
1776 2793 1958 2830 notarius
1979 2794 2088 2843 legat
2099 2806 2237 2832 coram

1208 2867 1279 2894 reo
1300 2854 1578 2905 depositiones
1595 2854 1774 2900 testium,
1796 2854 1927 2892 tacitis
1950 2867 2091 2893 eoi-um
2111 2854 2238 2893 nomi-

1209 2916 1345 2962 nibus,
1366 2927 1501 2965 neque
1535 2919 1724 2965 oportere
1747 2927 1890 2953 eorum
1916 2920 2239 2966 transsumptum

1209 2977 1326 3024 dare,
1356 2988 1451 3014 nam
1475 2980 1608 3026 potest
1640 2976 1733 3027 cogi
1762 2976 1899 3015 statim
1919 2977 1972 3015 ad
1990 2977 2239 3027 responden-

1209 3039 1322 3084 dum,
1346 3050 1439 3077 cum
1461 3038 1549 3088 jam
1574 3038 1632 3076 illi
1651 3038 1901 3077 sufficienter
1921 3043 2078 3078 constet
2099 3038 2148 3075 de
2179 3038 2240 3075 le-

1209 3101 1350 3152 gitima
1363 3101 1701 3150 interrogatione,
1723 3112 1846 3149 quam
1863 3113 1952 3139 esse
1975 3108 2237 3138 communem

1210 3163 1349 3202 statuit
1362 3162 1494 3201 Julius
1508 3161 1661 3209 Clarus,
1678 3161 1782 3201 libro
1803 3164 1958 3213 quinto,
1974 3160 1996 3210 ξ
2010 3159 2100 3206 fin.‚
2117 3171 2158 3210 q.
2167 3159 2237 3209 45,

1210 3236 1252 3264 n.
1282 3226 1304 3263 7
1329 3228 1369 3262 et
1387 3224 1426 3263 8.

1265 3279 1328 3325 31.
1355 3286 1461 3332 Quid
1477 3287 1668 3340 emendum
1682 3285 1834 3337 quando
1851 3295 1940 3322 reus
1956 3285 2107 3332 fatetur
2129 3283 2243 3321 delic-

1212 3348 1490 3394 tum—Quid
1523 3349 1675 3399 quando
1708 3344 2084 3395 newa—Sumpta
2118 3341 2244 3393 igitur

1213 3408 1472 3448 confessione
1495 3421 1519 3446 a
1550 3407 1726 3453 subdito,
1750 3405 1815 3443 vel
1835 3405 1922 3456 ipse
1945 3404 2092 3442 fatetur
2121 3403 2240 3441 delie-

1213 3472 1316 3518 tum,
1337 3470 1402 3509 vel
1423 3469 1616 3520 negat;si
1637 3465 1866 3512 confitetur,
1888 3469 2024 3517 posset
2043 3464 2086 3502 in
2109 3465 2244 3514 rigore

1214 3530 1350 3568 statim
1373 3534 1516 3570 contra
1540 3540 1634 3567 eum
1661 3526 1760 3565 ferri
1779 3527 2002 3571 sententia;
2034 3523 2240 3563 munemita

1213 3603 1293 3632 nus
1310 3604 1396 3632 non
1412 3604 1462 3632 eo
1481 3592 1618 3642 rigore
1633 3589 1834 3645 utendum
1848 3592 1925 3636 est,
1945 3587 2022 3627 sed
2036 3586 2244 3627 tex-,minus
