<?xml version="1.0" encoding="UTF-8"?>
<!DOCTYPE html PUBLIC "-//W3C//DTD XHTML 1.0 Transitional//EN"
    "http://www.w3.org/TR/xhtml1/DTD/xhtml1-transitional.dtd">
<html xmlns="http://www.w3.org/1999/xhtml" xml:lang="en" lang="en">
 <head>
  <title>
</title>
<meta http-equiv="Content-Type" content="text/html;charset=utf-8" />
  <meta name='ocr-system' content='tesseract 3.04.00' />
  <meta name='ocr-capabilities' content='ocr_page ocr_carea ocr_par ocr_line ocrx_word'/>
</head>
<body>
  <div class='ocr_page' id='page_1' title='image "./operaomnia16suaauoft_0445.png"; bbox 0 0 2352 3880; ppageno 0'>
   <div class='ocr_carea' id='block_1_1' title="bbox 0 0 87 3880">
    <p class='ocr_par' dir='ltr' id='par_1_1' title="bbox 0 0 87 3880">
     <span class='ocr_line' id='line_1_1' title="bbox 0 0 87 3880; baseline 0 0"><span class='ocrx_word' id='word_1_1' title='bbox 0 0 87 3880; x_wconf 95' lang='lat' dir='ltr'><em> </em></span> 
     </span>
    </p>
   </div>
   <div class='ocr_carea' id='block_1_2' title="bbox 446 207 1950 258">
    <p class='ocr_par' dir='ltr' id='par_1_2' title="bbox 446 207 1950 258">
     <span class='ocr_line' id='line_1_2' title="bbox 446 207 1950 258; baseline 0.007 -15"><span class='ocrx_word' id='word_1_2' title='bbox 446 209 538 244; x_wconf 70' lang='lat' dir='ltr'><em>cAP.</em></span> <span class='ocrx_word' id='word_1_3' title='bbox 561 209 616 243; x_wconf 83' lang='lat' dir='ltr'><em>VI.</em></span> <span class='ocrx_word' id='word_1_4' title='bbox 638 207 696 244; x_wconf 70' lang='lat' dir='ltr'><em>AN</em></span> <span class='ocrx_word' id='word_1_5' title='bbox 716 207 954 244; x_wconf 65' lang='lat' dir='ltr'><em>sociamus</em></span> <span class='ocrx_word' id='word_1_6' title='bbox 972 207 1161 244; x_wconf 69' lang='lat' dir='ltr'><strong>PRAELATI</strong></span> <span class='ocrx_word' id='word_1_7' title='bbox 1182 209 1238 245; x_wconf 74' lang='lat' dir='ltr'><em>AD</em></span> <span class='ocrx_word' id='word_1_8' title='bbox 1258 209 1545 247; x_wconf 73' lang='lat' dir='ltr'><strong>PARTICULARE</strong></span> <span class='ocrx_word' id='word_1_9' title='bbox 1565 212 1838 258; x_wconf 70' lang='lat' dir='ltr'>SUBDITORUH,</span> <span class='ocrx_word' id='word_1_10' title='bbox 1859 215 1950 253; x_wconf 70' lang='lat' dir='ltr'><em>Bw</em></span> 
     </span>
    </p>
   </div>
   <div class='ocr_carea' id='block_1_3' title="bbox 81 271 1171 1125">
    <p class='ocr_par' dir='ltr' id='par_1_3' title="bbox 81 271 1171 1125">
     <span class='ocr_line' id='line_1_3' title="bbox 99 271 1171 324; baseline -0.004 -5"><span class='ocrx_word' id='word_1_11' title='bbox 99 275 106 316; x_wconf 69' lang='grc' dir='ltr'>ζ</span> <span class='ocrx_word' id='word_1_12' title='bbox 114 271 132 323; x_wconf 57' lang='lat'><em>7.</em></span> <span class='ocrx_word' id='word_1_13' title='bbox 140 275 335 324; x_wconf 75' lang='lat' dir='ltr'><strong>diximus,</strong></span> <span class='ocrx_word' id='word_1_14' title='bbox 345 273 391 314; x_wconf 88' lang='lat' dir='ltr'><em>in</em></span> <span class='ocrx_word' id='word_1_15' title='bbox 404 273 603 315; x_wconf 82' lang='lat' dir='ltr'><em>societate</em></span> <span class='ocrx_word' id='word_1_16' title='bbox 615 273 864 315; x_wconf 86' lang='lat' dir='ltr'><em>declaratum</em></span> <span class='ocrx_word' id='word_1_17' title='bbox 878 286 979 324; x_wconf 81' lang='lat' dir='ltr'><em>esse,</em></span> <span class='ocrx_word' id='word_1_18' title='bbox 989 274 1095 316; x_wconf 82' lang='lat' dir='ltr'><em>hanc</em></span> <span class='ocrx_word' id='word_1_19' title='bbox 1104 285 1171 315; x_wconf 80' lang='lat' dir='ltr'><em>ra-</em></span> 
     </span>
     <span class='ocr_line' id='line_1_4' title="bbox 142 334 1169 380; baseline -0.004 -1"><span class='ocrx_word' id='word_1_20' title='bbox 142 339 295 380; x_wconf 77' lang='lat' dir='ltr'><em>tionem</em></span> <span class='ocrx_word' id='word_1_21' title='bbox 315 336 573 375; x_wconf 82' lang='lat' dir='ltr'><em>conscientiae</em></span> <span class='ocrx_word' id='word_1_22' title='bbox 588 347 673 376; x_wconf 83' lang='lat' dir='ltr'><em>esse</em></span> <span class='ocrx_word' id='word_1_23' title='bbox 691 335 742 376; x_wconf 86' lang='lat' dir='ltr'><em>de</em></span> <span class='ocrx_word' id='word_1_24' title='bbox 759 335 988 375; x_wconf 81' lang='lat' dir='ltr'><em>substantia</em></span> <span class='ocrx_word' id='word_1_25' title='bbox 1006 334 1169 376; x_wconf 83' lang='lat' dir='ltr'><em>institu-</em></span> 
     </span>
     <span class='ocr_line' id='line_1_5' title="bbox 139 396 1168 450; baseline 0 -14"><span class='ocrx_word' id='word_1_26' title='bbox 139 396 199 449; x_wconf 59' lang='grc' dir='ltr'><em>ίίςν</em></span> <span class='ocrx_word' id='word_1_27' title='bbox 210 397 306 450; x_wconf 85' lang='lat' dir='ltr'><em>quia</em></span> <span class='ocrx_word' id='word_1_28' title='bbox 338 397 373 437; x_wconf 89' lang='lat' dir='ltr'><em>si</em></span> <span class='ocrx_word' id='word_1_29' title='bbox 404 396 455 436; x_wconf 91' lang='lat' dir='ltr'><em>de</em></span> <span class='ocrx_word' id='word_1_30' title='bbox 486 397 713 437; x_wconf 84' lang='lat' dir='ltr'><em>substantia</em></span> <span class='ocrx_word' id='word_1_31' title='bbox 742 396 864 436; x_wconf 90' lang='lat' dir='ltr'><em>officii</em></span> <span class='ocrx_word' id='word_1_32' title='bbox 901 396 1080 437; x_wconf 79' lang='lat' dir='ltr'><em>Rectoris</em></span> <span class='ocrx_word' id='word_1_33' title='bbox 1106 401 1168 436; x_wconf 82' lang='lat' dir='ltr'><em>est</em></span> 
     </span>
     <span class='ocr_line' id='line_1_6' title="bbox 138 458 1164 510; baseline -0.003 -10"><span class='ocrx_word' id='word_1_34' title='bbox 138 458 404 502; x_wconf 72' lang='lat' dir='ltr'><strong>conscientias</strong></span> <span class='ocrx_word' id='word_1_35' title='bbox 433 458 690 498; x_wconf 86' lang='lat' dir='ltr'><em>subditorum</em></span> <span class='ocrx_word' id='word_1_36' title='bbox 725 470 961 509; x_wconf 79' lang='lat' dir='ltr'><strong>agnoscere,</strong></span> <span class='ocrx_word' id='word_1_37' title='bbox 991 458 1164 510; x_wconf 78' lang='lat' dir='ltr'><em>profecto</em></span> 
     </span>
     <span class='ocr_line' id='line_1_7' title="bbox 137 518 1162 570; baseline -0.002 -7"><span class='ocrx_word' id='word_1_38' title='bbox 137 520 188 563; x_wconf 82' lang='lat' dir='ltr'><em>(le</em></span> <span class='ocrx_word' id='word_1_39' title='bbox 206 521 431 560; x_wconf 88' lang='lat' dir='ltr'><em>substantia</em></span> <span class='ocrx_word' id='word_1_40' title='bbox 460 520 613 559; x_wconf 89' lang='lat' dir='ltr'><em>subditi</em></span> <span class='ocrx_word' id='word_1_41' title='bbox 634 518 815 570; x_wconf 81' lang='lat' dir='ltr'>religiosi</span> <span class='ocrx_word' id='word_1_42' title='bbox 835 525 910 570; x_wconf 89' lang='lat' dir='ltr'><em>est,</em></span> <span class='ocrx_word' id='word_1_43' title='bbox 930 533 1047 560; x_wconf 87' lang='lat' dir='ltr'><em>suam</em></span> <span class='ocrx_word' id='word_1_44' title='bbox 1067 532 1162 561; x_wconf 90' lang='lat' dir='ltr'><em>con-</em></span> 
     </span>
     <span class='ocr_line' id='line_1_8' title="bbox 135 580 1163 630; baseline -0.001 -7"><span class='ocrx_word' id='word_1_45' title='bbox 135 583 350 625; x_wconf 70' lang='lat' dir='ltr'>scientiam</span> <span class='ocrx_word' id='word_1_46' title='bbox 367 581 526 621; x_wconf 87' lang='lat' dir='ltr'><em>Rectori</em></span> <span class='ocrx_word' id='word_1_47' title='bbox 545 580 830 630; x_wconf 81' lang='lat' dir='ltr'><em>manifestare3</em></span> <span class='ocrx_word' id='word_1_48' title='bbox 847 581 935 621; x_wconf 87' lang='lat' dir='ltr'><em>fieri</em></span> <span class='ocrx_word' id='word_1_49' title='bbox 956 582 1066 622; x_wconf 89' lang='lat' dir='ltr'><em>enim</em></span> <span class='ocrx_word' id='word_1_50' title='bbox 1087 581 1163 622; x_wconf 91' lang='lat' dir='ltr'><em>hu-</em></span> 
     </span>
     <span class='ocr_line' id='line_1_9' title="bbox 135 642 1163 693; baseline -0.001 -10"><span class='ocrx_word' id='word_1_51' title='bbox 135 655 262 684; x_wconf 86' lang='lat' dir='ltr'><em>mano</em></span> <span class='ocrx_word' id='word_1_52' title='bbox 282 642 403 682; x_wconf 89' lang='lat' dir='ltr'><em>modo</em></span> <span class='ocrx_word' id='word_1_53' title='bbox 422 654 507 681; x_wconf 91' lang='lat' dir='ltr'><em>non</em></span> <span class='ocrx_word' id='word_1_54' title='bbox 533 645 665 693; x_wconf 86' lang='lat' dir='ltr'><em>potest</em></span> <span class='ocrx_word' id='word_1_55' title='bbox 693 645 739 680; x_wconf 89' lang='lat' dir='ltr'><em>ut</em></span> <span class='ocrx_word' id='word_1_56' title='bbox 768 642 836 681; x_wconf 88' lang='lat' dir='ltr'><em>ille</em></span> <span class='ocrx_word' id='word_1_57' title='bbox 874 643 1163 684; x_wconf 85' lang='lat' dir='ltr'><em>conscientiam</em></span> 
     </span>
     <span class='ocr_line' id='line_1_10' title="bbox 135 702 1160 756; baseline -0.002 -11"><span class='ocrx_word' id='word_1_58' title='bbox 135 708 344 756; x_wconf 79' lang='lat' dir='ltr'><em>agnoscat,</em></span> <span class='ocrx_word' id='word_1_59' title='bbox 381 703 462 742; x_wconf 91' lang='lat' dir='ltr'><em>nisi</em></span> <span class='ocrx_word' id='word_1_60' title='bbox 495 702 529 742; x_wconf 91' lang='lat' dir='ltr'><em>is</em></span> <span class='ocrx_word' id='word_1_61' title='bbox 564 715 655 742; x_wconf 84' lang='lat' dir='ltr'><em>eam</em></span> <span class='ocrx_word' id='word_1_62' title='bbox 688 703 932 744; x_wconf 81' lang='lat' dir='ltr'><strong>manifestet.</strong></span> <span class='ocrx_word' id='word_1_63' title='bbox 960 705 1013 745; x_wconf 84' lang='lat' dir='ltr'><em>Ut</em></span> <span class='ocrx_word' id='word_1_64' title='bbox 1051 705 1160 745; x_wconf 90' lang='lat' dir='ltr'><em>enim</em></span> 
     </span>
     <span class='ocr_line' id='line_1_11' title="bbox 81 764 1159 815; baseline -0.001 -10"><span class='ocrx_word' id='word_1_65' title='bbox 81 783 83 786; x_wconf 52' lang='lat'><strong><em>⁴</em></strong></span> <span class='ocrx_word' id='word_1_66' title='bbox 134 764 240 806; x_wconf 84' lang='lat' dir='ltr'>dixit</span> <span class='ocrx_word' id='word_1_67' title='bbox 253 765 519 815; x_wconf 77' lang='lat' dir='ltr'><em>AugustinUS,</em></span> <span class='ocrx_word' id='word_1_68' title='bbox 540 764 585 803; x_wconf 90' lang='lat' dir='ltr'><em>in</em></span> <span class='ocrx_word' id='word_1_69' title='bbox 605 768 781 804; x_wconf 89' lang='lat' dir='ltr'><em>tractatu</em></span> <span class='ocrx_word' id='word_1_70' title='bbox 797 765 845 805; x_wconf 90' lang='lat' dir='ltr'><em>de</em></span> <span class='ocrx_word' id='word_1_71' title='bbox 866 766 1028 815; x_wconf 79' lang='lat' dir='ltr'><em>ovibus,</em></span> <span class='ocrx_word' id='word_1_72' title='bbox 1051 779 1086 806; x_wconf 91' lang='lat' dir='ltr'><em>c.</em></span> <span class='ocrx_word' id='word_1_73' title='bbox 1113 768 1159 807; x_wconf 88' lang='lat'><em>9:</em></span> 
     </span>
     <span class='ocr_line' id='line_1_12' title="bbox 132 825 1163 878; baseline 0.002 -12"><span class='ocrx_word' id='word_1_74' title='bbox 132 825 274 878; x_wconf 80' lang='lat' dir='ltr'><em>Neque</em></span> <span class='ocrx_word' id='word_1_75' title='bbox 292 827 394 866; x_wconf 87' lang='lat' dir='ltr'><em>enim</em></span> <span class='ocrx_word' id='word_1_76' title='bbox 429 827 539 867; x_wconf 75' lang='lat' dir='ltr'><em>homo</em></span> <span class='ocrx_word' id='word_1_77' title='bbox 560 830 678 878; x_wconf 78' lang='lat' dir='ltr'><em>pater</em></span> <span class='ocrx_word' id='word_1_78' title='bbox 698 831 790 867; x_wconf 80' lang='lat' dir='ltr'><em>tuus</em></span> <span class='ocrx_word' id='word_1_79' title='bbox 815 831 885 868; x_wconf 89' lang='lat' dir='ltr'><em>aut</em></span> <span class='ocrx_word' id='word_1_80' title='bbox 909 829 1044 878; x_wconf 79' lang='lat' dir='ltr'><em>frater</em></span> <span class='ocrx_word' id='word_1_81' title='bbox 1070 831 1163 869; x_wconf 76' lang='lat' dir='ltr'><em>tuus</em></span> 
     </span>
     <span class='ocr_line' id='line_1_13' title="bbox 132 885 1164 942; baseline 0 -14"><span class='ocrx_word' id='word_1_82' title='bbox 132 885 289 928; x_wconf 69' lang='lat' dir='ltr'><em>intrare</em></span> <span class='ocrx_word' id='word_1_83' title='bbox 306 891 437 941; x_wconf 80' lang='lat' dir='ltr'><em>potest</em></span> <span class='ocrx_word' id='word_1_84' title='bbox 453 887 497 927; x_wconf 88' lang='lat' dir='ltr'><em>in</em></span> <span class='ocrx_word' id='word_1_85' title='bbox 512 888 790 928; x_wconf 78' lang='lat' dir='ltr'><em>conscientiam</em></span> <span class='ocrx_word' id='word_1_86' title='bbox 812 893 935 936; x_wconf 91' lang='lat' dir='ltr'><em>tuam,</em></span> <span class='ocrx_word' id='word_1_87' title='bbox 960 901 1076 942; x_wconf 84' lang='lat' dir='ltr'><em>quam</em></span> <span class='ocrx_word' id='word_1_88' title='bbox 1095 900 1164 928; x_wconf 82' lang='lat' dir='ltr'><em>no-</em></span> 
     </span>
     <span class='ocr_line' id='line_1_14' title="bbox 131 949 1163 1001; baseline -0.001 -10"><span class='ocrx_word' id='word_1_89' title='bbox 131 950 194 991; x_wconf 72' lang='lat' dir='ltr'><em>vit</em></span> <span class='ocrx_word' id='word_1_90' title='bbox 226 950 350 989; x_wconf 77' lang='lat' dir='ltr'><em>Deus.</em></span> <span class='ocrx_word' id='word_1_91' title='bbox 382 950 524 989; x_wconf 89' lang='lat' dir='ltr'><em>Merito</em></span> <span class='ocrx_word' id='word_1_92' title='bbox 551 962 647 1001; x_wconf 85' lang='lat' dir='ltr'><em>ergo</em></span> <span class='ocrx_word' id='word_1_93' title='bbox 677 950 819 1000; x_wconf 90' lang='lat' dir='ltr'><em>regula</em></span> <span class='ocrx_word' id='word_1_94' title='bbox 849 950 936 989; x_wconf 86' lang='lat' dir='ltr'><em>haec</em></span> <span class='ocrx_word' id='word_1_95' title='bbox 967 949 1163 990; x_wconf 86' lang='lat' dir='ltr'><em>reddendi</em></span> 
     </span>
     <span class='ocr_line' id='line_1_15' title="bbox 132 1010 1163 1052; baseline 0 -2"><span class='ocrx_word' id='word_1_96' title='bbox 132 1010 332 1050; x_wconf 78' lang='lat' dir='ltr'><em>rationem</em></span> <span class='ocrx_word' id='word_1_97' title='bbox 353 1011 608 1050; x_wconf 77' lang='lat' dir='ltr'><em>conscientiae</em></span> <span class='ocrx_word' id='word_1_98' title='bbox 630 1011 680 1050; x_wconf 89' lang='lat' dir='ltr'><em>ad</em></span> <span class='ocrx_word' id='word_1_99' title='bbox 697 1011 968 1051; x_wconf 84' lang='lat' dir='ltr'>substantiam</span> <span class='ocrx_word' id='word_1_100' title='bbox 986 1010 1163 1052; x_wconf 85' lang='lat' dir='ltr'><em>instituti</em></span> 
     </span>
     <span class='ocr_line' id='line_1_16' title="bbox 129 1072 518 1125; baseline 0.005 -15"><span class='ocrx_word' id='word_1_101' title='bbox 129 1072 336 1125; x_wconf 68' lang='lat' dir='ltr'><em>pertinere</em></span> <span class='ocrx_word' id='word_1_102' title='bbox 355 1073 518 1112; x_wconf 88' lang='lat' dir='ltr'><em>dicitur.</em></span> 
     </span>
    </p>
   </div>
   <div class='ocr_carea' id='block_1_4' title="bbox 130 1164 1167 1340">
    <p class='ocr_par' dir='ltr' id='par_1_4' title="bbox 130 1164 1167 1340">
     <span class='ocr_line' id='line_1_17' title="bbox 130 1164 1161 1221; baseline -0.001 -11"><span class='ocrx_word' id='word_1_103' title='bbox 130 1164 200 1210; x_wconf 75' lang='lat' dir='ltr'><em>Ad</em></span> <span class='ocrx_word' id='word_1_104' title='bbox 216 1169 319 1219; x_wconf 82' lang='lat' dir='ltr'><em>quod</em></span> <span class='ocrx_word' id='word_1_105' title='bbox 332 1172 520 1209; x_wconf 80' lang='lat' dir='ltr'><em>secretum</em></span> <span class='ocrx_word' id='word_1_106' title='bbox 540 1168 735 1221; x_wconf 73' lang='lat' dir='ltr'><em>obtiqetur</em></span> <span class='ocrx_word' id='word_1_107' title='bbox 757 1167 954 1220; x_wconf 76' lang='lat' dir='ltr'><em>Superior</em></span> <span class='ocrx_word' id='word_1_108' title='bbox 979 1165 1161 1209; x_wconf 78' lang='lat' dir='ltr'><em>Societa-</em></span> 
     </span>
     <span class='ocr_line' id='line_1_18' title="bbox 183 1229 1167 1283; baseline 0.001 -14"><span class='ocrx_word' id='word_1_109' title='bbox 183 1229 239 1269; x_wconf 76' lang='lat' dir='ltr'><em>tis</em></span> <span class='ocrx_word' id='word_1_110' title='bbox 256 1230 301 1268; x_wconf 88' lang='lat' dir='ltr'><em>in</em></span> <span class='ocrx_word' id='word_1_111' title='bbox 316 1231 494 1270; x_wconf 77' lang='lat' dir='ltr'><em>omnibus</em></span> <span class='ocrx_word' id='word_1_112' title='bbox 503 1243 589 1283; x_wconf 81' lang='lat' dir='ltr'><em>quoe</em></span> <span class='ocrx_word' id='word_1_113' title='bbox 608 1231 672 1271; x_wconf 82' lang='lat' dir='ltr'><em>itti</em></span> <span class='ocrx_word' id='word_1_114' title='bbox 690 1231 734 1270; x_wconf 87' lang='lat' dir='ltr'><em>in</em></span> <span class='ocrx_word' id='word_1_115' title='bbox 749 1232 904 1270; x_wconf 86' lang='lat' dir='ltr'><em>ratione</em></span> <span class='ocrx_word' id='word_1_116' title='bbox 917 1230 1167 1270; x_wconf 78' lang='lat' dir='ltr'><em>conscientia·</em></span> 
     </span>
     <span class='ocr_line' id='line_1_19' title="bbox 183 1293 518 1340; baseline 0 -10"><span class='ocrx_word' id='word_1_117' title='bbox 183 1293 518 1340; x_wconf 70' lang='lat' dir='ltr'><em>manifestantur.</em></span> 
     </span>
    </p>
   </div>
   <div class='ocr_carea' id='block_1_5' title="bbox 66 1375 1162 3638">
    <p class='ocr_par' dir='ltr' id='par_1_5' title="bbox 123 1375 1160 3148">
     <span class='ocr_line' id='line_1_20' title="bbox 180 1375 1160 1425; baseline 0.003 -9"><span class='ocrx_word' id='word_1_118' title='bbox 180 1375 221 1416; x_wconf 81' lang='lat'><em>7.</em></span> <span class='ocrx_word' id='word_1_119' title='bbox 256 1378 535 1425; x_wconf 78' lang='lat' dir='ltr'><em>Manifestatio</em></span> <span class='ocrx_word' id='word_1_120' title='bbox 553 1378 798 1418; x_wconf 70' lang='lat' dir='ltr'><em>eonscientiae</em></span> <span class='ocrx_word' id='word_1_121' title='bbox 823 1378 868 1418; x_wconf 87' lang='lat' dir='ltr'><em>de</em></span> <span class='ocrx_word' id='word_1_122' title='bbox 883 1377 970 1418; x_wconf 80' lang='lat' dir='ltr'><em>vita</em></span> <span class='ocrx_word' id='word_1_123' title='bbox 985 1378 1160 1419; x_wconf 76' lang='lat' dir='ltr'><em>seculari</em></span> 
     </span>
     <span class='ocr_line' id='line_1_21' title="bbox 128 1439 1157 1490; baseline -0.001 -11"><span class='ocrx_word' id='word_1_124' title='bbox 128 1439 330 1479; x_wconf 73' lang='lat' dir='ltr'><em>ordinarie</em></span> <span class='ocrx_word' id='word_1_125' title='bbox 345 1441 395 1490; x_wconf 86' lang='lat' dir='ltr'><em>fit</em></span> <span class='ocrx_word' id='word_1_126' title='bbox 423 1440 465 1478; x_wconf 89' lang='lat' dir='ltr'><em>in</em></span> <span class='ocrx_word' id='word_1_127' title='bbox 491 1441 740 1488; x_wconf 76' lang='lat' dir='ltr'><em>confessione.</em></span> <span class='ocrx_word' id='word_1_128' title='bbox 763 1460 816 1469; x_wconf 91' lang='lat'>—</span> <span class='ocrx_word' id='word_1_129' title='bbox 836 1440 949 1479; x_wconf 86' lang='lat' dir='ltr'><em>Circa</em></span> <span class='ocrx_word' id='word_1_130' title='bbox 975 1441 1157 1488; x_wconf 86' lang='lat' dir='ltr'><em>tertium,</em></span> 
     </span>
     <span class='ocr_line' id='line_1_22' title="bbox 127 1498 1160 1540; baseline 0.001 -1"><span class='ocrx_word' id='word_1_131' title='bbox 127 1498 178 1539; x_wconf 90' lang='lat' dir='ltr'><em>de</em></span> <span class='ocrx_word' id='word_1_132' title='bbox 198 1504 348 1539; x_wconf 86' lang='lat' dir='ltr'><em>secreto</em></span> <span class='ocrx_word' id='word_1_133' title='bbox 369 1499 622 1539; x_wconf 88' lang='lat' dir='ltr'><em>observando</em></span> <span class='ocrx_word' id='word_1_134' title='bbox 643 1513 666 1539; x_wconf 88' lang='lat' dir='ltr'><em>a</em></span> <span class='ocrx_word' id='word_1_135' title='bbox 692 1501 864 1539; x_wconf 79' lang='lat' dir='ltr'><em>praelato</em></span> <span class='ocrx_word' id='word_1_136' title='bbox 898 1501 942 1539; x_wconf 92' lang='lat' dir='ltr'><em>in</em></span> <span class='ocrx_word' id='word_1_137' title='bbox 971 1501 1160 1540; x_wconf 87' lang='lat' dir='ltr'><em>omnibus</em></span> 
     </span>
     <span class='ocr_line' id='line_1_23' title="bbox 127 1561 1160 1613; baseline 0.001 -14"><span class='ocrx_word' id='word_1_138' title='bbox 127 1572 220 1613; x_wconf 82' lang='lat' dir='ltr'><em>quae</em></span> <span class='ocrx_word' id='word_1_139' title='bbox 243 1574 314 1613; x_wconf 91' lang='lat' dir='ltr'><em>per</em></span> <span class='ocrx_word' id='word_1_140' title='bbox 333 1561 438 1600; x_wconf 89' lang='lat' dir='ltr'><em>hanc</em></span> <span class='ocrx_word' id='word_1_141' title='bbox 469 1562 724 1601; x_wconf 83' lang='lat' dir='ltr'><em>conscientiae</em></span> <span class='ocrx_word' id='word_1_142' title='bbox 761 1564 963 1601; x_wconf 87' lang='lat' dir='ltr'><em>rationem</em></span> <span class='ocrx_word' id='word_1_143' title='bbox 995 1562 1053 1600; x_wconf 90' lang='lat' dir='ltr'><em>illi</em></span> <span class='ocrx_word' id='word_1_144' title='bbox 1075 1575 1160 1601; x_wconf 88' lang='lat' dir='ltr'><em>ma-</em></span> 
     </span>
     <span class='ocr_line' id='line_1_24' title="bbox 126 1622 1160 1675; baseline 0 -13"><span class='ocrx_word' id='word_1_145' title='bbox 126 1622 388 1671; x_wconf 81' lang='lat' dir='ltr'><em>nifestantur,</em></span> <span class='ocrx_word' id='word_1_146' title='bbox 430 1623 679 1675; x_wconf 77' lang='lat' dir='ltr'>distinguere</span> <span class='ocrx_word' id='word_1_147' title='bbox 712 1628 868 1674; x_wconf 87' lang='lat' dir='ltr'><em>oportet</em></span> <span class='ocrx_word' id='word_1_148' title='bbox 889 1636 969 1675; x_wconf 88' lang='lat' dir='ltr'><em>quo</em></span> <span class='ocrx_word' id='word_1_149' title='bbox 1002 1624 1045 1663; x_wconf 92' lang='lat' dir='ltr'><em>in</em></span> <span class='ocrx_word' id='word_1_150' title='bbox 1072 1624 1160 1663; x_wconf 76' lang='lat' dir='ltr'><em>foro</em></span> 
     </span>
     <span class='ocr_line' id='line_1_25' title="bbox 126 1683 1159 1735; baseline 0.001 -12"><span class='ocrx_word' id='word_1_151' title='bbox 126 1683 362 1734; x_wconf 85' lang='lat' dir='ltr'><em>hujusmodi</em></span> <span class='ocrx_word' id='word_1_152' title='bbox 381 1686 487 1723; x_wconf 87' lang='lat' dir='ltr'><em>ratio</em></span> <span class='ocrx_word' id='word_1_153' title='bbox 500 1686 706 1724; x_wconf 80' lang='lat' dir='ltr'><strong>reddatur.</strong></span> <span class='ocrx_word' id='word_1_154' title='bbox 732 1687 832 1724; x_wconf 90' lang='lat' dir='ltr'><em>Nam</em></span> <span class='ocrx_word' id='word_1_155' title='bbox 853 1685 932 1724; x_wconf 63' lang='lat' dir='ltr'><em>int</em></span> <span class='ocrx_word' id='word_1_156' title='bbox 947 1697 1034 1735; x_wconf 90' lang='lat' dir='ltr'><em>cap.</em></span> <span class='ocrx_word' id='word_1_157' title='bbox 1059 1686 1159 1724; x_wconf 87' lang='lat' dir='ltr'><em>Exa-</em></span> 
     </span>
     <span class='ocr_line' id='line_1_26' title="bbox 126 1746 1158 1793; baseline 0 -7"><span class='ocrx_word' id='word_1_158' title='bbox 126 1747 267 1793; x_wconf 89' lang='lat' dir='ltr'><em>minis,</em></span> <span class='ocrx_word' id='word_1_159' title='bbox 290 1746 340 1785; x_wconf 88' lang='lat' dir='ltr'><em>de</em></span> <span class='ocrx_word' id='word_1_160' title='bbox 371 1747 526 1785; x_wconf 87' lang='lat' dir='ltr'><em>novitio</em></span> <span class='ocrx_word' id='word_1_161' title='bbox 554 1748 595 1786; x_wconf 88' lang='lat' dir='ltr'><em>in</em></span> <span class='ocrx_word' id='word_1_162' title='bbox 635 1748 876 1786; x_wconf 78' lang='lat' dir='ltr'><strong>Societatem</strong></span> <span class='ocrx_word' id='word_1_163' title='bbox 906 1747 1158 1786; x_wconf 82' lang='lat' dir='ltr'><em>admittendo</em></span> 
     </span>
     <span class='ocr_line' id='line_1_27' title="bbox 126 1806 1157 1859; baseline 0.002 -13"><span class='ocrx_word' id='word_1_164' title='bbox 126 1806 574 1859; x_wconf 74' lang='lat' dir='ltr'><em>diciturtPriusquam</em></span> <span class='ocrx_word' id='word_1_165' title='bbox 608 1810 663 1848; x_wconf 89' lang='lat' dir='ltr'><em>ad</em></span> <span class='ocrx_word' id='word_1_166' title='bbox 688 1809 861 1859; x_wconf 80' lang='lat' dir='ltr'><em>primam</em></span> <span class='ocrx_word' id='word_1_167' title='bbox 886 1809 1157 1859; x_wconf 74' lang='lat' dir='ltr'><em>probationem</em></span> 
     </span>
     <span class='ocr_line' id='line_1_28' title="bbox 126 1869 1157 1921; baseline 0.002 -13"><span class='ocrx_word' id='word_1_168' title='bbox 126 1869 301 1911; x_wconf 80' lang='lat' dir='ltr'><em>accedat,</em></span> <span class='ocrx_word' id='word_1_169' title='bbox 323 1869 384 1908; x_wconf 83' lang='lat' dir='ltr'><em>vel</em></span> <span class='ocrx_word' id='word_1_170' title='bbox 409 1874 620 1921; x_wconf 77' lang='lat' dir='ltr'><em>postquam</em></span> <span class='ocrx_word' id='word_1_171' title='bbox 647 1869 855 1921; x_wconf 70' lang='lat' dir='ltr'><em>inyressus</em></span> <span class='ocrx_word' id='word_1_172' title='bbox 874 1872 1019 1919; x_wconf 72' lang='lat' dir='ltr'><em>suerit,</em></span> <span class='ocrx_word' id='word_1_173' title='bbox 1044 1874 1157 1911; x_wconf 82' lang='lat' dir='ltr'><em>ante-</em></span> 
     </span>
     <span class='ocr_line' id='line_1_29' title="bbox 124 1930 1153 1982; baseline 0.002 -14"><span class='ocrx_word' id='word_1_174' title='bbox 124 1940 242 1982; x_wconf 75' lang='lat' dir='ltr'><em>quam</em></span> <span class='ocrx_word' id='word_1_175' title='bbox 265 1930 504 1981; x_wconf 69' lang='lat' dir='ltr'><em>qeneraliter</em></span> <span class='ocrx_word' id='word_1_176' title='bbox 517 1930 847 1977; x_wconf 68' lang='lat' dir='ltr'><em>euanzinecur,vez</em></span> <span class='ocrx_word' id='word_1_177' title='bbox 864 1936 955 1981; x_wconf 80' lang='lat' dir='ltr'><em>post</em></span> <span class='ocrx_word' id='word_1_178' title='bbox 975 1942 1153 1979; x_wconf 73' lang='lat' dir='ltr'><em>examen,</em></span> 
     </span>
     <span class='ocr_line' id='line_1_30' title="bbox 125 1991 1155 2043; baseline 0 -11"><span class='ocrx_word' id='word_1_179' title='bbox 125 1991 238 2032; x_wconf 81' lang='lat' dir='ltr'><em>intra</em></span> <span class='ocrx_word' id='word_1_180' title='bbox 260 1991 411 2043; x_wconf 79' lang='lat' dir='ltr'><em>aliquot</em></span> <span class='ocrx_word' id='word_1_181' title='bbox 427 1991 639 2036; x_wconf 76' lang='lat' dir='ltr'><em>menses‚si</em></span> <span class='ocrx_word' id='word_1_182' title='bbox 655 1991 869 2042; x_wconf 72' lang='lat' dir='ltr'><em>Superiori</em></span> <span class='ocrx_word' id='word_1_183' title='bbox 891 1993 1155 2042; x_wconf 80' lang='lat' dir='ltr'><em>differendum</em></span> 
     </span>
     <span class='ocr_line' id='line_1_31' title="bbox 123 2051 1153 2106; baseline -0.001 -13"><span class='ocrx_word' id='word_1_184' title='bbox 123 2051 339 2099; x_wconf 76' lang='lat' dir='ltr'><em>videretur,</em></span> <span class='ocrx_word' id='word_1_185' title='bbox 359 2053 430 2093; x_wconf 74' lang='lat' dir='ltr'><em>sub</em></span> <span class='ocrx_word' id='word_1_186' title='bbox 456 2052 593 2106; x_wconf 57' lang='lat' dir='ltr'><em>sigillo</em></span> <span class='ocrx_word' id='word_1_187' title='bbox 615 2053 891 2102; x_wconf 74' lang='lat' dir='ltr'><em>confessionis,</em></span> <span class='ocrx_word' id='word_1_188' title='bbox 914 2054 974 2094; x_wconf 80' lang='lat' dir='ltr'><em>cel</em></span> <span class='ocrx_word' id='word_1_189' title='bbox 998 2052 1153 2102; x_wconf 75' lang='lat' dir='ltr'><em>secreti,</em></span> 
     </span>
     <span class='ocr_line' id='line_1_32' title="bbox 125 2115 1155 2166; baseline -0.001 -9"><span class='ocrx_word' id='word_1_190' title='bbox 125 2115 185 2157; x_wconf 81' lang='lat' dir='ltr'><em>vei</em></span> <span class='ocrx_word' id='word_1_191' title='bbox 204 2125 441 2166; x_wconf 79' lang='lat' dir='ltr'><em>quacumque</em></span> <span class='ocrx_word' id='word_1_192' title='bbox 465 2115 621 2155; x_wconf 82' lang='lat' dir='ltr'><em>ratione</em></span> <span class='ocrx_word' id='word_1_193' title='bbox 640 2116 676 2155; x_wconf 88' lang='lat' dir='ltr'><em>ei</em></span> <span class='ocrx_word' id='word_1_194' title='bbox 691 2115 907 2166; x_wconf 67' lang='lat' dir='ltr'><em>placuerit,</em></span> <span class='ocrx_word' id='word_1_195' title='bbox 927 2119 966 2155; x_wconf 89' lang='lat' dir='ltr'><em>et</em></span> <span class='ocrx_word' id='word_1_196' title='bbox 1000 2116 1054 2155; x_wconf 85' lang='lat' dir='ltr'><em>ad</em></span> <span class='ocrx_word' id='word_1_197' title='bbox 1070 2126 1155 2156; x_wconf 86' lang='lat' dir='ltr'><em>ma·</em></span> 
     </span>
     <span class='ocr_line' id='line_1_33' title="bbox 124 2174 1156 2230; baseline -0.001 -14"><span class='ocrx_word' id='word_1_198' title='bbox 124 2174 252 2230; x_wconf 64' lang='lat' dir='ltr'><em>sorem</em></span> <span class='ocrx_word' id='word_1_199' title='bbox 270 2176 399 2225; x_wconf 74' lang='lat' dir='ltr'><em>ipsius</em></span> <span class='ocrx_word' id='word_1_200' title='bbox 414 2176 716 2217; x_wconf 77' lang='lat' dir='ltr'><em>consolationem</em></span> <span class='ocrx_word' id='word_1_201' title='bbox 733 2177 876 2225; x_wconf 70' lang='lat' dir='ltr'><em>suerit,</em></span> <span class='ocrx_word' id='word_1_202' title='bbox 903 2176 1037 2215; x_wconf 77' lang='lat' dir='ltr'><em>debeat</em></span> <span class='ocrx_word' id='word_1_203' title='bbox 1064 2186 1156 2217; x_wconf 85' lang='lat' dir='ltr'><em>con-</em></span> 
     </span>
     <span class='ocr_line' id='line_1_34' title="bbox 124 2237 1156 2292; baseline -0.004 -10"><span class='ocrx_word' id='word_1_204' title='bbox 124 2237 334 2282; x_wconf 71' lang='lat' dir='ltr'><em>scientiam</em></span> <span class='ocrx_word' id='word_1_205' title='bbox 351 2249 465 2278; x_wconf 76' lang='lat' dir='ltr'><em>suam</em></span> <span class='ocrx_word' id='word_1_206' title='bbox 487 2249 634 2292; x_wconf 74' lang='lat' dir='ltr'><em>nzayna</em></span> <span class='ocrx_word' id='word_1_207' title='bbox 668 2249 756 2279; x_wconf 88' lang='lat' dir='ltr'><em>oum</em></span> <span class='ocrx_word' id='word_1_208' title='bbox 783 2238 1028 2285; x_wconf 64' lang='lat' dir='ltr'><em>hinnitum,</em></span> <span class='ocrx_word' id='word_1_209' title='bbox 1041 2238 1156 2288; x_wconf 79' lang='lat' dir='ltr'><em>puri-</em></span> 
     </span>
     <span class='ocr_line' id='line_1_35' title="bbox 124 2298 1154 2349; baseline -0.002 -8"><span class='ocrx_word' id='word_1_210' title='bbox 124 2303 209 2345; x_wconf 79' lang='lat' dir='ltr'><em>tate</em></span> <span class='ocrx_word' id='word_1_211' title='bbox 227 2304 265 2340; x_wconf 81' lang='lat' dir='ltr'><em>et</em></span> <span class='ocrx_word' id='word_1_212' title='bbox 294 2300 490 2341; x_wconf 73' lang='lat' dir='ltr'><em>charitate</em></span> <span class='ocrx_word' id='word_1_213' title='bbox 509 2300 786 2348; x_wconf 78' lang='lat' dir='ltr'><em>manifestare.</em></span> <span class='ocrx_word' id='word_1_214' title='bbox 817 2300 923 2349; x_wconf 87' lang='lat' dir='ltr'><em>Ergo</em></span> <span class='ocrx_word' id='word_1_215' title='bbox 945 2298 1031 2339; x_wconf 80' lang='lat' dir='ltr'><em>haec</em></span> <span class='ocrx_word' id='word_1_216' title='bbox 1049 2298 1154 2339; x_wconf 88' lang='lat' dir='ltr'><em>ratio</em></span> 
     </span>
     <span class='ocr_line' id='line_1_36' title="bbox 125 2359 1152 2412; baseline 0 -12"><span class='ocrx_word' id='word_1_217' title='bbox 125 2362 386 2400; x_wconf 81' lang='lat' dir='ltr'><em>conscientiae</em></span> <span class='ocrx_word' id='word_1_218' title='bbox 404 2359 493 2400; x_wconf 88' lang='lat' dir='ltr'><em>dari</em></span> <span class='ocrx_word' id='word_1_219' title='bbox 512 2364 645 2412; x_wconf 82' lang='lat' dir='ltr'><em>potest</em></span> <span class='ocrx_word' id='word_1_220' title='bbox 669 2361 713 2401; x_wconf 90' lang='lat' dir='ltr'><em>in</em></span> <span class='ocrx_word' id='word_1_221' title='bbox 749 2361 1000 2400; x_wconf 80' lang='lat' dir='ltr'><em>confessione</em></span> <span class='ocrx_word' id='word_1_222' title='bbox 1020 2373 1152 2400; x_wconf 77' lang='lat' dir='ltr'><em>sacra-</em></span> 
     </span>
     <span class='ocr_line' id='line_1_37' title="bbox 124 2420 1153 2474; baseline -0.001 -11"><span class='ocrx_word' id='word_1_223' title='bbox 124 2422 311 2469; x_wconf 85' lang='lat' dir='ltr'><em>mentali,</em></span> <span class='ocrx_word' id='word_1_224' title='bbox 327 2421 423 2474; x_wconf 87' lang='lat' dir='ltr'><em>quia</em></span> <span class='ocrx_word' id='word_1_225' title='bbox 437 2433 520 2461; x_wconf 90' lang='lat' dir='ltr'><em>non</em></span> <span class='ocrx_word' id='word_1_226' title='bbox 540 2425 672 2473; x_wconf 84' lang='lat' dir='ltr'><em>potest</em></span> <span class='ocrx_word' id='word_1_227' title='bbox 689 2420 766 2460; x_wconf 87' lang='lat' dir='ltr'><em>sub</em></span> <span class='ocrx_word' id='word_1_228' title='bbox 783 2421 916 2472; x_wconf 86' lang='lat' dir='ltr'><em>sigillo</em></span> <span class='ocrx_word' id='word_1_229' title='bbox 939 2421 1153 2462; x_wconf 83' lang='lat' dir='ltr'><em>confessio-</em></span> 
     </span>
     <span class='ocr_line' id='line_1_38' title="bbox 124 2483 1152 2534; baseline 0 -12"><span class='ocrx_word' id='word_1_230' title='bbox 124 2483 190 2523; x_wconf 89' lang='lat' dir='ltr'><em>nis</em></span> <span class='ocrx_word' id='word_1_231' title='bbox 224 2484 341 2522; x_wconf 82' lang='lat' dir='ltr'><em>aliter</em></span> <span class='ocrx_word' id='word_1_232' title='bbox 375 2485 602 2534; x_wconf 85' lang='lat' dir='ltr'><em>committi;</em></span> <span class='ocrx_word' id='word_1_233' title='bbox 625 2488 1005 2534; x_wconf 83' lang='lat' dir='ltr'><em>quantumcumque</em></span> <span class='ocrx_word' id='word_1_234' title='bbox 1040 2483 1152 2523; x_wconf 91' lang='lat' dir='ltr'><em>enim</em></span> 
     </span>
     <span class='ocr_line' id='line_1_39' title="bbox 124 2540 1152 2596; baseline -0.001 -12"><span class='ocrx_word' id='word_1_235' title='bbox 124 2544 273 2596; x_wconf 81' lang='lat' dir='ltr'><em>aliquis</em></span> <span class='ocrx_word' id='word_1_236' title='bbox 309 2544 534 2595; x_wconf 83' lang='lat' dir='ltr'><em>praemittat</em></span> <span class='ocrx_word' id='word_1_237' title='bbox 555 2555 599 2583; x_wconf 86' lang='lat' dir='ltr'><em>se</em></span> <span class='ocrx_word' id='word_1_238' title='bbox 634 2543 767 2583; x_wconf 79' lang='lat' dir='ltr'><em>dicere</em></span> <span class='ocrx_word' id='word_1_239' title='bbox 797 2540 951 2594; x_wconf 84' lang='lat' dir='ltr'><em>aliquid</em></span> <span class='ocrx_word' id='word_1_240' title='bbox 981 2541 1058 2582; x_wconf 90' lang='lat' dir='ltr'><em>sub</em></span> <span class='ocrx_word' id='word_1_241' title='bbox 1097 2543 1152 2583; x_wconf 86' lang='lat' dir='ltr'><em>si·</em></span> 
     </span>
     <span class='ocr_line' id='line_1_40' title="bbox 125 2604 1149 2658; baseline 0 -14"><span class='ocrx_word' id='word_1_242' title='bbox 125 2605 228 2658; x_wconf 85' lang='lat' dir='ltr'><em>gillo</em></span> <span class='ocrx_word' id='word_1_243' title='bbox 246 2605 521 2652; x_wconf 79' lang='lat' dir='ltr'><em>confessionis,</em></span> <span class='ocrx_word' id='word_1_244' title='bbox 540 2604 617 2644; x_wconf 90' lang='lat' dir='ltr'><em>nisi</em></span> <span class='ocrx_word' id='word_1_245' title='bbox 648 2616 742 2645; x_wconf 86' lang='lat' dir='ltr'><em>vere</em></span> <span class='ocrx_word' id='word_1_246' title='bbox 757 2605 998 2644; x_wconf 74' lang='lat' dir='ltr'><em>confiteatur</em></span> <span class='ocrx_word' id='word_1_247' title='bbox 1028 2616 1149 2645; x_wconf 85' lang='lat' dir='ltr'><em>sacra-</em></span> 
     </span>
     <span class='ocr_line' id='line_1_41' title="bbox 125 2664 1151 2717; baseline -0.001 -10"><span class='ocrx_word' id='word_1_248' title='bbox 125 2666 372 2714; x_wconf 80' lang='lat' dir='ltr'><em>mentaliter,</em></span> <span class='ocrx_word' id='word_1_249' title='bbox 404 2666 513 2705; x_wconf 88' lang='lat' dir='ltr'><em>etin</em></span> <span class='ocrx_word' id='word_1_250' title='bbox 544 2666 689 2706; x_wconf 83' lang='lat' dir='ltr'><em>ordine</em></span> <span class='ocrx_word' id='word_1_251' title='bbox 714 2666 767 2705; x_wconf 78' lang='lat' dir='ltr'><em>acl</em></span> <span class='ocrx_word' id='word_1_252' title='bbox 797 2665 912 2705; x_wconf 85' lang='lat' dir='ltr'><em>illam</em></span> <span class='ocrx_word' id='word_1_253' title='bbox 946 2664 1151 2717; x_wconf 80' lang='lat' dir='ltr'><em>loquatur,</em></span> 
     </span>
     <span class='ocr_line' id='line_1_42' title="bbox 126 2726 1149 2777; baseline -0.001 -10"><span class='ocrx_word' id='word_1_254' title='bbox 126 2737 208 2767; x_wconf 87' lang='lat' dir='ltr'><em>non</em></span> <span class='ocrx_word' id='word_1_255' title='bbox 237 2726 436 2777; x_wconf 80' lang='lat' dir='ltr'>obligabit</span> <span class='ocrx_word' id='word_1_256' title='bbox 461 2726 636 2766; x_wconf 89' lang='lat' dir='ltr'><em>alterum</em></span> <span class='ocrx_word' id='word_1_257' title='bbox 661 2727 736 2766; x_wconf 88' lang='lat' dir='ltr'><em>sub</em></span> <span class='ocrx_word' id='word_1_258' title='bbox 755 2727 906 2777; x_wconf 81' lang='lat' dir='ltr'><em>sigillo,</em></span> <span class='ocrx_word' id='word_1_259' title='bbox 928 2728 1034 2766; x_wconf 87' lang='lat' dir='ltr'><em>utin</em></span> <span class='ocrx_word' id='word_1_260' title='bbox 1052 2733 1149 2767; x_wconf 89' lang='lat' dir='ltr'><em>tom.</em></span> 
     </span>
     <span class='ocr_line' id='line_1_43' title="bbox 125 2788 1156 2841; baseline -0.001 -13"><span class='ocrx_word' id='word_1_261' title='bbox 125 2789 154 2828; x_wconf 80' lang='lat'>4</span> <span class='ocrx_word' id='word_1_262' title='bbox 166 2789 350 2828; x_wconf 80' lang='lat' dir='ltr'><em>secundae</em></span> <span class='ocrx_word' id='word_1_263' title='bbox 368 2788 494 2840; x_wconf 87' lang='lat' dir='ltr'><em>partis</em></span> <span class='ocrx_word' id='word_1_264' title='bbox 514 2789 780 2837; x_wconf 77' lang='lat' dir='ltr'><em>ostendimus,</em></span> <span class='ocrx_word' id='word_1_265' title='bbox 805 2801 852 2828; x_wconf 92' lang='lat' dir='ltr'><em>ac</em></span> <span class='ocrx_word' id='word_1_266' title='bbox 865 2789 1013 2828; x_wconf 84' lang='lat' dir='ltr'><em>docent</em></span> <span class='ocrx_word' id='word_1_267' title='bbox 1028 2788 1156 2841; x_wconf 85' lang='lat' dir='ltr'><em>pluri-</em></span> 
     </span>
     <span class='ocr_line' id='line_1_44' title="bbox 126 2850 1150 2902; baseline -0.002 -12"><span class='ocrx_word' id='word_1_268' title='bbox 126 2851 183 2890; x_wconf 83' lang='lat' dir='ltr'><em>mi</em></span> <span class='ocrx_word' id='word_1_269' title='bbox 205 2850 323 2888; x_wconf 88' lang='lat' dir='ltr'><em>relati</em></span> <span class='ocrx_word' id='word_1_270' title='bbox 335 2861 359 2888; x_wconf 88' lang='lat' dir='ltr'><em>a</em></span> <span class='ocrx_word' id='word_1_271' title='bbox 377 2850 537 2898; x_wconf 88' lang='lat' dir='ltr'><em>Sancio,</em></span> <span class='ocrx_word' id='word_1_272' title='bbox 554 2850 625 2889; x_wconf 91' lang='lat' dir='ltr'><em>lib.</em></span> <span class='ocrx_word' id='word_1_273' title='bbox 644 2851 669 2890; x_wconf 89' lang='lat'><strong>3</strong></span> <span class='ocrx_word' id='word_1_274' title='bbox 686 2850 737 2890; x_wconf 88' lang='grc'><em>(10</em></span> <span class='ocrx_word' id='word_1_275' title='bbox 751 2850 1028 2899; x_wconf 81' lang='lat' dir='ltr'><em>Matrimonio,</em></span> <span class='ocrx_word' id='word_1_276' title='bbox 1047 2851 1150 2902; x_wconf 87' lang='lat' dir='ltr'>disp.</span> 
     </span>
     <span class='ocr_line' id='line_1_45' title="bbox 126 2911 1156 2963; baseline 0 -12"><span class='ocrx_word' id='word_1_277' title='bbox 126 2911 195 2959; x_wconf 73' lang='lat'><em>⁴3,</em></span> <span class='ocrx_word' id='word_1_278' title='bbox 218 2923 330 2951; x_wconf 87' lang='lat' dir='ltr'><em>num.</em></span> <span class='ocrx_word' id='word_1_279' title='bbox 352 2911 399 2960; x_wconf 78' lang='lat'><em>63</em></span> <span class='ocrx_word' id='word_1_280' title='bbox 416 2916 546 2963; x_wconf 87' lang='lat' dir='ltr'><em>potest</em></span> <span class='ocrx_word' id='word_1_281' title='bbox 563 2913 686 2952; x_wconf 87' lang='lat' dir='ltr'><em>etiam</em></span> <span class='ocrx_word' id='word_1_282' title='bbox 704 2912 789 2952; x_wconf 86' lang='lat' dir='ltr'><em>haec</em></span> <span class='ocrx_word' id='word_1_283' title='bbox 804 2913 909 2952; x_wconf 85' lang='lat' dir='ltr'><em>ratio</em></span> <span class='ocrx_word' id='word_1_284' title='bbox 923 2917 1037 2952; x_wconf 84' lang='lat' dir='ltr'><em>extra</em></span> <span class='ocrx_word' id='word_1_285' title='bbox 1056 2924 1156 2951; x_wconf 82' lang='lat' dir='ltr'><em>cen-</em></span> 
     </span>
     <span class='ocr_line' id='line_1_46' title="bbox 125 2971 1154 3026; baseline 0.001 -14"><span class='ocrx_word' id='word_1_286' title='bbox 125 2971 344 3012; x_wconf 79' lang='lat' dir='ltr'><em>sessionem</em></span> <span class='ocrx_word' id='word_1_287' title='bbox 362 2973 538 3021; x_wconf 69' lang='grc' dir='ltr'>100111,οῐ</span> <span class='ocrx_word' id='word_1_288' title='bbox 554 2975 665 3026; x_wconf 88' lang='lat' dir='ltr'><em>optio</em></span> <span class='ocrx_word' id='word_1_289' title='bbox 683 2975 790 3013; x_wconf 86' lang='lat' dir='ltr'><em>inter</em></span> <span class='ocrx_word' id='word_1_290' title='bbox 809 2974 993 3014; x_wconf 89' lang='lat' dir='ltr'><em>hosduos</em></span> <span class='ocrx_word' id='word_1_291' title='bbox 1012 2973 1154 3013; x_wconf 89' lang='lat' dir='ltr'><em>modos</em></span> 
     </span>
     <span class='ocr_line' id='line_1_47' title="bbox 127 3033 1156 3086; baseline 0.002 -12"><span class='ocrx_word' id='word_1_292' title='bbox 127 3033 205 3086; x_wconf 88' lang='lat' dir='ltr'><em>ipsi</em></span> <span class='ocrx_word' id='word_1_293' title='bbox 225 3035 415 3084; x_wconf 85' lang='lat' dir='ltr'><em>religioso</em></span> <span class='ocrx_word' id='word_1_294' title='bbox 435 3035 704 3074; x_wconf 72' lang='lat' dir='ltr'><em>committitur</em></span> <span class='ocrx_word' id='word_1_295' title='bbox 721 3046 772 3074; x_wconf 81' lang='lat' dir='ltr'><em>ex</em></span> <span class='ocrx_word' id='word_1_296' title='bbox 802 3036 842 3073; x_wconf 90' lang='lat' dir='ltr'><em>vi</em></span> <span class='ocrx_word' id='word_1_297' title='bbox 867 3036 1156 3086; x_wconf 82' lang='lat' dir='ltr'><em>praedictorum</em></span> 
     </span>
     <span class='ocr_line' id='line_1_48' title="bbox 128 3096 1082 3148; baseline 0.001 -13"><span class='ocrx_word' id='word_1_298' title='bbox 128 3097 362 3141; x_wconf 79' lang='lat' dir='ltr'><em>verborum,</em></span> <span class='ocrx_word' id='word_1_299' title='bbox 385 3100 426 3136; x_wconf 85' lang='lat' dir='ltr'><em>et</em></span> <span class='ocrx_word' id='word_1_300' title='bbox 445 3096 497 3135; x_wconf 89' lang='lat' dir='ltr'><em>ob</em></span> <span class='ocrx_word' id='word_1_301' title='bbox 517 3097 596 3136; x_wconf 91' lang='lat' dir='ltr'><em>alia</em></span> <span class='ocrx_word' id='word_1_302' title='bbox 616 3108 707 3148; x_wconf 85' lang='lat' dir='ltr'><em>quae</em></span> <span class='ocrx_word' id='word_1_303' title='bbox 727 3108 767 3135; x_wconf 89' lang='grc'><em>11.</em></span> <span class='ocrx_word' id='word_1_304' title='bbox 788 3098 838 3135; x_wconf 84' lang='grc'><em>10</em></span> <span class='ocrx_word' id='word_1_305' title='bbox 852 3096 1082 3136; x_wconf 77' lang='lat' dir='ltr'><em>afferemus.</em></span> 
     </span>
    </p>

    <p class='ocr_par' dir='ltr' id='par_1_6' title="bbox 66 3158 1162 3638">
     <span class='ocr_line' id='line_1_49' title="bbox 181 3158 1158 3209; baseline 0.002 -13"><span class='ocrx_word' id='word_1_306' title='bbox 181 3158 220 3196; x_wconf 86' lang='lat'><em>8.</em></span> <span class='ocrx_word' id='word_1_307' title='bbox 253 3158 500 3209; x_wconf 83' lang='lat' dir='ltr'><em>Differentia</em></span> <span class='ocrx_word' id='word_1_308' title='bbox 517 3159 653 3209; x_wconf 74' lang='lat' dir='ltr'><em>prima</em></span> <span class='ocrx_word' id='word_1_309' title='bbox 671 3158 776 3198; x_wconf 87' lang='lat' dir='ltr'><em>inter</em></span> <span class='ocrx_word' id='word_1_310' title='bbox 799 3160 1158 3207; x_wconf 83' lang='lat' dir='ltr'><em>manifestationem</em></span> 
     </span>
     <span class='ocr_line' id='line_1_50' title="bbox 130 3217 1156 3268; baseline 0.001 -10"><span class='ocrx_word' id='word_1_311' title='bbox 130 3217 376 3258; x_wconf 74' lang='lat' dir='ltr'><em>conscientiae</em></span> <span class='ocrx_word' id='word_1_312' title='bbox 415 3221 452 3259; x_wconf 87' lang='lat' dir='ltr'><em>et</em></span> <span class='ocrx_word' id='word_1_313' title='bbox 474 3221 771 3268; x_wconf 78' lang='lat' dir='ltr'><em>confessionem.</em></span> <span class='ocrx_word' id='word_1_314' title='bbox 800 3240 847 3248; x_wconf 75' lang='lat'>—</span> <span class='ocrx_word' id='word_1_315' title='bbox 873 3218 1060 3258; x_wconf 90' lang='lat' dir='ltr'><em>Secundo</em></span> <span class='ocrx_word' id='word_1_316' title='bbox 1093 3231 1156 3259; x_wconf 88' lang='lat' dir='ltr'><em>er-</em></span> 
     </span>
     <span class='ocr_line' id='line_1_51' title="bbox 66 3277 1158 3328; baseline 0.005 -15"><span class='ocrx_word' id='word_1_317' title='bbox 66 3311 69 3313; x_wconf 64' lang='lat'><em>,</em></span> <span class='ocrx_word' id='word_1_318' title='bbox 131 3288 184 3328; x_wconf 89' lang='lat' dir='ltr'><em>go</em></span> <span class='ocrx_word' id='word_1_319' title='bbox 203 3289 386 3328; x_wconf 85' lang='lat' dir='ltr'><em>suppono</em></span> <span class='ocrx_word' id='word_1_320' title='bbox 416 3277 522 3317; x_wconf 87' lang='lat' dir='ltr'><em>hanc</em></span> <span class='ocrx_word' id='word_1_321' title='bbox 559 3279 812 3318; x_wconf 81' lang='lat' dir='ltr'><em>conscientiae</em></span> <span class='ocrx_word' id='word_1_322' title='bbox 835 3280 1034 3318; x_wconf 86' lang='lat' dir='ltr'><em>rationem</em></span> <span class='ocrx_word' id='word_1_323' title='bbox 1054 3278 1158 3319; x_wconf 89' lang='lat' dir='ltr'><em>mul-</em></span> 
     </span>
     <span class='ocr_line' id='line_1_52' title="bbox 133 3337 1161 3390; baseline 0.005 -14"><span class='ocrx_word' id='word_1_324' title='bbox 133 3340 223 3376; x_wconf 84' lang='lat' dir='ltr'><em>tum</em></span> <span class='ocrx_word' id='word_1_325' title='bbox 243 3337 404 3377; x_wconf 82' lang='lat' dir='ltr'><em>diflerre</em></span> <span class='ocrx_word' id='word_1_326' title='bbox 423 3339 555 3390; x_wconf 86' lang='lat' dir='ltr'><em>quoad</em></span> <span class='ocrx_word' id='word_1_327' title='bbox 592 3341 807 3379; x_wconf 79' lang='lat' dir='ltr'><em>materiam</em></span> <span class='ocrx_word' id='word_1_328' title='bbox 853 3351 876 3378; x_wconf 89' lang='grc'><em>0</em></span> <span class='ocrx_word' id='word_1_329' title='bbox 909 3340 1161 3382; x_wconf 86' lang='lat' dir='ltr'><em>confessione</em></span> 
     </span>
     <span class='ocr_line' id='line_1_53' title="bbox 133 3398 1162 3448; baseline 0.002 -8"><span class='ocrx_word' id='word_1_330' title='bbox 133 3398 416 3440; x_wconf 78' lang='lat' dir='ltr'><em>sacramentali</em></span> <span class='ocrx_word' id='word_1_331' title='bbox 430 3413 441 3448; x_wconf 83' lang='lat'>3</span> <span class='ocrx_word' id='word_1_332' title='bbox 466 3411 562 3438; x_wconf 88' lang='lat' dir='ltr'><em>nam</em></span> <span class='ocrx_word' id='word_1_333' title='bbox 587 3401 758 3440; x_wconf 87' lang='lat' dir='ltr'><em>materia</em></span> <span class='ocrx_word' id='word_1_334' title='bbox 794 3401 1055 3440; x_wconf 74' lang='lat' dir='ltr'><em>confessionis</em></span> <span class='ocrx_word' id='word_1_335' title='bbox 1073 3407 1162 3442; x_wconf 87' lang='lat' dir='ltr'><em>tan-</em></span> 
     </span>
     <span class='ocr_line' id='line_1_54' title="bbox 135 3460 1162 3511; baseline 0.004 -13"><span class='ocrx_word' id='word_1_336' title='bbox 135 3461 224 3498; x_wconf 79' lang='lat' dir='ltr'><em>tum</em></span> <span class='ocrx_word' id='word_1_337' title='bbox 245 3464 340 3498; x_wconf 88' lang='lat' dir='ltr'><em>sunt</em></span> <span class='ocrx_word' id='word_1_338' title='bbox 359 3464 521 3510; x_wconf 85' lang='lat' dir='ltr'><em>peccata</em></span> <span class='ocrx_word' id='word_1_339' title='bbox 553 3460 604 3499; x_wconf 88' lang='lat' dir='ltr'><em>ab</em></span> <span class='ocrx_word' id='word_1_340' title='bbox 640 3461 808 3500; x_wconf 87' lang='lat' dir='ltr'><em>homine</em></span> <span class='ocrx_word' id='word_1_341' title='bbox 828 3462 1056 3511; x_wconf 87' lang='lat' dir='ltr'><em>commissa,</em></span> <span class='ocrx_word' id='word_1_342' title='bbox 1076 3462 1162 3503; x_wconf 80' lang='lat' dir='ltr'><em>haec</em></span> 
     </span>
     <span class='ocr_line' id='line_1_55' title="bbox 136 3521 1162 3575; baseline 0.005 -16"><span class='ocrx_word' id='word_1_343' title='bbox 136 3529 232 3560; x_wconf 81' lang='lat' dir='ltr'><em>vero</em></span> <span class='ocrx_word' id='word_1_344' title='bbox 269 3521 525 3560; x_wconf 60' lang='lat' dir='ltr'><em>conscientias</em></span> <span class='ocrx_word' id='word_1_345' title='bbox 574 3523 846 3561; x_wconf 84' lang='lat' dir='ltr'><em>manifestatio</em></span> <span class='ocrx_word' id='word_1_346' title='bbox 879 3524 1008 3562; x_wconf 85' lang='lat' dir='ltr'><em>multo</em></span> <span class='ocrx_word' id='word_1_347' title='bbox 1044 3523 1162 3575; x_wconf 84' lang='lat' dir='ltr'><em>plura</em></span> 
     </span>
     <span class='ocr_line' id='line_1_56' title="bbox 78 3577 1161 3638; baseline 0.007 -19"><span class='ocrx_word' id='word_1_348' title='bbox 78 3634 82 3638; x_wconf 18' lang='grc' dir='ltr'><em>ῃ</em></span> <span class='ocrx_word' id='word_1_349' title='bbox 134 3577 309 3638; x_wconf 71' lang='lat' dir='ltr'><em>includit</em></span> <span class='ocrx_word' id='word_1_350' title='bbox 319 3591 335 3632; x_wconf 79' lang='lat'>3</span> <span class='ocrx_word' id='word_1_351' title='bbox 353 3581 451 3634; x_wconf 86' lang='lat' dir='ltr'><em>quia</em></span> <span class='ocrx_word' id='word_1_352' title='bbox 479 3581 682 3635; x_wconf 84' lang='lat' dir='ltr'><em>imprimis</em></span> <span class='ocrx_word' id='word_1_353' title='bbox 713 3593 798 3623; x_wconf 85' lang='grc'>11011</span> <span class='ocrx_word' id='word_1_354' title='bbox 813 3587 975 3624; x_wconf 84' lang='lat' dir='ltr'><em>tantum</em></span> <span class='ocrx_word' id='word_1_355' title='bbox 992 3595 1079 3626; x_wconf 80' lang='lat' dir='ltr'><em>esse</em></span> <span class='ocrx_word' id='word_1_356' title='bbox 1094 3584 1161 3627; x_wconf 84' lang='lat' dir='ltr'><em>de·</em></span> 
     </span>
    </p>
   </div>
   <div class='ocr_carea' id='block_1_6' title="bbox 1205 274 2258 3569">
    <p class='ocr_par' dir='ltr' id='par_1_7' title="bbox 1209 274 2258 2156">
     <span class='ocr_line' id='line_1_57' title="bbox 1223 274 2258 338; baseline 0.014 -23"><span class='ocrx_word' id='word_1_357' title='bbox 1223 274 1293 316; x_wconf 84' lang='lat' dir='ltr'><em>bet</em></span> <span class='ocrx_word' id='word_1_358' title='bbox 1315 277 1366 317; x_wconf 87' lang='lat' dir='ltr'><em>de</em></span> <span class='ocrx_word' id='word_1_359' title='bbox 1385 278 1519 328; x_wconf 87' lang='lat' dir='ltr'><em>malis,</em></span> <span class='ocrx_word' id='word_1_360' title='bbox 1541 279 1612 320; x_wconf 81' lang='lat' dir='ltr'><em>sed</em></span> <span class='ocrx_word' id='word_1_361' title='bbox 1628 280 1754 321; x_wconf 85' lang='lat' dir='ltr'><em>etiam</em></span> <span class='ocrx_word' id='word_1_362' title='bbox 1773 281 1825 322; x_wconf 88' lang='lat' dir='ltr'><em>de</em></span> <span class='ocrx_word' id='word_1_363' title='bbox 1855 281 1990 332; x_wconf 88' lang='lat' dir='ltr'><em>bonis,</em></span> <span class='ocrx_word' id='word_1_364' title='bbox 2005 286 2054 324; x_wconf 86' lang='lat' dir='ltr'><em>ut</em></span> <span class='ocrx_word' id='word_1_365' title='bbox 2070 295 2258 338; x_wconf 85' lang='lat' dir='ltr'><em>expresse</em></span> 
     </span>
     <span class='ocr_line' id='line_1_58' title="bbox 1222 341 2257 402; baseline 0.011 -25"><span class='ocrx_word' id='word_1_366' title='bbox 1222 346 1441 379; x_wconf 88' lang='lat' dir='ltr'><em>monemur</em></span> <span class='ocrx_word' id='word_1_367' title='bbox 1458 341 1579 380; x_wconf 88' lang='lat' dir='ltr'><em>tertia</em></span> <span class='ocrx_word' id='word_1_368' title='bbox 1594 346 1710 393; x_wconf 89' lang='lat' dir='ltr'><em>parte</em></span> <span class='ocrx_word' id='word_1_369' title='bbox 1733 342 2093 394; x_wconf 86' lang='lat' dir='ltr'><em>Constitutionum,</em></span> <span class='ocrx_word' id='word_1_370' title='bbox 2117 359 2152 386; x_wconf 91' lang='grc'><em>0.</em></span> <span class='ocrx_word' id='word_1_371' title='bbox 2173 351 2212 397; x_wconf 80' lang='grc'><em>1,</em></span> <span class='ocrx_word' id='word_1_372' title='bbox 2231 347 2257 402; x_wconf 65' lang='grc' dir='ltr'>ἓ</span> 
     </span>
     <span class='ocr_line' id='line_1_59' title="bbox 1223 399 2255 456; baseline 0.013 -18"><span class='ocrx_word' id='word_1_373' title='bbox 1223 399 1288 447; x_wconf 79' lang='grc'><em>12,</em></span> <span class='ocrx_word' id='word_1_374' title='bbox 1309 399 1390 441; x_wconf 89' lang='lat' dir='ltr'><em>ibi:</em></span> <span class='ocrx_word' id='word_1_375' title='bbox 1405 400 1491 443; x_wconf 86' lang='lat' dir='ltr'><em>Nec</em></span> <span class='ocrx_word' id='word_1_376' title='bbox 1505 402 1631 442; x_wconf 72' lang='lat' dir='ltr'><em>solum</em></span> <span class='ocrx_word' id='word_1_377' title='bbox 1651 403 1823 453; x_wconf 78' lang='lat' dir='ltr'><em>defectus</em></span> <span class='ocrx_word' id='word_1_378' title='bbox 1836 408 2036 456; x_wconf 81' lang='lat' dir='ltr'><em>aperiant,</em></span> <span class='ocrx_word' id='word_1_379' title='bbox 2052 409 2122 448; x_wconf 72' lang='lat' dir='ltr'><em>sed</em></span> <span class='ocrx_word' id='word_1_380' title='bbox 2135 410 2255 452; x_wconf 84' lang='lat' dir='ltr'><em>etiam</em></span> 
     </span>
     <span class='ocr_line' id='line_1_60' title="bbox 1217 462 2252 521; baseline 0.013 -22"><span class='ocrx_word' id='word_1_381' title='bbox 1217 462 1493 511; x_wconf 67' lang='lat' dir='ltr'><em>poenitentias,</em></span> <span class='ocrx_word' id='word_1_382' title='bbox 1510 462 1573 502; x_wconf 78' lang='lat' dir='ltr'><em>vel</em></span> <span class='ocrx_word' id='word_1_383' title='bbox 1591 465 1923 514; x_wconf 71' lang='lat' dir='ltr'><em>mortificationes</em></span> <span class='ocrx_word' id='word_1_384' title='bbox 1952 470 1989 508; x_wconf 81' lang='lat' dir='ltr'><em>et</em></span> <span class='ocrx_word' id='word_1_385' title='bbox 2016 469 2252 521; x_wconf 68' lang='lat' dir='ltr'><em>devotiones,</em></span> 
     </span>
     <span class='ocr_line' id='line_1_61' title="bbox 1221 520 2255 580; baseline 0.013 -21"><span class='ocrx_word' id='word_1_386' title='bbox 1221 531 1268 560; x_wconf 84' lang='lat' dir='ltr'><em>ae</em></span> <span class='ocrx_word' id='word_1_387' title='bbox 1287 520 1457 562; x_wconf 78' lang='lat' dir='ltr'><em>virtutes</em></span> <span class='ocrx_word' id='word_1_388' title='bbox 1476 533 1623 571; x_wconf 75' lang='lat' dir='ltr'><em>omnes,</em></span> <span class='ocrx_word' id='word_1_389' title='bbox 1638 527 1714 564; x_wconf 79' lang='lat' dir='ltr'><em>etc.</em></span> <span class='ocrx_word' id='word_1_390' title='bbox 1738 525 1852 571; x_wconf 88' lang='lat' dir='ltr'><em>Quod</em></span> <span class='ocrx_word' id='word_1_391' title='bbox 1867 528 1990 567; x_wconf 82' lang='lat' dir='ltr'><em>etiam</em></span> <span class='ocrx_word' id='word_1_392' title='bbox 2008 529 2255 580; x_wconf 86' lang='lat' dir='ltr'><em>significavit</em></span> 
     </span>
     <span class='ocr_line' id='line_1_62' title="bbox 1220 581 2253 636; baseline 0.015 -18"><span class='ocrx_word' id='word_1_393' title='bbox 1220 581 1392 620; x_wconf 82' lang='lat' dir='ltr'><em>Basilius</em></span> <span class='ocrx_word' id='word_1_394' title='bbox 1413 583 1556 632; x_wconf 88' lang='lat' dir='ltr'><em>regula</em></span> <span class='ocrx_word' id='word_1_395' title='bbox 1577 585 1640 632; x_wconf 88' lang='lat'><em>36,</em></span> <span class='ocrx_word' id='word_1_396' title='bbox 1657 597 1706 623; x_wconf 87' lang='lat' dir='ltr'><em>ex</em></span> <span class='ocrx_word' id='word_1_397' title='bbox 1728 586 1962 636; x_wconf 79' lang='lat' dir='ltr'><em>fusioribus,</em></span> <span class='ocrx_word' id='word_1_398' title='bbox 1981 589 2142 630; x_wconf 85' lang='lat' dir='ltr'><em>dicens:</em></span> <span class='ocrx_word' id='word_1_399' title='bbox 2161 593 2253 636; x_wconf 78' lang='lat' dir='ltr'><em>Hoc</em></span> 
     </span>
     <span class='ocr_line' id='line_1_63' title="bbox 1219 642 2251 704; baseline 0.012 -20"><span class='ocrx_word' id='word_1_400' title='bbox 1219 642 1322 684; x_wconf 78' lang='lat' dir='ltr'><em>enim</em></span> <span class='ocrx_word' id='word_1_401' title='bbox 1345 645 1458 684; x_wconf 87' lang='lat' dir='ltr'><em>modo</em></span> <span class='ocrx_word' id='word_1_402' title='bbox 1489 645 1572 693; x_wconf 80' lang='lat' dir='ltr'><em>siet,</em></span> <span class='ocrx_word' id='word_1_403' title='bbox 1589 649 1636 686; x_wconf 85' lang='lat' dir='ltr'><em>ut</em></span> <span class='ocrx_word' id='word_1_404' title='bbox 1653 650 1689 686; x_wconf 91' lang='lat' dir='ltr'><em>et</em></span> <span class='ocrx_word' id='word_1_405' title='bbox 1706 649 1809 698; x_wconf 84' lang='lat' dir='ltr'><em>quod</em></span> <span class='ocrx_word' id='word_1_406' title='bbox 1822 649 1936 690; x_wconf 84' lang='lat' dir='ltr'><em>laude</em></span> <span class='ocrx_word' id='word_1_407' title='bbox 1955 652 2115 704; x_wconf 73' lang='lat' dir='ltr'><em>diqnum</em></span> <span class='ocrx_word' id='word_1_408' title='bbox 2135 655 2192 695; x_wconf 73' lang='lat' dir='ltr'><em>sit</em></span> <span class='ocrx_word' id='word_1_409' title='bbox 2207 655 2251 697; x_wconf 69' lang='lat' dir='ltr'><em>in</em></span> 
     </span>
     <span class='ocr_line' id='line_1_64' title="bbox 1217 701 2248 766; baseline 0.013 -22"><span class='ocrx_word' id='word_1_410' title='bbox 1217 704 1326 744; x_wconf 81' lang='lat' dir='ltr'><em>nobis</em></span> <span class='ocrx_word' id='word_1_411' title='bbox 1347 706 1618 754; x_wconf 79' lang='lat' dir='ltr'><em>confirmetur,</em></span> <span class='ocrx_word' id='word_1_412' title='bbox 1639 701 1677 747; x_wconf 69' lang='lat' dir='ltr'><em>et</em></span> <span class='ocrx_word' id='word_1_413' title='bbox 1704 710 1805 759; x_wconf 83' lang='lat' dir='ltr'><em>quod</em></span> <span class='ocrx_word' id='word_1_414' title='bbox 1832 712 1964 751; x_wconf 75' lang='lat' dir='ltr'><em>minus</em></span> <span class='ocrx_word' id='word_1_415' title='bbox 1987 715 2248 766; x_wconf 80' lang='lat' dir='ltr'><em>probandum,</em></span> 
     </span>
     <span class='ocr_line' id='line_1_65' title="bbox 1219 769 2249 823; baseline 0.009 -17"><span class='ocrx_word' id='word_1_416' title='bbox 1219 777 1287 806; x_wconf 88' lang='lat' dir='ltr'><em>con</em></span> <span class='ocrx_word' id='word_1_417' title='bbox 1290 778 1389 819; x_wconf 67' lang='lat' dir='ltr'><em>qruo</em></span> <span class='ocrx_word' id='word_1_418' title='bbox 1403 769 1570 808; x_wconf 85' lang='lat' dir='ltr'><em>remedio</em></span> <span class='ocrx_word' id='word_1_419' title='bbox 1582 772 1760 809; x_wconf 76' lang='lat' dir='ltr'><em>sanetur.</em></span> <span class='ocrx_word' id='word_1_420' title='bbox 1774 769 1974 820; x_wconf 83' lang='lat' dir='ltr'><em>Suppomt</em></span> <span class='ocrx_word' id='word_1_421' title='bbox 1985 785 2081 823; x_wconf 87' lang='lat' dir='ltr'><em>ergo</em></span> <span class='ocrx_word' id='word_1_422' title='bbox 2092 779 2249 815; x_wconf 87' lang='lat' dir='ltr'><em>utrum-</em></span> 
     </span>
     <span class='ocr_line' id='line_1_66' title="bbox 1218 828 2249 878; baseline 0.01 -13"><span class='ocrx_word' id='word_1_423' title='bbox 1218 839 1296 878; x_wconf 88' lang='lat' dir='ltr'><em>que</em></span> <span class='ocrx_word' id='word_1_424' title='bbox 1314 828 1658 868; x_wconf 83' lang='lat' dir='ltr'><em>manifestandum</em></span> <span class='ocrx_word' id='word_1_425' title='bbox 1688 842 1788 869; x_wconf 87' lang='lat' dir='ltr'><em>esse.</em></span> <span class='ocrx_word' id='word_1_426' title='bbox 1816 830 1968 871; x_wconf 90' lang='lat' dir='ltr'><em>Deinde</em></span> <span class='ocrx_word' id='word_1_427' title='bbox 1996 834 2104 872; x_wconf 88' lang='lat' dir='ltr'><em>idem</em></span> <span class='ocrx_word' id='word_1_428' title='bbox 2136 838 2249 875; x_wconf 91' lang='lat' dir='ltr'><em>colli-</em></span> 
     </span>
     <span class='ocr_line' id='line_1_67' title="bbox 1218 889 2248 946; baseline 0.01 -20"><span class='ocrx_word' id='word_1_429' title='bbox 1218 889 1328 938; x_wconf 89' lang='lat' dir='ltr'><em>gitur</em></span> <span class='ocrx_word' id='word_1_430' title='bbox 1348 901 1398 928; x_wconf 86' lang='lat' dir='ltr'><em>ex</em></span> <span class='ocrx_word' id='word_1_431' title='bbox 1425 890 1514 929; x_wconf 90' lang='lat' dir='ltr'><em>aliis</em></span> <span class='ocrx_word' id='word_1_432' title='bbox 1546 891 1788 930; x_wconf 87' lang='lat' dir='ltr'><em>testimoniis</em></span> <span class='ocrx_word' id='word_1_433' title='bbox 1823 903 1866 930; x_wconf 91' lang='lat' dir='ltr'><em>n.</em></span> <span class='ocrx_word' id='word_1_434' title='bbox 1890 892 1914 930; x_wconf 89' lang='lat'>3</span> <span class='ocrx_word' id='word_1_435' title='bbox 1933 893 2133 941; x_wconf 84' lang='lat' dir='ltr'><em>adductis,</em></span> <span class='ocrx_word' id='word_1_436' title='bbox 2152 908 2248 946; x_wconf 83' lang='lat' dir='ltr'><em>qua-</em></span> 
     </span>
     <span class='ocr_line' id='line_1_68' title="bbox 1218 950 2248 997; baseline 0.007 -9"><span class='ocrx_word' id='word_1_437' title='bbox 1218 953 1337 988; x_wconf 84' lang='lat' dir='ltr'><em>tenus</em></span> <span class='ocrx_word' id='word_1_438' title='bbox 1357 950 1497 989; x_wconf 88' lang='lat' dir='ltr'><em>dicunt</em></span> <span class='ocrx_word' id='word_1_439' title='bbox 1524 956 1654 990; x_wconf 88' lang='lat' dir='ltr'><em>totam</em></span> <span class='ocrx_word' id='word_1_440' title='bbox 1675 952 1858 991; x_wconf 89' lang='lat' dir='ltr'><em>animam</em></span> <span class='ocrx_word' id='word_1_441' title='bbox 1889 957 1929 992; x_wconf 88' lang='lat' dir='ltr'><em>et</em></span> <span class='ocrx_word' id='word_1_442' title='bbox 1958 956 2248 997; x_wconf 88' lang='lat' dir='ltr'><em>conscientiam</em></span> 
     </span>
     <span class='ocr_line' id='line_1_69' title="bbox 1218 1011 2249 1059; baseline 0.005 -10"><span class='ocrx_word' id='word_1_443' title='bbox 1218 1011 1559 1051; x_wconf 75' lang='lat' dir='ltr'><em>manifestandam</em></span> <span class='ocrx_word' id='word_1_444' title='bbox 1580 1025 1689 1059; x_wconf 88' lang='lat' dir='ltr'><em>esse;</em></span> <span class='ocrx_word' id='word_1_445' title='bbox 1710 1013 1752 1051; x_wconf 92' lang='lat' dir='ltr'><em>in</em></span> <span class='ocrx_word' id='word_1_446' title='bbox 1773 1014 2017 1053; x_wconf 88' lang='lat' dir='ltr'><em>conscientia</em></span> <span class='ocrx_word' id='word_1_447' title='bbox 2038 1016 2147 1053; x_wconf 91' lang='lat' dir='ltr'><em>enim</em></span> <span class='ocrx_word' id='word_1_448' title='bbox 2166 1029 2249 1054; x_wconf 86' lang='lat' dir='ltr'><em>non</em></span> 
     </span>
     <span class='ocr_line' id='line_1_70' title="bbox 1215 1072 2244 1125; baseline 0.003 -14"><span class='ocrx_word' id='word_1_449' title='bbox 1215 1072 1347 1111; x_wconf 88' lang='lat' dir='ltr'><em>solum</em></span> <span class='ocrx_word' id='word_1_450' title='bbox 1374 1073 1493 1121; x_wconf 90' lang='lat' dir='ltr'><em>mala,</em></span> <span class='ocrx_word' id='word_1_451' title='bbox 1513 1074 1580 1112; x_wconf 91' lang='lat' dir='ltr'><em>sed</em></span> <span class='ocrx_word' id='word_1_452' title='bbox 1599 1074 1721 1112; x_wconf 91' lang='lat' dir='ltr'><em>etiam</em></span> <span class='ocrx_word' id='word_1_453' title='bbox 1743 1074 1850 1113; x_wconf 87' lang='lat' dir='ltr'><em>bona</em></span> <span class='ocrx_word' id='word_1_454' title='bbox 1884 1077 2033 1125; x_wconf 86' lang='lat' dir='ltr'><em>scripta</em></span> <span class='ocrx_word' id='word_1_455' title='bbox 2053 1084 2244 1123; x_wconf 79' lang='lat' dir='ltr'><em>manent3</em></span> 
     </span>
     <span class='ocr_line' id='line_1_71' title="bbox 1219 1134 2249 1187; baseline 0.003 -14"><span class='ocrx_word' id='word_1_456' title='bbox 1219 1137 1259 1173; x_wconf 88' lang='lat' dir='ltr'><em>et</em></span> <span class='ocrx_word' id='word_1_457' title='bbox 1278 1147 1327 1173; x_wconf 87' lang='lat' dir='ltr'><em>ex</em></span> <span class='ocrx_word' id='word_1_458' title='bbox 1345 1134 1426 1173; x_wconf 88' lang='lat' dir='ltr'><em>fine</em></span> <span class='ocrx_word' id='word_1_459' title='bbox 1443 1135 1565 1184; x_wconf 88' lang='lat' dir='ltr'><em>hujus</em></span> <span class='ocrx_word' id='word_1_460' title='bbox 1582 1135 1922 1174; x_wconf 84' lang='lat' dir='ltr'><em>manifestationis</em></span> <span class='ocrx_word' id='word_1_461' title='bbox 1943 1136 1983 1174; x_wconf 91' lang='lat' dir='ltr'><em>id</em></span> <span class='ocrx_word' id='word_1_462' title='bbox 2002 1137 2122 1187; x_wconf 92' lang='lat' dir='ltr'><em>plane</em></span> <span class='ocrx_word' id='word_1_463' title='bbox 2136 1138 2249 1176; x_wconf 90' lang='lat' dir='ltr'><em>colli-</em></span> 
     </span>
     <span class='ocr_line' id='line_1_72' title="bbox 1218 1195 2248 1245; baseline 0.005 -12"><span class='ocrx_word' id='word_1_464' title='bbox 1218 1195 1343 1245; x_wconf 84' lang='lat' dir='ltr'><em>gitur,</em></span> <span class='ocrx_word' id='word_1_465' title='bbox 1360 1200 1406 1234; x_wconf 88' lang='lat' dir='ltr'><em>ut</em></span> <span class='ocrx_word' id='word_1_466' title='bbox 1425 1197 1559 1234; x_wconf 87' lang='lat' dir='ltr'><em>statim</em></span> <span class='ocrx_word' id='word_1_467' title='bbox 1581 1196 1727 1235; x_wconf 91' lang='lat' dir='ltr'><em>dicam.</em></span> <span class='ocrx_word' id='word_1_468' title='bbox 1751 1197 1950 1234; x_wconf 83' lang='lat' dir='ltr'><em>Praeterea</em></span> <span class='ocrx_word' id='word_1_469' title='bbox 1968 1209 2019 1235; x_wconf 83' lang='lat' dir='ltr'><em>ex</em></span> <span class='ocrx_word' id='word_1_470' title='bbox 2034 1197 2151 1236; x_wconf 88' lang='lat' dir='ltr'><em>malis</em></span> <span class='ocrx_word' id='word_1_471' title='bbox 2165 1210 2248 1238; x_wconf 91' lang='lat' dir='ltr'><em>non</em></span> 
     </span>
     <span class='ocr_line' id='line_1_73' title="bbox 1218 1257 2245 1308; baseline 0.002 -13"><span class='ocrx_word' id='word_1_472' title='bbox 1218 1257 1348 1295; x_wconf 88' lang='lat' dir='ltr'><em>solnm</em></span> <span class='ocrx_word' id='word_1_473' title='bbox 1372 1257 1546 1295; x_wconf 88' lang='lat' dir='ltr'><em>actualia</em></span> <span class='ocrx_word' id='word_1_474' title='bbox 1562 1262 1739 1307; x_wconf 88' lang='lat' dir='ltr'><em>peccata,</em></span> <span class='ocrx_word' id='word_1_475' title='bbox 1755 1257 1825 1295; x_wconf 89' lang='lat' dir='ltr'><em>sed</em></span> <span class='ocrx_word' id='word_1_476' title='bbox 1843 1258 1966 1296; x_wconf 89' lang='lat' dir='ltr'><em>etiam</em></span> <span class='ocrx_word' id='word_1_477' title='bbox 1987 1260 2245 1308; x_wconf 87' lang='lat' dir='ltr'><em>tentationes,</em></span> 
     </span>
     <span class='ocr_line' id='line_1_74' title="bbox 1216 1317 2249 1371; baseline 0.004 -15"><span class='ocrx_word' id='word_1_478' title='bbox 1216 1330 1351 1370; x_wconf 84' lang='lat' dir='ltr'><em>pravae</em></span> <span class='ocrx_word' id='word_1_479' title='bbox 1378 1318 1708 1365; x_wconf 81' lang='lat' dir='ltr'><em>consuetudines,</em></span> <span class='ocrx_word' id='word_1_480' title='bbox 1745 1317 1810 1356; x_wconf 90' lang='lat' dir='ltr'><em>vel</em></span> <span class='ocrx_word' id='word_1_481' title='bbox 1833 1318 2117 1358; x_wconf 86' lang='lat' dir='ltr'><em>inclinationes</em></span> <span class='ocrx_word' id='word_1_482' title='bbox 2154 1332 2249 1371; x_wconf 84' lang='lat' dir='ltr'><em>ape-</em></span> 
     </span>
     <span class='ocr_line' id='line_1_75' title="bbox 1215 1379 2249 1429; baseline 0.003 -11"><span class='ocrx_word' id='word_1_483' title='bbox 1215 1380 1370 1419; x_wconf 89' lang='lat' dir='ltr'><em>riendae</em></span> <span class='ocrx_word' id='word_1_484' title='bbox 1404 1384 1514 1427; x_wconf 85' lang='lat' dir='ltr'><em>sunt,</em></span> <span class='ocrx_word' id='word_1_485' title='bbox 1547 1384 1587 1418; x_wconf 87' lang='lat' dir='ltr'><em>et</em></span> <span class='ocrx_word' id='word_1_486' title='bbox 1624 1391 1708 1418; x_wconf 91' lang='lat' dir='ltr'><em>non</em></span> <span class='ocrx_word' id='word_1_487' title='bbox 1729 1379 1860 1418; x_wconf 90' lang='lat' dir='ltr'><em>solum</em></span> <span class='ocrx_word' id='word_1_488' title='bbox 1893 1380 1991 1418; x_wconf 85' lang='lat' dir='ltr'><em>mali</em></span> <span class='ocrx_word' id='word_1_489' title='bbox 2020 1383 2148 1429; x_wconf 88' lang='lat' dir='ltr'><em>actus,</em></span> <span class='ocrx_word' id='word_1_490' title='bbox 2178 1380 2249 1421; x_wconf 91' lang='lat' dir='ltr'><em>sed</em></span> 
     </span>
     <span class='ocr_line' id='line_1_76' title="bbox 1214 1440 2248 1492; baseline 0.002 -13"><span class='ocrx_word' id='word_1_491' title='bbox 1214 1442 1339 1480; x_wconf 88' lang='lat' dir='ltr'><em>etiam</em></span> <span class='ocrx_word' id='word_1_492' title='bbox 1372 1440 1712 1492; x_wconf 86' lang='lat' dir='ltr'><em>imperfectiones,</em></span> <span class='ocrx_word' id='word_1_493' title='bbox 1747 1440 1831 1478; x_wconf 91' lang='lat' dir='ltr'><em>imo</em></span> <span class='ocrx_word' id='word_1_494' title='bbox 1863 1441 1986 1478; x_wconf 88' lang='lat' dir='ltr'><em>etiam</em></span> <span class='ocrx_word' id='word_1_495' title='bbox 2017 1442 2248 1481; x_wconf 86' lang='lat' dir='ltr'><em>occasiones</em></span> 
     </span>
     <span class='ocr_line' id='line_1_77' title="bbox 1214 1502 2248 1553; baseline 0.001 -12"><span class='ocrx_word' id='word_1_496' title='bbox 1214 1503 1348 1549; x_wconf 83' lang='lat' dir='ltr'><em>malae,</em></span> <span class='ocrx_word' id='word_1_497' title='bbox 1367 1502 1432 1541; x_wconf 89' lang='lat' dir='ltr'><em>vel</em></span> <span class='ocrx_word' id='word_1_498' title='bbox 1452 1504 1743 1553; x_wconf 85' lang='lat' dir='ltr'><em>cujuscumque</em></span> <span class='ocrx_word' id='word_1_499' title='bbox 1765 1502 2095 1551; x_wconf 83' lang='lat' dir='ltr'><em>transgressionis</em></span> <span class='ocrx_word' id='word_1_500' title='bbox 2129 1515 2248 1553; x_wconf 86' lang='lat' dir='ltr'><em>regu-</em></span> 
     </span>
     <span class='ocr_line' id='line_1_78' title="bbox 1213 1563 2248 1615; baseline 0.001 -13"><span class='ocrx_word' id='word_1_501' title='bbox 1213 1563 1277 1612; x_wconf 85' lang='lat' dir='ltr'><em>lae,</em></span> <span class='ocrx_word' id='word_1_502' title='bbox 1300 1564 1458 1602; x_wconf 86' lang='lat' dir='ltr'><em>etiamsi</em></span> <span class='ocrx_word' id='word_1_503' title='bbox 1476 1576 1526 1602; x_wconf 83' lang='lat' dir='ltr'><em>ex</em></span> <span class='ocrx_word' id='word_1_504' title='bbox 1548 1576 1589 1603; x_wconf 92' lang='grc'><em>50</em></span> <span class='ocrx_word' id='word_1_505' title='bbox 1612 1567 1819 1615; x_wconf 84' lang='lat' dir='ltr'><em>peccatum</em></span> <span class='ocrx_word' id='word_1_506' title='bbox 1838 1575 1920 1600; x_wconf 87' lang='lat' dir='ltr'><em>non</em></span> <span class='ocrx_word' id='word_1_507' title='bbox 1939 1564 1989 1601; x_wconf 88' lang='lat' dir='ltr'><em>sit</em></span> <span class='ocrx_word' id='word_1_508' title='bbox 2002 1578 2012 1611; x_wconf 83' lang='lat'><em>3</em></span> <span class='ocrx_word' id='word_1_509' title='bbox 2036 1564 2122 1602; x_wconf 83' lang='lat' dir='ltr'><em>haec</em></span> <span class='ocrx_word' id='word_1_510' title='bbox 2136 1565 2248 1603; x_wconf 89' lang='lat' dir='ltr'><em>enim</em></span> 
     </span>
     <span class='ocr_line' id='line_1_79' title="bbox 1214 1625 2248 1676; baseline 0 -12"><span class='ocrx_word' id='word_1_511' title='bbox 1214 1626 1352 1664; x_wconf 90' lang='lat' dir='ltr'><em>omnia</em></span> <span class='ocrx_word' id='word_1_512' title='bbox 1372 1626 1448 1664; x_wconf 92' lang='lat' dir='ltr'><em>sub</em></span> <span class='ocrx_word' id='word_1_513' title='bbox 1468 1625 1727 1664; x_wconf 80' lang='lat' dir='ltr'><em>conscientiae</em></span> <span class='ocrx_word' id='word_1_514' title='bbox 1750 1625 1966 1663; x_wconf 88' lang='lat' dir='ltr'><em>latitudine</em></span> <span class='ocrx_word' id='word_1_515' title='bbox 1983 1625 2248 1676; x_wconf 84' lang='lat' dir='ltr'><em>comprehen-</em></span> 
     </span>
     <span class='ocr_line' id='line_1_80' title="bbox 1213 1686 2248 1738; baseline 0.002 -14"><span class='ocrx_word' id='word_1_516' title='bbox 1213 1687 1383 1735; x_wconf 88' lang='lat' dir='ltr'><em>duntur,</em></span> <span class='ocrx_word' id='word_1_517' title='bbox 1402 1691 1442 1725; x_wconf 85' lang='lat' dir='ltr'><em>et</em></span> <span class='ocrx_word' id='word_1_518' title='bbox 1470 1699 1612 1725; x_wconf 85' lang='lat' dir='ltr'><em>eorum</em></span> <span class='ocrx_word' id='word_1_519' title='bbox 1633 1686 1811 1736; x_wconf 82' lang='lat' dir='ltr'><em>cognitio</em></span> <span class='ocrx_word' id='word_1_520' title='bbox 1831 1686 1882 1724; x_wconf 86' lang='lat' dir='ltr'><em>ad</em></span> <span class='ocrx_word' id='word_1_521' title='bbox 1917 1687 2127 1736; x_wconf 86' lang='lat' dir='ltr'><em>spirituale</em></span> <span class='ocrx_word' id='word_1_522' title='bbox 2144 1687 2248 1738; x_wconf 88' lang='lat' dir='ltr'><em>regi-</em></span> 
     </span>
     <span class='ocr_line' id='line_1_81' title="bbox 1212 1748 2249 1799; baseline 0.001 -13"><span class='ocrx_word' id='word_1_523' title='bbox 1212 1760 1307 1786; x_wconf 85' lang='lat' dir='ltr'><em>men</em></span> <span class='ocrx_word' id='word_1_524' title='bbox 1326 1760 1507 1799; x_wconf 79' lang='lat' dir='ltr'><em>personae</em></span> <span class='ocrx_word' id='word_1_525' title='bbox 1535 1748 1734 1798; x_wconf 83' lang='lat' dir='ltr'><em>religiosae</em></span> <span class='ocrx_word' id='word_1_526' title='bbox 1756 1749 1978 1785; x_wconf 80' lang='lat' dir='ltr'><em>necessaria</em></span> <span class='ocrx_word' id='word_1_527' title='bbox 1997 1752 2077 1793; x_wconf 91' lang='lat' dir='ltr'><em>est;</em></span> <span class='ocrx_word' id='word_1_528' title='bbox 2101 1753 2141 1786; x_wconf 89' lang='lat' dir='ltr'><em>et</em></span> <span class='ocrx_word' id='word_1_529' title='bbox 2170 1748 2249 1787; x_wconf 89' lang='grc'>1100</span> 
     </span>
     <span class='ocr_line' id='line_1_82' title="bbox 1211 1808 2247 1860; baseline 0.001 -13"><span class='ocrx_word' id='word_1_530' title='bbox 1211 1810 1445 1859; x_wconf 79' lang='lat' dir='ltr'><em>significant</em></span> <span class='ocrx_word' id='word_1_531' title='bbox 1477 1810 1692 1860; x_wconf 83' lang='lat' dir='ltr'><em>subjuncta</em></span> <span class='ocrx_word' id='word_1_532' title='bbox 1724 1808 1848 1847; x_wconf 87' lang='lat' dir='ltr'><em>verba</em></span> <span class='ocrx_word' id='word_1_533' title='bbox 1869 1809 2069 1858; x_wconf 80' lang='lat' dir='ltr'><em>praedictae</em></span> <span class='ocrx_word' id='word_1_534' title='bbox 2092 1809 2247 1848; x_wconf 88' lang='lat' dir='ltr'><em>Consti-</em></span> 
     </span>
     <span class='ocr_line' id='line_1_83' title="bbox 1210 1870 2245 1922; baseline 0.002 -14"><span class='ocrx_word' id='word_1_535' title='bbox 1210 1871 1405 1910; x_wconf 85' lang='lat' dir='ltr'><em>tutionis:</em></span> <span class='ocrx_word' id='word_1_536' title='bbox 1439 1871 1645 1912; x_wconf 66' lang='lat' dir='ltr'><em>Voluntate</em></span> <span class='ocrx_word' id='word_1_537' title='bbox 1662 1882 1769 1922; x_wconf 78' lang='lat' dir='ltr'><em>pura</em></span> <span class='ocrx_word' id='word_1_538' title='bbox 1793 1873 1859 1920; x_wconf 80' lang='lat' dir='ltr'><em>opt</em></span> <span class='ocrx_word' id='word_1_539' title='bbox 1875 1873 1974 1908; x_wconf 65' lang='lat' dir='ltr'><em>‘ntes</em></span> <span class='ocrx_word' id='word_1_540' title='bbox 1998 1871 2043 1909; x_wconf 83' lang='lat' dir='ltr'><em>ab</em></span> <span class='ocrx_word' id='word_1_541' title='bbox 2067 1870 2154 1910; x_wconf 76' lang='lat' dir='ltr'><em>iliis</em></span> <span class='ocrx_word' id='word_1_542' title='bbox 2177 1871 2245 1910; x_wconf 77' lang='lat' dir='ltr'><em>di-</em></span> 
     </span>
     <span class='ocr_line' id='line_1_84' title="bbox 1210 1930 2245 1982; baseline 0.003 -12"><span class='ocrx_word' id='word_1_543' title='bbox 1210 1933 1310 1982; x_wconf 72' lang='lat' dir='ltr'><em>riyi,</em></span> <span class='ocrx_word' id='word_1_544' title='bbox 1329 1933 1452 1970; x_wconf 69' lang='lat' dir='ltr'><em>strubi</em></span> <span class='ocrx_word' id='word_1_545' title='bbox 1472 1945 1496 1972; x_wconf 95' lang='lat' dir='ltr'><em>a</em></span> <span class='ocrx_word' id='word_1_546' title='bbox 1517 1931 1754 1971; x_wconf 77' lang='lat' dir='ltr'><em>rectitudine</em></span> <span class='ocrx_word' id='word_1_547' title='bbox 1780 1930 2053 1980; x_wconf 76' lang='lat' dir='ltr'><em>desle;terent,·</em></span> <span class='ocrx_word' id='word_1_548' title='bbox 2071 1932 2245 1973; x_wconf 74' lang='lat' dir='ltr'><em>nolentes</em></span> 
     </span>
     <span class='ocr_line' id='line_1_85' title="bbox 1211 1990 2244 2044; baseline 0 -12"><span class='ocrx_word' id='word_1_549' title='bbox 1211 2002 1282 2032; x_wconf 72' lang='lat' dir='ltr'><em>suo</em></span> <span class='ocrx_word' id='word_1_550' title='bbox 1296 1992 1458 2044; x_wconf 75' lang='lat' dir='ltr'><em>proprio</em></span> <span class='ocrx_word' id='word_1_551' title='bbox 1485 2003 1604 2031; x_wconf 75' lang='lat' dir='ltr'><em>sensu</em></span> <span class='ocrx_word' id='word_1_552' title='bbox 1618 1991 1725 2037; x_wconf 81' lang='lat' dir='ltr'><em>duci,</em></span> <span class='ocrx_word' id='word_1_553' title='bbox 1743 1990 1827 2029; x_wconf 71' lang='lat' dir='ltr'><em>nisi</em></span> <span class='ocrx_word' id='word_1_554' title='bbox 1844 1994 2046 2031; x_wconf 85' lang='lat' dir='ltr'><em>conveniat</em></span> <span class='ocrx_word' id='word_1_555' title='bbox 2073 2004 2159 2031; x_wconf 82' lang='lat' dir='ltr'><em>cum</em></span> <span class='ocrx_word' id='word_1_556' title='bbox 2169 1992 2244 2043; x_wconf 73' lang='lat' dir='ltr'><em>jie-</em></span> 
     </span>
     <span class='ocr_line' id='line_1_86' title="bbox 1211 2052 2242 2107; baseline 0 -13"><span class='ocrx_word' id='word_1_557' title='bbox 1211 2055 1239 2094; x_wconf 92' lang='lat' dir='ltr'><em>d</em></span> <span class='ocrx_word' id='word_1_558' title='bbox 1256 2053 1315 2094; x_wconf 73' lang='lat' dir='ltr'><em>cio</em></span> <span class='ocrx_word' id='word_1_559' title='bbox 1334 2055 1511 2102; x_wconf 80' lang='lat' dir='ltr'><em>illorum,</em></span> <span class='ocrx_word' id='word_1_560' title='bbox 1535 2066 1633 2107; x_wconf 77' lang='lat' dir='ltr'><em>quos</em></span> <span class='ocrx_word' id='word_1_561' title='bbox 1657 2052 1812 2093; x_wconf 73' lang='lat' dir='ltr'><em>Christi</em></span> <span class='ocrx_word' id='word_1_562' title='bbox 1830 2053 1994 2092; x_wconf 86' lang='lat' dir='ltr'><em>Domini</em></span> <span class='ocrx_word' id='word_1_563' title='bbox 2012 2055 2143 2094; x_wconf 79' lang='lat' dir='ltr'><em>nostri</em></span> <span class='ocrx_word' id='word_1_564' title='bbox 2160 2055 2242 2094; x_wconf 84' lang='lat' dir='ltr'><em>loco</em></span> 
     </span>
     <span class='ocr_line' id='line_1_87' title="bbox 1209 2115 1369 2156; baseline -0.019 -1"><span class='ocrx_word' id='word_1_565' title='bbox 1209 2115 1369 2156; x_wconf 73' lang='lat' dir='ltr'><em>habent.</em></span> 
     </span>
    </p>

    <p class='ocr_par' dir='ltr' id='par_1_8' title="bbox 1205 2172 2245 3569">
     <span class='ocr_line' id='line_1_88' title="bbox 1262 2172 2245 2226; baseline -0.003 -10"><span class='ocrx_word' id='word_1_566' title='bbox 1262 2178 1301 2216; x_wconf 88' lang='grc'><em>9.</em></span> <span class='ocrx_word' id='word_1_567' title='bbox 1330 2174 1514 2216; x_wconf 82' lang='lat' dir='ltr'><em>Secunda</em></span> <span class='ocrx_word' id='word_1_568' title='bbox 1534 2172 1948 2226; x_wconf 53' lang='lat' dir='ltr'><em>differentiae-Unde</em></span> <span class='ocrx_word' id='word_1_569' title='bbox 1968 2173 2091 2212; x_wconf 82' lang='lat' dir='ltr'><em>etiam</em></span> <span class='ocrx_word' id='word_1_570' title='bbox 2109 2172 2245 2213; x_wconf 82' lang='lat' dir='ltr'><em>diflert</em></span> 
     </span>
     <span class='ocr_line' id='line_1_89' title="bbox 1210 2236 2244 2278; baseline -0.004 -1"><span class='ocrx_word' id='word_1_571' title='bbox 1210 2236 1296 2278; x_wconf 84' lang='lat' dir='ltr'><em>haec</em></span> <span class='ocrx_word' id='word_1_572' title='bbox 1323 2238 1428 2276; x_wconf 83' lang='lat' dir='ltr'><em>ratio</em></span> <span class='ocrx_word' id='word_1_573' title='bbox 1447 2238 1702 2275; x_wconf 83' lang='lat' dir='ltr'><em>conscientiae</em></span> <span class='ocrx_word' id='word_1_574' title='bbox 1725 2249 1749 2276; x_wconf 88' lang='lat' dir='ltr'><em>a</em></span> <span class='ocrx_word' id='word_1_575' title='bbox 1775 2236 2059 2275; x_wconf 78' lang='lat' dir='ltr'><em>sacramentali</em></span> <span class='ocrx_word' id='word_1_576' title='bbox 2088 2236 2244 2274; x_wconf 85' lang='lat' dir='ltr'><em>conses-</em></span> 
     </span>
     <span class='ocr_line' id='line_1_90' title="bbox 1210 2297 2244 2349; baseline -0.004 -11"><span class='ocrx_word' id='word_1_577' title='bbox 1210 2299 1322 2338; x_wconf 90' lang='lat' dir='ltr'><em>sione</em></span> <span class='ocrx_word' id='word_1_578' title='bbox 1341 2299 1383 2337; x_wconf 87' lang='grc'><em>111</em></span> <span class='ocrx_word' id='word_1_579' title='bbox 1404 2297 1485 2336; x_wconf 87' lang='lat' dir='ltr'><em>fine</em></span> <span class='ocrx_word' id='word_1_580' title='bbox 1501 2299 1720 2336; x_wconf 77' lang='lat' dir='ltr'><em>intrinseco</em></span> <span class='ocrx_word' id='word_1_581' title='bbox 1735 2310 1781 2336; x_wconf 90' lang='lat' dir='ltr'><em>ac</em></span> <span class='ocrx_word' id='word_1_582' title='bbox 1799 2310 1870 2349; x_wconf 90' lang='lat' dir='ltr'><em>per</em></span> <span class='ocrx_word' id='word_1_583' title='bbox 1887 2308 1952 2347; x_wconf 87' lang='lat' dir='ltr'><em>se;</em></span> <span class='ocrx_word' id='word_1_584' title='bbox 1975 2309 2071 2335; x_wconf 89' lang='lat' dir='ltr'><em>nam</em></span> <span class='ocrx_word' id='word_1_585' title='bbox 2089 2297 2244 2335; x_wconf 87' lang='lat' dir='ltr'><em>confes-</em></span> 
     </span>
     <span class='ocr_line' id='line_1_91' title="bbox 1208 2356 2244 2410; baseline -0.002 -12"><span class='ocrx_word' id='word_1_586' title='bbox 1208 2359 1268 2399; x_wconf 89' lang='lat' dir='ltr'><em>sio</em></span> <span class='ocrx_word' id='word_1_587' title='bbox 1287 2359 1588 2398; x_wconf 79' lang='lat' dir='ltr'><em>sacramentalis</em></span> <span class='ocrx_word' id='word_1_588' title='bbox 1609 2371 1680 2410; x_wconf 89' lang='lat' dir='ltr'><em>per</em></span> <span class='ocrx_word' id='word_1_589' title='bbox 1705 2371 1746 2398; x_wconf 91' lang='lat' dir='ltr'><em>se</em></span> <span class='ocrx_word' id='word_1_590' title='bbox 1778 2359 1910 2398; x_wconf 88' lang='lat' dir='ltr'><em>solum</em></span> <span class='ocrx_word' id='word_1_591' title='bbox 1947 2358 2158 2396; x_wconf 86' lang='lat' dir='ltr'><em>ordinatur</em></span> <span class='ocrx_word' id='word_1_592' title='bbox 2191 2356 2244 2396; x_wconf 89' lang='lat' dir='ltr'><em>ad</em></span> 
     </span>
     <span class='ocr_line' id='line_1_92' title="bbox 1206 2421 2243 2472; baseline -0.003 -13"><span class='ocrx_word' id='word_1_593' title='bbox 1206 2421 1520 2472; x_wconf 86' lang='lat' dir='ltr'><em>comparandam</em></span> <span class='ocrx_word' id='word_1_594' title='bbox 1539 2421 1819 2459; x_wconf 87' lang='lat' dir='ltr'><em>remissionem</em></span> <span class='ocrx_word' id='word_1_595' title='bbox 1836 2424 2107 2470; x_wconf 75' lang='lat' dir='ltr'><em>peccatorum,</em></span> <span class='ocrx_word' id='word_1_596' title='bbox 2127 2422 2166 2456; x_wconf 89' lang='lat' dir='ltr'><em>et</em></span> <span class='ocrx_word' id='word_1_597' title='bbox 2180 2430 2243 2456; x_wconf 82' lang='lat' dir='ltr'><em>sa-</em></span> 
     </span>
     <span class='ocr_line' id='line_1_93' title="bbox 1205 2481 2240 2532; baseline -0.005 -10"><span class='ocrx_word' id='word_1_598' title='bbox 1205 2481 1489 2523; x_wconf 75' lang='lat' dir='ltr'><em>tisfaciendum</em></span> <span class='ocrx_word' id='word_1_599' title='bbox 1505 2482 1628 2531; x_wconf 81' lang='lat' dir='ltr'><em>digne</em></span> <span class='ocrx_word' id='word_1_600' title='bbox 1647 2483 1726 2520; x_wconf 88' lang='lat' dir='ltr'><em>Deo</em></span> <span class='ocrx_word' id='word_1_601' title='bbox 1740 2493 1814 2532; x_wconf 91' lang='lat' dir='ltr'><em>pro</em></span> <span class='ocrx_word' id='word_1_602' title='bbox 1825 2481 1917 2527; x_wconf 89' lang='lat' dir='ltr'><em>illis,</em></span> <span class='ocrx_word' id='word_1_603' title='bbox 1937 2485 1977 2519; x_wconf 90' lang='lat' dir='ltr'><em>et</em></span> <span class='ocrx_word' id='word_1_604' title='bbox 1992 2490 2240 2530; x_wconf 88' lang='lat' dir='ltr'><em>consequen-</em></span> 
     </span>
     <span class='ocr_line' id='line_1_94' title="bbox 1205 2543 2239 2592; baseline -0.004 -10"><span class='ocrx_word' id='word_1_605' title='bbox 1205 2547 1270 2582; x_wconf 87' lang='lat' dir='ltr'><em>ter</em></span> <span class='ocrx_word' id='word_1_606' title='bbox 1289 2544 1340 2582; x_wconf 90' lang='lat' dir='ltr'><em>ad</em></span> <span class='ocrx_word' id='word_1_607' title='bbox 1359 2543 1687 2582; x_wconf 84' lang='lat' dir='ltr'><em>emendationem</em></span> <span class='ocrx_word' id='word_1_608' title='bbox 1708 2554 1862 2587; x_wconf 89' lang='lat' dir='ltr'><em>eorum,</em></span> <span class='ocrx_word' id='word_1_609' title='bbox 1884 2546 2083 2592; x_wconf 83' lang='lat' dir='ltr'><em>quatenus</em></span> <span class='ocrx_word' id='word_1_610' title='bbox 2096 2551 2239 2591; x_wconf 90' lang='lat' dir='ltr'><em>propo-</em></span> 
     </span>
     <span class='ocr_line' id='line_1_95' title="bbox 1207 2602 2238 2655; baseline -0.004 -10"><span class='ocrx_word' id='word_1_611' title='bbox 1207 2606 1330 2645; x_wconf 85' lang='lat' dir='ltr'><em>situm</em></span> <span class='ocrx_word' id='word_1_612' title='bbox 1352 2605 1474 2655; x_wconf 82' lang='lat' dir='ltr'><em>hujus</em></span> <span class='ocrx_word' id='word_1_613' title='bbox 1494 2604 1675 2643; x_wconf 81' lang='lat' dir='ltr'><em>emendae</em></span> <span class='ocrx_word' id='word_1_614' title='bbox 1692 2616 1786 2655; x_wconf 89' lang='lat' dir='ltr'><em>pars</em></span> <span class='ocrx_word' id='word_1_615' title='bbox 1802 2608 1862 2642; x_wconf 87' lang='lat' dir='ltr'><em>est</em></span> <span class='ocrx_word' id='word_1_616' title='bbox 1882 2604 1991 2641; x_wconf 88' lang='lat' dir='ltr'><em>illius</em></span> <span class='ocrx_word' id='word_1_617' title='bbox 2005 2602 2238 2641; x_wconf 80' lang='lat' dir='ltr'><em>necessariae</em></span> 
     </span>
     <span class='ocr_line' id='line_1_96' title="bbox 1208 2661 2239 2714; baseline -0.005 -8"><span class='ocrx_word' id='word_1_618' title='bbox 1208 2666 1510 2713; x_wconf 74' lang='lat' dir='ltr'><em>satisfactionis3</em></span> <span class='ocrx_word' id='word_1_619' title='bbox 1548 2666 1680 2704; x_wconf 87' lang='lat' dir='ltr'><em>omnis</em></span> <span class='ocrx_word' id='word_1_620' title='bbox 1714 2669 1852 2703; x_wconf 86' lang='lat' dir='ltr'><em>autem</em></span> <span class='ocrx_word' id='word_1_621' title='bbox 1890 2665 1990 2703; x_wconf 89' lang='lat' dir='ltr'><em>alius</em></span> <span class='ocrx_word' id='word_1_622' title='bbox 2020 2663 2128 2712; x_wconf 77' lang='lat' dir='ltr'><em>finis,</em></span> <span class='ocrx_word' id='word_1_623' title='bbox 2167 2661 2239 2714; x_wconf 88' lang='lat' dir='ltr'><em>qui</em></span> 
     </span>
     <span class='ocr_line' id='line_1_97' title="bbox 1208 2725 2240 2778; baseline -0.005 -11"><span class='ocrx_word' id='word_1_624' title='bbox 1208 2726 1305 2767; x_wconf 89' lang='lat' dir='ltr'><em>huic</em></span> <span class='ocrx_word' id='word_1_625' title='bbox 1323 2728 1583 2778; x_wconf 84' lang='lat' dir='ltr'><em>adjungitur,</em></span> <span class='ocrx_word' id='word_1_626' title='bbox 1604 2727 1700 2764; x_wconf 88' lang='lat' dir='ltr'><em>licet</em></span> <span class='ocrx_word' id='word_1_627' title='bbox 1723 2738 1805 2764; x_wconf 91' lang='lat' dir='ltr'><em>non</em></span> <span class='ocrx_word' id='word_1_628' title='bbox 1829 2726 1881 2764; x_wconf 90' lang='lat' dir='ltr'><em>sit</em></span> <span class='ocrx_word' id='word_1_629' title='bbox 1910 2725 2055 2772; x_wconf 88' lang='lat' dir='ltr'><em>malus,</em></span> <span class='ocrx_word' id='word_1_630' title='bbox 2078 2736 2152 2762; x_wconf 89' lang='lat' dir='ltr'><em>nec</em></span> <span class='ocrx_word' id='word_1_631' title='bbox 2174 2735 2240 2763; x_wconf 82' lang='lat' dir='ltr'><em>re-</em></span> 
     </span>
     <span class='ocr_line' id='line_1_98' title="bbox 1207 2784 2239 2842; baseline -0.003 -17"><span class='ocrx_word' id='word_1_632' title='bbox 1207 2800 1398 2842; x_wconf 80' lang='lat' dir='ltr'><em>pugnans</em></span> <span class='ocrx_word' id='word_1_633' title='bbox 1413 2788 1486 2827; x_wconf 88' lang='lat' dir='ltr'><em>fini</em></span> <span class='ocrx_word' id='word_1_634' title='bbox 1509 2793 1549 2827; x_wconf 88' lang='lat' dir='ltr'><em>et</em></span> <span class='ocrx_word' id='word_1_635' title='bbox 1570 2787 1883 2826; x_wconf 81' lang='lat' dir='ltr'><em>circumstantiis</em></span> <span class='ocrx_word' id='word_1_636' title='bbox 1911 2786 2057 2825; x_wconf 86' lang='lat' dir='ltr'><em>debitis</em></span> <span class='ocrx_word' id='word_1_637' title='bbox 2084 2784 2239 2824; x_wconf 82' lang='lat' dir='ltr'><em>confes-</em></span> 
     </span>
     <span class='ocr_line' id='line_1_99' title="bbox 1209 2848 2239 2897; baseline -0.006 -8"><span class='ocrx_word' id='word_1_638' title='bbox 1209 2850 1330 2897; x_wconf 84' lang='lat' dir='ltr'><em>sioni,</em></span> <span class='ocrx_word' id='word_1_639' title='bbox 1356 2854 1415 2890; x_wconf 89' lang='lat' dir='ltr'><em>est</em></span> <span class='ocrx_word' id='word_1_640' title='bbox 1434 2849 1727 2889; x_wconf 71' lang='lat' dir='ltr'><em>accidentarius</em></span> <span class='ocrx_word' id='word_1_641' title='bbox 1748 2848 1990 2888; x_wconf 86' lang='lat' dir='ltr'><em>confessioni</em></span> <span class='ocrx_word' id='word_1_642' title='bbox 2011 2857 2239 2885; x_wconf 89' lang='lat' dir='ltr'><em>sacramen-</em></span> 
     </span>
     <span class='ocr_line' id='line_1_100' title="bbox 1207 2907 2239 2957; baseline -0.007 -7"><span class='ocrx_word' id='word_1_643' title='bbox 1207 2911 1282 2951; x_wconf 86' lang='lat' dir='ltr'><em>tali</em></span> <span class='ocrx_word' id='word_1_644' title='bbox 1299 2915 1345 2950; x_wconf 82' lang='lat' dir='ltr'><em>ut</em></span> <span class='ocrx_word' id='word_1_645' title='bbox 1374 2911 1444 2950; x_wconf 85' lang='lat' dir='ltr'><em>sic.</em></span> <span class='ocrx_word' id='word_1_646' title='bbox 1466 2911 1519 2949; x_wconf 91' lang='lat' dir='ltr'><em>At</em></span> <span class='ocrx_word' id='word_1_647' title='bbox 1546 2922 1643 2950; x_wconf 87' lang='lat' dir='ltr'><em>vero</em></span> <span class='ocrx_word' id='word_1_648' title='bbox 1662 2910 1767 2949; x_wconf 86' lang='lat' dir='ltr'><em>ratio</em></span> <span class='ocrx_word' id='word_1_649' title='bbox 1786 2909 2057 2955; x_wconf 80' lang='lat' dir='ltr'><em>conscientiae,</em></span> <span class='ocrx_word' id='word_1_650' title='bbox 2090 2907 2139 2945; x_wconf 92' lang='lat' dir='ltr'><em>de</em></span> <span class='ocrx_word' id='word_1_651' title='bbox 2160 2916 2239 2957; x_wconf 87' lang='lat' dir='ltr'><em>qua</em></span> 
     </span>
     <span class='ocr_line' id='line_1_101' title="bbox 1208 2968 2240 3024; baseline -0.006 -13"><span class='ocrx_word' id='word_1_652' title='bbox 1208 2983 1319 3012; x_wconf 87' lang='lat' dir='ltr'><em>nunc</em></span> <span class='ocrx_word' id='word_1_653' title='bbox 1336 2973 1511 3024; x_wconf 85' lang='lat' dir='ltr'><em>agimus,</em></span> <span class='ocrx_word' id='word_1_654' title='bbox 1529 2984 1613 3010; x_wconf 88' lang='lat' dir='ltr'><em>non</em></span> <span class='ocrx_word' id='word_1_655' title='bbox 1631 2972 1689 3011; x_wconf 79' lang='lat' dir='ltr'><em>ita</em></span> <span class='ocrx_word' id='word_1_656' title='bbox 1708 2984 1779 3023; x_wconf 84' lang='lat' dir='ltr'><em>per</em></span> <span class='ocrx_word' id='word_1_657' title='bbox 1800 2983 1842 3010; x_wconf 90' lang='lat' dir='ltr'><em>se</em></span> <span class='ocrx_word' id='word_1_658' title='bbox 1862 2971 2074 3009; x_wconf 85' lang='lat' dir='ltr'><em>ordinatur</em></span> <span class='ocrx_word' id='word_1_659' title='bbox 2094 2968 2144 3007; x_wconf 88' lang='lat' dir='ltr'><em>ad</em></span> <span class='ocrx_word' id='word_1_660' title='bbox 2177 2978 2240 3005; x_wconf 86' lang='lat' dir='ltr'><em>re·</em></span> 
     </span>
     <span class='ocr_line' id='line_1_102' title="bbox 1207 3025 2239 3085; baseline -0.009 -12"><span class='ocrx_word' id='word_1_661' title='bbox 1207 3034 1443 3074; x_wconf 87' lang='lat' dir='ltr'><em>missionem</em></span> <span class='ocrx_word' id='word_1_662' title='bbox 1463 3038 1733 3085; x_wconf 77' lang='lat' dir='ltr'><em>peccatorum,</em></span> <span class='ocrx_word' id='word_1_663' title='bbox 1754 3032 1941 3084; x_wconf 84' lang='lat' dir='ltr'><em>quamvis</em></span> <span class='ocrx_word' id='word_1_664' title='bbox 1967 3031 2089 3069; x_wconf 89' lang='lat' dir='ltr'><em>etiam</em></span> <span class='ocrx_word' id='word_1_665' title='bbox 2116 3025 2239 3079; x_wconf 85' lang='lat' dir='ltr'><em>possit</em></span> 
     </span>
     <span class='ocr_line' id='line_1_103' title="bbox 1208 3088 2236 3153; baseline -0.012 -18"><span class='ocrx_word' id='word_1_666' title='bbox 1208 3107 1283 3149; x_wconf 84' lang='lat' dir='ltr'><em>per</em></span> <span class='ocrx_word' id='word_1_667' title='bbox 1301 3096 1466 3134; x_wconf 82' lang='lat' dir='ltr'><em>modum</em></span> <span class='ocrx_word' id='word_1_668' title='bbox 1488 3094 1793 3134; x_wconf 88' lang='lat' dir='ltr'><em>consultationis</em></span> <span class='ocrx_word' id='word_1_669' title='bbox 1812 3093 1863 3131; x_wconf 78' lang='lat' dir='ltr'><em>ad</em></span> <span class='ocrx_word' id='word_1_670' title='bbox 1883 3092 1995 3131; x_wconf 83' lang='lat' dir='ltr'><em>illam</em></span> <span class='ocrx_word' id='word_1_671' title='bbox 2023 3088 2236 3153; x_wconf 81' lang='lat' dir='ltr'><em>deservire,</em></span> 
     </span>
     <span class='ocr_line' id='line_1_104' title="bbox 1210 3153 2237 3208; baseline -0.011 -13"><span class='ocrx_word' id='word_1_672' title='bbox 1210 3157 1324 3196; x_wconf 83' lang='lat' dir='ltr'><em>etita</em></span> <span class='ocrx_word' id='word_1_673' title='bbox 1343 3162 1506 3208; x_wconf 86' lang='lat' dir='ltr'><em>propter</em></span> <span class='ocrx_word' id='word_1_674' title='bbox 1526 3157 1636 3194; x_wconf 88' lang='lat' dir='ltr'><em>illam</em></span> <span class='ocrx_word' id='word_1_675' title='bbox 1653 3155 1761 3202; x_wconf 81' lang='lat' dir='ltr'><em>fieri3</em></span> <span class='ocrx_word' id='word_1_676' title='bbox 1786 3154 1853 3193; x_wconf 87' lang='lat' dir='ltr'><em>sed</em></span> <span class='ocrx_word' id='word_1_677' title='bbox 1872 3153 2084 3191; x_wconf 79' lang='lat' dir='ltr'><em>ordinatur</em></span> <span class='ocrx_word' id='word_1_678' title='bbox 2102 3158 2237 3199; x_wconf 79' lang='lat' dir='ltr'><em>praecl-</em></span> 
     </span>
     <span class='ocr_line' id='line_1_105' title="bbox 1210 3209 2239 3272; baseline -0.013 -15"><span class='ocrx_word' id='word_1_679' title='bbox 1210 3230 1290 3272; x_wconf 83' lang='lat' dir='ltr'><em>pue</em></span> <span class='ocrx_word' id='word_1_680' title='bbox 1309 3219 1358 3257; x_wconf 86' lang='lat' dir='ltr'><em>ad</em></span> <span class='ocrx_word' id='word_1_681' title='bbox 1374 3219 1639 3257; x_wconf 82' lang='lat' dir='ltr'><em>directionem</em></span> <span class='ocrx_word' id='word_1_682' title='bbox 1651 3218 1743 3255; x_wconf 83' lang='lat' dir='ltr'><em>vitae</em></span> <span class='ocrx_word' id='word_1_683' title='bbox 1758 3216 1799 3254; x_wconf 92' lang='lat' dir='ltr'><em>in</em></span> <span class='ocrx_word' id='word_1_684' title='bbox 1817 3215 2017 3257; x_wconf 83' lang='lat' dir='ltr'><em>futurum,</em></span> <span class='ocrx_word' id='word_1_685' title='bbox 2039 3213 2079 3248; x_wconf 89' lang='lat' dir='ltr'><em>et</em></span> <span class='ocrx_word' id='word_1_686' title='bbox 2097 3209 2136 3246; x_wconf 91' lang='lat' dir='ltr'><em>in</em></span> <span class='ocrx_word' id='word_1_687' title='bbox 2151 3214 2239 3245; x_wconf 87' lang='lat' dir='ltr'><em>tan-</em></span> 
     </span>
     <span class='ocr_line' id='line_1_106' title="bbox 1211 3271 2239 3332; baseline -0.016 -13"><span class='ocrx_word' id='word_1_688' title='bbox 1211 3285 1300 3319; x_wconf 82' lang='lat' dir='ltr'><em>tum</em></span> <span class='ocrx_word' id='word_1_689' title='bbox 1329 3279 1501 3332; x_wconf 85' lang='lat' dir='ltr'><em>requirit</em></span> <span class='ocrx_word' id='word_1_690' title='bbox 1535 3277 1904 3318; x_wconf 85' lang='lat' dir='ltr'><em>manifestationem</em></span> <span class='ocrx_word' id='word_1_691' title='bbox 1942 3271 2239 3323; x_wconf 65' lang='lat' dir='ltr'><em>praeteritorum</em></span> 
     </span>
     <span class='ocr_line' id='line_1_107' title="bbox 1213 3331 2240 3392; baseline -0.017 -11"><span class='ocrx_word' id='word_1_692' title='bbox 1213 3346 1396 3390; x_wconf 81' lang='lat' dir='ltr'><em>actuum,</em></span> <span class='ocrx_word' id='word_1_693' title='bbox 1421 3341 1465 3379; x_wconf 92' lang='lat' dir='ltr'><em>in</em></span> <span class='ocrx_word' id='word_1_694' title='bbox 1482 3345 1679 3392; x_wconf 88' lang='lat' dir='ltr'><em>quantum</em></span> <span class='ocrx_word' id='word_1_695' title='bbox 1699 3337 1749 3376; x_wconf 89' lang='lat' dir='ltr'><em>ad</em></span> <span class='ocrx_word' id='word_1_696' title='bbox 1767 3332 2065 3387; x_wconf 85' lang='lat' dir='ltr'><em>providentiam</em></span> <span class='ocrx_word' id='word_1_697' title='bbox 2085 3331 2240 3366; x_wconf 81' lang='lat' dir='ltr'><em>l&#39;uturo-</em></span> 
     </span>
     <span class='ocr_line' id='line_1_108' title="bbox 1214 3386 2240 3449; baseline -0.011 -7"><span class='ocrx_word' id='word_1_698' title='bbox 1214 3414 1310 3442; x_wconf 85' lang='lat' dir='ltr'><em>rum</em></span> <span class='ocrx_word' id='word_1_699' title='bbox 1338 3403 1561 3442; x_wconf 86' lang='lat' dir='ltr'><em>necessaria</em></span> <span class='ocrx_word' id='word_1_700' title='bbox 1590 3403 1650 3439; x_wconf 86' lang='lat' dir='ltr'><em>est</em></span> <span class='ocrx_word' id='word_1_701' title='bbox 1677 3396 1977 3449; x_wconf 65' lang='lat' dir='ltr'><em>praeteritorum</em></span> <span class='ocrx_word' id='word_1_702' title='bbox 1998 3389 2156 3428; x_wconf 71' lang='lat' dir='ltr'><em>notitIa·</em></span> <span class='ocrx_word' id='word_1_703' title='bbox 2191 3386 2240 3425; x_wconf 70' lang='lat' dir='ltr'><em>Et</em></span> 
     </span>
     <span class='ocr_line' id='line_1_109' title="bbox 1217 3446 2241 3515; baseline -0.018 -12"><span class='ocrx_word' id='word_1_704' title='bbox 1217 3464 1313 3515; x_wconf 82' lang='lat' dir='ltr'><em>quia</em></span> <span class='ocrx_word' id='word_1_705' title='bbox 1330 3463 1419 3502; x_wconf 81' lang='lat' dir='ltr'><em>haec</em></span> <span class='ocrx_word' id='word_1_706' title='bbox 1439 3462 1623 3508; x_wconf 85' lang='lat' dir='ltr'><em>directio,</em></span> <span class='ocrx_word' id='word_1_707' title='bbox 1639 3471 1722 3498; x_wconf 91' lang='lat' dir='ltr'><em>non</em></span> <span class='ocrx_word' id='word_1_708' title='bbox 1738 3457 1866 3496; x_wconf 88' lang='lat' dir='ltr'><em>solum</em></span> <span class='ocrx_word' id='word_1_709' title='bbox 1888 3454 2099 3493; x_wconf 87' lang='lat' dir='ltr'><em>ordinatur</em></span> <span class='ocrx_word' id='word_1_710' title='bbox 2115 3447 2166 3486; x_wconf 89' lang='lat' dir='ltr'><em>ad</em></span> <span class='ocrx_word' id='word_1_711' title='bbox 2183 3446 2241 3514; x_wconf 52' lang='lat' dir='ltr'><em>isi-</em></span> 
     </span>
     <span class='ocr_line' id='line_1_110' title="bbox 1217 3509 2242 3569; baseline -0.02 -6"><span class='ocrx_word' id='word_1_712' title='bbox 1217 3524 1386 3563; x_wconf 77' lang='lat' dir='ltr'><em>tandum</em></span> <span class='ocrx_word' id='word_1_713' title='bbox 1408 3524 1578 3569; x_wconf 87' lang='lat' dir='ltr'><em>malum,</em></span> <span class='ocrx_word' id='word_1_714' title='bbox 1601 3520 1669 3558; x_wconf 86' lang='lat' dir='ltr'><em>sed</em></span> <span class='ocrx_word' id='word_1_715' title='bbox 1684 3519 1806 3557; x_wconf 83' lang='lat' dir='ltr'><em>etiam</em></span> <span class='ocrx_word' id='word_1_716' title='bbox 1825 3519 1875 3554; x_wconf 86' lang='lat' dir='ltr'><em>ad</em></span> <span class='ocrx_word' id='word_1_717' title='bbox 1890 3509 2180 3564; x_wconf 74' lang='lat' dir='ltr'><em>proficiendum</em></span> <span class='ocrx_word' id='word_1_718' title='bbox 2198 3518 2242 3545; x_wconf 88' lang='lat'><em>111</em></span> 
     </span>
    </p>
   </div>
   <div class='ocr_carea' id='block_1_7' title="bbox 1216 3565 2243 3636">
    <p class='ocr_par' dir='ltr' id='par_1_9' title="bbox 1216 3565 2243 3636">
     <span class='ocr_line' id='line_1_111' title="bbox 1216 3565 2243 3636; baseline -0.018 -10"><span class='ocrx_word' id='word_1_719' title='bbox 1216 3582 1344 3636; x_wconf 78' lang='lat' dir='ltr'><em>bone,</em></span> <span class='ocrx_word' id='word_1_720' title='bbox 1363 3590 1406 3626; x_wconf 83' lang='lat' dir='ltr'><em>et</em></span> <span class='ocrx_word' id='word_1_721' title='bbox 1430 3597 1515 3632; x_wconf 77' lang='lat' dir='ltr'><em>non</em></span> <span class='ocrx_word' id='word_1_722' title='bbox 1541 3583 1702 3626; x_wconf 81' lang='lat' dir='ltr'><em>tantum</em></span> <span class='ocrx_word' id='word_1_723' title='bbox 1725 3579 1771 3622; x_wconf 89' lang='lat' dir='ltr'><em>in</em></span> <span class='ocrx_word' id='word_1_724' title='bbox 1786 3576 1895 3619; x_wconf 84' lang='lat' dir='ltr'><em>bono</em></span> <span class='ocrx_word' id='word_1_725' title='bbox 1913 3569 2153 3621; x_wconf 86' lang='lat' dir='ltr'><em>necessario,</em></span> <span class='ocrx_word' id='word_1_726' title='bbox 2172 3565 2243 3610; x_wconf 75' lang='lat' dir='ltr'><em>sed</em></span> 
     </span>
    </p>
   </div>
  </div>
 </body>
</html>
