2352 3880
135 124 314 187 ’ταιῆς
340 130 397 172 ’Ἔχ
531 155 538 171 ·
695 160 703 167 ·
743 143 771 178 fl
1014 135 1081 181 θ’

210 195 221 210 ἰ
256 193 270 211 'fl

317 191 331 244 ‚⁴
352 220 459 266 mr.
479 226 552 262 xn.
575 225 630 262 na
650 225 763 262 nono
781 192 1039 263 »nummi
1054 225 1136 262 rint
1155 226 1260 262 vum
1279 228 1490 264 SPECIAUS
1503 230 1805 281 ι10011151110015,
1826 228 1918 271 tre.

38 269 174 348 ΕΜ
187 285 312 343 081,ᾆῖ
326 290 520 332 delictum
535 298 680 344 vergat
695 294 740 335 in
759 305 976 334 commune
993 293 1105 335 dam-

41 366 50 391 ⁴.
74 360 183 410 num
202 354 465 406 Reipublicae,
488 360 532 395 ut
551 356 729 426 marsime
749 368 834 396 esse
850 356 950 396 solet
968 367 1104 410 pecca-

43 404 167 469 i'ssfn
184 417 366 466 haeresis,
386 418 436 457 de
453 430 534 469 quo
556 417 626 459 hic
642 427 727 458 non
746 418 955 470 loquimur
968 449 981 468 ‚
1009 418 1107 471 quia

76 478 178 522 illud
198 479 505 532 Inquisitoribus
529 479 1012 520 statim-denuntiandum
1028 483 1100 520 est.

73 541 134 585 De
162 552 246 593 qua
270 541 507 594 exceptione
532 541 663 582 videri
693 546 824 593 potest
843 543 1101 595 Simanquas,

46 585 125 655 “ae
141 602 358 645 Catholicis
377 602 521 651 instit„
540 602 648 642 titul.
666 604 732 651 19,
750 603 820 642 ubi
837 608 878 643 et
893 604 994 643 alios
1007 616 1101 643 auc-

73 666 184 705 tores
201 668 244 706 et
261 664 433 715 optimas
449 665 670 703 sententias
690 665 855 704 Pati-um
876 665 1024 715 refert;
1041 665 1102 705 vi-

69 712 163 765 ⁸:leri
178 725 303 768 etiam
321 729 490 776 possunt
505 737 597 776 quae
613 726 793 765 diximus
809 731 981 766 tractatu
997 730 1036 774 1,
1054 726 1103 767 de

61 768 184 832 iude,
202 785 304 836 disp.
326 787 392 831 20,
413 789 507 826 sect.
524 787 567 835 4,
582 790 623 826 et
642 787 685 827 in
706 791 880 827 tractatu
897 789 946 827 de
965 788 1103 828 Chari-

41 862 45 865 ·
67 848 168 894 tate,
195 846 298 897 disp,
321 846 361 893 8,
382 851 479 889 sect.
506 847 556 898 6,
578 860 604 888 a
629 860 743 888 num.
770 850 812 889 3.
842 850 887 890 ln
914 848 1104 902 praesenti

70 910 210 948 autem
236 909 482 948 censendum
504 909 582 950 erit
600 910 791 950 delictum
816 916 959 950 contra
989 922 1100 951 com-

68 978 195 1009 mune
224 968 379 1010 bonnm
406 971 633 1021 religionis,
657 972 824 1023 quaudo
853 973 919 1013 vel
949 973 1099 1013 directe

66 1026 253 1074 continet
284 1032 630 1074 machinationem
658 1034 831 1087 alicujus
858 1035 996 1084 gravis
1028 1045 1102 1074 no·

58 1092 253 1132 tumenti
285 1099 430 1134 contra
462 1095 705 1145 religionem
719 1124 735 1143 ,
770 1095 838 1136 vel
869 1094 1099 1147 periculum

38 1175 42 1178 ⁴
61 1150 259 1194 'imininet
277 1154 450 1207 alicujus
464 1157 601 1207 gravis
615 1155 816 1205 infamiae,
831 1161 902 1196 aut.
916 1156 1099 1196 scandali

66 1212 288 1265 religionis.
309 1216 390 1257 Sed
406 1218 571 1269 objiciet
584 1218 748 1269 aliquis,
767 1218 862 1270 quia
875 1218 966 1257 haec
982 1230 1100 1258 exce·

63 1275 153 1327 11110
166 1276 298 1327 magis
311 1284 462 1330 spectat
475 1279 527 1319 ad
543 1282 651 1320 viam
670 1279 1015 1329 denuntiationis,
1034 1279 1100 1321 vel

65 1336 344 1389 inquisitionis
362 1341 588 1392 generalis,
607 1351 735 1394 qnam
755 1341 1026 1393 particularis.
1051 1343 1096 1382 In

65 1397 378 1441 denuntiatione
395 1402 525 1450 enim,
545 1407 592 1441 ut
608 1413 746 1454 supra,
761 1413 799 1443 c.
820 1403 860 1451 8,
879 1415 924 1444 0.
947 1405 1014 1451 14,
1034 1404 1097 1443 in·

65 1459 334 1512 sinuavimus,
366 1475 449 1503 non
478 1463 700 1515 requiritur
726 1464 961 1516 praecedens
994 1463 1098 1505 infa-

64 1523 175 1572 mia,
192 1523 261 1563 sed
288 1524 490 1573 01οο111ος
510 1524 596 1565 haec
620 1530 759 1565 autem
787 1525 831 1564 in
862 1525 1096 1577 hujusmodi

61 1582 225 1626 'delictis
254 1585 390 1625 omitti
423 1590 552 1638 potest
569 1584 636 1627 vel
663 1587 789 1627 etiam
808 1585 943 1630 debet.
965 1589 1011 1628 In
1033 1588 1098 1627 in·

62 1644 283 1699 quisitione
295 1652 434 1687 autem
450 1646 631 1699 generali
646 1661 698 1689 ex
711 1652 827 1702 parte
840 1649 996 1700 judicis
1011 1662 1096 1690 non

63 1706 112 1747 fit
128 1709 313 1759 exceptio
327 1724 338 1756 3
352 1713 493 1749 tamen
510 1721 562 1750 ex
582 1714 698 1763 parte
714 1722 859 1750 eorum
879 1711 952 1762 qui
970 1713 1096 1752 inter-

62 1775 276 1822 rogantur,
294 1770 339 1809 fit
355 1770 555 1823 exceptio,
576 1775 623 1810 ut
640 1776 858 1812 teneantur
877 1773 1092 1824 particula-

60 1841 126 1871 res
146 1843 338 1883 personas
360 1834 538 1884 aperire,
570 1832 732 1873 etiamsi
761 1833 972 1873 infamatae
1008 1846 1092 1875 uon

61 1891 160 1940 sint,
179 1892 224 1931 in
241 1892 474 1944 hujusmodi
492 1895 662 1933 delictis.
676 1894 728 1934 At
746 1906 842 1934 vero
860 1895 903 1934 in
918 1896 1092 1947 particu-

59 1952 137 1994 lari
147 1952 410 2004 inquisitione
422 1966 504 1994 non
519 1955 681 1994 videtur
695 1954 846 1995 habere
864 1955 998 1995 locum
1020 1956 1093 1996 illa

61 2015 245 2065 exceptio
260 2025 273 2064 ;
295 2015 500 2066 quomodo
513 2017 624 2056 enim
638 2019 772 2069 potest
790 2016 835 2055 in
854 2017 1091 2068 particulari

75 2078 314 2126 nter-rogare
326 2076 375 2116 de
389 2090 578 2128 persona,
593 2091 717 2129 quam
738 2077 908 2119 omnino
928 2079 1094 2130 ignorat

59 2138 398 2176 commisissetale
410 2139 618 2186 delictum,
633 2140 764 2178 solum
779 2145 944 2190 propter
954 2140 1090 2180 delicti

60 2196 328 2250 qualitatem?
350 2198 450 2238 alias
468 2204 601 2250 posset
626 2200 822 2240 Praelatus
848 2201 1018 2240 visitans
1039 2200 1091 2241 de

57 2253 318 2311 'quacumque
332 2272 501 2311 persona
513 2260 750 2312 particulari
761 2273 834 2300 suo
847 2262 1017 2301 arbitrio
1030 2263 1091 2302 in-

60 2320 235 2372 quirere,
253 2332 307 2360 an
323 2322 580 2362 machinetur
595 2322 751 2375 aliquid
768 2328 912 2363 contra
928 2324 1091 2374 religio·

59 2382 248 2431 nem,vel
271 2383 422 2435 aliquid
446 2384 592 2432 simile,
611 2385 716 2436 quod
733 2384 955 2425 absurdum
971 2385 1090 2436 plane

59 2446 179 2492 est,et
189 2444 470 2485 scandalosum
481 2457 493 2495 ;
506 2458 602 2495 ergo
613 2445 785 2497 qualitas
795 2446 927 2486 delicti
936 2457 1019 2486 non
1027 2458 1090 2486 sa-

59 2502 178 2544 tisest
186 2509 231 2543 ut
246 2505 439 2545 Praelatus
451 2519 501 2546 ex
511 2508 645 2546 officio
656 2508 880 2559 procedens
894 2520 966 2559 per
978 2509 1088 2548 viam

58 2562 335 2617 inquisitionis
354 2568 581 2619 interroget
596 2568 645 2607 de
667 2568 898 2620 particulari
917 2581 1090 2621 persona

58 2625 339 2667 determinate.
364 2630 601 2680 Respondeo
619 2631 891 2669 necessarium
910 2630 999 2669 sine
1017 2631 1089 2669 du-

58 2686 126 2726 bio
154 2699 238 2728 esse
257 2695 303 2728 ut
322 2690 476 2741 aliquid
496 2691 708 2742 praecedat‚
731 2691 840 2742 quod
873 2692 1090 2732 Praelatum

59 2749 266 2791 moraliter
286 2752 454 2791 inducat
471 2752 523 2791 ad
541 2752 781 2803 hujusmodi
808 2752 1089 2805 interrogatio·

58 2820 168 2852 nem.
188 2813 422 2853 Differentia
440 2826 539 2864 ergo
558 2815 690 2854 solum
710 2826 796 2855 esse
813 2819 961 2866 potest,
976 2813 1088 2867 quod

43 2870 104 2913 :in
120 2871 185 2912 his
204 2873 361 2913 delictis
377 2875 531 2926 aliquid
551 2876 735 2917 sufficere
756 2880 889 2927 potest
906 2876 995 2916 sine
1023 2876 1087 2916 in-

43 2930 184 2975 :hmia
203 2935 254 2973 ad
275 2936 611 2986 interrogandum
631 2939 674 2976 in
696 2937 956 2989 particulari,
978 2937 1087 2990 quod

42 2991 104 3035 :in
127 2994 218 3035 aliis
242 3007 324 3035 non
347 2996 504 3035 sufficit.
528 2997 631 3045 Quid
654 3002 792 3037 autem
814 2999 916 3038 illud
942 2999 1017 3047 sit,
1046 3003 1088 3039 et

42 3065 113 3096 tan
142 3058 346 3108 pertineat
364 3058 415 3096 ad
435 3057 567 3096 solum
590 3070 847 3109 progressum
875 3071 947 3111 per
975 3061 1086 3100 viam

40 3114 334 3170 linquisitionis
345 3119 613 3170 particularis,
626 3119 690 3158 vel
707 3120 918 3171 participet
935 3121 1087 3172 aliquid

39 3168 109 3232 (110
127 3181 216 3217 alls
237 3180 312 3219 viis
329 3193 401 3219 seu
429 3180 559 3220 modis
577 3181 836 3234 procedendi,
858 3182 995 3221 statim
1019 3194 1088 3223 ex-

40 3236 277 3294 ipiicalitur
295 3253 320 3280 a
338 3255 380 3281 0.
403 3243 442 3281 7.

39 3342 42 3343 0
110 3301 149 3341 5.
175 3300 358 3343 Secunda
381 3303 637 3355 quorumdam
657 3306 826 3356 exceptio
849 3305 1088 3357 simpliciter

37 3362 258 3411 intellitur
275 3375 348 3416 per
367 3365 565 3405 dilemma.
586 3386 638 3396 ——
664 3367 849 3406 Secundo
869 3368 1000 3418 excipi
1019 3380 1084 3407 so-

38 3415 144 3468 lbnt
161 3424 262 3463 vitia
282 3424 404 3464 nimis
423 3427 562 3477 gravia
581 3430 622 3466 et
637 3429 789 3467 atrocia
802 3458 815 3478 ,
847 3432 893 3468 ut
923 3432 1088 3480 propter

38 3491 201 3530 imum
217 3486 456 3538 qualitatem
478 3488 602 3539 possit
621 3488 670 3528 de
690 3489 771 3528 illis
790 3490 832 3528 in
851 3489 1086 3541 particulari

39 3538 82 3587 i'
133 3542 214 3584 uiri
230 3546 382 3599 absque
401 3549 655 3600 praecedente
674 3549 866 3598 infamia;
885 3551 942 3590 ita
959 3551 1084 3602 signi-

37 3598 47 3657 i
103 3648 109 3657 .-
173 3606 350 3659 AngleS,
369 3615 513 3664 quaest.
531 3610 584 3652 de
601 3611 858 3653 Correctione
884 3612 1080 3666 fraterna,

273 3687 360 3717 xvi,

44 3791 102 3818 ,ς’

40 3829 97 3880 nt.

255 39 460 135 «ῤῇ,ιῖμῖςῖ
491 75 501 83 7¹
578 89 586 104 ¹
623 7 677 86 ko·
702 23 738 115 ¹1⁴
822 42 827 48 -
887 64 890 67 ,
927 63 933 74 ,-
960 43 967 53 ’
1012 55 1043 86 “,
1083 51 1086 54 .
1175 104 1182 118 ὁ

1783 49 1922 132 a
1975 107 1979 113 .

2088 234 2190 275 1121

1159 294 1332 335 articulo
1368 297 1490 336 tertio
1507 327 1521 346 ,
1543 297 1719 338 conclus.
1743 299 1764 338 1
1778 328 1792 348 ,
1813 298 1858 339 111
1884 297 1985 349 fin.'‚
2006 301 2048 341 et
2068 300 2194 342 refert

1158 366 1244 396 esse
1259 356 1497 408 opinionem
1514 371 1775 414 communem
1791 359 1836 399 in
1852 359 1958 399 dicto
1978 373 2065 413 cap.
2089 362 2194 410 Qua·

1157 415 1255 457 liter
1266 421 1303 458 et
1316 420 1484 470 quando.
1502 420 1761 472 Adhibetque
1776 421 2015 473 exemplum
2034 422 2079 462 in
2100 435 2192 475 pec-

1155 481 1246 518 cato
1275 479 1468 527 nefando,
1490 480 1540 520 de
1573 493 1655 532 quo
1682 483 1784 522 dicit
1813 495 1927 535 posse
1958 484 2114 536 inquiri
2146 485 2192 528 in

1156 539 1322 591 speciali
1343 541 1431 580 sine
1450 541 1636 590 infamia,
1654 546 1748 594 quia
1769 549 1829 583 est
1849 546 2131 596 contagiosum
2149 549 2193 587 et

1154 601 1467 649 atrocissimum,
1490 603 1682 653 quodque
1702 606 1911 645 moraliter
1934 619 2016 646 non
2036 608 2190 660 praebet

1154 675 1269 715 spem
1284 663 1543 702 correctionis
1559 678 1570 712 ;
1591 663 1700 711 idem
1720 665 1864 705 dicunt
1883 667 2010 718 aliqui
2029 669 2079 707 de
2100 681 2189 720 pec-

1157 729 1248 764 cato
1271 724 1536 776 blasphemiae
1552 755 1565 774 ,
1587 725 1639 764 ob
1666 726 1828 764 easdem
1862 730 2053 769 rationes.
2079 731 2190 773 Idem

1153 785 1207 825 de
1227 786 1439 837 sacrilegio
1458 786 1739 825 fornicationis
1763 787 1807 826 in
1831 800 2003 839 persona
2021 791 2190 842 religio-

1156 859 1212 886 sa.
1236 848 1532 887 Verumtamen
1550 847 1636 887 haec
1655 848 1840 899 exceptio
1861 849 1984 888 habet
2003 853 2190 893 eamdem

1154 909 1442 949 difficultatem
1471 922 1596 961 quam
1625 910 1871 962 praecedens.
1895 912 1945 950 Et
1970 912 2114 951 deinde
2142 925 2190 954 eo

1152 971 1275 1011 modo
1305 984 1385 1023 quo
1414 973 1644 1023 praecedens
1673 973 1906 1022 declarata,
1936 986 2020 1012 non
2054 975 2188 1020 dehet,

1151 1043 1229 1073 nec
1249 1037 1380 1084 potest
1393 1033 1557 1072 admitti
1578 1038 1777 1085 tanquam
1801 1034 1995 1073 distincta
2025 1048 2048 1074 a
2084 1048 2187 1087 prae-

1151 1093 1326 1134 cedenti.
1347 1094 1428 1133 Aut
1455 1095 1567 1133 enim
1596 1099 1693 1133 sunt
1723 1095 1878 1134 atrocia
1907 1095 2068 1144 delicta,
2091 1098 2190 1148 quia

1152 1154 1260 1194 bono
1283 1155 1493 1194 communi
1513 1162 1678 1203 nocent,
1698 1156 1763 1196 vel
1794 1156 1947 1196 directe
1972 1161 2014 1196 et
2045 1170 2095 1196 ex
2117 1158 2190 1197 ob-

1147 1217 1270 1268 Jecto‚
1288 1222 1335 1256 ut
1353 1216 1542 1268 proditio,
1563 1218 1724 1264 seditio,
1744 1219 2024 1265 assassinium,
2043 1219 2107 1258 vel
2127 1220 2189 1258 in-

1151 1278 1302 1318 directe
1332 1283 1373 1319 01
1405 1291 1478 1330 per
1513 1279 1830 1319 redundantiam
1852 1309 1862 1327 ,
1901 1284 1948 1319 ut
1976 1285 2189 1332 peccatum

1151 1350 1275 1389 grave
1291 1351 1385 1379 cum
1409 1341 1526 1389 gravi
1546 1340 1754 1390 scandalo,
1777 1344 1850 1380 aut
1870 1353 1964 1380 cum
1986 1343 2102 1391 gravi
2128 1343 2188 1382 in-

1150 1399 1279 1439 famia
1305 1401 1625 1440 communitatis.
1645 1402 1696 1440 Et
1722 1400 1757 1440 si
1788 1407 1999 1454 peccatum
2033 1404 2188 1442 dicatur

1151 1465 1264 1501 atrox
1286 1466 1451 1512 propter
1469 1462 1707 1513 hujusmodi
1725 1463 2067 1511 circumstantias,
2095 1476 2188 1502 con-

1148 1521 1306 1562 tinetur
1326 1523 1401 1561 sub
1428 1523 1557 1574 priori
1576 1524 1829 1575 exceptione,
1851 1529 1891 1563 et
1922 1523 2046 1563 habet
2077 1524 2188 1563 idem

1147 1583 1487 1634 fundamentum,
1516 1586 1672 1626 scilicet
1698 1586 1796 1637 quia
1820 1586 1891 1624 illa
1909 1598 1994 1624 non
2025 1590 2186 1624 tantum

1150 1651 1212 1688 est
1231 1648 1393 1699 punitio
1411 1648 1610 1695 criminis,
1628 1649 1698 1689 sed
1713 1649 1842 1688 multo
1858 1651 1988 1699 magis
2008 1649 2186 1687 defensio

1147 1707 1248 1748 boni
1281 1711 1529 1757 communis,
1549 1711 1669 1762 cujus
1700 1711 1833 1762 major
1863 1711 1967 1749 ratio
1998 1710 2186 1748 habenda

1148 1775 1208 1811 est
1226 1782 1353 1822 quam
1372 1772 1494 1810 famae
1520 1772 1813 1822 delinquentis.
1836 1771 1923 1820 Quo
1944 1775 2186 1821 argumento

1147 1833 1319 1872 inducor
1347 1833 1400 1872 ad
1429 1833 1734 1873 extendendum
1764 1832 1873 1872 lianc
1905 1833 2186 1883 exceptionem

1146 1896 1199 1935 ad
1230 1899 1394 1947 peccata
1431 1907 1524 1946 quae
1565 1899 1743 1946 vergunt
1773 1895 1818 1934 in
1862 1894 2028 1944 aliquod
2063 1905 2187 1944 grave

1146 1956 1346 1996 damnum
1359 1956 1538 2006 alicujus
1552 1955 1805 2002 innocentis,
1823 1956 1889 1994 cui
1906 1955 1988 1993 alia
2007 1955 2073 1992 via
2093 1955 2186 1994 sub-

1146 2018 1279 2059 veniri
1301 2029 1385 2056 non
1417 2021 1564 2069 potest,
1594 2018 1694 2068 quia
1723 2022 1823 2055 tunc
1852 2017 1976 2056 etiam
2006 2016 2186 2056 defensio

1144 2079 1372 2119 innocentis
1391 2078 1645 2129 praeferenda
1664 2081 1725 2117 est
1744 2078 1863 2117 famae
1895 2078 2077 2116 hominis
2107 2078 2185 2117 ini-

1146 2141 1232 2192 qui.
1254 2141 1311 2179 Ac
1328 2140 1507 2191 denique
1522 2140 1632 2178 idem
1651 2140 1730 2179 erit
1750 2139 2083 2190 quotiescumque
2104 2139 2184 2178 suf-

1144 2202 1285 2242 ficiens
1302 2202 1406 2240 ratio
1435 2200 1653 2239 intercedit
1677 2199 1728 2238 ad
1757 2200 2098 2239 contemnendam
2126 2200 2183 2239 fa·

1145 2275 1256 2303 mam
1288 2262 1463 2314 proximi
1495 2266 1664 2313 propter
1698 2261 1810 2301 aliud
1846 2262 1978 2312 majus
2009 2261 2182 2311 bonum,

1145 2325 1255 2377 quod
1276 2337 1384 2375 saepe
1404 2324 1526 2363 licere
1549 2327 1708 2363 constat
1727 2335 1777 2363 ex
1798 2324 2008 2363 communi
2036 2324 2181 2364 doctri-

1146 2398 1215 2435 na,
1238 2397 1331 2425 cum
1353 2386 1399 2424 D.
1419 2384 1566 2424 Thom.
1588 2386 1629 2425 2.
1652 2387 1693 2432 2,
1712 2397 1751 2436 q.
1773 2386 1838 2432 73,
1857 2390 1932 2424 art.
1955 2387 1993 2424 02.

1197 2449 1239 2488 6.
1269 2447 1322 2487 At
1339 2458 1435 2486 vero
1455 2447 1489 2485 si
1511 2450 1723 2499 peccatum
1744 2446 1860 2486 nullo
1889 2447 2010 2485 modo
2031 2445 2180 2487 redun-

1142 2506 1213 2549 det
1243 2509 1287 2548 in
1308 2509 1506 2546 damnum
1545 2507 1740 2556 aliorum,
1771 2507 1856 2547 sola
1887 2512 2066 2559 gravitas
2094 2510 2182 2561 eJus

1142 2582 1226 2610 non
1242 2569 1391 2609 sufficit
1406 2573 1452 2607 ut
1465 2569 1514 2608 de
1531 2569 1601 2607 illo
1618 2568 1662 2607 in
1678 2568 1914 2620 particulari
1933 2571 2179 2620 inquiratur,

1142 2632 1279 2671 sinon
1299 2631 1503 2682 praecessit
1520 2630 1719 2669 infamia:
1740 2634 1787 2670 ut
1817 2631 1915 2668 satis
1945 2643 2069 2681 grave
2093 2635 2180 2670 erat

1143 2697 1352 2745 peccatum
1368 2692 1545 2730 filiorum
1564 2691 1703 2740 Jacob,
1722 2696 1762 2731 et
1780 2695 1919 2730 tamen
1938 2693 1983 2730 D.
2002 2693 2179 2732 Thomas

1142 2754 1183 2794 2.
1205 2756 1247 2803 2,
1267 2766 1306 2806 q.
1328 2754 1396 2801 33,
1417 2762 1494 2793 art.
1513 2754 1553 2802 7,
1574 2753 1627 2793 ad
1647 2755 1689 2801 2,
1711 2754 1919 2792 existimat
1933 2755 2179 2805 praecessisse

1143 2815 1373 2863 infamiam,
1406 2818 1448 2854 et
1481 2814 1606 2855 fnisse
1638 2814 1864 2866 publicum,
1887 2819 1928 2854 et
1959 2815 2058 2853 alias
2095 2827 2178 2855 non

1142 2878 1319 2930 potuisse
1343 2877 1590 2924 denuntiari,
1622 2876 1789 2924 scilicet,
1811 2876 1931 2927 patri,
1953 2882 1999 2915 ut
2019 2877 2145 2927 judici
2163 2891 2175 2926 3

1143 2943 1184 2979 et
1211 2938 1471 2978 Innocentius
1491 2939 1556 2984 111,
1578 2937 1622 2976 in
1636 2949 1670 2977 0.
1696 2938 1876 2985 Qualiter
1887 2940 1924 2977 et
1944 2939 2114 2990 quandO,
2135 2938 2174 2986 2,

1142 3000 1194 3040 de
1213 3003 1418 3047 Accusat„
1439 2999 1603 3038 adducit
1622 2998 1666 3038 in
1694 2998 1930 3050 exemplum
1962 2999 2077 3037 illum
2102 2999 2175 3038 Ge-

1141 3074 1226 3101 nes.
1249 3063 1329 3102 181
1356 3061 1612 3107 Descendam,
1636 3066 1673 3100 et
1705 3059 1836 3100 videbo
1867 3065 2000 3100 ulrum
2033 3061 2174 3099 clame-

1141 3135 1235 3172 rem,
1259 3124 1329 3176 qui
1347 3124 1455 3162 venit
1475 3123 1529 3162 ad
1560 3134 1633 3167 me,
1654 3134 1765 3173 opere
1786 3122 2074 3173 compleverint.
2098 3118 2173 3158 Ubi

1141 3198 1213 3238 per
1224 3186 1440 3224 clamorem
1458 3183 1650 3234 intelligit
1662 3183 1930 3235 significatam
1942 3181 2168 3230 infamiam,

1141 3252 1182 3287 et
1200 3254 1334 3286 tamen
1353 3245 1551 3297 agebatur
1571 3246 1621 3285 de
1655 3245 1908 3284 atrocissimo
1930 3241 2077 3280 delicto
2101 3242 2170 3281 So-

1140 3310 1371 3349 domorum.
1405 3308 1523 3347 Ratio
1551 3319 1648 3346 vero
1671 3311 1745 3355 est,
1765 3304 1861 3355 quia
1895 3304 2084 3342 atrocitas
2105 3302 2169 3340 de-

1139 3371 1224 3411 licti
1242 3383 1325 3410 non
1345 3370 1414 3408 dat
1432 3369 1639 3408 licentiam
1670 3363 1895 3405 infamandi
1919 3364 2166 3418 proximum,

1140 3432 1174 3472 si
1192 3432 1292 3471 alias
1321 3430 1526 3470 occultum
1547 3430 1611 3476 sit,
1635 3439 1709 3466 nec
1730 3426 1891 3464 minora
1911 3423 2165 3463 incommoda

1139 3496 1181 3532 et
1203 3492 1381 3532 absurda
1399 3491 1498 3530 inde
1524 3488 1639 3540 sequi
1676 3490 1841 3538 possent
1870 3486 1912 3524 in
1932 3483 2166 3535 Republica.'

1137 3553 1238 3593 Item
1257 3554 1355 3605 quia
1370 3552 1441 3591 illa
1458 3548 1668 3601 inquisitio
1690 3552 1788 3586 tunc
1812 3545 1943 3585 solum
1957 3544 2166 3582 ordinatur

1136 3615 1191 3656 ad
1203 3615 1480 3669 punitionem,
1495 3615 1539 3653 et
1560 3617 1725 3664 propter
1740 3609 1852 3651 hunc
1870 3606 1998 3647 finem
2019 3616 2104 3647 non
2118 3604 2163 3647 li-

1897 3675 1947 3718 ¹11
