2352 3880
197 229 277 271 668

197 300 295 351 quia
312 301 419 339 esset
436 297 552 336 illum
565 296 768 338 mendacii
780 310 972 350 arguere,
987 300 1043 341 ita
1056 301 1223 353 quando

196 359 381 401 Pontifex
398 358 613 410 profitetur
623 370 668 398 se
677 360 903 410 procedere
913 372 964 401 ex
971 366 1083 402 certa
1094 362 1224 403 scien-

195 421 267 470 tia,
284 432 406 460 nemo
423 418 607 471 prudens
618 423 753 471 potest
763 423 1032 473 respondere,
1050 424 1223 475 exigno-

194 483 351 523 ratione
370 485 440 521 aut
455 481 558 520 falsa
577 481 867 523 informatione
886 484 930 523 id
950 484 1100 536 egisse,
1124 485 1222 536 quia

193 544 272 583 hoc
297 546 359 583 est
377 542 582 582 mendacii
595 555 772 595 arguere
791 545 930 596 ipsum
951 545 1190 585 Pontificem
1209 558 1219 593 ;

192 605 304 658 quod
323 605 501 644 maxime
520 605 563 645 in
580 606 774 657 praesenti
791 618 936 646 verum
956 607 1094 646 habet.
1119 609 1223 647 Nam

191 678 286 707 cum
305 667 347 706 in
368 666 494 718 priori
516 667 631 706 bulla
655 667 762 718 Papa
781 668 825 706 in
847 668 1127 707 declaratione
1157 668 1222 708 di·

190 728 331 777 xisset,
349 740 393 769 se
414 728 456 767 id
471 727 607 768 facere
626 741 677 768 ex
691 733 801 768 certa
821 729 1009 776 scientia,
1028 728 1071 768 in
1086 733 1222 780 poste-

189 790 302 837 riori,
320 802 405 830 nou
422 790 612 830 obstante
632 791 802 830 alterius
824 791 1162 843 interpretatione
1179 796 1222 831 et

190 851 435 902 obiectione,
455 851 534 890 hoc
556 852 693 902 ipsum
715 851 944 891 confirmat.

243 916 310 954 11.
342 913 449 961 Quid
465 914 509 954 de
523 913 771 963 plenitudine
791 914 1081 965 potestatis.-—
1093 913 1221 955 Addi-

192 980 259 1015 tur
283 985 382 1015 vero
414 974 627 1025 particula,
646 974 692 1014 de
719 975 966 1024 plenitudine
993 976 1216 1027 potestatis.

192 1036 433 1086 Quanquam
454 1036 581 1082 enim,
606 1037 769 1085 quoties
789 1036 899 1086 Papa
915 1041 1029 1075 motu
1053 1039 1219 1089 proprio

192 1101 404 1149 operatur,
436 1100 708 1147 praesumatur
726 1097 786 1136 uti
807 1098 1062 1148 plenitudine
1082 1103 1221 1150 potes-

191 1159 298 1204 tatis,
320 1161 366 1197 ut
383 1160 560 1196 tractant
591 1157 734 1197 Glossa
758 1162 800 1197 et
820 1159 1030 1206 Doctores,
1061 1160 1104 1199 in
1126 1171 1216 1211 cap.

188 1221 256 1261 Ad
273 1221 369 1266 lcoec,
394 1219 443 1258 de
462 1219 696 1270 Rescriptis,
715 1223 755 1258 et
771 1219 918 1266 Felin.‚
940 1220 983 1259 in
998 1231 1089 1272 cap.
1116 1220 1224 1262 Cau-

190 1294 290 1328 sam,
311 1283 351 1328 2,
371 1280 421 1320 de
439 1280 644 1328 Testibus,
665 1281 816 1321 colum.
834 1281 875 1324 4,
897 1281 1010 1331 quod
1027 1282 1150 1321 etiam
1166 1282 1223 1321 af-

191 1343 325 1383 firmat
342 1342 395 1381 de
414 1342 544 1382 altera
563 1343 763 1390 clausula,
781 1354 831 1384 ex
850 1347 959 1385 certa
976 1344 1159 1391 scientia,
1178 1343 1223 1383 in

191 1417 279 1455 cap.
301 1403 400 1445 Cum
416 1405 534 1449 inter,
555 1404 607 1443 de
626 1404 810 1455 Except„
831 1415 1006 1445 numero
1024 1405 1168 1454 quinto
1182 1407 1226 1444 et

190 1466 483 1516 sequentibus;
501 1465 834 1513 Panormitanus,
851 1466 894 1503 in
913 1476 1004 1516 cap.
1027 1466 1097 1505 Ea
1118 1476 1220 1516 quea,

189 1525 240 1564 de
260 1525 470 1565 Sententia
489 1529 530 1565 et
551 1538 597 1565 re
613 1526 760 1577 judic„
789 1538 905 1566 num.
927 1527 965 1565 8.
991 1527 1148 1565 Tamen
1168 1523 1223 1565 ad

190 1588 414 1627 tollendam
431 1600 598 1627 omnem
613 1589 926 1640 ambiguitatem
942 1600 1134 1641 expresse
1152 1588 1224 1629 ad·

192 1649 298 1689 ditur
315 1649 383 1688 illa
413 1650 629 1699 particula,
656 1651 753 1701 quia
774 1662 857 1689 non
879 1654 1039 1702 poterat
1071 1650 1223 1689 clarius

193 1711 361 1762 exprimi
394 1710 633 1751 Pontificem
654 1713 818 1762 operari
841 1716 887 1751 ut
920 1711 1145 1759 Ponficcm,
1182 1714 1224 1751 et

191 1785 271 1811 non
290 1777 335 1811 ut
354 1773 554 1823 privatam
574 1785 812 1823 personam,
836 1785 961 1824 quam
983 1774 1156 1813 dicendo
1177 1785 1224 1814 se

190 1834 267 1872 hoc
295 1833 509 1873 declarare
529 1845 576 1874 etc
593 1835 840 1885 plenitudine
855 1835 1091 1886 potestatis,·
1116 1835 1225 1874 hanc

189 1895 299 1934 enim
315 1906 399 1933 non
416 1895 542 1934 habet
557 1895 633 1934 nisi
650 1899 855 1946 quatenus
872 1896 1059 1934 Pontifex
1078 1898 1154 1934 est.
1174 1895 1226 1935 Et

188 1957 284 2007 quia
303 1960 484 2007 potestas
504 1956 628 1996 debet
647 1968 737 1995 esse
758 1956 1073 1996 accommodata
1095 1957 1218 2003 actui,

187 2022 345 2057 certum
364 2022 426 2056 est
442 2018 508 2056 hic
525 2030 609 2056 non
630 2029 721 2057 esse
735 2022 896 2057 tantum
918 2029 1153 2058 sermonem
1168 2017 1225 2058 de

186 2084 388 2131 potestate
403 2080 719 2132 jurisdictionis,
739 2081 813 2120 sed
827 2081 1005 2121 maxime
1019 2081 1071 2120 de
1087 2086 1223 2133 potes-

187 2145 282 2189 tate,
299 2154 391 2193 quae
412 2143 538 2182 clavis
548 2143 730 2183 scientiae
742 2143 973 2193 appellatur
985 2157 995 2190 ;
1017 2154 1113 2181 nam
1132 2143 1222 2182 haec

187 2207 274 2244 erat
293 2216 366 2254 per
386 2215 430 2243 se
450 2204 685 2243 necessaria
701 2204 754 2243 ad
771 2204 878 2243 hanc
899 2204 1223 2243 declarationem

187 2264 431 2303 faciendam.
453 2265 675 2305 Potestatis
694 2269 834 2304 autem
855 2265 1061 2315 plenitudo
1077 2266 1118 2303 in
1143 2265 1223 2304 hoc

186 2339 340 2378 genere
355 2327 456 2365 nihil
477 2327 589 2365 aliud
607 2329 682 2375 est,
700 2339 825 2378 quam
841 2326 951 2377 quod
971 2331 1154 2378 potestas
1171 2328 1223 2367 sit

187 2388 239 2427 ad
257 2388 493 2428 docendum
514 2400 607 2428 cum
623 2388 856 2427 assistentia
873 2388 1045 2439 Spiritus
1064 2388 1218 2436 Sancti,

187 2462 234 2489 ac
258 2450 504 2489 certitudine
534 2450 757 2498 infallibili3
787 2462 886 2502 ergo
918 2454 1123 2501 repugnat
1155 2462 1223 2489 ex-

185 2512 338 2563 pressis
353 2511 491 2551 verbis
513 2511 720 2550 Pontificis
737 2511 889 2557 dicere,
915 2511 1033 2550 illum
1054 2523 1145 2550 esse
1165 2511 1222 2550 lo-

185 2575 326 2612 cutum
345 2573 505 2623 privato
526 2584 666 2620 sensu,
691 2576 732 2612 et
750 2576 796 2612 ut
814 2573 1107 2624 particularem
1118 2573 1222 2611 Doc-

187 2639 332 2675 torem.
370 2635 419 2674 Et
452 2635 531 2674 hoc
571 2633 817 2686 significavit
854 2633 965 2673 idem
1004 2634 1191 2673 Pontifex
1206 2664 1218 2682 ‚

187 2696 366 2746 quando,
389 2695 515 2735 veluti
535 2695 819 2746 perstringens
845 2695 978 2734 dictos
1003 2695 1221 2746 impugna·

187 2759 309 2802 tores,
335 2755 461 2794 dixit:
487 2755 591 2802 Quin
621 2756 744 2795 etiam
772 2766 843 2795 nos
862 2756 1096 2805 supradicta
1111 2760 1222 2795 motu

183 2817 325 2865 simili,
345 2821 382 2857 et
400 2828 446 2856 ecc
460 2818 569 2856 certa
587 2816 766 2864 scientia,
787 2819 825 2857 et
841 2816 885 2856 de
899 2815 1137 2868 Apostolieoe
1147 2828 1220 2867 po-

184 2880 344 2920 testatis
354 2878 599 2928 plenitudine
615 2878 859 2918 decernentes
873 2888 919 2917 ac
928 2877 1219 2930 praecipientes,

175 2939 338 2991 privato
358 2950 476 2978 sensu
494 2938 642 2979 locutos
657 2938 796 2988 fuisse,
815 2949 862 2978 ae
877 2941 1065 2990 tanquam
1078 2938 1221 2988 priva·

181 3004 243 3041 tos
260 3000 448 3040 Doctores
463 3010 599 3039 errare
609 3002 788 3051 potuisse
797 3016 814 3046 ,·
831 3011 879 3039 ac
895 2999 929 3038 si
945 2999 1114 3046 diceret,
1134 3010 1217 3050 quo

179 3061 239 3102 nil
258 3065 419 3113 poterat
433 3060 654 3100 absurdius
675 3060 862 3112 cogitari,
884 3060 1102 3113 magisque
1120 3071 1220 3100 nos-

182 3124 257 3164 tris
274 3123 413 3163 verbis
429 3126 470 3162 et
487 3122 708 3162 intentioni
726 3134 983 3174 repugnans.

184 3222 454 3267 Corollarium
483 3223 669 3270 tertium,
688 3222 884 3263 damnans·
902 3221 1054 3263 erroris
1079 3221 1218 3263 adver·

463 3284 663 3325 sariorum
685 3283 932 3324 sententiam.

236 3371 302 3410 ⁴2.
333 3367 569 3420 Principale
591 3371 790 3407 assertum
819 3369 1044 3417 conceptum
1072 3365 1118 3405 in
1146 3365 1219 3407 hac

183 3440 346 3473 erronea
370 3429 568 3472 sententia
587 3440 796 3482 perperam
815 3427 1066 3479 fundabatur
1084 3427 1128 3467 in
1146 3438 1218 3468 an-

184 3492 309 3544 tiquis
328 3491 579 3534 Doctoribus.
597 3511 651 3520 —
671 3490 795 3532 Nunc
811 3490 858 3529 ab
883 3500 1016 3529 errore
1035 3489 1218 3529 excusari

184 3562 264 3592 non
278 3552 718 3603 potest-Prohibetur
730 3551 802 3592 sub
820 3550 1220 3592 excommunicatione

185 3617 401 3659 reservata.
419 3634 475 3646 -·
490 3613 629 3656 Tertio
648 3612 773 3664 igitur
798 3623 852 3652 ex
878 3610 999 3652 dictis
1024 3609 1216 3655 infertur,

583 231 663 265 un.
685 231 742 266 111.
766 231 820 267 ΒΕ
839 232 1081 269 ΑΒΜΙΒδῘΟΝΕ
1102 234 1363 271 δΰΗΟΒΑΙΠῑῙΜ
1382 238 1438 271 ΑΙ)
1457 237 1567 271 von
1589 235 1800 274 smmum,
1824 236 1915 271 ETc.

1277 302 1526 342 sententiam
1553 301 1682 350 illam,
1706 313 1832 353 quam
1857 302 1928 342 ille
1950 302 2216 356 impugnator
2232 302 2311 344 de-·

1275 361 1420 411 fendit‚
1451 367 1493 403 et
1523 363 1677 410 omnia,
1711 373 1803 413 quae
1828 373 1880 403 ex
1908 362 1981 403 illa
2008 363 2158 414 intulit,
2181 369 2223 405 et
2252 377 2304 407 eo

1275 427 1463 475 tempore
1481 425 1601 465 valde
1620 424 1842 464 temeraria
1860 423 2005 473 fuisse,
2019 425 2132 477 quod
2149 427 2304 467 notavit

1278 485 1471 536 Henriq.‚
1489 486 1559 526 lib.
1582 486 1830 526 duodecimo
1857 486 2054 534 Summae,
2074 498 2164 539 cap.
2187 488 2308 540 quin-

1275 549 1334 592 to,
1354 558 1528 588 numero
1550 551 1679 597 sexto,
1702 552 1744 588 et
1770 559 1883 588 nunc
1903 548 1988 599 jam
2008 560 2092 587 non
2110 559 2232 600 posse
2253 547 2304 589 ab

1277 617 1416 646 errore
1448 609 1650 648 excusari.
1676 609 1795 649 Nunc
1821 608 1876 649 de
1904 608 2091 650 doctrina
2126 610 2302 660 agimus,

1275 679 1361 708 non
1378 668 1431 709 de
1459 681 1652 720 persona,
1674 671 1729 711 ob
1758 671 1942 723 aliquam
1976 670 2088 712 enim
2114 671 2302 723 ignoran-

1275 730 1376 770 tiam
1392 731 1457 770 vel
1470 731 1829 781 inadvertentiam,
1844 744 2065 784 possumus
2083 732 2306 784 aliquando

1275 803 1475 833 excusare
1499 805 1715 844 personas,
1736 805 1912 846 quarum
1928 793 2130 845 judicium
2149 795 2202 833 ad
2230 806 2304 835 nos

1274 864 1359 892 non
1391 858 1562 905 spectat,
1593 854 1667 895 sed
1695 856 1831 895 solum
1853 855 2028 907 gradum
2051 854 2308 896 certitudinis

1273 912 1470 953 doctrinae
1490 915 1710 966 explicare.
1740 916 1842 962 Quia
1862 927 1963 969 ergo
1982 917 2179 956 Summus
2202 917 2305 956 Pon-

1273 975 1388 1025 tifex,
1423 975 1469 1016 in
1504 977 1803 1017 Constitutione
1842 977 2080 1019 Ascendente
2119 978 2303 1026 Domino,

1272 1036 1366 1076 illos
1390 1049 1551 1078 errores
1580 1037 1805 1077 insinuavit
1837 1041 1879 1078 et
1907 1037 2144 1086 damnavit,
2175 1042 2307 1078 totam

1272 1098 1523 1138 sententiam
1538 1107 1866 1139 commemorare
1881 1101 1923 1138 et
1934 1096 2122 1138 refellere
2135 1109 2307 1139 necesse

1275 1163 1348 1199 est.
1372 1160 1560 1199 Asseruit
1583 1171 1683 1210 ergo
1707 1160 1791 1209 ille,
1811 1159 2023 1201 scholares
2041 1159 2306 1211 approbatos,

1277 1224 1316 1259 et
1333 1220 1616 1273 incorporatos
1636 1221 1831 1263 Societati
1850 1232 1925 1273 per
1942 1221 2019 1261 tria
2037 1225 2134 1261 vota
2153 1221 2310 1272 simpli-

1276 1281 1354 1329 cia,
1375 1292 1458 1322 non
1491 1292 1585 1322 esse
1602 1293 1701 1322 vere
1720 1294 1770 1323 ac
1790 1283 1955 1334 proprie
1976 1282 2206 1334 religiosos.
2229 1282 2308 1322 De-

1275 1346 1424 1393 ceptus
1443 1347 1582 1382 autem
1601 1342 1678 1383 fuit
1697 1355 1747 1384 ex
1769 1344 1964 1396 opinione
1980 1344 2080 1384 satis
2099 1342 2310 1383 communi

1276 1404 1384 1444 inter
1403 1405 1594 1455 antiquos
1612 1405 1809 1445 Doctores
1834 1405 2034 1452 dicentes,
2053 1413 2197 1444 verum
2216 1403 2311 1444 reli-

1277 1464 1440 1516 giosum
1463 1477 1548 1504 non
1576 1465 1769 1505 constitui
1798 1466 1876 1505 nisi
1907 1475 1983 1519 per
2009 1466 2310 1517 professionem

1277 1530 1319 1567 et
1340 1527 1418 1566 tria
1437 1531 1532 1567 vota
1555 1528 1778 1574 solemnia;
1800 1527 1869 1578 qui
1896 1532 2036 1566 tamen
2061 1527 2181 1577 juxta
2208 1526 2312 1566 anti·

1277 1599 1406 1639 quum
1425 1588 1496 1639 jus
1527 1588 1675 1639 suique
1705 1588 1904 1639 temporis
1932 1600 2054 1628 usum
2085 1588 2312 1639 loquuntur

1277 1649 1329 1688 de
1351 1648 1460 1689 facto
1479 1649 1617 1702 potius
1637 1650 1696 1701 (ut
1712 1649 1769 1691 sic
1786 1648 1935 1701 dicam)
1964 1658 2089 1700 quam
2112 1649 2164 1689 de
2182 1650 2313 1700 possi-

1276 1710 1363 1759 bili,
1382 1709 1424 1749 id
1441 1714 1519 1757 est,
1538 1708 1751 1750 declarant
1771 1711 1829 1749 sic
1843 1709 1948 1760 fieri,
1967 1722 2053 1750 non
2067 1715 2224 1761 negant
2241 1722 2313 1749 au·

1278 1776 1364 1811 tem
1394 1773 1513 1813 aliter
1532 1771 1621 1812 fieri
1656 1784 1791 1824 posse.
1815 1774 1864 1812 Et
1884 1773 2073 1824 quamvis
2091 1773 2218 1824 aliqui
2245 1772 2312 1811 vel

1277 1833 1398 1873 multi
1418 1845 1468 1873 ex
1495 1833 1734 1873 auctoribus
1763 1834 1933 1885 privatis
1962 1835 2004 1872 in
2034 1844 2084 1873 eo
2114 1845 2238 1873 sensu
2269 1833 2314 1873 id

1277 1894 1516 1935 docuissent
1534 1894 1599 1946 (de
1618 1895 1759 1945 quoin
1778 1898 1891 1933 tomo
1911 1895 2115 1946 superiori
2132 1895 2313 1946 disputa-

1277 1960 1364 1996 tum
1385 1960 1446 1996 est
1462 1956 1570 1995 circa
1587 1958 1737 1995 statum
1752 1956 1990 2007 religiosum
2005 1956 2049 1994 in
2068 1956 2309 2006 communi),

1276 2017 1516 2068 interposita
1532 2018 1620 2068 Jam
1640 2017 1883 2057 auctoritate
1914 2016 2031 2057 Sedis
2052 2017 2308 2068 Apostolicae,

1276 2079 1432 2119 nullius
1467 2078 1663 2129 ponderis
1700 2082 1765 2120 est
1800 2078 2100 2129 cujuscumque
2131 2077 2311 2117 auctoris

1279 2141 1430 2190 opinio.
1465 2140 1566 2185 Quia
1602 2149 1701 2191 ergo
1732 2138 1955 2191 Gregorius
1983 2140 2073 2192 jam
2107 2139 2150 2177 in
2184 2139 2311 2189 priori

1277 2202 1390 2240 Motu
1422 2201 1501 2240 hoc
1532 2201 1831 2247 declaraverat,
1856 2200 1951 2239 ideo
1973 2210 2059 2239 non
2091 2210 2311 2250 possumus

1279 2263 1518 2314 opinionem
1548 2262 1660 2301 illam
1691 2273 1717 2299 a
1750 2261 1982 2302 temeritate
2013 2272 2226 2300 excusare.
2252 2260 2311 2300 Eo

1278 2325 1342 2362 vel
1361 2324 1539 2362 maxime
1559 2322 1685 2373 quod,
1707 2322 1739 2362 si
1760 2323 2028 2374 impugnator
2043 2322 2112 2360 ille
2132 2322 2313 2372 antiqui-

1276 2389 1404 2425 tatem
1424 2397 1647 2435 veramque
1665 2385 1870 2424 rationem
1890 2384 2180 2430 consuluisset,
2199 2384 2311 2423 inve-

1277 2448 1406 2486 nisset
1425 2446 1547 2497 plane
1576 2446 1691 2484 nullo
1715 2444 1919 2496 probabili
1948 2444 2217 2483 fundamento
2236 2456 2312 2483 ne-

1278 2509 1379 2560 gari,
1394 2512 1488 2547 vota
1506 2507 1722 2557 simplicia,
1741 2518 1836 2546 cum
1856 2505 2074 2545 traditione
2093 2507 2135 2544 in
2146 2505 2311 2556 religio-

1276 2581 1330 2609 ne
1350 2569 1403 2608 ab
1421 2568 1603 2608 Ecclesia
1624 2567 1868 2619 approbata,
1887 2567 2076 2605 sufficere
2094 2566 2147 2604 ad
2165 2578 2310 2604 verum

1276 2635 1317 2670 et
1344 2630 1558 2682 proprium
1590 2633 1743 2668 statum
1780 2627 2018 2677 religiosum
2057 2626 2310 2665 constituen-

1275 2693 1390 2732 dum.
1411 2691 1514 2737 Quia
1533 2701 1630 2729 vero
1651 2701 1700 2728 eo
1723 2693 1908 2739 tempore
1929 2687 2151 2727 declaratio
2173 2689 2310 2727 Ponti-

1274 2752 1362 2791 ficis
1387 2752 1560 2790 fortasse
1588 2761 1672 2788 non
1699 2753 1788 2789 erat
1823 2748 1921 2787 satis
1953 2749 2238 2801 promulgata,
2267 2753 2308 2790 et

1275 2813 1484 2864 proposita
1503 2811 1578 2851 toti
1601 2810 1810 2859 Ecclesiae,
1830 2814 1993 2861 poterat
2012 2814 2110 2850 tunc
2134 2811 2307 2850 assertio

1275 2874 1343 2912 illa
1363 2873 1415 2912 ab
1436 2883 1574 2912 errore
1601 2871 1808 2916 excusari;
1831 2882 1943 2910 nunc
1964 2875 2102 2910 autem
2123 2871 2307 2922 profecto

1274 2947 1358 2974 non
1382 2938 1528 2985 potest.
1550 2935 1654 2973 Nam
1681 2932 2027 2972 sufficientissime
2046 2933 2306 2984 promulgata

1275 3000 1338 3035 est
1367 2995 1590 3035 declaratio
1612 2992 1836 3042 Pontificis,
1856 2997 1898 3032 et
1914 2993 1983 3032 illa
2003 2994 2206 3032 sententia
2233 3006 2307 3044 pu-

1272 3057 1379 3098 blice
1404 3056 1600 3096 damnata
1621 3055 1807 3106 ejusdem
1838 3054 2080 3093 auctoritate
2099 3054 2144 3091 in
2165 3054 2305 3093 multis

1272 3119 1520 3166 Academiis,
1540 3121 1582 3157 et
1600 3116 1919 3157 Constitutiones
1934 3115 2014 3155 illae
2037 3115 2125 3166 jam
2145 3114 2187 3152 in
2217 3127 2306 3154 om-

1271 3180 1389 3220 nium
1408 3179 1602 3219 manibus
1617 3181 1851 3217 versantur.
1872 3177 2016 3227 Neque
2037 3176 2162 3215 etiam
2182 3187 2306 3216 excu-

1273 3254 1365 3281 sare
1379 3244 1572 3292 poterunt
1587 3250 1841 3290 quemquam
1856 3237 2217 3288 tergiversationes
2231 3240 2304 3276 aut

1272 3303 1488 3343 evasiones
1513 3313 1615 3353 quas
1645 3300 1778 3351 capite
1798 3298 2062 3350 praecedenti,
2085 3310 2110 3337 a
2127 3307 2302 3336 numero

1270 3365 1409 3413 tertio,
1428 3362 1713 3409 refutavimus,
1723 3361 1789 3399 vel
1807 3360 1898 3400 aliae
1917 3359 2087 3408 similes,
2107 3369 2211 3410 quas
2229 3357 2303 3397 de-

1272 3425 1468 3465 siderium
1490 3422 1760 3475 impugnandi
1788 3422 1895 3460 hanc
1923 3419 2167 3472 religionem
2195 3417 2302 3458 forte

1270 3486 1421 3539 poterit
1440 3484 1713 3531 comminisci;
1733 3482 1833 3534 quia
1852 3481 1904 3521 de
1922 3479 2148 3521 intentione
2165 3478 2301 3518 Ponti-

1269 3547 1361 3588 ficis
1379 3547 1478 3586 satis
1510 3546 1722 3585 evidenter
1739 3544 1915 3591 constat,
1937 3552 2075 3592 neque
2093 3540 2174 3579 illae
2203 3544 2298 3582 sunt

1267 3607 1506 3654 prohabiles
1540 3611 1612 3647 aut
1645 3604 1888 3647 verisimiles
1921 3601 2296 3655 interpretationes,
