2352 3880
193 355 248 394 go
268 335 530 393 praecipiendi
551 336 752 375 limitatur
770 347 821 375 ex
839 335 921 375 fine
941 348 1065 388 quem
1093 337 1226 377 Socie-

192 407 256 442 tas
274 400 349 440 sibi
378 396 603 449 proposuit,
622 400 664 436 et
682 396 734 436 ad
753 408 877 448 quem
905 397 1072 436 tendere
1103 397 1225 449 profi-

193 468 332 503 tentur
347 472 490 500 omnes
509 460 597 510 ejus
615 459 787 498 alumni.
805 459 1029 511 Meritoque
1047 459 1116 499 hic
1133 459 1226 499 finis

191 535 266 576 pro
295 522 438 573 regula
463 522 695 571 assignatur
711 535 722 569 3
741 533 837 560 nam
856 522 900 560 in
919 521 1110 561 omnibus
1137 533 1225 561 mo-

190 585 348 625 ralibus
380 583 503 623 rebus
541 594 613 622 seu
646 582 846 621 institutis
883 582 978 621 finis
1005 587 1066 622 est
1097 582 1225 622 veluti

121 639 124 643 ⁵
190 647 374 699 primum
392 644 657 697 principium,
677 656 727 683 ex
746 656 827 695 quo
846 643 1003 695 reliqua
1024 644 1226 683 deducen-

189 707 243 746 da
263 710 360 745 sunt
377 719 388 753 ;
410 717 523 756 ergo,
545 717 635 756 quae
654 703 707 743 ad
722 703 834 743 hunc
855 703 981 743 finem
1002 704 1227 743 necessaria

189 768 255 807 vel
274 766 560 806 convenientia
578 766 745 813 fuerint,
762 769 869 804 recte
886 765 995 804 infra
1011 766 1225 804 materiam

189 828 314 879 hujus
334 828 419 867 voti
437 826 861 878 comprehenduntur,
885 830 932 864 ut
953 826 1117 877 praecipi
1137 838 1225 877 pos-

189 890 289 938 sint,
308 888 471 940 quando
491 887 711 938 expediens
729 887 866 926 fuerit.
889 886 990 932 Quae
1010 898 1107 925 vero
1130 890 1227 926 sunt

189 951 254 990 vel
273 950 477 990 contraria
491 948 588 987 huic
602 948 691 996 fini,
707 948 774 987 vel
793 951 899 987 certe
918 948 1225 998 impertinentia

188 1012 242 1052 ad
261 1011 396 1058 illum,
416 1022 501 1050 non
521 1014 580 1048 est
599 1021 672 1048 cur
698 1009 772 1047 sub
806 1010 977 1047 materia
1008 1009 1119 1048 illius
1139 1010 1225 1048 voti

188 1072 604 1124 comprehendantur,
626 1070 722 1109 licet
740 1070 840 1110 alias
859 1070 967 1108 bona
998 1070 1105 1120 sint3
1126 1071 1225 1122 quia

188 1134 367 1183 religiosi
383 1132 592 1172 Societatis
604 1143 686 1170 non
696 1131 939 1182 profitentur
951 1132 1084 1170 facere
1095 1132 1224 1182 quod-

186 1195 289 1235 libet
308 1195 478 1241 bonum,
495 1204 570 1232 nec
583 1204 746 1233 servare
760 1192 971 1243 quodlibet
991 1193 1221 1242 consilium,

189 1257 258 1296 sed
275 1257 397 1307 juxta
433 1254 560 1294 finem
597 1254 676 1293 sibi
708 1254 998 1305 praestitutum,
1021 1253 1112 1293 Alia
1127 1265 1223 1305 ergo

184 1318 353 1370 praecipi
372 1328 457 1356 non
480 1319 665 1367 possunt,
680 1320 727 1354 ut
746 1315 790 1354 in
810 1314 1007 1366 praedicta
1024 1315 1225 1354 Constitu-

186 1379 298 1419 tione
334 1377 592 1429 significatur
606 1387 620 1427 3
649 1387 748 1427 ergo
775 1376 871 1416 licet
906 1375 1222 1427 praecipiantur,

187 1452 269 1479 uon
288 1443 482 1479 tenentur
499 1438 681 1490 religiosi
709 1449 762 1478 ex
785 1441 881 1478 voto
906 1435 1151 1478 obedientiae
1179 1437 1224 1477 in

185 1501 244 1541 eis
263 1501 442 1541 obedire.

238 1564 304 1602 11.
323 1562 493 1611 objectio
506 1559 745 1610 bimembris,
758 1564 806 1601 ut
818 1562 1028 1604 roboretur
1045 1556 1222 1608 amplius

184 1634 234 1664 ew
250 1622 442 1664 solutione
461 1622 876 1672 assertio—Saliam
886 1625 960 1664 uni
982 1623 1223 1665 membro.—

181 1686 233 1727 N
231 1685 484 1725 ota—Dices
497 1697 507 1725 :
523 1685 662 1725 nullus
676 1692 737 1725 est
749 1688 861 1724 actus
875 1684 1072 1726 honestus
1089 1683 1160 1736 qui
1171 1683 1223 1722 ad

177 1746 426 1799 praedictum
446 1746 573 1786 finem
593 1746 853 1798 perfectionis
866 1775 879 1795 ,
910 1751 950 1786 et
979 1746 1032 1786 ad
1064 1745 1221 1785 honum

177 1808 464 1859 proximorum
497 1809 682 1848 conferre
715 1819 800 1847 non
837 1808 990 1859 possit3
1011 1818 1109 1858 ergo
1128 1807 1220 1846 haec

177 1868 368 1909 limitatio
387 1869 503 1908 nulla
531 1874 592 1908 est
607 1899 617 1915 ‚
634 1868 704 1908 sed
723 1869 855 1920 potius
874 1881 924 1908 ex
946 1869 1017 1908 illa
1037 1869 1221 1920 sequitur

177 1930 289 1981 quod
319 1942 443 1980 supra
460 1930 741 1969 inferebamus
762 1960 772 1976 ‚
793 1941 1073 1981 quoscumque
1105 1933 1220 1969 actus

176 1991 414 2031 excellentis
445 1992 611 2031 virtutis
640 1991 892 2043 poenitentiae
907 2021 918 2038 ,
941 1990 1215 2039 austeritatis,

176 2058 276 2100 etc„
296 2064 413 2104 posse
430 2064 481 2092 ex
499 2053 543 2091 vi
560 2052 684 2103 hujus
704 2052 789 2090 voti
809 2053 985 2103 praecipi,
1007 2052 1107 2103 quia
1130 2062 1217 2091 om·

176 2126 252 2154 nes
276 2118 451 2166 possunt
470 2114 521 2152 ad
541 2113 670 2152 finem
690 2113 951 2164 perfectionis
971 2113 1214 2152 conducere.

176 2176 418 2228 Respondeo
431 2175 620 2226 negando
635 2179 904 2226 assumptum.
924 2175 975 2214 Et
994 2174 1215 2225 imprimis,

176 2238 287 2290 quod
302 2237 448 2276 attinet
463 2237 514 2276 ad
529 2236 730 2276 auxilium
744 2236 1043 2288 proximorum,
1060 2236 1217 2275 clarum

176 2303 237 2339 est
254 2310 341 2338 non
359 2310 501 2337 omnes
521 2298 701 2337 actiones
715 2298 917 2336 virtutum
938 2309 1022 2336 esse
1038 2297 1090 2336 ad
1106 2297 1217 2337 hunc

187 2360 302 2400 inem
322 2359 661 2406 accommodatas,
679 2359 778 2409 quia
802 2358 870 2397 hic
898 2370 982 2397 non
1002 2359 1139 2409 agitur
1164 2358 1218 2398 de

176 2420 329 2461 auxilio
355 2421 574 2471 superiori,
596 2424 643 2458 ut
661 2420 718 2458 sic
737 2420 889 2466 dicam,
908 2419 1016 2470 quod
1038 2431 1111 2471 per
1125 2430 1215 2459 ora-

176 2483 334 2522 tionem
365 2481 432 2520 vel
468 2481 711 2530 suffragium
755 2480 844 2519 dari
869 2485 1001 2531 potest
1020 2495 1031 2528 ;
1062 2493 1139 2521 nec
1163 2480 1215 2522 de

176 2543 331 2583 auxilio
348 2542 477 2582 veluti
493 2542 709 2590 indirecto,
725 2542 845 2592 quale
861 2541 940 2580 dici
957 2546 1090 2593 potest
1105 2542 1215 2593 quod

176 2605 299 2644 datur
326 2615 399 2655 per
424 2604 520 2642 vitae
563 2603 798 2654 exemplum
817 2613 829 2652 ;
864 2602 935 2642 sed
970 2603 1020 2641 de
1061 2603 1214 2643 auxilio

176 2665 373 2706 exteriori
393 2676 467 2716 per
485 2676 527 2703 se
555 2675 604 2703 ac
626 2663 779 2703 directe
795 2663 972 2711 intento,
994 2665 1105 2715 quod
1130 2675 1217 2704 non

176 2728 298 2767 datur
315 2726 396 2766 nisi
416 2738 489 2777 per
518 2727 698 2765 actiones
718 2725 955 2774 exteriores„
990 2736 1081 2776 quae
1109 2726 1216 2765 circa

177 2788 314 2840 ipsum
365 2787 603 2838 proximum
654 2786 805 2825 directe
847 2791 1077 2826 versantur.
1127 2786 1216 2826 Non

179 2861 279 2900 ergo
303 2859 448 2887 omnes
482 2851 597 2887 actus
627 2847 889 2898 perfectionis
916 2851 1012 2887 sunt
1045 2847 1131 2898 apti
1164 2846 1217 2886 ad

177 2910 289 2949 hunc
307 2908 452 2956 finem,
469 2912 514 2947 ut
533 2907 611 2946 hoc
624 2907 744 2946 titulo
761 2907 929 2958 praecipi
948 2908 1112 2958 possint.
1131 2908 1218 2946 Imo

158 2982 314 3022 meque
332 2981 475 3009 omnes
494 2968 691 3018 actiones,
719 2980 812 3020 quae
844 2968 951 3008 circa
980 2969 1218 3020 proximum

156 3035 410 3079 «versantur,
438 3034 533 3069 sunt
551 3042 625 3082 per
656 3042 699 3069 se
733 3029 934 3069 ordinatae
952 3029 1005 3068 ad
1023 3029 1125 3069 illud
1144 3041 1217 3069 au·

179 3093 328 3133 xilium
345 3091 639 3144 praestandum.
658 3091 762 3130 Nam
782 3091 1011 3143 redemptio
1036 3091 1217 3143 captivo-

179 3166 275 3194 rum
290 3183 304 3202 ,
337 3152 453 3193 verbi
479 3153 611 3203 gratia
628 3181 639 3199 ,
670 3152 850 3203 optimus
878 3157 991 3191 actus
1023 3161 1084 3191 est
1109 3152 1219 3191 circa.

175 3213 416 3326 Eiroximum
431 3224 445 3264 ;
464 3226 538 3265 per
566 3225 609 3253 se
639 3218 779 3253 autem
811 3225 899 3253 non
926 3213 1139 3253 ordinatur
1165 3214 1218 3253 ad

203 3276 394 3330 pirituale
425 3274 627 3314 auxilium
661 3274 766 3325 ejus,
802 3275 872 3314 sed
902 3274 955 3314 ad
982 3274 1218 3315 libertatem

176 3337 366 3435 'personae
382 3335 729 3387 recuperandam;
747 3338 788 3374 et
807 3334 889 3374 alia
906 3335 1057 3374 similia
1075 3347 1219 3375 exem-

185 3399 252 3451 pla
270 3397 389 3438 facile
404 3397 629 3448 excogitari
646 3399 816 3448 possunt
831 3395 883 3435 de
901 3396 1109 3448 operibus,
1125 3410 1218 3450 quae

178 3450 427 3523 {ordinantur
461 3459 528 3498 vel
549 3458 602 3498 ad
635 3462 848 3498 externam
878 3469 1038 3510 pacem,
1068 3459 1135 3499 vel
1166 3461 1220 3500 ad

179 3520 451 3571 {commodum
467 3518 734 3571 Reipublicae,
754 3530 840 3558 non
866 3529 964 3558 vero
993 3531 1067 3571 per
1095 3532 1138 3560 se
1167 3521 1221 3561 ad

181 3573 400 3634 {spirituale
413 3581 568 3621 bonum
583 3591 596 3631 ;
615 3580 724 3619 unde
735 3580 779 3619 in
792 3580 985 3631 praedicto
996 3593 1083 3633 cap.
1099 3583 1220 3623 tertio

187 3653 310 3684 nonae
325 3643 454 3696 partis
470 3641 832 3691 Constitutionum‚
851 3642 879 3695 ᾖ
894 3644 936 3691 9,
953 3641 1027 3682 ubi
1043 3643 1221 3684 declara-

549 269 626 306 un.
647 268 703 303 IV.
727 269 782 303 DE
801 267 922 303 VOTIS
942 269 1192 305 Simmcmns
1213 269 1452 306 cAS'rmrls
1471 270 1526 306 m·
1545 263 1840 306 panetarius,
1863 263 1954 300 mc.
1972 296 1975 298 .

1277 342 1345 376 tur
1369 341 1545 389 potestas
1561 333 1772 376 Generalis
1788 333 1840 371 ad
1853 329 2074 372 mittendas
2091 339 2242 384 quascu
2256 335 2273 364 s·
2284 332 2302 363 τ’

1277 410 1355 450 que
1389 410 1579 449 personas
1608 397 1660 437 ad
1689 393 1883 445 quaelibet
1910 391 2013 440 loca,
2035 392 2170 433 solum
2204 378 2310 450 αἰνᾷ
2335 401 2345 440 .‚⁴

1278 459 1457 499 actiones
1475 460 1640 511 ponitur
1666 455 1874 503 limitatio,
1893 453 2048 494 scilicet
2061 482 2076 502 ,
2096 453 2151 495 ad
2173 460 2314 510 quamgt
2335 464 2340 473 ’-

1278 522 1341 562 vis
1361 521 1568 570 actionem,
1585 533 1632 562 esc
1649 519 1703 561 iis
1721 518 1862 571 quibus
1880 516 1943 557 uti
1962 516 2016 557 ad
2034 514 2313 568 proximorum
2339 554 2345 565 ν

1279 583 1478 625 auritium
1508 582 1690 624 Societas
1709 580 1823 627 solet,
1839 577 2094 619 exercendam
2106 592 2125 624 ;
2142 585 2239 627 ergo
2257 585 2309 617 ex
2325 580 2343 612 π

1279 645 1321 683 vi
1350 643 1460 684 illius
1478 642 1785 683 Constitutionis
1803 652 1889 681 non
1907 638 2057 691 poterit
2085 636 2176 689 quis
2198 635 2308 678 mitti
2326 623 2341 675 ἓ

1281 705 1356 745 sub
1375 704 1622 756 obligatione
1641 703 1834 756 praecepti
1850 702 1960 741 intra
1985 700 2136 740 Turcas
2151 728 2165 748 ,
2191 697 2309 739 verbi
2335 724 2338 725 ν

1279 767 1427 818 gratia,
1456 767 1507 806 ad
1536 765 1884 819 peregrinandum
1917 762 2066 808 solum,
2093 763 2141 800 ut
2172 759 2308 800 visitet
2334 772 2341 808 j

1278 828 1367 868 loca
1392 828 1528 867 Terrae
1553 830 1718 874 sanctae,
1741 826 1808 865 vel
1825 824 1878 864 ad
1896 821 2154 863 tractandum
2182 830 2310 872 nego·
2334 862 2339 866 ,

1279 890 1351 938 tia,
1369 900 1442 928 seu
1459 888 1671 928 ferendam
1690 887 1937 937 legationem
1962 883 2237 937 pertinentem
2256 879 2309 921 a'd

1278 950 1359 990 alia
1388 949 1604 990 commoda
1635 947 1900 1000 Reipublicae,
1930 950 1972 985 et
1998 955 2083 984 non
2109 942 2160 982 ad
2189 941 2310 992 spiri·-

1277 1011 1431 1051 tualem
1454 1010 1682 1062 profectum
1711 1008 1778 1048 vel
1809 1006 2116 1047 conversionem
2151 1002 2310 1043 anima-

1276 1086 1369 1113 rum
1386 1084 1399 1123 ;
1420 1073 1518 1124 quia
1537 1072 1618 1111 illae
1637 1071 1819 1111 actiones
1837 1080 1920 1109 non
1935 1071 2033 1107 sunt
2049 1077 2100 1106 ex
2119 1064 2201 1104 illis
2220 1062 2311 1114 qui·

1278 1136 1356 1175 bus
1389 1135 1568 1174 Societas
1599 1133 1661 1172 uti
1693 1132 1795 1172 solet
1811 1134 1854 1171 et
1874 1128 1995 1168 debet
2023 1126 2075 1167 ad
2106 1124 2310 1166 auxilium

1279 1197 1527 1236 animarum.
1548 1195 1710 1246 Loquor
1728 1197 1868 1232 autem
1889 1192 1935 1231 de
1953 1190 2087 1241 rigore
2103 1184 2309 1241 prae-pti,

1279 1258 1374 1309 quia
1390 1258 1439 1296 de
1457 1256 1643 1302 consilio,
1666 1266 1750 1294 non
1770 1258 1830 1294 est
1847 1252 2019 1292 dubium
2039 1249 2143 1300 quin
2162 1247 2311 1287 melius
2351 1249 2352 1270 ³

1279 1319 1332 1358 sit
1362 1319 1407 1357 in
1440 1318 1503 1358 his
1534 1316 1725 1357 omnibus
1754 1316 1843 1355 sine
1874 1312 2110 1354 discrimine
2129 1308 2310 1349 obedire.

1278 1379 1587 1420 Observandum
1607 1379 1730 1418 etiam
1751 1381 1836 1425 est,
1861 1374 2048 1428 quamvis
2077 1371 2226 1423 aliquae
2259 1380 2312 1410 ex

1276 1441 1341 1482 his
1358 1441 1583 1482 actionibus
1604 1440 1791 1491 proxime
1820 1450 1905 1478 non
1937 1436 2154 1477 videantur
2181 1431 2310 1484 perti-

1276 1515 1375 1544 nere
1406 1503 1458 1542 ad
1490 1502 1692 1541 auxilium
1722 1501 1972 1546 animarum,
1996 1498 2152 1536 remote
2170 1498 2311 1533 tamen

1276 1569 1319 1606 et
1337 1576 1410 1615 per
1428 1563 1679 1603 occasionem
1698 1574 1803 1613 saepe
1824 1572 1940 1613 posse
1953 1558 2153 1604 conferre,
2172 1558 2214 1594 et
2230 1554 2312 1594 for-

1274 1630 1380 1665 tasse
1399 1625 1508 1664 hanc
1526 1636 1611 1663 esse
1629 1623 1900 1662 intentionem
1925 1616 2194 1672 praecipientis
2208 1647 2219 1664 ,
2235 1626 2313 1667 pro

1276 1698 1355 1738 qua
1379 1686 1423 1725 in
1451 1685 1576 1724 dubio
1603 1683 1937 1735 praesumendum
1960 1684 2034 1728 est,
2055 1677 2218 1730 quando
2233 1687 2312 1727 op-

1275 1747 1455 1800 positum
1472 1758 1557 1787 non
1577 1745 1819 1793 constiterit,
1833 1748 1875 1784 et
1892 1743 1985 1783 ideo
2002 1752 2088 1781 non
2100 1738 2223 1779 facile
2240 1737 2312 1778 ad-

1273 1809 1521 1849 mittendam
1558 1819 1642 1847 esse
1681 1806 1985 1846 excusationem
2026 1803 2070 1842 in
2109 1801 2312 1840 Societate

1273 1870 1410 1923 quoad
1438 1869 1676 1920 hujusmodi
1706 1868 1935 1915 missiones,
1956 1865 2136 1905 maxime
2166 1863 2202 1902 si
2233 1861 2310 1901 sub

1272 1933 1457 1982 rigorosa
1474 1930 1723 1980 obligatione
1741 1928 2031 1981 praecipiantur
2045 1956 2059 1976 ‚
2085 1923 2195 1978 quod
2215 1934 2310 1964 raro

1272 1992 1338 2033 vel
1358 2003 1572 2043 nunquam
1589 1991 1650 2030 fit.

1326 2055 1391 2094 12.
1428 2054 1602 2101 Satisfit
1637 2053 1758 2094 alteri
1790 2051 1976 2093 membro.
1994 2048 2180 2096 -Quod
2210 2057 2310 2088 vero

1270 2119 1423 2168 spectat
1451 2115 1503 2154 ad
1533 2115 1714 2154 actiones
1739 2114 1992 2165 pertinentes
2023 2110 2078 2152 ad
2098 2110 2309 2162 propriam

1270 2177 1579 2229 perfectionem,
1599 2176 1818 2216 dicendum
1834 2181 1895 2216 est
1910 2175 2034 2214 etiam
2051 2173 2163 2212 hunc
2181 2171 2309 2211 finem

1270 2240 1447 2290 propriae
1477 2238 1735 2290 perfectionis
1768 2238 1930 2277 intendi
1953 2249 1979 2276 a
2007 2235 2208 2275 Societate
2233 2244 2309 2285 per

1269 2301 1407 2339 media
1418 2312 1491 2340 suo
1510 2300 1722 2350 adaequato
1741 2298 1816 2339 fini
1834 2297 2157 2351 proportionata,
2185 2298 2308 2345 atque

1268 2361 1373 2401 adeo
1392 2362 1530 2412 aliquo
1555 2361 1678 2400 modo
1709 2365 1903 2401 contenta
1922 2359 1998 2399 sub
2020 2370 2092 2397 suo
2120 2355 2307 2395 instituto

1270 2427 1311 2463 et
1329 2423 1494 2474 regula3
1519 2422 1691 2474 ideoque
1709 2434 1794 2462 non
1823 2433 1965 2461 omnes
1994 2419 2188 2464 actiones,
2217 2427 2308 2467 quae

1268 2483 1452 2524 absolute
1471 2487 1639 2536 possunt
1655 2484 1898 2523 charitatem
1917 2494 1989 2523 seu
2013 2479 2307 2533 perfectionem

1268 2557 1434 2597 augere,
1465 2557 1551 2585 esse
1570 2545 1786 2585 materiam
1813 2544 2166 2596 proportionatam
2197 2539 2307 2578 illius

1268 2607 1354 2645 voti
1373 2606 1633 2653 obedientiae,
1656 2606 1766 2656 quod
1794 2606 1839 2644 in
1868 2605 2066 2644 Societate
2092 2601 2154 2649 fit,
2184 2601 2243 2639 ita
2260 2602 2309 2638 ut

1268 2668 1421 2708 virtute
1436 2669 1524 2719 ejus
1541 2667 1725 2707 absolute
1745 2665 1911 2716 praecipi
1927 2664 2097 2716 possint.
2115 2662 2200 2701 Hoc
2217 2673 2308 2712 pro-

1269 2727 1371 2769 bant
1392 2727 1581 2778 exempla
1597 2727 1783 2777 superius
1802 2725 1978 2765 adducta
1992 2725 2037 2764 in
2052 2736 2095 2763 n.
2112 2724 2153 2772 8,
2169 2726 2209 2762 et
2227 2721 2308 2762 col-

1269 2789 1344 2840 ligi
1361 2793 1493 2840 potest
1508 2799 1560 2828 ex
1578 2792 1693 2827 sexta
1711 2792 1827 2838 parte
1838 2786 2198 2833 Constitutionum,
2214 2795 2303 2835 cap.

1273 2851 1313 2897 1,
1332 2849 1358 2901 ἓ
1378 2851 1418 2896 1,
1440 2848 1512 2888 ubi
1535 2849 1670 2900 primo
1689 2850 1746 2888 sic
1762 2849 1912 2887 dicitur
1931 2861 1940 2885 ε
1965 2846 2083 2887 Omni
2106 2844 2308 2887 constanti

1272 2912 1405 2952 animo
1424 2911 1713 2958 incumbamus,
1740 2914 1788 2951 ut
1803 2908 1908 2950 nihil
1921 2908 2186 2960 perfectionis,
2206 2905 2310 2959 quod

1271 2972 1413 3012 divina
1443 2972 1583 3022 qratia
1610 2973 1791 3023 consequi
1817 2971 2017 3024 possimus
2049 2971 2094 3010 in
2126 2968 2308 3009 absoluta

1273 3033 1447 3073 omnium
1461 3033 1802 3074 Constitutionum
1812 3032 2092 3078 observatione,
2106 3030 2309 3081 nostrique

1270 3094 1454 3135 instituti
1467 3094 1666 3146 peculiari
1683 3094 1837 3134 ratione
1859 3091 2127 3144 adimplenda,
2140 3094 2309 3143 proeter-

1271 3157 1496 3197 mittamus.
1511 3155 1665 3204 Quibus
1680 3155 1815 3195 verbis
1834 3152 2089 3204 significatur
2105 3152 2309 3191 rationem

1271 3217 1508 3269 inquirendi
1526 3217 1734 3269 propriam
1749 3216 2044 3268 perfectionem
2058 3226 2146 3254 esse
2161 3213 2309 3254 debere

1272 3277 1369 3318 huic
1382 3279 1568 3319 instituto
1581 3279 1930 3319 accommodatam
1945 3287 1959 3327 ;
1976 3277 2095 3328 juxta
2119 3276 2226 3315 hanc
2245 3287 2310 3315 er-

1274 3352 1328 3391 go
1354 3353 1589 3381 mensuram
1623 3340 1748 3392 (quod
1784 3339 1837 3379 ad
1873 3341 2125 3391 praeceptum
2147 3336 2310 3387 attinet)

1274 3402 1522 3442 sumendum
1538 3406 1598 3442 est
1616 3402 1725 3454 quod
1743 3401 1802 3441 ibi
1815 3401 2001 3454 proxime
2015 3397 2309 3450 subjungitur:

1273 3462 1337 3503 Ee
1354 3462 1606 3504 exactissime
1622 3475 1751 3504 omnes
1763 3474 1904 3503 nervos
1916 3461 2066 3502 virium
2078 3463 2310 3499 nostrarum

1275 3524 1330 3564 ad
1352 3523 1453 3565 hanc
1471 3525 1662 3565 virtutem
1684 3523 1908 3564 obedientioe
1922 3519 2125 3572 imprimis
2141 3519 2308 3560 Summo

1274 3585 1485 3635 Pontifici,
1504 3587 1639 3627 deinde
1653 3584 1942 3636 Superioribus
1965 3581 2184 3624 Societatis
2204 3592 2312 3633 pm-
2342 3608 2346 3609 ν

1274 3647 1461 3688 standum
1476 3646 1744 3689 intendamus.
