2352 3880
194 245 276 285 912

191 311 450 356 incommoda
465 315 710 361 sequuntur.
728 312 959 355 Secundum
977 315 1223 366 declaratur,

191 377 289 427 quia
322 375 365 412 hi
393 383 552 420 omnes,
581 373 653 423 qui
684 373 738 412 ad
770 375 1064 426 professionem
1094 379 1223 418 trium

186 440 378 484 ,votorum
407 434 682 473 admittuntur
701 465 711 482 ‚
739 441 981 488 reputantur
995 440 1083 491 Jam
1110 440 1225 479 suffi-

189 496 343 535 cienter
356 495 533 547 probati,
551 500 592 535 et
612 500 704 548 post
719 497 934 539 diuturnas
948 502 1222 553 experientias

189 556 303 608 digni
325 556 500 606 inventi,
522 558 593 609 qui
619 557 664 597 in
685 559 888 601 Societate
905 567 1103 614 perpetuo
1122 564 1222 603 reti-

187 621 384 666 neantur,
415 622 456 658 et
480 618 525 657 in
550 619 638 670 ejus
669 620 909 660 ministeriis
945 624 1221 674 spiritualibus

187 683 438 731 occupentur
450 690 464 730 ;
485 692 558 719 cur
584 692 682 731 ergo
701 683 752 721 ad
778 683 978 734 aequalem
1009 685 1222 735 professio-

186 752 283 780 nem
300 753 392 780 cum
411 741 503 780 aliis
521 753 606 780 non
624 743 916 782 admittentur?
933 745 1220 795 Confirmatur,

186 814 284 841 nam
302 802 345 841 hi
364 803 535 854 professi
554 803 749 842 emittunt
775 805 915 843 omnia
932 806 1013 844 alia
1032 811 1128 846 vota
1155 820 1221 847 so-

185 864 342 904 lemnia
369 869 411 904 et
444 865 660 915 simplicia,
681 878 773 916 quae
804 866 876 904 alii
903 867 1075 918 professi
1105 870 1221 908 emit-

184 930 294 972 tunt,
321 930 367 965 ut
402 926 447 965 in
474 925 557 964 fine
587 927 765 977 proximi
797 926 894 966 libri
924 929 1152 979 attigimus,
1179 934 1221 969 et

182 999 282 1036 ¹cum
302 987 494 1027 omnibus
517 987 817 1026 conditionibus
830 1000 878 1027 ac
893 989 1219 1030 solemnitatibus

181 1060 277 1100 ,quae
310 1049 354 1087 in
388 1047 473 1086 illis
504 1048 674 1097 cogitari
711 1053 881 1099 possunt
897 1060 910 1099 ;
936 1063 1009 1089 cur
1043 1063 1141 1102 ergo
1166 1052 1219 1091 ad

184 1114 377 1162 quartum
392 1113 536 1147 votum
555 1109 800 1148 obedientiae
819 1111 871 1149 ad
889 1112 1125 1152 Pontificem
1143 1115 1219 1153 cir-

184 1183 231 1211 ca
246 1170 460 1209 missiones
483 1182 567 1208 non
587 1171 892 1210 admittuntur?
914 1173 1028 1213 Certe
1047 1177 1220 1214 materia

183 1233 293 1272 illius
310 1234 396 1272 voti
415 1233 745 1273 commodissime
764 1235 808 1272 in
828 1234 909 1273 illis
935 1235 1071 1275 locum
1096 1237 1219 1276 habe-

182 1306 228 1334 re
250 1298 397 1346 potest,
420 1300 462 1334 et
479 1295 558 1346 ipsi
578 1295 675 1334 satis
694 1308 863 1346 capaces
884 1309 969 1336 esse
988 1297 1140 1337 debent
1160 1303 1219 1337 ta-

182 1354 234 1395 lis
252 1355 540 1406 obligationis3
560 1368 659 1394 nam
677 1357 711 1395 si
734 1357 849 1407 digni
870 1362 967 1396 sunt
995 1364 1042 1397 ut
1076 1371 1220 1411 perpe-

182 1420 256 1455 tuo
275 1429 322 1455 ac
353 1417 669 1456 immutabiliter
689 1418 885 1458 Societati
907 1421 1221 1472 incorporentur

183 1477 235 1516 ad
264 1478 494 1529 spiritualia
534 1479 763 1518 ministeria
802 1480 994 1520 obeunda
1018 1512 1033 1531 ,
1066 1483 1222 1533 ubique

183 1542 387 1578 terrarum
416 1543 609 1591 poterunt
644 1539 715 1580 illa
743 1554 931 1581 exercere
951 1554 964 1593 3
986 1555 1085 1594 ergo
1109 1548 1221 1595 pote-

182 1605 282 1641 runt
301 1603 409 1641 mitti
428 1614 452 1641 a
473 1602 669 1642 Pontifice
688 1603 740 1641 ad
758 1604 828 1642 illa
848 1606 1076 1644 exercenda
1092 1619 1103 1653 ;
1123 1618 1221 1656 ergo

183 1668 278 1702 sunt
295 1676 460 1715 capaces
479 1664 743 1715 obligationis
761 1666 847 1704 voti
868 1666 1053 1717 specialis
1070 1667 1123 1705 ad
1147 1667 1222 1706 has

181 1725 422 1773 missiones3
442 1738 514 1764 cur
535 1738 634 1776 ergo
652 1726 703 1764 ad
724 1726 824 1765 illud
847 1728 1119 1766 emittendum
1137 1740 1222 1767 non

183 1787 482 1826 admittuntur?
498 1788 578 1826 Nec
593 1788 703 1826 enim
725 1788 823 1839 fingi
847 1793 981 1840 potest
1001 1789 1221 1840 corporalis

180 1844 390 1894 'debilitas;
410 1860 505 1886 nam
520 1848 607 1886 haec
622 1850 896 1889 accidentaria
916 1855 991 1897 est,
1014 1855 1054 1889 et
1073 1851 1117 1889 in
1134 1862 1220 1889 om-

181 1909 302 1948 nibus
321 1910 514 1960 professis
532 1911 711 1948 inveniri
735 1916 880 1962 potest,
900 1916 940 1949 et
960 1911 1029 1950 illa
1047 1924 1130 1951 non
1147 1912 1220 1951 ob·

182 1974 263 2010 stat
295 1971 515 2021 quominus
543 1982 735 2021 persona,
766 1973 1032 2021 quantumin
1067 1985 1109 2012 se
1140 1977 1214 2021 est,

182 2031 387 2082 obligetur
423 2032 664 2082 simpliciter
681 2062 695 2081 ,
729 2044 826 2070 usus
855 2044 952 2071 vero
991 2037 1131 2083 postea
1166 2035 1218 2072 sit

182 2092 298 2144 juxta
327 2092 650 2143 uniuscujusque
682 2093 801 2132 vires.
832 2094 912 2132 Nec
948 2094 1073 2132 etiam
1102 2094 1218 2145 spiri-

183 2154 292 2193 tuale
310 2154 654 2205 impedimentum
680 2154 848 2203 allegari
880 2159 1025 2205 potest,
1056 2156 1152 2205 quia
1182 2155 1217 2193 si

182 2216 341 2255 nullum
363 2219 423 2254 est
442 2216 486 2253 in
503 2215 651 2268 talibus
670 2216 852 2266 personis
872 2216 982 2267 quod
1001 2216 1217 2267 professio-

182 2288 277 2316 nem
298 2276 522 2315 solemnem
542 2276 756 2327 impediat,
775 2281 883 2316 certe
898 2289 1032 2328 neque
1047 2278 1098 2315 ad
1109 2277 1217 2316 hanc

182 2337 476 2388 obligationem
505 2336 809 2388 impediendam
830 2338 993 2377 videtur
1017 2350 1135 2390 posse
1150 2350 1216 2378 re·-

181 2400 321 2452 periri.

231 2464 274 2501 2.
304 2459 475 2503 Notatio
490 2472 567 2512 pro
585 2460 824 2501 resolutione
843 2462 965 2513 hujus
984 2463 1145 2516 capitis.
1161 2484 1216 2493 -—

178 2522 327 2565 Prima
343 2522 526 2569 assertio,
543 2522 811 2576 incorporatio
827 2524 871 2562 in
888 2523 1129 2565 Societatem
1140 2537 1216 2577 per

179 2585 264 2626 tria
282 2587 372 2624 vota
391 2585 598 2636 empedz'ens
611 2586 708 2635 suit.
723 2606 778 2615 -
795 2585 898 2632 Quot
915 2587 1067 2636 yradus
1090 2588 1215 2626 homi-

179 2658 273 2686 num
306 2646 352 2685 in
377 2645 593 2686 Societate.
610 2669 663 2675 —
682 2646 847 2686 Duobus
878 2649 1009 2687 modis
1039 2649 1083 2687 in
1108 2661 1215 2699 prae-

178 2707 283 2747 senti
306 2710 438 2758 potest
457 2708 588 2759 accipi
611 2720 764 2748 nomen
791 2709 1061 2761 professionis
1088 2712 1214 2750 trium

178 2774 357 2808 votorum
372 2785 388 2807 .·
408 2769 542 2819 primo
562 2771 791 2819 generatim
810 2800 824 2819 ,
854 2783 929 2822 pro
959 2773 1113 2810 unione
1141 2783 1215 2822 per

178 2829 258 2868 tria
283 2833 393 2876 vota,
413 2829 498 2868 sive
535 2830 754 2880 simplicia,
777 2831 862 2870 sive
883 2831 1110 2878 solemnia3
1133 2832 1214 2870 alio

178 2889 299 2929 modo
323 2890 552 2940 specialiter
571 2902 644 2940 pro
665 2891 837 2929 solemni
857 2892 1132 2942 professione,
1153 2897 1214 2931 at·

178 2963 259 3002 que
281 2950 357 2988 hoc
385 2952 602 3001 posteriori
622 2952 743 2990 modo
775 2953 841 2990 hic
866 2953 1043 2992 sumitur
1058 2983 1070 3001 ,
1098 2958 1139 2991 et
1164 2953 1215 2992 de

177 3012 250 3051 illo
286 3011 515 3063 procedunt
547 3013 726 3051 rationes
750 3013 965 3052 dubitandi
985 3039 998 3062 ,
1031 3026 1129 3053 nam
1163 3015 1214 3054 de

177 3073 259 3112 alio
278 3072 401 3111 modo
422 3073 765 3124 incorporationis
788 3087 861 3126 per
892 3078 987 3114 vota
1014 3075 1215 3126 simplicia

178 3135 363 3174 dicemus
386 3135 519 3185 capite
540 3136 753 3186 sequenti,
783 3140 824 3175 et
854 3136 914 3175 ita
935 3138 1013 3175 erit
1035 3137 1216 3175 satisfac-

177 3199 269 3235 tum
298 3195 481 3247 generali
502 3198 732 3247 quaestioni.
764 3198 956 3245 Quamvis
975 3202 1112 3236 autem
1139 3198 1217 3237 hoc

178 3257 238 3296 ita
250 3257 318 3304 sit,
338 3257 609 3297 nihilominus
626 3258 678 3297 ad
695 3259 1028 3310 respondendum
1047 3258 1214 3309 utrique

179 3318 397 3370 quaestioni
427 3318 473 3356 in
503 3319 758 3369 particulari,
779 3331 942 3359 necesse
961 3324 1020 3358 est
1043 3330 1214 3369 genera-

179 3379 258 3418 tim
278 3378 527 3430 praemittere
547 3409 557 3427 ‚
583 3380 705 3430 juxta
734 3380 945 3419 Societatis
979 3379 1215 3419 institutum

181 3445 460 3492 opportunum
494 3441 618 3481 fuisse
637 3471 648 3489 ,
676 3445 719 3480 et
744 3441 862 3480 valde
893 3441 1126 3492 expediens,
1142 3441 1215 3478 ali-

182 3513 286 3553 quos
301 3502 526 3542 sacerdotes
542 3514 614 3553 per
631 3502 711 3542 tria
730 3506 892 3541 tantum
911 3506 1008 3541 vota
1027 3501 1219 3541 Societati

185 3562 455 3616 incorporari,
468 3567 517 3603 ut
529 3564 572 3602 in
587 3575 635 3603 eo
650 3564 783 3614 gradu
795 3568 990 3615 perpetuo
1005 3567 1215 3602 maneant.

187 3623 276 3666 Hoc
309 3625 520 3677 imprimis
552 3625 746 3667 suadetur
778 3625 1022 3666 auctoritate
1051 3623 1222 3664 Pontifi·
1273 3623 1344 3663 vel
1367 3624 1415 3662 in
1445 3631 1593 3662 eorum
1623 3618 1948 3669 gubernatione,
1981 3627 2153 3656 munere
2176 3614 2271 3656 e*
2296 3638 2298 3642 Α

555 247 632 282 LIB.
654 247 723 281 vn.
748 248 802 282 DE
823 248 1040 288 PROFEssls
1057 249 1185 290 'rmum
1206 250 1414 295 vomitum,
1435 251 1492 288 ET·
1513 253 1851 296 coamu‘romaus,
1871 255 1968 310 ET&-

1278 329 1387 367 cum,
1403 317 1476 370 qui
1489 317 1566 358 hoc
1581 330 1709 370 genus
1724 319 1993 362 institutionis
2011 335 2138 379 appr-0
2149 348 2177 363 .·;
2222 316 2285 378 ιη]-

1278 379 1427 419 Paulus
1445 379 1512 429 111,
1534 382 1578 418 in
1595 380 1712 420 Bulla
1727 382 1754 420 4
1772 382 1872 420 anni
1897 383 1998 422 1546
2011 413 2025 432 ,
2045 387 2211 439 Reponi
2250 378 2313 431 ’.ἷ-

1277 441 1350 487 ὂίε,
1368 451 1491 491 quam
1512 441 1563 479 ad
1581 441 1660 480 hoc
1678 441 1829 482 directe
1848 446 2044 484 concessit
2062 476 2073 494 ,
2096 453 2142 488 ut
2159 461 2227 501 ap
2256 471 2301 498 ,μ

1275 502 1392 540 baret
1421 503 1696 554 receptionem
1719 503 1997 554 spiritualium
2024 509 2232 560 coadjutor

1274 563 1317 601 in
1333 562 1551 613 Societate‚
1565 563 1641 603 sub
1657 564 1805 617 quibus
1823 577 1897 604 nos
1916 578 2026 607 nunc
2045 566 2310 638 comprehense}

1275 625 1409 663 dimus
1437 636 1580 664 omnes
1610 627 1836 667 sacerdotes
1849 657 1862 676 ,
1896 629 1968 678 qui
1999 629 2052 668 ad
2077 631 2314 709 spiritual*

1274 686 1504 724 ministeria
1520 686 1792 736 destinantur,
1814 692 1855 727 et
1871 688 2004 728 solum
2022 702 2096 742 per
2116 692 2195 732 tria
2210 705 2237 733 v

1275 746 1618 798 incorporantur,
1646 759 1738 799 quae
1758 751 1936 800 acceptio
1969 763 2053 790 non
2083 757 2144 792 est
2169 748 2309 827 aliendi

1274 807 1326 846 ab
1359 809 1457 859 ipsis
1493 809 1858 848 constitutionibus
1887 811 2110 852 Societatis.
2132 814 2236 854 Nam
2257 826 2312 875 mg

1273 869 1487 917 Examine,
1509 881 1546 908 c.
1566 871 1605 917 1,
1626 869 1651 920 ξ
1670 870 1710 918 8,
1731 872 1959 921 quaestione
1978 873 2135 912 decima
2163 879 2202 913 et
2225 883 2313 922 uns*

1273 931 1447 978 decima,
1475 934 1747 970 numerantur
1767 932 1870 970 varii
1889 934 2040 983 gradus
2059 934 2271 974 Societatis
2297 946 2299 948 ·

1272 992 1555 1043 Professor-um
1588 995 1761 1044 quatuor
1791 997 1971 1034 votorum
1984 1024 1995 1041 ‚
2030 996 2212 1047 coadjuto
2290 1003 2293 1006 ·

1271 1058 1550 1105 formatorum,
1577 1054 1852 1101 Scholarium,
1885 1059 1922 1095 et
1948 1057 2207 1097 Novitiorum
2237 1065 2315 1107 sen}

1273 1115 1357 1156 indi
1361 1117 1611 1167 fferentium,
1626 1115 1698 1153 ubi
1713 1115 1762 1153 de
1777 1115 1967 1166 protessis
1985 1118 2109 1157 trium
2126 1122 2314 1165 votorum

1273 1188 1357 1215 non
1370 1176 1417 1214 fit
1432 1178 1603 1223 mentio,
1620 1177 1690 1214 sed
1704 1176 1780 1214 sub
1794 1178 2090 1228 coadjutoribus
2109 1162 2321 1230 spirituas}
2336 1149 2352 1235 Ε

1272 1237 1376 1277 libus
1390 1237 1809 1288 comprehenduntur.
1827 1237 1938 1276 Idem
1956 1239 2189 1278 institutum
2206 1251 2310 1291 quo-⁴·-
2337 1259 2352 1285 ἡ

1271 1300 1324 1338 ad
1343 1299 1450 1338 hanc
1472 1303 1632 1350 partem
1652 1298 1880 1350 probarunt
1908 1300 2041 1340 Julius
2067 1301 2134 1348 Ill,
2150 1305 2191 1340 et
2209 1301 2310 1345 Gra-2
2347 1323 2352 1355 2

1272 1362 1412 1412 gorius
1435 1361 1539 1410 ΧΙΙΙ,
1559 1361 1695 1409 latius,
1715 1364 1762 1398 ut
1780 1360 1890 1400 infra
1907 1390 1920 1408 ‚
1951 1362 2084 1412 capite
2119 1361 2310 1414 sequenti
2338 1363 2352 1391 ἶ

1277 1419 1522 1460 videbimus.
1546 1422 1746 1466 Secundo,
1768 1422 1813 1460 in
1827 1422 1968 1461 eadem
1983 1421 2104 1461 Bulla
2125 1421 2237 1460 Pauli
2250 1422 2303 1463 111

1277 1480 1479 1532 allegatur
1516 1484 1769 1534 experientia
1800 1497 1870 1524 sex
1909 1496 2141 1531 annorum3
2176 1495 2300 1533 nam,

1275 1554 1370 1581 cum
1388 1555 1497 1582 anno
1517 1545 1660 1583 salutis
1679 1547 1781 1585 1540
1802 1546 1981 1585 Societas
2000 1545 2228 1596 approbat-a
2246 1557 2322 1589 es-.‚
2337 1551 2352 1580 Γ

1275 1609 1335 1643 set
1354 1605 1405 1643 ab
1426 1606 1570 1645 eodem
1589 1607 1732 1650 Paulo,
1749 1607 1864 1646 nulla
1876 1607 2084 1646 mentione
2102 1607 2210 1646 facta
2228 1607 2314 1644 ho-.
2341 1615 2352 1651 ζ·

1274 1678 1366 1704 rum
1387 1672 1714 1719 cooperatorum,
1736 1682 1809 1720 per
1835 1682 1905 1708 sex
1929 1681 2060 1708 annos
2088 1671 2305 1719 sequentes

1275 1727 1567 1768 intellexerunt
1595 1731 1727 1770 nostri
1762 1734 1899 1782 patres
1916 1761 1925 1779 ‚
1954 1730 2206 1782 experientia
2236 1741 2304 1769 eos

1274 1790 1458 1841 docente,
1480 1792 1667 1843 indigere
1687 1794 1932 1833 Societatem
1947 1805 2023 1844 ope
2043 1796 2083 1831 et
2101 1791 2304 1843 adjutorio

1273 1851 1454 1895 illorum,
1479 1857 1517 1891 et
1536 1854 1628 1893 idco
1647 1867 1798 1894 novam
1824 1854 2163 1906 approbationem
2182 1852 2307 1904 hujus

1272 1914 1561 1963 impetrarunt.

1325 1972 1365 2011 3.
1392 1971 1545 2019 Tertio,
1575 1970 1805 2010 declaratur
1830 1970 2012 2019 ratione,
2045 1971 2156 2022 quia,
2186 1971 2304 2021 juxta

1271 2033 1316 2073 Β.
1334 2034 1379 2072 Ρ.
1396 2032 1544 2083 Ignatii
1563 2035 1743 2070 mentem
1767 2035 1807 2070 et
1826 2030 2076 2080 institutum,
2092 2032 2136 2069 in
2154 2032 2306 2088 profes·¹
2337 2034 2339 2038 ⁴

1271 2095 1326 2133 sis
1363 2099 1538 2145 quatuor
1570 2096 1759 2131 votorum
1783 2092 1995 2131 Societatis
2033 2093 2163 2132 multa
2197 2092 2304 2132 dona*

1271 2156 1545 2206 postulantur,
1578 2166 1662 2191 non
1694 2153 1827 2191 solum
1865 2153 2019 2202 gratiae,
2043 2154 2222 2202 virtutis,
2255 2165 2304 2193 ac

1269 2217 1449 2267 spiritus,
1468 2216 1537 2254 sed
1557 2215 1682 2253 etiam
1703 2214 1899 2252 doctrinae
1918 2226 2041 2252 sacrae
2062 2227 2108 2252 ac
2128 2214 2303 2265 philoso-

1269 2278 1393 2330 phiae,
1411 2277 1624 2326 omnisque
1643 2275 1882 2314 eruditionis
1901 2275 2135 2314 necessariae
2161 2276 2212 2314 ad
2231 2277 2302 2315 do-

1269 2339 1445 2378 cendum
1458 2368 1470 2386 ,
1492 2336 1820 2376 concionandum
1835 2365 1845 2382 ,
1868 2336 2157 2387 explicandum
2175 2349 2238 2375 res
2256 2336 2302 2376 fi-

1269 2400 1352 2448 dei,
1370 2410 1519 2450 easque
1538 2397 1590 2436 ab
1611 2398 1699 2449 ejus
1725 2397 1908 2435 hostibus
1926 2397 2241 2447 defendendum,
2261 2375 2309 2439 eii
2334 2427 2352 2434 ..

1269 2461 1323 2500 ad
1346 2473 1410 2500 res
1444 2459 1632 2507 morales,
1654 2470 1853 2509 casusque
1880 2458 1925 2496 in
1955 2458 2015 2497 eis
2045 2449 2309 2499 occurrentes

1269 2522 1597 2574 expediendum;
1630 2519 1866 2571 hujusmodi
1896 2523 2034 2558 autem
2068 2520 2181 2559 dotes
2217 2502 2308 2561 non}

1270 2587 1439 2636 possunt
1463 2583 1504 2622 in
1531 2581 1737 2629 omnibus,
1759 2592 1842 2619 non
1871 2580 1915 2618 in
1947 2580 2086 2619 multis
2114 2577 2317 2632 reperirijl

1268 2646 1440 2697 ideoque
1458 2643 1509 2682 ad
1526 2641 1762 2682 sustinenda
1778 2641 1917 2679 omnia
1936 2653 2060 2680 onera
2074 2631 2316 2691 Societatis,l-.
2333 2648 2352 2697 :ss

1269 2708 1392 2747 etiam
1422 2707 1464 2744 in
1492 2703 1773 2756 spiritualibus
1803 2702 2054 2750 ministeriis,
2076 2714 2159 2740 non
2188 2687 2352 2754 suffi-st'sst‘

1270 2770 1386 2807 ciunt
1404 2767 1463 2805 illi
1483 2765 1557 2804 soli
1578 2763 1726 2814 quibis
1745 2763 1937 2801 omnibus
1953 2762 2114 2801 dotibus
2131 2738 2352 2818 perfecti&

1268 2842 1312 2869 su
1319 2833 1379 2876 nt,
1392 2831 1462 2866 aut
1476 2826 1690 2877 plusquam
1707 2823 1963 2862 mediocriter
1975 2824 2162 2862 instructi
2171 2839 2183 2873 ;
2200 2836 2288 2875 erg
2328 2815 2352 2863 ί

1267 2888 1483 2929 necessarii
1511 2890 1607 2924 sunt
1639 2886 1829 2924 Societati
1849 2884 1920 2923 alii
1950 2885 2175 2924 sacerdotes
2203 2885 2280 2925 reli
2302 2882 2317 2906 ’·
2346 2883 2352 2885 ”

1267 2951 1387 3002 giosi,
1405 2953 1445 2987 et
1463 2948 1595 3000 probi,
1612 2947 1698 2997 qui,
1719 2946 1817 2984 licet
1835 2946 1879 2983 in
1898 2947 2055 2984 eaeteris
2080 2946 2197 2985 donis
2223 2872 2352 3004 111ῐέ

1268 3023 1346 3051 nus
1377 3011 1459 3069 ⁵i9t
1479 3008 1694 3060 perspicui,
1717 3006 1768 3045 ad
1791 3007 2020 3057 juvandam
2058 3007 2300 3047 Societatem,
2338 3017 2352 3066 f

1268 3075 1312 3113 in
1333 3070 1611 3124 spiritualibus
1635 3069 1887 3114 ministeriis,
1909 3067 1974 3106 vel
2003 3068 2048 3106 in
2076 3068 2319 3123 aliquibus

1270 3136 1394 3175 etiam
1427 3131 1732 3184 temporalibus,
1754 3141 1845 3180 quae
1870 3141 1943 3180 per
1973 3129 2197 3168 sacerdotes

1271 3196 1429 3235 centius
1457 3193 1575 3240 fiant,
1596 3190 1797 3230 sufficiant
1807 3204 1819 3238 ;
1850 3189 2017 3238 scilicet,
2048 3189 2092 3227 in
2114 3189 2251 3229 domib
2286 3200 2299 3242 j

1269 3255 1460 3309 professis
1480 3256 1523 3293 in
1542 3251 1755 3292 audiendis
1783 3250 2117 3298 confessionibus,
2136 3250 2203 3291 vel
2239 3267 2244 3273 ·
2346 3286 2352 3293 .

1269 3324 1496 3364 ternorum,
1518 3314 1582 3354 vel
1601 3313 1723 3352 etiam
1743 3317 2003 3360 nostrorum3
2023 3312 2069 3351 in
2088 3312 2251 3351 visitan
2274 3336 2284 3351 ι,
2296 3322 2307 3358 ιζ

1269 3380 1444 3420 infirmis
1472 3381 1513 3417 et
1541 3375 1816 3423 incarceratis,
1837 3378 1878 3413 et
1897 3374 1987 3412 aliis
2018 3374 2206 3425 operibus
2234 3389 2266 3406 ιιι
2293 3367 2313 3404 (ἦ

1272 3439 1500 3481 sericordiae
1522 3436 1770 3484 exercendis,
1785 3435 1851 3474 vel
1868 3435 1992 3474 etiam
2009 3435 2054 3474 in
2072 3434 2202 3474 officio
2231 3450 2250 3466 ι·
2275 3433 2311 3483 {zj'

1272 3502 1407 3550 nistri,
1438 3498 1715 3540 Procuratoris
1741 3497 1901 3542 domm,
1922 3495 2096 3546 collegii,
2117 3499 2187 3534 aut
2218 3511 2233 3531 ι.

1273 3563 1437 3608 vinciae;
1466 3568 1662 3612 praeterea
1683 3559 1728 3596 in
1747 3557 1926 3607 collegiis
1946 3556 2089 3606 juvare
2116 3567 2208 3606 poss
2236 3579 2237 3582 =
