2352 3880
136 343 140 345 λ
168 287 179 345 's'
223 285 466 346 ,fimo-orm
492 303 653 345 morae,
672 298 712 337 et
729 295 966 346 tarditates,
986 297 1105 348 atqu·

37 366 56 417 3
196 357 463 402 ceremonia
474 354 639 397 hnmani
651 356 1102 409 subtrahendae‚ponen·

49 430 54 467 ι
75 420 127 466 δι’
138 418 223 463 sola
233 418 309 460 illa
322 429 411 470 quoe
420 419 528 460 Deus
545 418 736 470 loquitar,
746 420 782 457 et
793 422 992 471 pra-cepta
1009 418 1103 470 ipsa

42 500 54 525 a
73 471 207 535 &hm
253 480 360 521 velut
394 486 510 522 arma
548 478 820 531 pnynantibus
857 476 1100 532 sufferenda

46 544 176 590 snut,
206 539 296 582 inde
319 550 438 582 auree
465 541 698 592 eriyantar,
729 540 820 580 inde
843 541 1100 582 instruantur

45 598 231 651 emtas,
249 601 340 644 inde
360 605 397 643 et
415 600 543 642 animi
571 604 611 641 et
627 601 803 651 eorporis
821 602 928 642 vires
952 602 1009 643 ad
1021 611 1100 642 om·-

45 664 135 705 «nis
155 665 354 717 passionis
373 663 625 703 tolerantiam
639 663 885 703 roborentur.
910 665 982 703 His
999 672 1098 716 ergo

46 727 110 766 «α
133 722 334 764 similibus
352 723 582 763 rationibus
602 728 755 771 motus,
777 725 823 764 B.
846 726 891 765 Ν.
914 721 1101 778 Ignatiiis

47 785 358 828 rexcrcitiorum
388 785 584 824 materias
614 786 758 837 paucis
775 790 816 826 et
844 787 1099 839 simplicibus

43 864 47 867 ·
68 847 202 890 verbis
218 848 512 900 proponendas
533 849 662 897 duxit,
691 846 886 901 idemque
906 851 1098 902 spiritua-

48 908 172 950 ¹libus
198 910 405 962 magistris
439 910 689 950 servandum
711 912 909 963 praecepit
919 942 934 961 ,
954 912 1099 952 hahita

48 971 332 1013 *nihilominus
377 972 537 1012 ratione
578 985 852 1025 personarum
894 985 986 1025 quae
1032 974 1098 1014 in-

47 1034 292 1082 struuntur,
322 1037 365 1074 ut
386 1033 560 1074 indoctis
582 1039 622 1073 et
639 1034 874 1074 rudioribus
894 1034 1096 1075 nonnulla

47 1093 129 1136 ‘vin
155 1096 378 1147 aperiatur,
413 1099 454 1136 et
473 1097 646 1136 materia
675 1097 767 1148 ipsa
793 1097 1095 1148 aliquantulum

44 1154 277 1209 adigeretur
292 1188 301 1206 ,
324 1162 526 1209 quantum
555 1158 654 1198 satis
673 1158 725 1198 sit
743 1162 789 1197 ut
808 1160 1096 1211 unusquisque

47 1227 137 1273 ;pro
160 1223 285 1271 captu
299 1231 375 1261 suo
394 1220 501 1261 circa
514 1220 628 1260 illam
651 1219 884 1262 discurrere
901 1232 951 1262 ac
965 1221 1097 1262 medi-

45 1279 139 1323 orari
150 1282 295 1335 possit.

46 1374 145 1423 reo·
169 1378 271 1423 hane
287 1378 512 1422 methodum
530 1379 711 1421 omnibus
734 1378 832 1422 vitoe
857 1380 1095 1434 spiritualis

251 1442 425 1484 statibus
451 1440 554 1485 satie
577 1442 786 1495 provisum
813 1453 908 1483 esse.

113 1529 157 1571 9.
182 1528 254 1571 Ad
275 1526 439 1571 tertium
473 1528 665 1583 objectum
698 1530 746 1570 in
772 1539 881 1571 num.
907 1531 946 1570 1.
965 1548 1019 1562 --
1037 1531 1095 1572 In

45 1590 381 1644 ·eontemptatione
398 1590 466 1633 via
485 1596 522 1633 et
541 1591 737 1634 terminus
751 1591 1026 1646 reperiuntur.
1042 1614 1096 1625 —-

45 1653 246 1695 'Tandem
270 1653 366 1692 hinc
383 1653 510 1694 etiam
531 1658 708 1702 constat,
730 1654 843 1708 quod
862 1655 981 1696 tertio
1004 1656 1094 1697 loco

46 1714 103 1757 {in
136 1725 258 1756 num.
277 1717 303 1756 2
322 1717 629 1768 proposuimus,
658 1727 736 1769 per
766 1716 892 1767 hanc,
921 1715 1095 1767 scilicet,

46 1776 353 1819 exercitiorum
374 1778 593 1826 rationem,
619 1778 804 1818 omnium
824 1777 998 1819 statibus
1016 1791 1093 1820 scu

45 1836 275 1879 ‹ordinihus
292 1840 547 1880 sufficienter
568 1839 782 1891 provisum
801 1851 908 1890 csse,
926 1842 1095 1882 satisfit-

44 1909 143 1952 ·que
161 1899 283 1940 facile
308 1899 439 1942 tertiae
460 1900 687 1940 difficultati
705 1901 748 1940 in
775 1901 979 1954 principio
999 1913 1043 1942 n.
1068 1903 1090 1943 1

45 1963 204 2010 *tactae3
225 1973 311 2002 non
324 1962 435 2002 enim
452 1962 629 2002 omissus
646 1961 724 2002 fuit
742 1963 784 2002 in
804 1962 869 2002 his
886 1963 1094 2004 exercitiis

46 2021 228 2063 ·ultimus
246 2023 402 2075 gradus
419 2023 794 2075 contemplationis,
813 2024 890 2065 sed
914 2025 1094 2064 traditus

61 2083 127 2126 vel
150 2083 385 2125 insinuatus
413 2084 505 2132 fuit,
527 2089 731 2135 quantum
756 2094 836 2136 per
861 2084 1095 2126 humanam

45 2143 306 2187 ‘industriam
335 2145 428 2186 fieri
459 2146 721 2198 expediebat.
755 2144 861 2187 Nam
892 2147 1095 2198 imprimis

43 2211 208 2261 oquarta
234 2205 514 2255 hebdomada,
538 2219 629 2258 quae
649 2211 714 2248 est
738 2206 792 2248 de
822 2208 971 2248 Christi
1004 2209 1096 2260 glo-

46 2269 138 2320 mia,
159 2274 201 2310 et
219 2268 372 2321 gaudio
391 2268 720 2318 resurrectionis,
746 2267 802 2309 ad
828 2268 940 2308 viam
969 2268 1095 2310 uniti·

46 2341 156 2372 r‘tram
174 2328 353 2383 pertinet
368 2341 382 2381 3
402 2342 489 2370 non
509 2330 622 2371 enim
637 2329 694 2370 ad
711 2340 875 2371 morum
897 2330 1094 2371 emenda-

46 2391 219 2434 ¹tionem
237 2396 310 2432 aut
333 2391 565 2445 profectum
586 2391 741 2432 directe
769 2392 997 2439 ordinatur,
1016 2391 1094 2434 sed

46 2453 117 2494 .ad
135 2465 253 2507 spem
273 2457 314 2494 et
330 2465 518 2494 amorem
534 2452 798 2494 excitandum
817 2464 958 2494 rerum
973 2458 1094 2494 eeter-

44 2524 228 2564 marum,
249 2514 362 2556 etad
378 2514 714 2568 participandum
736 2514 781 2557 in
811 2515 890 2555 hac
915 2514 999 2555 vita
1016 2514 1095 2554 ali-

45 2593 49 2613 ι
65 2587 146 2631 quo
161 2575 288 2617 modo
304 2581 480 2618 :sternas
496 2575 679 2627 deliciae,
691 2574 735 2617 in
748 2576 845 2617 aula
861 2575 1005 2618 mentis
1021 2588 1094 2617 va·

45 2637 196 2681 ·eando
210 2637 362 2680 divinae
381 2638 613 2691 sapientiae,
633 2643 680 2679 ut
696 2649 822 2679 serm.
843 2640 884 2687 8,
906 2636 961 2678 de
978 2637 1093 2691 Jeju-

65 2699 147 2750 nio,
164 2701 247 2741 Leo
266 2698 376 2752 Papa
392 2698 507 2740 dixit.
526 2698 683 2740 Deinde
701 2699 745 2739 in
762 2699 846 2741 fine
864 2699 977 2739 illius
994 2698 1095 2740 heb·

43 2780 49 2800 ι
66 2761 251 2805 demades
277 2761 418 2816 addita
437 2766 501 2802 est
519 2761 812 2813 contemp'stio
832 2760 887 2801 ad
905 2770 1094 2802 amorem

44 2838 49 2861 ι
67 2823 317 2878 spiritualem
337 2824 382 2865 in
399 2823 520 2865 nohis
536 2823 815 2871 excitandum,
834 2821 946 2875 quod
966 2822 1094 2862 maxi-

46 2899 49 2917 ·
67 2895 133 2926 me
149 2886 331 2940 pertinet
350 2885 404 2926 ad
428 2884 836 2939 contemplationem.
859 2885 930 2925 Est
951 2889 1096 2924 autem

43 2960 49 2986 ι
68 2946 478 2991 animadvertendum
507 2946 554 2987 in
583 2946 666 2988 hoc
685 2945 821 2998 gradu
836 2946 1095 2997 contempla-

44 3007 185 3049 ¹tionis
216 3020 293 3051 seu
323 3009 402 3050 viee
434 3008 604 3050 unitivae
637 3008 981 3060 distinguendum
1000 3018 1100 3048 esse

43 3075 49 3108 ι’
69 3067 226 3112 initium
246 3071 353 3123 ejus,
376 3082 451 3110 seu
470 3074 604 3111 totum
624 3070 667 3110 id
684 3070 799 3121 quod
815 3069 944 3109 habet
968 3068 1095 3110 ratio-

41 3140 163 3172 tnem
187 3131 264 3173 vise
279 3162 290 3182 ,
310 3143 335 3172 a
365 3131 541 3172 termino
565 3130 636 3183 qui
663 3135 726 3171 est
742 3131 840 3183 {ipsa
867 3129 969 3170 unio
998 3143 1096 3172 cum

42 3187 50 3231 Ι
69 3189 151 3234 Deo
164 3223 179 3244 ,
205 3204 301 3234 cum
322 3193 505 3245 quadam
523 3193 651 3234 veluti
671 3192 844 3244 simplici
875 3192 1094 3233 intuitione

43 3260 49 3284 ¹
70 3253 260 3307 veritatis.
283 3254 390 3294 Nam
409 3254 453 3293 in
473 3253 602 3307 priori
618 3258 734 3307 parte
754 3254 879 3306 huius
901 3253 977 3294 viae
1007 3265 1092 3294 ser-

41 3321 50 3346 ³
69 3314 203 3357 venda
219 3318 283 3355 est
301 3314 450 3355 eadem
467 3314 600 3355 torma
618 3316 766 3355 orandi
784 3326 834 3355 ac
848 3314 1090 3366 meditandi,

40 3384 50 3421 1
71 3382 163 3430 quae
186 3378 232 3418 in
262 3376 422 3417 caeterls
448 3380 649 3425 servatur,
669 3378 813 3430 paucis
841 3376 1024 3426 mutatis,
1053 3379 1095 3418 et

39 3435 420 3480 tmommodando
445 3438 662 3478 materiam
697 3448 822 3490 scopo
857 3440 898 3478 et
925 3437 1000 3477 tini
1031 3437 1095 3478 in·-

40 3497 209 3549 ostentm
228 3500 273 3542 in
288 3499 505 3554 posteriori
531 3506 672 3540 autem
697 3504 815 3551 parte
843 3499 958 3538 nulla
981 3503 1095 3540 certa

40 3549 50 3598 i
73 3555 205 3600 fdfma
233 3561 301 3602 vel
325 3560 475 3601 modus
503 3559 714 3614 praescribi
737 3564 888 3613 potest,
916 3561 1015 3612 quia
1050 3561 1093 3600 in

39 3627 49 3659 ι
75 3617 373 3674 nuntiet-simo
399 3625 498 3666 actu
525 3622 727 3673 consistit,
750 3622 964 3675 magisque
988 3623 1092 3664 reci*

614 229 708 266 ffl-
727 228 786 266 vt.
804 228 864 267 nit
880 228 994 268 nm
1008 226 1088 266 sm
1107 225 1304 266 {arnono
1322 226 1641 268 mmmmm&

1154 292 1307 345 piendo
1336 306 1463 347 quam
1482 293 1733 348 inquirendo
1750 293 1977 347 perficitur,
1997 297 2188 347 quamvis

1155 358 1393 408 cooperatio
1411 358 1592 396 hominis
1611 369 1697 397 non
1718 357 1974 398 excludatur.
1996 358 2082 398 Hac
2109 357 2188 411 igi-⁴

1153 419 1220 456 tur
1238 419 1400 458 ratione
1427 419 1472 458 P.
1505 419 1554 459 N.
1581 420 1781 470 IgnatiuS,
1805 419 2043 472 attingendo
2074 419 2187 463 hunc

1154 478 1331 527 gradum
1365 479 1556 518 ultimum
1593 481 1952 532 contemplationis
1968 511 1978 530 ,
2007 493 2058 522 ea
2091 491 2186 534 quae

1151 540 1362 591 pertinent
1392 541 1446 580 ad
1470 540 1636 580 initium
1656 543 1759 593 ejus,
1788 547 1829 583 et
1851 543 1902 583 ad
1930 543 2110 583 formam
2145 548 2189 585 et

1151 602 1374 641 materiam
1407 602 1452 641 in
1471 602 1542 642 illo
1564 604 1812 643 servandam
1834 609 1874 644 et
1896 606 2187 657 applicandam

1153 663 1405 704 sufficienter
1424 664 1664 715 proposuit,
1686 669 1987 718 contentusque
2012 669 2088 708 fuit
2108 681 2186 720 po-

1152 726 1293 766 nendo
1315 726 1524 778 sapientes
1542 726 1587 765 in
1606 726 1693 774 via‘,
1716 738 1813 765 nam
1839 729 1952 778 quod
1979 730 2186 781 reliquum

1152 792 1217 828 est
1240 789 1374 841 magis
1402 788 1457 828 ad
1493 788 1783 840 magisterium
1827 789 2001 840 Spiritus
2047 792 2187 832 Sancti

1143 860 1279 901 vquam
1295 850 1477 890 hominis
1495 855 1670 902 spectat,
1691 850 1868 901 ideoque
1888 851 1939 889 de
1957 851 2047 902 ipsa
2067 853 2188 892 unio-

1151 922 1205 950 ne
1234 923 1331 951 cum
1359 913 1459 960 Deo,
1483 912 1595 951 etde
1615 912 1705 963 ipso
1733 916 1828 952 actu
1858 912 2058 965 simplicis
2087 925 2188 956 con-

1149 971 1430 1024 templationis
1451 986 1585 1024 pauca
1602 974 1720 1014 dtxit.

1205 1037 1272 1075 10.
1302 1035 1358 1075 B.
1384 1036 1577 1088 Iynatias
1599 1033 1643 1077 de
1667 1037 1734 1076 oia
1761 1034 2104 1087 contemplationis
2117 1048 2189 1090 po·

1149 1094 1351 1137 tissimum
1370 1097 1582 1138 instrnoeit.
1602 1118 1657 1128 -
1672 1098 1722 1136 Et
1739 1097 1791 1136 ob
1810 1098 2001 1137 eamdem
2018 1111 2188 1139 causam

1150 1158 1363 1210 potissime
1383 1171 1460 1198 nos
1480 1159 1619 1198 docuit
1639 1160 1794 1198 versari
1813 1160 1922 1199 circa
1939 1159 2084 1199 Christi
2107 1161 2189 1199 hu-

1149 1220 1408 1269 manitatem,
1440 1219 1537 1272 quia
1555 1221 1623 1259 illa
1651 1223 1713 1259 est
1737 1221 1887 1260 ostium
1910 1233 1984 1273 per
2003 1221 2116 1272 quod
2135 1221 2189 1261 ad

1149 1283 1406 1323 divinitatem
1438 1285 1756 1334 introducimur,
1789 1286 1909 1325 Joan.
1938 1287 2001 1334 10,
2033 1286 2084 1326 de
2105 1297 2187 1338 quo

1149 1346 1281 1384 videri
1300 1349 1436 1397 potest
1454 1347 1760 1396 Bonaventura,
1787 1358 1928 1398 opusc.
1950 1347 2002 1387 de
2022 1348 2189 1399 Septem
2215 1365 2218 1366 ⁷

1148 1407 1364 1447 itineribus
1384 1408 1625 1448 aeternitatis
1643 1439 1655 1457 ,
1687 1412 1787 1448 sect.
1816 1411 1834 1447 1
1859 1414 1899 1448 et
1919 1410 1970 1459 33
1992 1409 2186 1449 Richard.

1147 1468 1201 1508 de
1220 1469 1262 1509 S.
1284 1469 1454 1518 Victor„
1475 1470 1547 1508 lib.
1569 1472 1617 1518 5,
1639 1470 1690 1509 de
1711 1470 2001 1522 Contemplat.,
2023 1483 2115 1523 cap.
2137 1473 2187 1511 12

1150 1534 1192 1571 et
1208 1536 1397 1584 sequent.
1415 1545 1426 1580 ;
1447 1536 1489 1572 et
1507 1532 1684 1582 Blosius,
1704 1533 1748 1572 in
1768 1533 1933 1573 Canone
1960 1535 2052 1573 vitae
2075 1534 2191 1585 spiri-

1148 1594 1288 1643 tualis,
1316 1607 1352 1634 c.
1379 1596 1448 1643 21,
1477 1594 1551 1634 ubi
1579 1597 1673 1646 post
1705 1595 1905 1634 nonnulla
1940 1596 2190 1635 documenta

1150 1656 1260 1695 circa
1286 1654 1601 1696 meditationem
1630 1657 1835 1708 passionis
1856 1657 2001 1696 Christi
2022 1658 2190 1697 conclu-

1148 1716 1209 1756 dit
1240 1730 1250 1756 z
1286 1716 1547 1770 Sapradictis
1573 1717 1702 1769 iyitar
1733 1719 1958 1758 rationibus
1990 1731 2131 1771 occupa
2155 1722 2192 1761 te

1143 1791 1220 1832 pro
1240 1783 1306 1820 tao
1321 1779 1475 1820 modulo
1493 1780 1600 1820 circa
1620 1780 1905 1821 humanitatem
1921 1779 2090 1826 Christ&
2107 1781 2189 1821 noeo

1146 1845 1313 1884 mentem
1330 1845 1442 1884 tuam
1460 1841 1522 1882 ita
1535 1841 1758 1893 possideat,
1778 1845 1823 1882 at
1847 1842 2041 1893 quidquid
2061 1843 2190 1894 plean-

1144 1906 1369 1944 tasmatum
1396 1902 1558 1944 aliunde
1587 1903 1728 1943 vitiose
1754 1914 1797 1943 se
1827 1902 2063 1954 inqesserit,
2095 1914 2192 1944 mox

1146 1964 1370 2013 dissipetur
1380 1979 1396 2009 ,·
1419 1963 1519 2002 Ιιαησ
1537 1961 1647 2015 eliye,
1673 1964 1716 2001 in
1736 1973 1815 2014 qna
1835 1966 1948 2003 tatas
1967 1964 2191 2015 requiescas

1145 2025 1338 2077 quamdin
1352 2024 1406 2063 ad
1417 2023 1568 2063 altiora
1582 2034 1662 2063 ozon
1674 2024 1916 2074 proveheris.
1937 2025 2074 2067 Navis
2088 2027 2192 2066 enim

1147 2088 1207 2128 est
1223 2096 1304 2138 qna
1321 2094 1432 2127 mare
1444 2083 1567 2127 secali
1587 2085 1710 2134 nujus
1726 2085 1831 2125 eitra
1853 2085 2078 2137 periculam
2095 2098 2190 2137 per-

1146 2148 1325 2189 transire
1341 2175 1351 2193 ,
1381 2151 1498 2200 atque
1516 2147 1573 2188 ad
1594 2146 1746 2188 beatam
1766 2147 1884 2186 illam
1898 2148 2081 2197 patriam
2098 2148 2190 2198 feli-

1149 2212 1212 2250 ter
1244 2206 1449 2260 pervenire
1483 2207 1650 2259 poteris.
1704 2206 1954 2259 Quamquam
1991 2209 2191 2250 Dominus

1148 2270 1269 2311 etiam
1286 2273 1324 2311 te
1341 2270 1408 2310 Ιιὶσ
1422 2269 1679 2320 navigantem
1699 2280 1739 2309 eo
1754 2269 1967 2322 aliquando
1984 2271 2090 2318 sorte
2103 2282 2189 2311 sas-

1149 2331 1273 2378 tollet‚
1301 2330 1368 2371 ubi
1394 2330 1442 2371 ab
1470 2331 1649 2371 omnibus
1665 2341 1801 2371 reram
1822 2331 1971 2379 formis
1990 2335 2107 2383 atque
2128 2332 2189 2372 si-

1145 2391 1342 2434 mazam-is
1354 2393 1465 2433 intus
1480 2392 1708 2439 nudaberis,
1724 2392 1829 2432 abia
1843 2392 1979 2443 teipso
1993 2393 2186 2444 deficiens,

1145 2454 1316 2505 feliciter
1333 2454 1527 2494 transibis
1547 2454 1593 2493 in
1610 2454 1769 2500 Deum,·
1789 2464 1830 2493 eo
1849 2454 2048 2494 interdum
2069 2455 2188 2495 a'eda-

1146 2518 1206 2556 cet
1228 2519 1265 2557 te
1285 2525 1428 2556 mantas·
1456 2514 1635 2563 Domini,
1666 2517 1704 2554 st
1722 2515 1937 2567 expedierit
1956 2519 2002 2555 ut
2019 2518 2190 2567 tempore

1146 2575 1270 2628 tainus
1296 2576 1413 2618 emilii
1444 2586 1485 2616 eo
1507 2575 1762 2627 perducaris;
1787 2576 1828 2615 si
1849 2587 1927 2616 non
1954 2578 2185 2628 expedierit,

1145 2646 1226 2678 ‘non
1240 2636 1483 2690 perduceris.
1508 2636 1625 2676 Unde
1645 2636 1914 2688 intelligimus
1938 2637 2045 2677 hanc
2069 2638 2188 2689 spiri-

1147 2697 1305 2740 tualem
1324 2703 1455 2739 artem
1473 2697 1527 2737 ad
1544 2710 1754 2738 summum
1773 2711 1895 2750 posse
1916 2711 1992 2738 nos
2009 2700 2186 2751 dirigere

1145 2762 1257 2801 circa
1276 2760 1590 2800 meditationem
1611 2760 1880 2799 humanitatis
1900 2761 2045 2801 Christi
2065 2792 2076 2811 ,
2109 2762 2186 2802 suh

1145 2832 1233 2874 qua
1253 2822 1551 2874 comprehendi
1574 2826 1709 2872 potest
1729 2823 1862 2860 omnis
1882 2823 2053 2862 elevatio
2071 2835 2187 2863 men-

1147 2883 1200 2924 tis
1212 2884 1472 2924 exere-<ituris
1487 2883 1540 2922 ad
1556 2884 1710 2933 Deum3
1725 2895 1823 2922 nam
1841 2884 1953 2934 quod
1970 2884 2039 2923 alti
2047 2897 2092 2923 us
2108 2888 2184 2933 est,

1147 2957 1234 2987 non
1251 2946 1359 2986 cadit
1380 2945 1458 2984 sub
1482 2946 1710 2984 humanam
1731 2945 1978 2984 industriam
1997 2957 2007 2993 3
2036 2949 2078 2985 et
2095 2946 2188 2985 ideo

1145 3012 1290 3048 monet
1304 3007 1418 3047 idem
1437 3007 1599 3046 Blosius
1612 3036 1629 3056 ‚
1660 3006 1703 3046 in
1722 3007 1888 3058 Specul.
1913 3007 2043 3058 spirit.
2057 3037 2070 3056 ,
2093 3019 2185 3057 cap.

1148 3069 1371 3109 undecimo
1390 3097 1402 3117 ‚
1431 3081 1504 3108 eos
1521 3069 1669 3118 etiam,
1701 3068 1772 3119 qui
1792 3068 1959 3120 speciali
1983 3067 2116 3118 gratia
2134 3065 2187 3105 ad

1149 3132 1348 3170 unionem
1362 3142 1457 3170 cum
1474 3131 1558 3170 Deo
1574 3130 1804 3179 elevantur,
1822 3133 2009 3169 cessante
2026 3128 2094 3166 illa
2112 3126 2186 3166 Dei

1150 3193 1406 3244 operatione,
1423 3192 1579 3231 debere
1594 3191 1732 3231 statim
1748 3202 1960 3231 resumere
1976 3189 2186 3240 propriam

1147 3255 1351 3295 actionem
1373 3256 1413 3294 et
1434 3258 1596 3294 sanctas
1623 3254 1841 3306 imagines,
1872 3252 1913 3291 id
1932 3255 2007 3300 est,
2028 3251 2082 3290 ad
2100 3251 2185 3289 offi-

1147 3316 1259 3358 cium
1276 3316 1557 3356 meditationis
1576 3315 1728 3362 redire,
1755 3326 1808 3354 ne
1830 3313 1911 3353 otio
1931 3313 2180 3364 torpescant.

1147 3378 1209 3418 Ob
1242 3378 1351 3417 hanc
1383 3389 1482 3429 ergo
1514 3384 1683 3418 causam
1714 3376 1802 3415 haec
1833 3374 2023 3414 exercitia
2050 3373 2094 3412 in
2118 3371 2182 3411 his

1148 3439 1486 3480 meditationibus
1507 3438 1720 3491 potissime
1736 3437 1942 3475 insistunt.

1203 3502 1267 3541 11.
1278 3501 1376 3544 Non
1396 3504 1527 3542 tamen
1543 3500 1768 3541 determino
1786 3499 1872 3549 ejas
1888 3499 2086 3535 instruere
2100 3505 2179 3535 om-

1145 3563 1243 3603 nino
1251 3563 1589 3614 proetermisit.—
1601 3561 1683 3605 Vae
1695 3564 1777 3602 tres
1786 3556 2179 3610 paryativa,itlumi-

1145 3625 1302 3674 nativa,
1311 3626 1347 3666 et
1357 3623 1530 3670 anitiae,
1540 3621 1734 3676 permiste
1745 3617 2077 3663 enervanda—Si
2085 3617 2178 3671 quis
