2352 3880
150 305 239 349 late
264 300 511 344 venundatur
530 314 626 341 cum
657 302 903 342 transituad
932 302 1061 343 aliam
1084 304 1177 344 reli-

139 362 346 418 &oneum
378 363 516 403 nullus
548 363 659 402 enim
698 364 791 414 cogi
821 366 952 415 potest
989 363 1041 404 md
1067 364 1178 405 hunc

147 426 384 471 hammum,
405 436 480 464 nec
494 424 630 475 aliqua
648 424 793 476 religio
805 424 981 466 invitum
998 425 1179 478 aliquem

149 485 344 537 recipiet·
333 515 346 535 ,
383 497 479 525 cum
499 489 638 526 tamen
667 486 845 526 conditio
870 488 1102 527 necessaria
1125 488 1177 529 ad

150 546 261 588 bunc
281 547 500 587 transitum
523 548 575 586 sit
599 546 767 586 alterius
779 547 994 598 religionis
1009 561 1177 589 consen·-

149 619 232 656 sus,
247 611 293 646 ut
309 608 354 647 in
381 608 524 647 eadem
555 608 672 647 Bulla
689 609 872 659 Gregorii
902 610 1173 661 exprimitur3

149 674 245 709 tunc
280 682 380 720 ergo
401 682 496 709 cum
526 670 702 710 Societas
728 670 852 710 habet
865 671 936 722 jus
966 675 1006 711 et
1037 684 1176 712 causas

148 730 375 782 expellendi
385 731 753 783 professum,etiam
765 732 1034 771 reluctantem
1039 736 1096 781 ,et
1108 733 1176 773 ille

147 803 229 832 non
252 793 340 832 vult
367 794 587 832 transitum
612 793 664 832 ad
688 793 813 831 aliam
835 792 1078 843 religionem
1110 805 1176 833 ac·

146 857 320 905 ceptare,
335 855 485 906 poterit
498 856 676 894 Societas
686 853 803 892 illum
814 865 958 904 cogere
975 858 1022 893 ut
1040 859 1172 905 exeat,

146 919 382 955 nontamen
411 916 593 955 absolute
617 916 836 966 praecipere
865 919 912 955 ut
929 916 1173 967 religionem

145 975 265 1018 filiam
283 977 567 1028 ingrediatur3
589 975 659 1015 sed
675 975 803 1015 semel
819 975 1007 1016 dimissus
1023 979 1174 1029 poterit

143 1039 188 1078 in
204 1038 337 1078 seculo
360 1048 540 1083 manere,
565 1036 671 1075 sicut
690 1036 762 1076 alii
781 1038 954 1089 expulsi,
975 1043 1022 1078 ut
1034 1040 1172 1080 statim

141 1099 301 1139 dicetur
320 1099 450 1149 capite
481 1098 682 1149 sequenti,
702 1110 727 1138 a
742 1109 786 1138 n.
809 1099 849 1138 5.
872 1099 915 1140 Si
935 1108 1073 1140 autem
1102 1101 1174 1141 ille

141 1163 321 1210 acceptet
346 1159 566 1199 transitum
595 1159 649 1198 ad
670 1158 914 1210 religionem
943 1161 1140 1203 laxiorem
1155 1192 1170 1211 ,

140 1221 292 1272 poterit
308 1219 488 1260 Societas
496 1220 617 1259 :illum
634 1220 888 1271 permittere,
901 1222 1009 1273 quod
1029 1226 1090 1261 cst
1104 1234 1173 1274 pe-

141 1281 293 1322 culiare
308 1281 570 1333 privilegium
590 1282 694 1332 ejuS‚
714 1282 817 1322 adeo
838 1287 882 1321 ut
901 1283 1058 1324 caeteris
1079 1283 1173 1323 reli·

137 1342 329 1395 gionibus
343 1343 555 1395 probibeat
566 1342 621 1382 ibi
644 1355 830 1395 expresse
846 1345 1032 1385 Pontifex
1048 1345 1175 1397 parti·

137 1404 382 1456 cipationem
400 1405 501 1455 ejus,
519 1416 594 1456 per
612 1405 722 1445 viam
751 1405 956 1455 generalis
985 1418 1173 1446 commu·

139 1466 355 1506 nicationis
386 1466 710 1517 privilegiorum.
749 1467 855 1506 Hinc
878 1467 1004 1507 etiam
1039 1472 1171 1519 potest

136 1527 314 1568 Societas
340 1527 650 1579 delinquentem
670 1527 898 1578 professum
925 1540 1011 1569 non
1029 1529 1170 1569 exclu-

137 1589 249 1636 dere,
269 1588 340 1629 sed
354 1589 473 1629 aliter
491 1589 599 1629 intra
612 1601 728 1628 suam
744 1590 987 1641 religionem
1002 1591 1168 1643 punire,

135 1654 177 1691 et
189 1656 489 1702 consequenter
505 1650 567 1690 illi
586 1651 795 1702 optionem
827 1653 940 1701 dare,
956 1655 1004 1691 ut
1031 1651 1096 1692 vel
1125 1652 1171 1692 in

139 1711 208 1752 tali
225 1713 467 1764 poenitentia
494 1713 605 1753 intra
627 1713 873 1753 Societatem
903 1717 1084 1762 maneat,
1104 1713 1172 1753 vel

137 1775 188 1815 ad
203 1775 327 1815 talem
357 1775 603 1826 religionem
634 1776 760 1815 etiam
791 1777 1071 1825 austeriorem,
1104 1776 1172 1816 vel

138 1837 269 1888 magis
283 1837 507 1877 solitariam
525 1842 721 1886 transeat,
741 1839 897 1878 namin
915 1838 992 1877 hoc
1011 1837 1171 1878 nullam

137 1898 232 1938 lucit
246 1899 459 1950 injuriam,
473 1911 550 1939 nec
569 1900 757 1950 iniquam
772 1900 1022 1939 coactionem
1038 1910 1051 1950 3
1072 1911 1170 1939 nam

136 1959 259 2000 babet
289 1961 354 2011 jus
372 1961 570 2011 puniendi
589 1961 784 2001 delictum
820 1961 891 2000 illo
919 1962 1042 2001 modo
1061 1962 1172 2001 intra

137 2033 256 2061 suum
278 2022 481 2071 ordinem,
498 2026 541 2062 et
555 2027 687 2074 potest
703 2025 813 2075 juste
823 2023 931 2062 nolle
947 2023 1169 2062 concedere

137 2082 370 2122 libertatem
389 2083 555 2123 vivendi
586 2084 633 2123 in
657 2085 794 2124 seculo
816 2090 982 2135 propter
1000 2084 1170 2124 vitanda

136 2143 342 2192 scandala,
362 2143 429 2183 vel
456 2144 671 2184 infamiam
706 2146 932 2196 religionis,
951 2146 1014 2185 vel
1035 2146 1170 2196 majus

135 2204 292 2246 malum
323 2205 452 2256 ipsius
487 2205 694 2257 religiosi3
724 2218 824 2257 ergo
843 2206 1102 2246 concedendo
1118 2205 1171 2246 il-

135 2266 219 2306 lam
234 2266 474 2318 optionem,
493 2269 630 2320 potius
655 2267 834 2319 henigne
851 2268 942 2318 agit
965 2278 1092 2320 quam
1106 2278 1172 2308 se·

136 2339 244 2370 vere.

182 2391 229 2431 8.
254 2389 410 2444 Nequit
424 2393 632 2447 professus
649 2393 773 2433 etiam
793 2392 926 2433 volem
940 2392 1094 2433 dimitti
1118 2393 1175 2435 ad

137 2451 309 2493 seculum
329 2455 415 2493 sisne
434 2464 572 2494 causa.
587 2472 641 2485 -·
656 2453 745 2495 Nec
760 2454 883 2494 etiam
908 2454 1101 2496 nolentem
1119 2454 1175 2496 ad

137 2513 261 2555 altam
287 2514 519 2565 relz'yz'onem
538 2515 897 2555 transmitti—At
923 2527 1019 2555 vero
1037 2527 1172 2569 quan-

138 2574 190 2615 do
221 2587 305 2615 non
325 2576 498 2615 subsunt
519 2587 652 2616 causae
673 2589 750 2617 nec
771 2576 920 2617 delicta
952 2577 1007 2618 ad
1034 2578 1172 2630 expel-

140 2636 303 2677 lendum
325 2638 554 2689 professum
587 2638 781 2686 invitum,
803 2639 917 2679 nulio
949 2639 1074 2679 modo
1101 2652 1171 2692 po·

141 2703 213 2739 test
229 2699 406 2739 Societas
427 2699 546 2739 illum
565 2711 592 2739 a
613 2712 656 2740 se
672 2700 888 2753 expellere,
909 2703 1007 2740 utin
1033 2701 1171 2742 seculo

142 2764 318 2810 maneat,
341 2761 504 2802 etiamsi
521 2761 609 2812 ipse
628 2762 882 2811 consentiat-3
901 2763 995 2814 quia
1015 2774 1091 2802 nec
1107 2764 1170 2814 ju·

138 2833 182 2861 re
200 2822 409 2861 communi
427 2827 489 2862 est
501 2822 592 2862 haec
610 2828 787 2874 potestas
811 2825 855 2863 in
874 2824 1143 2875 religionibus
1155 2853 1168 2874 ,

141 2886 186 2922 ut
201 2894 323 2934 supra
338 2884 473 2924 visum
500 2888 581 2932 est,
599 2895 675 2924 nec
696 2897 770 2937 per
789 2885 895 2925 hanc
914 2886 1077 2926 Bullam
1102 2884 1170 2926 vel

138 2942 238 2983 alias
266 2943 360 2982 data
388 2948 449 2983 est
483 2945 711 2996 specialiter
743 2947 958 2994 Societati;
991 2958 1091 2987 nam
1123 2947 1171 2988 in

138 3004 328 3044 omnibus
345 3004 394 3043 fit
411 3006 565 3046 mentio
590 3007 644 3047 de
659 3008 839 3046 transitu
857 3007 909 3047 ad
929 3007 1054 3048 aliam
1073 3007 1167 3048 reli-

138 3067 319 3117 gionem,
339 3077 427 3106 non
445 3066 499 3106 de
531 3068 645 3107 exitu
669 3069 922 3120 simpliciter.
942 3069 1046 3109 Item
1071 3070 1171 3121 quia

138 3128 220 3168 alio
240 3127 362 3167 mode
377 3126 499 3176 facta,
516 3133 622 3168 esset
644 3129 936 3169 irrationabilis
951 3130 1047 3170 talis
1066 3132 1169 3181 eJ‘ec·

137 3190 210 3238 tio,
226 3190 330 3229 etin
351 3189 643 3228 detrimentum
675 3195 805 3230 status
831 3184 1012 3243 religiosi
1026 3202 1040 3241 3
1057 3192 1168 3244 quod

138 3251 172 3290 si
181 3249 318 3290 subsit
330 3261 451 3289 causa
468 3249 746 3301 dispensandi,
761 3251 812 3291 ad
830 3252 1068 3291 Pontificem
1080 3265 1169 3303 per-

137 3312 300 3353 tinebit.
316 3312 400 3351 Nec
421 3312 545 3351 etiam
572 3316 703 3364 potest
729 3313 774 3352 in
792 3325 841 3352 eo
862 3326 961 3353 casu
989 3315 1168 3355 Societas

139 3386 281 3426 cogere
294 3373 523 3426 professum
543 3386 680 3423 suum,
694 3378 746 3414 ‘nt
762 3374 815 3414 ad
834 3374 959 3414 aliam
987 3379 1168 3416 transeat

140 3436 398 3486 religionem,
415 3436 451 3475 si
468 3435 586 3486 nolit,
607 3437 705 3488 quia
731 3447 810 3476 ¹nec
827 3435 1010 3475 absolute
1036 3441 1169 3489 potest

139 3498 290 3537 directe
300 3509 470 3549 ›otger-e,
486 3501 535 3537 ut
553 3509 578 3536 a
594 3497 755 3538 fortiori
775 3501 892 3550 'patet
907 3509 960 3538 ex
984 3497 1103 3538 dictis
1121 3499 1167 3540 in

139 3560 328 3611 monimo
338 3563 498 3612 puncto
509 3559 672 3599 numeri
685 3559 964 3611 praecedentis,
974 3570 1048 3598 nec
1062 3560 1171 3601 indi·

140 3624 264 3672 recte,
280 3621 361 3663 sub
381 3622 521 3676 aliqua
534 3622 778 3667 conditione
795 3632 971 3664 ouemsa
988 3634 1079 3676 quae
1097 3633 1170 3665 ex-

369 267 375 275 .
447 237 527 272 un
548 237 605 271 xi
624 236 684 270 nn
698 236 766 278 a,
788 236 860 278 Qut
877 235 958 271 pn
977 235 1423 274 mammeri-rus
1443 240 1473 274 A
1490 231 1721 276 mma
1728 217 2016 289 ”MR-

1232 305 1351 345 cedat
1367 314 1486 344 suum
1506 305 1758 357 regularem
1765 301 1934 354 vivenfli·
1942 303 2136 364 modum,
2156 293 2265 368 iffi&
2283 296 2297 341 s
2342 320 2350 368 ⁴„

1229 367 1395 406 nullum
1415 364 1569 406 habet
1553 379 1621 418 Jus
1635 367 1761 407 illam·
1754 359 2050 422 itnPont-liffi‘
2164 375 2166 377 ’
2240 373 2243 386 ⁴

1284 428 1481 478 9.1gitnr
1497 428 1630 468 solum
1649 433 1780 480 potest
1793 429 2003 471 licentiam
2020 430 2120 476 diste
2134 434 2173 476 evi
2190 434 2263 489 qi'fi
2288 426 2305 435 ”
2344 457 2352 482 .·

1231 489 1317 530 vult
1334 489 1507 529 transire
1523 489 1575 529 ad
1595 489 1720 529 aliam
1737 490 1995 542 religionem.
2026 489 2142 540 Hauc
2162 505 2261 537 vero
2303 500 2352 539 5⁵¹.

1230 554 1415 602 respectu
1441 550 1653 591 strictioris
1673 551 1792 592 facile
1818 557 1952 604 potest
1968 553 2065 595 dare
2085 565 2099 606 3
2125 557 2263 598 existi-
2311 551 2352 604 ,Ἴ

1230 624 1298 651 mo
1317 615 1455 651 tamen
1474 612 1653 663 practice
1681 617 1721 652 et
1753 613 1806 652 ad
1825 613 1936 654 hunc
1958 613 2083 655 finem
2104 615 2262 660 nullam
2314 611 2326 651 '2-
2348 616 2352 651 i

1230 673 1378 713 dehere
1393 673 1579 725 judicare
1589 674 1832 715 strictiorem
1843 676 1910 716 vel
1926 676 2187 727 severiorem,
2198 689 2263 727 re-
2301 652 2352 762 'gal

1231 735 1305 774 bus
1329 738 1376 774 ut
1408 747 1520 775 nunc
1554 735 1769 786 stantibus,
1797 741 1949 789 praeter
1982 738 2261 790 carthusiam,
2315 731 2352 804 ,ᾖ

1231 796 1326 847 quia
1345 808 1420 835 nec
1438 797 1654 836 Pontifices
1673 796 1798 837 aliam
1811 799 2037 850 excipiunt,
2055 813 2130 840 nec
2141 800 2262 842 facile
2315 807 2327 855 ,ᾖ
2346 847 2347 850 ¹

1230 858 1408 898 inveniri
1430 859 1595 909 poterit,
1616 859 1651 898 si
1669 859 1810 899 omnia
1828 865 2061 912 spectentur
2079 873 2171 913 quae
2191 874 2261 903 su·
2304 855 2329 882 '⁴²
2346 851 2352 902 Ῐ

1228 932 1317 971 pra,
1330 920 1380 959 de
1397 921 1532 971 rigore
1542 920 1696 972 regulae
1708 921 1935 970 societatis,
1950 921 2023 961 lib.
2038 923 2077 970 1,
2090 935 2126 962 c.
2136 924 2182 971 9,
2193 934 2262 964 ex·
2319 942 2329 955 ε
2349 956 2352 957 ⁷

1228 981 1485 1033 plicavimus.
1501 982 1562 1022 Ad
1578 982 1758 1022 dandam
1782 994 1880 1034 ergo
1900 983 2109 1023 licentiam
2125 987 2261 1025 trans-

1228 1042 1353 1082 eundi
1397 1043 1449 1082 ad
1482 1055 1785 1095 quamcumque
1827 1044 1952 1083 aliam
1983 1044 2228 1096 religionem
2244 1075 2262 1096 ‚

1227 1115 1378 1155 magna
1397 1116 1519 1144 causa
1547 1106 1776 1145 necessaria
1796 1109 1871 1153 est,
1884 1110 2082 1158 tantoque
2112 1107 2262 1158 maior,
2312 1119 2330 1160 j.

1226 1174 1380 1218 quanto
1398 1167 1542 1217 religio
1558 1167 1696 1206 minus
1715 1168 1842 1208 fuerit
1859 1167 2039 1220 perfecta
2056 1168 2123 1209 vel
2149 1168 2264 1209 strie-
2322 1171 2336 1223 ᾗ

1226 1231 1280 1268 ta.
1303 1229 1406 1276 Quia
1422 1229 1466 1268 iu
1490 1230 1568 1269 hoc
1584 1228 1882 1270 consulendum
1901 1229 2105 1282 imprimis
2121 1233 2182 1270 est
2197 1241 2266 1271 re·
2328 1224 2330 1234 ¹

1226 1288 1389 1340 ligioni,
1412 1302 1504 1341 quae
1537 1290 1834 1331 detrimentum
1864 1291 2034 1343 patitur,
2061 1290 2162 1331 dum
2180 1290 2264 1344 pri-

1227 1354 1348 1390 vatur
1366 1351 1543 1402 quodam
1578 1352 1765 1391 membro
1786 1353 1870 1403 jam
1902 1355 2186 1392 consummato
2223 1357 2267 1392 et

1226 1413 1421 1463 perfecto,
1434 1418 1474 1453 et
1488 1413 1681 1453 omnibus
1696 1413 1906 1454 laboribus
1914 1418 1955 1453 et
1971 1414 2157 1466 expensis
2168 1425 2264 1454 cum
2331 1463 2335 1466 γ

1224 1473 1295 1512 illo
1315 1475 1583 1524 consumptis.
1604 1474 1760 1514 Deinde
1778 1475 1905 1515 etiam
1926 1475 2035 1514 bono
2052 1476 2184 1526 ‘ipsius
2201 1486 2265 1515 re-

1224 1533 1375 1585 ligiosi,
1406 1546 1459 1574 ne
1487 1535 1607 1575 detur
1626 1535 1688 1574 illi
1707 1537 1865 1575 occasio
1891 1540 1943 1576 ut
1968 1537 2148 1576 deterius
2162 1541 2236 1575 aut

1225 1596 1363 1635 minus
1377 1596 1555 1648 perfecte
1569 1597 1694 1636 vivat.
1715 1597 1846 1648 Igitur
1865 1599 2019 1650 optima
2033 1610 2156 1638 cansa
2167 1598 2261 1647 erit,

1225 1660 1266 1696 et
1282 1657 1368 1696 fere
1388 1658 1527 1706 unica,
1548 1658 1582 1697 si
1599 1658 1651 1697 ad
1676 1658 1905 1698 ministeria
1924 1659 2136 1698 Societatis
2154 1659 2262 1710 quis-

1226 1719 1337 1769 piam
1355 1719 1562 1770 judicetur
1574 1719 1748 1769 inutilis,
1771 1720 1884 1772 quia,
1902 1720 2053 1760 scilicet
2071 1725 2131 1759 est
2143 1719 2264 1761 inha·
2329 1720 2333 1726 '

1226 1778 1334 1828 bilis,
1353 1780 1419 1819 vel
1437 1781 1536 1832 quia
1560 1793 1647 1820 non
1678 1781 1923 1833 applicatur,
1943 1793 2020 1822 nec
2050 1781 2264 1823 moraliter

1225 1841 1421 1892 applicari
1439 1847 1584 1894 potest,
1605 1844 1692 1883 sine
1710 1844 1857 1895 majori
1877 1856 1951 1883 suo
1980 1844 2229 1884 detrimento
2247 1857 2263 1894 3

1226 1907 1325 1941 tunc
1355 1904 1466 1942 enim
1499 1915 1549 1943 ex
1580 1916 1783 1944 consensu
1806 1905 2016 1956 utriusque
2043 1905 2170 1956 partis
2189 1915 2263 1957 po-

1224 1964 1319 2002 terit
1333 1963 1422 2004 fieri
1441 1964 1663 2004 divortium
1681 1977 1754 2016 per
1765 1966 1984 2005 transitum
2001 1966 2261 2017 praedictum3
2331 1991 2334 2000 ν

1224 2027 1265 2063 et
1284 2025 1335 2063 ad
1356 2025 1434 2064 hoc
1448 2030 1511 2064 est
1530 2026 1731 2065 sufficiens
1748 2027 1971 2067 auctoritas
1994 2027 2041 2067 in
2059 2027 2262 2068 Societate

1224 2097 1249 2125 a
1264 2085 1462 2138 Gregorio
1483 2088 1573 2127 Xlll
1593 2099 1793 2127 concessa.

1277 2149 1342 2188 10.
1358 2149 1414 2188 In
1430 2147 1618 2191 Generalz'
1633 2150 1780 2189 residet
1797 2148 1979 2198 facultas
2004 2145 2190 2200 ejiciendi
2200 2147 2265 2190 vel

1225 2209 1526 2251 transmittendi
1540 2211 1771 2262 professum
1786 2220 1834 2251 ex
1849 2221 1984 2251 causa.
1998 2210 2180 2251 —Hano
2196 2214 2263 2260 fa·

1226 2271 1412 2313 cultatem
1447 2271 1624 2322 deleyare
1642 2274 1850 2322 potesa-
1869 2271 1916 2312 In
1944 2271 2092 2323 quibus
2122 2276 2262 2312 autem
2328 2311 2338 2322 ,

1225 2334 1409 2386 personis
1437 2333 1646 2372 Societatis
1662 2333 1714 2371 sit
1744 2332 1830 2372 haec
1850 2332 2084 2382 auctoritas,
2107 2343 2159 2372 ex
2187 2332 2262 2373 eis·
2327 2348 2352 2381 2

1224 2395 1319 2435 dem
1339 2394 1543 2446 rescriptis
1560 2393 1781 2434 Pontificiis
1792 2393 2054 2434 manifestum
2068 2398 2142 2434 est.
2156 2394 2260 2436 Nam
2310 2423 2313 2427 ι
2324 2390 2352 2447 ,²

1224 2456 1333 2496 solus
1353 2456 1599 2507 Praepositus
1618 2455 1821 2507 generalis
1846 2456 1891 2496 in
1906 2456 1968 2495 eis
2000 2455 2258 2505 nominatur,
2323 2460 2352 2505 «ἒ.

1225 2517 1344 2570 eique
1380 2517 1552 2557 facultas
1578 2517 1669 2557 haec
1706 2516 1943 2557 conceditur
1959 2527 1973 2567 3
1992 2516 2129 2556 nullus
2161 2526 2262 2568 ergo
2318 2531 2352 2572 'fai

1225 2579 1331 2619 alius
1351 2579 1613 2629 Praepositus‚
1640 2579 1725 2618 sive
1759 2577 2035 2630 provincialis,
2050 2577 2136 2616 sive
2152 2576 2261 2617 loca-
2320 2575 2352 2613 :³-

1225 2640 1298 2689 lis,
1331 2641 1426 2691 Jure
1456 2639 1667 2679 ordinario
1703 2638 1811 2679 hanc
1846 2637 1970 2679 habet
1994 2639 2255 2690 potestatem
2330 2634 2352 2699 ἰ

1223 2701 1324 2753 quia
1342 2713 1441 2741 vero
1471 2701 1517 2741 in
1546 2700 1752 2753 praedictis
1779 2699 1908 2739 Bullis
1931 2710 2015 2740 nou
2040 2697 2259 2748 restringi-
2307 2731 2352 2760 Ὺ,

1225 2766 1296 2803 tur
1323 2762 1410 2803 haec
1439 2762 1628 2811 facultas,
1660 2765 1712 2800 ut
1741 2759 1972 2800 necessario
2002 2758 2150 2799 debeat
2183 2767 2260 2812 per
2315 2753 2352 2794 2⁴

1223 2825 1358 2876 ipsum
1392 2824 1635 2863 Generalem
1654 2822 1891 2861 immediate
1919 2820 2114 2868 exerceri,
2131 2819 2191 2859 ita
2208 2823 2262 2860 ut
2314 2858 2346 2880 r,

1224 2885 1462 2936 delegabilis
1481 2896 1564 2923 non
1584 2884 1659 2930 sit,
1680 2883 1773 2922 ideo
1786 2894 1869 2922 non
1888 2885 1949 2921 est
1966 2881 2138 2920 dubium
2152 2880 2256 2933 quin
2324 2922 2333 2942 ,‹2

1223 2946 1350 2998 possit
1368 2945 1482 2984 illam
1507 2944 1598 2984 aliis
1617 2943 1820 2994 delegare,
1832 2947 1880 2982 ut
1898 2953 2085 2994 expresse
2102 2952 2261 2994 suppo·
2308 2943 2342 2994 „†'‘·

1224 3006 1338 3046 nitur
1358 3005 1536 3045 secunda
1556 3010 1670 3057 parte
1685 3004 2047 3052 Constitutionum‚
2067 3014 2104 3042 c.
2126 3004 2167 3051 1,
2187 3001 2252 3042 lit.
2307 2998 2345 3057 ἵν

1223 3067 1268 3117 G,
1295 3067 1368 3106 ubi
1400 3068 1581 3115 additur,
1601 3067 1734 3106 rarius
1762 3077 1848 3106 esse
1877 3065 1985 3106 hanc
2011 3067 2255 3116 potestatem
2306 3115 2307 3118 Ἴ
2334 3062 2343 3069 ”

1223 3130 1606 3169 communicandam
1644 3127 1907 3168 inferioribus
1932 3126 2184 3178 PraepositiS,
2213 3126 2256 3166 ὥ
2333 3126 2337 3130 ’

1223 3202 1308 3231 non
1330 3191 1409 3231 nisi
1435 3192 1480 3230 in
1513 3190 1693 3244 speciali,
1714 3196 1756 3231 et
1771 3193 1986 3242 postquam
2009 3198 2074 3236 res
2109 3186 2160 3226 ad
2174 3184 2255 3225 Ge-

1221 3252 1404 3292 neralem
1431 3257 1535 3292 esset
1561 3252 1712 3301 delata,
1732 3255 1774 3291 et
1789 3250 1907 3303 gravi
1930 3247 2254 3291 consideratione
2311 3300 2313 3302 η

1225 3326 1402 3366 expensa
1415 3315 1534 3355 foret.
2330 3306 2340 3322 '

1275 3376 1569 3428 11.Arqwitm·
1585 3374 1757 3417 residu-e
1774 3374 1895 3416 etiam
1908 3371 1956 3413 in
1972 3367 2251 3424 Gom-emto·
2292 3387 2296 3390 -
2327 3387 2329 3391 ·

1222 3449 1270 3479 ne
1282 3438 1458 3493 yenerali
1462 3437 1671 3478 .—Soium
1686 3435 1868 3476 dubitari
1885 3436 2019 3487 potest
2035 3443 2091 3472 an
2107 3429 2253 3472 *Socie-
2285 3478 2291 3485 „

1221 3503 1285 3540 tas
1312 3503 1399 3540 tota
1434 3498 1584 3539 habeat
1611 3499 1722 3539 hanc
1754 3499 2012 3550 potestatem,
2026 3492 2176 3539 ἱὼυῠῐ,
2193 3497 2252 3534 an

1224 3560 1494 3612 Congregatio
1513 3559 1716 3613 generalis
1743 3557 1860 3598 issam
1874 3555 2039 3603 habeut,
2052 3551 2152 3592 dive
2176 3557 2289 3607 cons

1223 3628 1345 3676 gutur
1360 3624 1526 3667 vivente
1553 3619 1758 3674 canenti,
1779 3619 1866 3676 ³559
1883 3616 2180 3702 sededvamte,
2196 3609 2268 3654 Β·
