2352 3880
43 276 50 297 c
92 304 95 305 ’
124 296 208 339 ima
229 295 373 348 quinta
402 305 453 334 ex
485 293 732 342 fusioribus;
757 293 946 345 quamvis
967 292 1078 332 enim

136 358 188 398 de
207 357 360 409 pueris,
385 355 518 407 quiin.
540 356 736 406 religione
763 355 995 394 educantur
1025 353 1078 394 ad

29 291 322 525 {sitentium
342 418 384 456 in
403 417 488 466 illa,
508 417 702 469 loquitur,
739 419 878 455 tamen
899 415 953 455 ad
970 427 1074 462 rem,

117 491 198 532 qua
224 478 402 529 agimus,
425 479 578 529 optime
603 477 968 516 accommodantur
987 487 997 514 :
1019 477 1076 517 Il-

38 533 118 597 ¹,jud
131 551 277 592 quoque
293 539 454 590 (inquit)
475 539 798 579 considerandum
816 542 889 585 est,
909 542 954 578 ut
971 539 1075 578 litte-

49 612 182 649 nmcm
203 602 474 642 commentatio
490 601 676 640 instituto
695 605 828 640 nostro
849 601 1075 641 conveniens

43 663 124 713 eit,
141 666 186 702 ut
207 665 244 702 et
267 663 457 712 mayistri
477 661 625 702 scilicet
652 663 851 702 vocabulis
876 662 918 703 in
949 660 1074 702 sacris

53 723 197 765 litteris
214 723 380 762 usitatis
398 723 506 772 apud
517 721 625 773 ipsos
649 727 819 763 utantur
830 739 847 769 ,·
863 729 897 763 et
919 724 997 763 loco
1012 725 1076 773 fa-

7 829 10 834 ,
46 773 228 843 :balurum
247 784 437 824 historias
452 796 586 824 rerum
602 783 840 825 mirabiliter
854 797 878 824 a
895 786 974 824 Deo
991 796 1076 835 qes-

45 847 178 889 Jarum
191 845 293 895 ipsis
309 846 534 894 denarrent,
546 847 712 898 itemque
726 848 897 896 sumptis
913 858 959 886 etc
971 846 1074 887 Pro-

46 908 188 952 -mbiis
207 908 409 948 sententiis
428 909 481 947 ad
495 909 682 948 virtutem
701 911 899 950 erudiant.

97 969 135 1010 8.
167 969 270 1009 Item
295 981 342 1009 etc
371 970 558 1010 humanis
578 971 742 1022 leyibus.
760 992 811 1001 —
827 972 911 1010 Nec
940 970 1074 1009 solum

48 1030 194 1072 sanctis
214 1030 399 1069 Patribus
419 1044 466 1069 ac
489 1032 679 1078 decretis,
699 1033 771 1071 sed
787 1032 910 1071 etiam
928 1031 1075 1070 huma-

48 1091 109 1133 nis
130 1092 432 1143 legislatoribus
453 1093 539 1132 haec
559 1106 657 1132 cura
684 1093 774 1141 fuit,
798 1097 958 1132 servata
983 1104 1075 1143 pro-

47 1153 245 1207 portione.
275 1155 375 1192 Nam
396 1154 618 1204 Ulpianus,
642 1154 684 1192 in
715 1154 797 1203 leg.
824 1153 1002 1201 Coeteroe,
1031 1155 1072 1201 4,

47 1213 88 1255 ff.
110 1214 286 1254 Familiae
310 1215 575 1263 erciscundae,
596 1215 731 1266 quoad
752 1215 831 1254 hoc
862 1218 1075 1266 comparat

46 1275 152 1316 mala
179 1276 503 1324 medicamenta,
528 1289 691 1316 venena
708 1306 718 1324 ‚
752 1279 792 1315 et
823 1277 950 1316 libros
971 1289 1069 1327 quo.v

48 1340 162 1377 vocat
179 1338 364 1388 improboe
383 1338 563 1378 lectionis
576 1354 592 1383 ,·
612 1349 704 1389 quae
727 1338 866 1376 omnia
885 1339 1075 1388 protinus

47 1396 140 1438 dicit
169 1410 258 1437 esse
284 1399 588 1451 corrumpenda
612 1400 747 1439 officio
767 1400 867 1439 boni
894 1404 933 1439 et
954 1401 1076 1439 inno-

46 1459 172 1501 centis
187 1460 351 1511 judicis.
371 1462 482 1500 Plato
505 1461 644 1508 etiam,
667 1462 738 1500 lib.
769 1462 792 1500 7
812 1461 862 1500 de
878 1461 1072 1511 Legibus,

45 1524 256 1573 poetarum
278 1522 426 1570 libros,
462 1523 531 1574 qui
561 1523 612 1561 de
639 1523 722 1561 Diis
742 1523 826 1561 suis
846 1522 1074 1572 irreligiose

44 1581 156 1634 loqui
175 1583 433 1632 videbantur,
454 1585 788 1623 exterminandos
808 1598 830 1623 a
848 1585 1076 1635 Republica

44 1645 215 1685 censuit.
233 1646 348 1686 Unde
366 1650 476 1686 recte
495 1647 594 1686 dixit
612 1647 838 1695 Simancas,
859 1646 910 1685 de
930 1647 1074 1686 Catho-

43 1704 131 1746 licis
153 1707 296 1754 instit.,
318 1707 376 1746 tit.
396 1708 462 1754 38,
481 1720 565 1747 non
583 1709 717 1747 solum
738 1720 844 1747 verae
863 1708 1074 1759 religionis

44 1768 236 1815 cultores,
254 1769 326 1808 sed
349 1770 470 1808 etiam
494 1783 578 1818 eos,
598 1771 669 1821 qui
689 1783 926 1821 perversam
947 1775 1072 1819 atque

43 1829 210 1881 impiam
242 1831 484 1882 religionem
515 1833 758 1882 suscipiunt,
780 1833 906 1870 libros
926 1831 1072 1870 noxios

43 1889 241 1933 damnare
268 1892 424 1941 solere;
455 1893 566 1942 quod
594 1893 809 1943 multiplici
842 1892 1074 1931 eruditione

42 1950 126 1992 late
143 1953 381 2000 confirmat,
407 1957 448 1992 et
474 1954 596 1993 latius
614 1954 685 1992 lib.
708 1954 732 1992 3
752 1954 804 1993 de
828 1953 1068 2005 Republica,

44 2025 131 2068 cap.
153 2014 352 2065 vigesimo
371 2018 502 2054 sexto.

94 2140 281 2185 Secunda
304 2143 488 2190 assertio,
523 2144 568 2184 de
599 2141 742 2185 mediis
774 2144 830 2186 ad
858 2143 1017 2185 litteras

405 2207 702 2256 promovendas.

93 2314 134 2357 9.
164 2316 370 2358 Posterior
397 2327 496 2368 pars·
525 2317 623 2351 unde
650 2311 780 2362 possit
801 2313 993 2351 constare.
1020 2331 1072 2341 —

43 2376 230 2418 Secundo
252 2376 469 2412 dicendum
488 2374 563 2420 est,
583 2384 665 2410 non
688 2373 834 2410 minori
852 2372 1071 2423 prudentia

43 2437 206 2478 definita
222 2446 311 2473 esse
327 2447 375 2472 ac
393 2437 542 2472 statuta
561 2434 600 2470 in
620 2433 821 2472 Societate
837 2434 1072 2473 necessaria

40 2497 192 2543 media,
224 2508 314 2546 quae
342 2495 395 2533 ad
418 2494 757 2532 scholasticorum
781 2499 821 2533 et
847 2506 1071 2545 puerorum

42 2558 316 2600 eruditionem
346 2564 579 2607 opportuna
609 2567 698 2594 esse
732 2560 920 2607 possunt,
957 2560 998 2594 et
1029 2556 1070 2594 in

43 2619 156 2673 praxi
192 2622 424 2657 servantur.
458 2618 544 2657 Hoc
576 2617 782 2668 posterius
815 2617 1071 2668 experientia

43 2685 228 2722 constare
247 2684 406 2732 potest3
430 2692 524 2718 cum
557 2682 667 2718 enim
694 2680 747 2718 ad
766 2679 919 2718 factum
950 2679 1071 2730 perti-

45 2748 152 2792 neat,
163 2742 286 2782 aliam
300 2742 584 2793 probationem
605 2746 759 2780 certam
780 2754 861 2780 non
879 2741 1069 2789 admittit,

45 2804 120 2845 nisi
144 2804 247 2843 fides
269 2804 459 2842 scribenti
481 2803 737 2842 adhibeatur.
763 2804 984 2842 Possumus
1004 2813 1072 2841 ve-

45 2877 91 2907 ro
114 2865 267 2905 addere
292 2866 490 2904 moralem
511 2866 844 2916 persuasionem;
868 2876 966 2903 nam
986 2864 1072 2903 haec

45 2926 193 2975 media,
215 2937 305 2976 quae
336 2931 526 2977 respectu
557 2927 806 2965 'scholarium
836 2926 968 2965 solum
989 2938 1072 2964 res-

47 2985 198 3040 piciunt
215 2988 408 3026 doctrinae
429 2988 622 3036 fructum,
640 2993 830 3039 respectu
847 2991 1070 3039 praecepto·

47 3059 136 3088 rum
159 3049 365 3100 pertinent
385 3050 436 3087 ad
466 3050 598 3089 honos
631 3054 672 3090 et
698 3051 914 3101 religiosos
936 3061 1072 3088 mores

49 3119 200 3149 eorum.
225 3111 326 3148 Nam
347 3112 496 3150 statuta
516 3111 582 3150 illa
598 3140 610 3159 ,
631 3111 675 3150 in
702 3111 852 3162 quihus
880 3112 967 3149 haec
988 3122 1073 3149 me-

29 3167 114 3222 s-‚dia
133 3169 407 3219 continentur,
428 3183 522 3221 pars
542 3172 733 3223 quaedam
755 3174 850 3211 sunt
878 3171 986 3209 illius
1010 3183 1073 3211 re-

42 3229 167 3287 gulae,
184 3242 274 3280 quae
292 3242 313 3268 a
335 3231 482 3270 talibus
500 3234 687 3283 personis
709 3235 761 3273 ad
777 3233 1072 3285 perfectionem

38 3290 341 3342 'flcquirendam
361 3292 615 3333 observanda
636 3298 721 3343 est;
742 3301 782 3335 et
798 3296 890 3334 ideo
910 3298 992 3332 tam
1007 3305 1074 3332 ac-

40 3355 187 3400 putate
205 3356 417 3392 servantur
436 3365 559 3404 quam
583 3368 856 3408 quaecumque
877 3356 957 3395 alia
976 3366 1073 3406 per-

41 3408 233 3469 ‚iectionis
260 3414 416 3465 regula,
445 3415 543 3464 quia
565 3416 747 3457 divinum
766 3416 1074 3469 beneplacitum

46 3474 93 3520 {et
107 3473 323 3512 consilium
352 3487 469 3525 aeque
491 3487 564 3526 per
584 3476 649 3515 illa
676 3481 931 3530 proponitur.
962 3476 1075 3514 Prior

3 3570 8 3574 .
53 3535 185 3573 autem
203 3546 299 3585 pars
331 3547 382 3576 ex
406 3535 563 3575 eisdem
582 3536 947 3579 Constitutionibus
963 3536 1077 3576 acci-

48 3592 201 3645 *pianda
221 3600 297 3636 est.

259 3676 339 3705 xu-

490 229 583 263 CAP-
602 228 659 263 vt.
678 228 735 262 AN
755 229 812 263 AD
834 226 1048 261 EXTERNOS
1069 225 1367 261 SGHOLASTmos
1390 228 1658 271 ERUDIENDOS,
1681 228 1773 265 E'rc.

1592 93 1610 108 Q

2083 230 2163 273 833

1187 294 1249 332 10.
1283 295 1409 333 Prior
1427 296 1559 335 tribus
1578 296 1722 337 mediis
1740 296 1975 338 ostenditur.
1989 317 2046 329 —
2065 299 2163 342 Pri-

1134 365 1238 394 mum
1257 355 1442 401 medium,
1463 357 1712 406 sufficientia
1733 363 1769 399 et
1785 360 1860 400 dili
1861 362 2000 412 ⁸centia
2017 361 2164 416 maffia·-

1132 418 1301 456 trorum.
1319 437 1372 445 --
1390 415 1573 454 Primum
1591 418 1716 468 igitur
1733 432 1782 459 ac
1802 422 2054 473 praecipuum
2075 435 2163 464 me-

1132 476 1245 515 dium
1274 477 1397 527 hujus
1415 477 1569 527 negotii
1591 484 1652 517 est
1669 480 1850 530 ipsorum
1869 486 2164 536 magistrorum

1131 539 1375 578 sufficientia
1392 550 1440 576 ac
1459 538 1686 590 diligentia,
1704 546 1747 580 ut
1764 543 1808 581 in
1829 556 1918 596 cap.
1942 547 2162 597 superiori,

1130 611 1173 639 n.
1193 601 1231 645 3,
1251 603 1404 639 tactum
1429 605 1505 646 est,
1528 604 1567 638 et
1587 613 1660 651 per
1682 613 1726 640 se
1748 608 1809 642 est
1827 607 1926 644 satis
1946 613 2104 656 notum,
2123 612 2165 650 et

1130 661 1394 700 observatum
1419 661 1471 699 ab
1489 662 1681 700 omnibus
1702 663 1906 713 Conciliis,
1930 667 2100 716 ibidem,
2121 669 2164 710 in

1129 735 1173 762 n.
1197 723 1338 773 quinto
1370 726 1410 761 et
1442 723 1603 762 decim'o
1625 724 1776 769 citatis,
1802 736 1893 774 quae
1919 726 1969 764 de
1991 727 2069 766 hoc
2087 730 2165 768 mi-

1129 784 1298 823 nisterio
1319 788 1560 823 tractarunt.
1579 785 1622 823 In
1639 790 1785 828 (marta
1807 798 1905 835 ergo
1928 791 2042 836 parte
2062 790 2166 829 Con-

1129 845 1414 892 stitutionum,
1443 858 1532 895 cap.
1554 846 1594 892 6,
1614 845 1637 898 §
1658 847 1697 889 6,
1719 846 1775 885 sic
1796 847 1942 886 dicitur
1965 858 1975 885 ε
1998 849 2165 896 Profes-

1128 917 1237 947 sores
1256 908 1338 946 sice
1365 908 1410 947 de
1445 906 1646 947 Societate
1671 908 1736 947 illi
1766 910 1864 955 sint,
1893 910 1975 949 sire
1994 911 2161 960 aeterni,

1129 968 1342 1020 optandum
1363 971 1435 1013 est,
1456 972 1501 1006 ut
1519 969 1636 1016 docti,
1659 969 1868 1020 diliyerztes
1887 975 1922 1010 et
1941 972 2114 1018 assidui,
2129 976 2165 1012 et

1125 1032 1326 1079 profectus
1345 1028 1604 1078 studentium,
1624 1033 1704 1069 tam
1727 1032 1771 1070 in
1790 1032 2021 1072 lectionibus
2046 1045 2165 1083 quam

1129 1090 1174 1129 in
1209 1091 1305 1130 aliis
1344 1090 1574 1131 litterarum
1612 1094 1961 1134 exercitationibus
1992 1096 2087 1135 stud
2105 1096 2165 1135 osi

1127 1151 1225 1193 sint.
1261 1152 1303 1189 In
1327 1152 1476 1202 quibus
1505 1153 1639 1191 verbis
1660 1155 1813 1198 omnia,
1847 1167 1938 1206 quae
1969 1169 2020 1195 ex
2049 1160 2164 1208 parte

1129 1214 1396 1265 praeceptoris
1423 1214 1647 1254 desiderari
1670 1221 1857 1267 possunt,
1890 1219 2162 1269 attinguntur.

1129 1276 1174 1315 In
1196 1275 1475 1314 declaratione
1495 1289 1611 1325 vero,
1643 1281 1687 1316 ut
1715 1279 1848 1329 major
1866 1281 2002 1318 cautio
2023 1280 2065 1318 in
2087 1281 2166 1320 hoc

1130 1337 1348 1384 habeatur,
1372 1338 1537 1376 additur
1557 1342 1602 1377 ut
1622 1339 1710 1378 sine
1732 1341 2031 1390 approbatione
2053 1347 2093 1381 et
2108 1342 2167 1380 fa·

1130 1400 1281 1438 cultatc
1299 1400 1579 1446 provincialis,
1603 1401 1740 1439 nullus
1760 1402 1922 1453 publice
1942 1403 2067 1455 legat,
2087 1404 2164 1442 nisi

1129 1461 1195 1499 vel
1216 1461 1268 1499 ad
1286 1465 1465 1512 tempus,
1497 1462 1756 1501 necessitatis
1778 1464 1923 1515 gratia,
1945 1467 1984 1502 et
2002 1466 2043 1501 in
2062 1465 2166 1503 clas-

1131 1522 1243 1561 sibus
1258 1523 1533 1562 inferioribus.
1553 1525 1709 1563 Rursus
1726 1526 1765 1563 in
1789 1538 1879 1576 cap.
1900 1526 2162 1573 duodecimo,

1127 1584 1151 1635 ξ
1166 1586 1201 1630 1,
1222 1584 1272 1623 de
1289 1585 1515 1636 Theologia
1535 1585 1684 1624 dicitur
1700 1596 1711 1624 t
1728 1587 1780 1626 In
1798 1588 1898 1627 banc
1910 1589 2166 1638 potissimum

1127 1644 1352 1686 ,Societatis
1371 1646 1654 1687 universitates
1673 1649 1911 1694 incumbent,
1934 1661 1979 1688 ac
1998 1650 2166 1696 diliqerz-

1129 1711 1189 1747 ter
1204 1720 1276 1759 per
1295 1709 1449 1749 idoneos
1469 1711 1674 1749 admodum
1695 1715 1971 1760 praeceptores.
1989 1712 2046 1748 De
2065 1710 2167 1748 infe-

1127 1768 1305 1805 rioribus
1327 1779 1422 1805 vero
1438 1768 1635 1806 doctrinis
1653 1767 1818 1806 additur
1835 1781 1843 1806 Δ
1860 1770 2025 1809 Harum
2043 1774 2164 1811 etiam

1127 1828 1256 1868 idonei
1290 1830 1565 1879 professores,
1598 1833 1633 1868 et
1670 1831 1826 1880 quidem
1852 1831 1968 1881 justo
2003 1844 2164 1872 numero

1128 1890 1438 1929 constituantur.
1474 1890 1531 1928 De
1562 1890 1710 1929 mediis
1745 1903 1844 1930 vero
1876 1892 2058 1931 scientiis
2090 1905 2165 1932 seu

1127 1950 1282 1988 artibus
1303 1950 1452 1988 dicitur
1473 1950 1496 2002 ξ
1516 1952 1561 1990 3:
1586 1951 1672 1998 Qua
1694 1952 1907 2003 diliqentia
1930 1966 2009 2005 par
2025 1959 2096 2000 est,
2128 1958 2164 1995 et

1124 2023 1196 2064 per
1218 2012 1392 2051 eruditos
1420 2018 1682 2063 praeceptores
1712 2015 1942 2054 tradantur.
1977 2016 2162 2067 Denique

1124 2084 1216 2123 cap.
1245 2073 1509 2121 duodecimo,
1530 2073 1553 2126 ἓ
1574 2075 1597 2113 3
1617 2085 1627 2113 :
1658 2076 1854 2126 Magistri
1882 2076 2078 2126 (dicitur)
2102 2079 2164 2117 di-

1121 2134 1229 2174 versi
1245 2147 1318 2185 pro
1343 2140 1463 2186 captu
1499 2142 1535 2175 et
1562 2149 1721 2177 numero
1743 2138 1990 2179 audientium
2018 2139 2164 2180 consti·

1125 2196 1308 2239 tuantur,
1336 2194 1405 2243 qui
1432 2194 1587 2243 quidem
1612 2197 1830 2245 profectum.
1851 2201 2163 2251 uniuscujusque

1125 2263 1172 2291 etc
1205 2254 1292 2292 suis
1326 2254 1579 2295 scholasticis
1612 2257 1820 2306 speciatim
1848 2265 2075 2308 procurent.
2117 2263 2163 2300 Et

1126 2313 1196 2361 ibi,
1211 2314 1250 2351 in
1269 2314 1571 2363 Declaratione,
1595 2317 1646 2356 de
1667 2323 1965 2370 praeceptorum
1987 2334 2160 2361 numero

1128 2386 1176 2414 ac
1197 2376 1398 2416 divisione
1428 2377 1620 2416 classium
1642 2379 1861 2431 diligenter
1881 2383 2098 2432 statuitur,
2122 2389 2161 2423 et

1127 2442 1358 2476 consonant
1378 2450 1443 2485 ea,
1466 2451 1557 2489 quae
1583 2440 1627 2478 in
1647 2453 1693 2480 re
1722 2442 1842 2480 simili
1865 2448 2100 2483 statuuntur
2119 2445 2160 2483 in

1126 2498 1304 2537 Concilio
1333 2500 1588 2547 Tridentino,
1611 2514 1713 2542 sess.
1739 2504 1936 2555 vigesima
1958 2507 2093 2552 tertia,
2121 2519 2156 2545 c.

1126 2560 1285 2599 decimo
1310 2564 1469 2609 octavo,
1496 2563 1547 2602 de
1568 2564 1811 2614 Reformat.,
1835 2567 1909 2615 ibi,
1932 2569 2001 2607 Itos
2016 2581 2159 2619 pueros

1125 2621 1351 2672 Episcopus
1385 2626 1428 2662 in
1461 2628 1519 2664 tot
1545 2626 1714 2673 classes,
1752 2633 1846 2679 quot
1878 2629 1914 2668 ei
1943 2630 2158 2676 videbitur,

1126 2682 1301 2731 divisos,
1322 2684 1447 2733 juxta
1478 2698 1610 2725 eorum
1648 2701 1869 2737 numerum,
1895 2693 2001 2736 etc.;
2034 2695 2158 2740 atque

1126 2743 1181 2782 ita
1212 2745 1252 2782 in
1289 2745 1364 2784 hac
1386 2750 1503 2797 parte
1534 2748 1637 2787 nulli
1654 2749 1788 2789 labori
1807 2751 1872 2790 vel
1893 2751 2010 2790 oneri
2028 2751 2165 2803 parcit

1127 2804 1321 2846 Societas.

1181 2868 1244 2905 11.
1277 2867 1503 2908 Secundum
1522 2871 1708 2918 medium,
1730 2871 1934 2911 methodus
1952 2876 1988 2912 et
2006 2873 2098 2912 ordo
2114 2873 2159 2912 in

1126 2928 1623 2969 docenda—Secundum
1657 2932 1839 2971 medium
1871 2933 2052 2972 maxime
2085 2945 2157 2973 ne-

1126 2991 1352 3029 cessarium
1376 2992 1429 3043 ad
1456 2994 1731 3033 erudiendum
1766 3006 1860 3034 cum
1887 2995 2021 3035 fructu
2042 2995 2159 3034 disci-

1125 3052 1260 3102 puIOS,
1281 3055 1342 3091 est
1362 3053 1462 3093 ordo
1482 3067 1530 3094 ac
1549 3056 1784 3101 methodus,
1804 3060 1891 3095 tum
1911 3057 1952 3094 in
1973 3057 2158 3096 doctrina

1125 3112 1354 3161 tradenda,
1385 3119 1472 3155 tum
1500 3117 1624 3156 etiam
1655 3118 1698 3155 in
1734 3118 2082 3168 disputationibus
2119 3121 2159 3156 et

1127 3174 1318 3214 omnihus
1338 3176 1544 3216 litterariis
1564 3179 1782 3226 exercitiis,
1797 3183 1836 3218 et
1850 3179 2158 3230 praelectionum

1126 3236 1409 3286 recognitione
1445 3239 1552 3279 circa
1588 3252 1637 3279 ea
1669 3251 1760 3290 quae
1786 3251 1809 3278 a
1838 3239 2158 3291 praeceptoribus

1126 3296 1275 3335 tradita
1305 3304 1423 3349 sunt,
1457 3305 1496 3340 et
1518 3301 1560 3339 in
1582 3300 1819 3339 adhibenda
1851 3300 2080 3351 diligentia,
2116 3300 2158 3335 ut

1129 3358 1363 3399 scholastici
1406 3363 1596 3413 privatim
1642 3362 1868 3408 studeant,
1903 3361 1969 3400 vel
2005 3357 2159 3407 aliquid

1128 3422 1431 3471 componendo,
1456 3424 1522 3463 vel
1540 3423 1792 3474 repetendo,
1813 3425 1886 3460 aut
1908 3417 2157 3459 conferendo

1129 3492 1177 3520 ea
1206 3494 1299 3533 quae
1321 3485 1556 3532 audierunt,
1590 3495 1683 3536 quae
1720 3482 1860 3523 omnia
1889 3482 1930 3519 in
1964 3479 2157 3530 praedicto

1131 3554 1221 3593 cap.
1246 3544 1407 3585 decimo
1431 3547 1551 3587 tertio
1565 3575 1575 3592 ,
1598 3544 1710 3597 quod
1730 3547 1792 3582 est
1809 3541 1859 3580 de
1890 3540 2012 3579 modo
2033 3541 2074 3578 et
2093 3551 2159 3578 or-

1132 3602 1228 3643 dine
1247 3608 1468 3658 praedietas
1495 3607 1712 3650 facultates
1743 3600 1960 3649 tractandi,
1989 3611 2159 3641 accura-

1897 3671 1950 3711 233
