2352 3880
383 247 479 285 GAP.
499 247 564 286 xl.
585 248 644 285 DE
661 246 954 286 PAUPERTATE
972 247 1019 283 IN
1040 246 1245 284 COMMUNI
1263 248 1581 285 COLLEGIORUM
1599 246 1873 292 SOCOETATIS,
1891 245 1990 286 ETC.

139 309 424 364 temporalium
452 323 615 360 1·erum;
644 321 743 361 ergo
767 310 892 349 etiam
912 310 956 350 in
985 309 1166 360 collegiis

136 375 355 424 paupertas
383 371 582 412 servanda
613 375 672 411 est
706 370 799 410 vitae
839 370 1165 423 contemplativa)

136 433 455 473 accommodata.
493 433 545 473 Et
563 432 842 479 confirmatur,
867 444 989 481 nam,
1023 437 1071 471 nt
1093 446 1164 472 ex-

135 494 337 546 perientia
360 494 491 541 docet,
519 493 650 533 nimia
678 493 818 544 inopia
843 493 944 532 solet
963 494 1162 545 impedire

134 554 365 596 litterarum
378 554 573 603 studium,
589 555 938 605 quemadmodum
954 555 1162 607 eleganter

133 618 344 670 proposuit
357 617 550 665 Alciatus,
583 616 837 656 Emblemate
864 618 957 666 120,
976 622 1016 657 et
1039 629 1162 668 expo-

132 678 215 717 suit
230 677 383 718 ibidem
399 676 602 717 Claudius.
619 676 736 717 Unde
753 677 797 717 in
815 689 850 717 c.
872 679 1158 731 Emtirpandoe,

131 738 182 778 de
201 739 409 780 Praebend.
426 770 440 790 ,
463 739 627 789 dicitur,
647 739 720 779 ubi
741 741 967 780 sacerdotes
989 741 1162 781 nimiam

129 802 418 854 temporalium
444 813 583 842 rerum
611 802 793 852 inopiam
813 803 1042 854 patiuntur,
1060 815 1161 855 pau-

129 872 197 902 cos
233 874 319 903 esse
363 863 510 903 litteris
554 863 734 903 eruditos
754 877 767 912 3
813 864 1160 915 quemadmodum

127 925 254 964 etiam
272 924 469 965 indicavit
491 925 742 978 Aristoteles,
776 926 797 965 1
829 925 1025 977 Metaph.‚
1043 939 1078 965 c.
1100 928 1154 974 1,

126 985 228 1026 dum
244 997 269 1028 e
285 996 429 1028 contra
453 986 633 1026 scientiae
660 986 942 1026 inventionem
971 987 1159 1027 attribuit

126 1047 298 1100 AEgypti
316 1048 609 1096 sacerdotibus,
627 1047 724 1099 quia
742 1051 903 1097 tempus
921 1060 1005 1087 non
1033 1061 1158 1100 pone-

125 1107 227 1149 bant
256 1110 302 1149 in
318 1109 550 1162 quaerendis
577 1107 798 1148 alimoniis.
819 1108 870 1146 Et
898 1108 950 1147 ob
975 1121 1067 1149 eam
1093 1122 1158 1149 ra-

124 1170 283 1212 tionem
315 1172 358 1211 in
383 1171 478 1222 jure
507 1170 765 1221 dispensatur
788 1181 882 1209 cum
910 1169 1068 1211 clericis
1085 1171 1159 1211 ha-

125 1230 316 1272 bentibus
332 1230 591 1280 beneficium,
609 1235 655 1269 ut
667 1242 740 1282 pro
755 1234 939 1282 tempore
956 1233 1160 1274 sufficien-

124 1297 166 1332 te
194 1303 336 1333 eorum
369 1291 554 1331 redditus
580 1292 625 1330 in
663 1290 806 1331 studiis
825 1293 1099 1344 perciperent,
1119 1307 1155 1334 c.

125 1354 200 1394 ult.
219 1355 270 1395 de
284 1354 502 1405 Magistris,
517 1353 590 1393 ubi
608 1353 733 1394 etiam
752 1355 960 1405 statuitur,
974 1360 1021 1397 ut
1038 1357 1156 1398 Pm-

122 1416 202 1457 lati
220 1421 257 1457 et
275 1416 462 1468 Capitula
479 1416 758 1457 Ecclesiarum
781 1417 937 1469 aliquos
951 1419 1006 1459 ad
1019 1419 1157 1461 studia

122 1477 331 1526 destinent,
368 1478 509 1530 quibus
542 1477 582 1519 si
613 1479 775 1531 proprii
801 1482 1016 1532 proventus
1043 1480 1158 1521 eccle-

122 1539 282 1579 siastici
298 1551 376 1579 ‘nou
395 1540 636 1590 sufficiant,
653 1540 737 1592 ipsi
764 1542 990 1581 necessaria
1009 1542 1159 1582 submi-

123 1601 324 1647 nistrent,·
341 1605 383 1641 et
406 1601 451 1640 in
471 1614 507 1641 c.
527 1603 568 1650 1,
589 1605 630 1641 et
655 1614 693 1640 c.
717 1601 822 1649 Quia
843 1603 1063 1651 nonnullis,
1086 1614 1159 1643 eo-

122 1662 217 1702 dem
238 1663 319 1711 tit.,
348 1663 531 1703 remedia
548 1663 819 1712 adhibentur,
843 1664 1049 1714 quomodo
1065 1664 1162 1705 sub-

121 1725 311 1764 veniatur
340 1725 604 1776 pauperibus,
638 1737 692 1766 ne
723 1725 776 1764 ob
808 1725 1080 1776 indigentiam
1106 1726 1162 1767 ab

120 1787 266 1826 studiis
300 1785 580 1826 distrahantur
601 1797 673 1826 seu
693 1786 998 1838 impediantur3
1032 1793 1074 1827 et
1105 1786 1160 1828 ob

120 1847 307 1887 eamdem
328 1859 491 1887 causam
510 1847 553 1886 in
567 1847 758 1887 Conciliis
774 1859 926 1898 magna
944 1849 1159 1900 providen-

119 1908 178 1948 tia
196 1913 463 1960 procuratum
482 1913 561 1957 est,
577 1910 684 1947 utin
708 1908 894 1948 Ecclesiis
913 1909 1159 1949 cathedrali-

118 1969 196 2008 bus
211 1971 293 2010 sint
308 1969 529 2009 seminaria
550 1969 849 2011 sufficientibus
867 1971 1005 2010 dotata
1021 1971 1159 2011 reddi-

118 2031 243 2080 tibus,
263 2032 307 2070 in
333 2031 481 2082 quibus
501 2031 687 2082 juvenes,
712 2032 785 2083 qui
813 2036 952 2083 postea
968 2032 1158 2073 Ecclesiae

117 2093 276 2145 possint
293 2093 508 2141 inservire,
526 2092 570 2133 in
590 2093 741 2144 pietate
759 2099 800 2133 et
818 2094 964 2134 litteris
979 2094 1156 2134 educen-

117 2158 188 2194 tur
205 2154 234 2204 ¹,
265 2154 373 2206 quod
396 2155 577 2195 maxime
602 2156 906 2195 commendavit
925 2156 1155 2196 Concilium

118 2216 421 2257 Tridentinum.
462 2217 528 2257 Sic
547 2229 644 2268 ergo
671 2217 844 2268 collegia
873 2217 920 2258 in
954 2218 1154 2257 Societate

118 2278 307 2318 instituta
336 2284 447 2327 sunt,
474 2286 522 2318 ut
554 2283 692 2319 essent
710 2279 899 2330 quaedam
933 2280 1155 2320 seminaria

121 2339 332 2380 Societatis
363 2341 552 2391 professae
586 2341 719 2392 quoad
755 2340 890 2379 studia
923 2340 1155 2381 litterarum

121 2401 244 2440 simul
276 2413 370 2440 cum
392 2402 565 2453 pietate3
584 2406 626 2441 et
648 2402 741 2441 ideo
771 2402 919 2441 merito
946 2403 1155 2453 provisum

120 2467 196 2511 est,
217 2468 264 2502 ut
283 2463 525 2503 sufficientes
542 2463 726 2503 redditus
745 2464 798 2502 ad
817 2464 911 2502 vitae
929 2465 1158 2504 necessaria

120 2525 270 2565 habere
288 2530 468 2577 possent,
501 2537 554 2565 ne
585 2536 727 2565 earum
755 2536 895 2565 rerum
930 2525 1155 2565 sollicitudo

118 2586 301 2637 quietem
328 2587 380 2625 ad
412 2586 595 2626 studium
626 2586 898 2626 necessariam
919 2586 1151 2638 impediret.

118 2646 238 2695 Nam,
263 2651 308 2686 ut
325 2651 437 2687 recte
463 2647 569 2686 dixit
594 2647 714 2697 Hugo
747 2648 798 2687 de
816 2648 858 2687 S.
881 2648 1056 2696 Victore,
1078 2648 1150 2688 lib.

117 2709 145 2749 5
162 2708 411 2748 Eruditionis
426 2707 694 2755 didascalicae,
710 2720 746 2748 c.
764 2710 789 2748 5
805 2719 816 2747 :
836 2708 940 2749 Pria
955 2714 1051 2750 sunt
1069 2722 1158 2762 quoe

117 2771 266 2811 studiis
281 2771 407 2811 obesse
421 2771 560 2818 solent,
579 2771 839 2822 neylz'qentia,
868 2771 1154 2822 imprudentia,

117 2834 286 2883 fortuna
297 2847 316 2878 ‚·
344 2836 382 2872 et
419 2833 465 2873 de
497 2833 636 2885 prima
669 2832 853 2885 (inquit)
885 2834 1153 2875 admouendus

118 2895 390 2946 unusquisque
418 2897 493 2943 est,
529 2895 576 2935 de
606 2895 775 2935 secunda
800 2895 1075 2943 instruendus,
1106 2895 1157 2936 de

120 2955 243 2995 tertia
261 2959 392 2995 autem
409 2955 484 3005 (ad
501 2967 626 3007 quam
645 2959 927 3007 paupertatem
947 2958 1153 3008 pertinere

120 3015 245 3066 dicit)
268 3017 531 3067 adjuvandus.
548 3017 721 3057 Demnm
741 3017 825 3068 ipse
844 3018 890 3057 B.
911 3017 953 3058 P.
970 3019 1154 3069 Ignatius

121 3077 399 3128 experimento
420 3078 578 3127 didicit,
597 3090 691 3118 cum
705 3079 872 3118 Lutetiae
891 3079 1151 3129 Parisiorum,

123 3138 294 3190 aliisque
323 3150 396 3190 per
425 3139 665 3192 Hispaniam
691 3140 792 3180 locis
808 3146 974 3181 vacaret
992 3141 1153 3190 litteris,

125 3209 210 3238 non
242 3199 463 3240 minimum
493 3202 572 3241 sibi
601 3202 896 3244 detrimentum
930 3203 976 3244 in
1010 3203 1155 3243 studiis

126 3259 258 3302 creari
271 3270 322 3300 ex
332 3262 592 3304 mendicitate
602 3262 635 3306 ⁸.

180 3381 197 3410 ¹
222 3384 327 3424 Vide
356 3384 582 3428 Concilium
597 3389 842 3432 Toletanum
859 3391 930 3442 IV,
955 3403 993 3432 c.
1014 3391 1093 3443 23;
1114 3394 1158 3433 et

128 3446 391 3499 Aquisgran„
413 3451 595 3499 tempore
610 3451 801 3493 Ludovici
820 3455 896 3504 Pii,
912 3466 947 3494 c.
966 3453 1059 3494 135.

181 3507 199 3533 2
227 3508 326 3548 Vide
358 3509 572 3557 Boetium,
608 3512 658 3551 de
690 3513 836 3567 Discip.
872 3515 1016 3563 schol„
1040 3527 1076 3555 c.
1103 3517 1156 3564 43

131 3568 336 3619 Carthus„
354 3571 404 3611 de
423 3572 613 3612 Doctrina
637 3574 780 3623 schol„
801 3581 878 3617 art.
895 3578 922 3616 5
931 3588 947 3628 3
971 3576 1156 3626 Maffeus,

132 3629 163 3670 l.
185 3633 205 3669 1
226 3631 277 3671 de
294 3631 387 3671 Vita
406 3632 449 3671 S.
470 3632 635 3683 Ignatii,
652 3646 689 3674 c.
711 3636 776 3675 19.

2175 247 2250 285 ‘757

1270 311 1311 351 4.
1343 310 1514 362 objectio
1556 317 1694 354 contra
1721 315 1903 366 prouimo
1930 313 2052 356 dicta.
2070 332 2128 347 --
2146 313 2249 358 Gon-

1215 371 1424 422 firmatur.
1438 392 1493 401 —
1508 371 1621 411 Dicet
1639 373 1808 414 fortasse
1833 375 1996 428 aliquis,
2029 374 2127 415 huic
2162 367 2254 418 stu-i

1215 432 1402 472 dentium
1418 433 1645 472 necessitati
1663 435 1785 475 etiam
1802 437 1981 487 potuisse
1998 436 2246 479 sufficienter

1215 493 1422 546 provideri
1451 493 1720 545 eleemosynis
1745 495 1945 545 fidelium,
1965 510 2049 538 non
2082 498 2245 550 majori,

1212 556 1283 597 sed
1299 556 1451 596 minori
1465 555 1738 595 sollicitudine
1743 571 1754 605 ;
1769 569 1867 609 ergo
1881 559 1924 598 in
1935 560 2115 612 collegiis
2121 561 2248 601 etiam

1211 617 1355 658 fuisset
1365 618 1434 657 hic
1451 617 1609 665 modus,
1629 620 1829 669 tanquam
1861 620 2019 669 melior,
2042 626 2084 661 et
2113 623 2246 674 magis

1213 680 1544 731 proportionatus
1554 678 1845 730 praeferendus.
1856 678 2156 732 Consequentia
2166 683 2246 723 ola-

1214 753 1261 780 ra
1270 745 1332 781 est
1346 752 1398 780 ex
1416 740 1550 789 dietis,
1573 739 1671 791 quia
1698 739 1904 791 praecipua
1937 741 2045 780 ratio
2068 742 2246 794 eligendi

1212 801 1318 842 hanc
1330 802 1397 842 vel
1415 802 1529 841 illam
1548 805 1847 853 paupertatem,
1869 805 1931 842 est
1958 803 2090 853 maJ'or
2116 805 2247 845 animi

1213 864 1339 914 quies,
1359 864 1575 914 minorque
1592 862 1883 914 temporalium
1908 862 2150 904 sollicitudo.
2171 865 2248 906 Mi-

1213 937 1289 965 nor
1306 930 1445 966 autem
1465 925 1662 978 probatur
1683 925 1825 965 eadem
1855 925 2014 965 ratione
2031 937 2156 976 supra
2176 920 2250 966 ad-'

1210 988 1347 1037 ducta,
1367 1000 1419 1029 ex
1438 989 1484 1028 D.
1499 987 1671 1035 Thoma,
1687 987 1731 1026 in
1748 987 1879 1038 capite
1889 987 2151 1039 praecedenti,
2171 996 2251 1029 nu-

1210 1061 1324 1090 mero
1342 1051 1502 1103 quint0‚
1506 1061 1604 1089 nam
1619 1049 1754 1089 omnis
1771 1048 2005 1089 sollicitudo
2019 1049 2143 1089 vitari
2162 1061 2248 1090 non

1210 1116 1369 1165 potest3
1395 1112 1493 1163 quia
1530 1110 1595 1151 vel
1624 1110 1744 1151 debet
1776 1109 1965 1151 adhiberi
1996 1109 2042 1150 in
2075 1122 2250 1162 congre-

1209 1173 1357 1244 gaudis
1365 1172 1650 1224 eleemosynis,
1667 1171 1759 1212 vel
1747 1183 1792 1212 m
1804 1171 2139 1212 administrandis
2155 1166 2251 1223 pro-

1209 1237 1310 1289 priis
1327 1235 1473 1284 bonis;
1495 1233 1769 1285 comparando
1787 1238 1928 1274 autem
1958 1233 2032 1274 has
2050 1233 2151 1273 duas
2167 1232 2251 1274 sol-¹

1210 1298 1455 1343 licitudines‚
1476 1295 1715 1335 dicebamus
1751 1295 1798 1334 in
1833 1293 2023 1335 domibus
2057 1295 2250 1347 professis

1207 1360 1408 1410 majorem
1427 1357 1609 1397 futuram
1627 1368 1711 1396 esse
1728 1355 1860 1406 illam,
1881 1367 1975 1407 quae
1992 1356 2038 1396 in
2054 1356 2252 1401 adminis÷

1207 1421 1364 1462 trandis
1390 1419 1565 1471 propriis
1582 1418 1700 1457 bonis
1727 1420 1975 1470 poneretur;
2010 1428 2107 1469 ergo
2137 1417 2253 1458 idem'

1211 1482 1429 1522 dicendum
1465 1484 1526 1520 est
1556 1479 1682 1520 etiam
1701 1479 1746 1518 in
1778 1478 1986 1529 collegiis;
2018 1490 2118 1518 nam
2143 1479 2250 1519 ratio

1211 1541 1501 1584 sollicitudinis
1535 1540 1680 1581 eadem
1700 1540 1825 1579 estin
1843 1544 2021 1592 utroque
2048 1540 2151 1580 loco.
2177 1540 2251 1580 Ac-

1211 1607 1319 1647 cedit
1356 1604 1466 1656 quod
1497 1615 1598 1643 cura
1645 1603 1884 1642 divitiarum
1914 1601 2090 1655 impedit
2114 1602 2251 1654 potius

1212 1666 1349 1706 studia
1363 1677 1487 1717 quam
1517 1665 1649 1715 juvat,
1687 1668 1736 1703 ut
1768 1663 1955 1716 exemplo
1992 1662 2119 1703 Cratis
2145 1662 2252 1703 The-

1212 1727 1311 1768 bani
1328 1727 1467 1767 docuit
1481 1726 1771 1777 Hieronymus,
1789 1737 1855 1777 ep.
1876 1727 1929 1764 43
1944 1724 1996 1764 ad
2013 1724 2254 1786 Paulinum„

1212 1790 1407 1841 Idemque
1425 1788 1551 1828 tradit
1579 1789 1748 1836 Seneca,
1775 1799 1840 1839 ep.
1876 1788 1927 1827 17
1961 1791 2002 1826 et
2028 1788 2096 1834 73,
2126 1787 2255 1842 quemj

1211 1863 1305 1890 cum
1324 1851 1415 1890 aliis
1431 1850 1482 1890 ad
1500 1849 1577 1888 hoc
1596 1851 1847 1900 propositum
1860 1847 2024 1887 adducit
2036 1845 2256 1899 Rebuffus,5

1210 1914 1256 1952 in
1272 1917 1392 1952 tract.
1415 1911 1467 1950 de
1490 1911 1733 1960 Privilegiis,
1753 1922 1794 1961 p.
1818 1911 1861 1957 2,
1877 1909 2076 1960 requisito
2092 1910 2133 1949 9.

1264 1976 1303 2014 5.
1337 1973 1511 2025 Objectio
1529 1973 1662 2024 posita
1679 1971 1888 2023 imprimis
1908 1974 2174 2023 retorquetur.

1209 2035 1361 2077 Deinde
1397 2034 1656 2085 respondetur
1690 2033 1743 2072 ad
1776 2033 1969 2083 majorem
2007 2033 2254 2103 propositi&

1208 2110 1310 2138 nem.
1341 2117 1396 2127 —
1431 2095 1714 2147 Respondetur
1747 2095 1935 2134 eamdem
1971 2080 2254 2144 obJ'ectionem

1208 2159 1299 2199 fieri
1345 2169 1459 2211 posse
1498 2158 1550 2197 de
1595 2167 1855 2207 quocumque
1899 2156 2148 2196 monasterio
2185 2147 2254 2195 vi-

1208 2228 1294 2261 tam
1321 2232 1423 2273 pure
1457 2218 1817 2270 contemplativam
1851 2217 2092 2269 profitente,
2127 2221 2253 2269 atque.

1209 2283 1313 2323 adeo
1347 2285 1491 2322 contra
1530 2280 1759 2319 doctrinam
1803 2279 1888 2318 Div.
1924 2278 2108 2319 Thomae.
2145 2278 2251 2325 Qua-

1208 2349 1375 2397 propter
1400 2346 1443 2384 iu
1472 2354 1623 2394 genere
1656 2341 1939 2393 respondetur,
1954 2341 2000 2381 in
2033 2340 2102 2380 his
2126 2341 2252 2382 rebus

1209 2406 1449 2453 moralibus,
1467 2416 1553 2444 non
1571 2415 1699 2443 unam
1726 2403 1792 2442 vel
1811 2402 1932 2442 aliam
1960 2407 2125 2442 tantum
2155 2414 2252 2443 con·-

1208 2470 1442 2520 gruentiam
1458 2478 1529 2507 seu
1547 2467 1748 2506 rationem
1770 2465 2038 2517 spectandam
2054 2476 2155 2514 esse,
2178 2463 2253 2504 sed

1208 2531 1349 2569 omnia
1366 2529 1488 2568 simul
1515 2540 1606 2579 quae
1640 2532 1905 2567 concurrunt.
1938 2526 2058 2567 Unde
2081 2526 2131 2566 ad
2162 2537 2251 2566 ma-

1208 2594 1341 2643 jorem
1368 2591 1415 2630 in
1447 2589 1678 2641 objectione
1723 2592 1931 2640 sumptam
1963 2587 2249 2639 respondetur,

1210 2653 1400 2706 quamvis
1415 2651 1602 2691 absolute
1623 2654 1787 2703 possent
1811 2650 1982 2701 collegia
2002 2661 2055 2690 ex
2073 2649 2251 2690 eleemo-

1208 2716 1326 2770 synis
1338 2716 1491 2761 vivere,
1508 2726 1593 2753 non
1606 2718 1747 2753 tamen
1762 2712 1888 2752 fuisse
1900 2712 2148 2752 conveniens
2159 2716 2252 2752 tan-

1209 2783 1301 2818 tum
1327 2788 1432 2816 onus
1463 2775 1652 2814 fidelibus
1678 2774 1907 2826 imponere,
1931 2772 2070 2812 alendi
2094 2772 2252 2812 scilieet

1206 2850 1351 2879 omnes
1369 2837 1572 2877 scholares
1589 2836 1703 2888 prius
1719 2847 1845 2887 quam
1870 2834 1952 2874 illis
1977 2834 2251 2875 inserviendis

1206 2903 1472 2952 occupentur.
1508 2899 1558 2938 Et
1595 2898 1767 2937 fortasse
1799 2896 1877 2937 hac
1916 2896 2076 2935 ratione
2105 2907 2250 2936 mona·

1206 2961 1342 3002 chales
1359 2960 1538 3008 ordines,
1558 2959 1631 3013 qui
1649 2970 1724 3010 per
1749 2970 1793 2998 se
1823 2958 1877 2998 ad
1904 2957 2132 2997 ministeria
2146 2969 2249 3008 erga

1206 3023 1415 3076 proximos
1454 3033 1539 3062 non
1581 3020 1851 3067 ordinantur,
1887 3023 2172 3072 paupertatem
2201 3019 2251 3059 in
2322 3024 2324 3027 ’

1207 3083 1418 3124 communi
1432 3094 1519 3122 non
1534 3082 1796 3134 profitentur,
1818 3092 1887 3130 ne,
1915 3080 2119 3128 videlicet,
2150 3091 2248 3132 pro-

1206 3148 1344 3195 ximis,
1362 3145 1511 3198 quibus
1530 3144 1710 3184 externis
1733 3143 1877 3183 saltem
1908 3143 2137 3182 actionibus
2163 3153 2247 3181 non

1207 3209 1455 3258 inserviunt,
1483 3207 1646 3247 onerosi
1676 3218 1765 3246 esse
1814 3205 2048 3245 videantur.
2081 3203 2248 3244 Accedit

1207 3272 1334 3313 etiam
1353 3271 1416 3322 (ut
1431 3270 1483 3310 ad
1499 3270 1698 3321 majorem
1714 3268 2046 3320 respondeamus)
2067 3266 2118 3304 ob
2137 3265 2244 3302 hanc

1207 3333 1395 3374 eamdem
1413 3343 1594 3380 causam,
1614 3330 1814 3381 majorem
1833 3340 1974 3368 curam
1991 3331 2032 3366 et
2050 3324 2245 3364 sollicitu-

1209 3394 1350 3434 dinem
1370 3393 1639 3433 neeessariam
1657 3392 1841 3430 futuram
1858 3390 1981 3428 fuisse
2003 3386 2054 3425 ad
2084 3390 2247 3425 susten-

1211 3456 1357 3496 tandos
1383 3455 1586 3495 scholares
1602 3454 1668 3493 vel
1684 3453 1858 3492 novitios
1880 3461 1932 3488 ex
1959 3447 2243 3497 eleemosynis,

1214 3529 1338 3570 quam
1367 3517 1567 3569 professas
1601 3515 1766 3559 domos,
1804 3510 1916 3562 quia,
1945 3519 2040 3546 cum
2075 3508 2245 3559 professi

1215 3579 1322 3618 circa
1337 3578 1545 3629 proximos
1563 3575 1732 3615 omnino
1750 3572 2011 3622 occupentur,
2032 3568 2170 3609 faciles
2204 3572 2245 3610 et

1214 3639 1436 3679 benevolos
1455 3650 1523 3677 eos
1544 3635 1761 3676 inveniunt
1782 3631 1837 3671 ad
1863 3642 1958 3671 suas
1986 3632 2244 3671 necessitates
