2352 3880
370 175 462 212 car.
484 164 511 212 i.
533 166 633 217 om
650 167 821 211 rosam
839 167 895 211 Au
913 139 1102 211 numm
1119 168 1324 211 malosi
1344 172 1584 212 sommus
1600 174 1839 218 enies-rann,
1858 173 1952 211 mc.

59 223 152 291 ι*
158 236 230 289 Μ.
247 237 424 286 mattam
439 240 623 284 ulcerum.
634 242 819 284 -Aliud
835 240 1071 284 continetur
1087 241 1134 282 iu

61 307 71 331 ³
88 295 251 361 &egula
265 300 331 352 Η,
351 315 444 356 quae
476 307 538 344 est
558 303 776 356 prudentie
801 304 844 343 in
869 303 1132 345 correctioni-

62 362 202 421 niti
207 364 472 413 &ditibendm
493 373 749 418 quamquam
767 363 880 405 enim
905 365 1132 417 reprehen-

106 420 206 471 dere
218 423 318 467 vitia
339 425 620 467 necessarium
639 426 705 474 sit,
727 426 839 477 quod
856 427 934 467 sub
952 428 1032 467 illis
1043 431 1130 468 vora

105 483 171 536 bis
190 484 395 529 pontificis
413 486 601 530 hortandi
626 491 669 528 et
692 488 926 529 admonendi
944 495 1133 541 compre-

92 542 231 595 &endi
247 548 582 602 interpretamur,
599 551 640 590 et
667 549 790 590 docet
821 550 974 601 optime
1004 551 1133 604 Chry-

100 609 323 659 eustonius,
339 607 450 652 hom.
468 608 586 651 wad
601 610 824 662 Populum:
847 611 1127 660 nihilominus,

101 676 151 714 ut
165 670 318 712 utiliter
334 669 419 719 fiat,
439 669 620 711 maxima
639 671 862 723 prudentia
883 673 924 714 et
942 674 1133 714 modera-

72 779 74 783 ,
100 729 160 776 tio
183 732 419 774 necessaiia
440 737 517 780 est,
539 733 767 786 praesertim
797 733 885 783 illa,
906 738 952 775 ut
973 734 1046 775 fiat
1061 746 1133 786 ge—

102 795 258 842 nerati3
270 793 424 835 munde
436 794 712 847 Hieronymus
725 795 779 835 ad
789 796 953 847 Nepot.‚
967 797 1010 836 in
1024 797 1129 839 fine:

100 852 308 901 Neminem
335 857 544 910 speciatim
570 869 698 898 sermo
717 867 829 899 meus
852 859 1047 912 pulsavit,
1070 870 1134 913 qe-

99 917 291 960 ueraliter
299 918 345 958 de
361 916 479 958 vitiis
494 916 712 969 disputatio
727 923 812 965 est:
829 920 901 972 qui
914 919 1014 960 minz·
1026 920 1135 961 iras·

101 979 140 1021 ei
160 979 345 1027 voluerit,
363 980 450 1030 ipse
466 980 569 1030 quod
595 981 693 1021 talis
721 980 777 1020 sit
797 981 1060 1031 confitebitur.
1082 980 1134 1022 Et

98 1038 326 1081 declaravit
355 1040 508 1092 optime
527 1042 570 1082 S.
590 1041 895 1087 Bonaventurn‚
915 1042 958 1080 in
980 1042 1134 1095 Apolo-

100 1105 201 1154 get„
232 1105 374 1153 quaest.
397 1104 437 1150 2,
460 1102 530 1142 ubi
560 1102 797 1143 concludit:
821 1102 1067 1144 Correo-ttoni
1095 1107 1135 1145 et

99 1162 360 1214 aedificationi
381 1165 537 1205 tuntum
554 1165 661 1206 debet
676 1165 874 1205 intendere
886 1163 1019 1205 doctor
1037 1165 1135 1212 fide-

98 1222 170 1271 lis,
191 1234 270 1264 non
300 1226 555 1274 confusioni,
575 1224 636 1266 vel
657 1226 926 1274 infamationi
955 1225 1135 1276 alicnjns

93 1287 319 1341 proesentis,
335 1286 395 1327 vel
409 1287 599 1327 absentis.
612 1287 667 1326 <Et
682 1285 807 1326 infra:
827 1286 946 1334 Quem
963 1291 1136 1334 consun-

98 1347 218 1390 dendo
240 1359 468 1399 enusperes,
486 1349 588 1389 nune
604 1349 764 1389 tardius
782 1349 969 1397 aedificas,
986 1351 1023 1389 et
1036 1359 1136 1388 ran-

97 1411 205 1452 coris
222 1410 358 1450 aculeo
374 1410 575 1450 vulneras,
608 1409 722 1454 Quod
753 1420 845 1448 cum
868 1410 946 1449 hoc
970 1409 1015 1448 in
1043 1409 1134 1448 uni-

95 1481 262 1512 versum
284 1481 426 1510 verum
447 1472 514 1518 sit,
537 1469 716 1511 maxime
743 1481 843 1510 vero
866 1468 974 1510 circa
993 1476 1135 1522 pasto-

95 1540 163 1573 res
182 1532 396 1582 Ecclesiae,
418 1532 672 1578 sacerdotes,
695 1534 736 1571 et
766 1532 982 1584 primarios
1007 1533 1132 1583 viros,

96 1596 143 1632 ut
160 1592 371 1632 adnotavit
392 1592 433 1633 S.
457 1594 499 1632 P.
522 1592 570 1633 N.
592 1594 790 1645 Ignatius,
810 1593 854 1632 in
872 1593 941 1631 lib.
965 1594 1132 1633 Exerci-

95 1655 262 1703 tiorum,
280 1657 324 1695 in
343 1654 441 1704 fine,
459 1655 639 1707 quadam
654 1656 810 1705 regulae
828 1657 891 1695 10.
910 1657 958 1695 Ει
974 1656 1134 1695 obeam

96 1728 187 1757 rem
216 1717 451 1769 specialiter
479 1716 759 1757 admonentur
779 1718 822 1755 in
845 1728 920 1756 sua
950 1717 1021 1755 illa
1041 1728 1130 1770 reg.

94 1778 409 1819 concionatores
428 1779 658 1826 Societatis,
683 1783 726 1818 ιιι
746 1778 799 1818 ab
822 1780 885 1819 bis
905 1780 1134 1830 reprehen-

94 1834 282 1880 sionibus
313 1851 483 1892 prorsus
509 1840 767 1886 abstineant;
800 1841 900 1890 quin
934 1841 1059 1879 etiam
1088 1840 1132 1880 iu

95 1898 221 1943 Clem.
247 1902 287 1948 1,
306 1901 333 1955 ἓ
354 1904 389 1949 1,
406 1899 458 1940 de
482 1901 692 1952 privileg„
713 1901 917 1952 religiosis
937 1902 1133 1942 omnibus

93 1958 139 2003 iu
154 1962 307 2003 virtute
338 1964 492 2002 sanctae
515 1962 760 2002 obedientiae
781 1967 822 2003 et
840 1963 919 2002 suh
944 1961 1131 2004 intermi-

94 2026 264 2065 natione
284 2024 587 2065 maledictionis
604 2029 771 2065 ceternae
791 2024 1015 2065 districtius
1030 2035 1134 2075 prae-

93 2084 257 2139 cipitur,
285 2097 334 2128 ne
363 2088 412 2126 in
440 2085 689 2127 sermonibus
723 2085 813 2126 ‚suis
849 2086 1132 2127 Ecclesiarnm

94 2147 288 2191 Prcelatis
298 2150 523 2191 detrahant.
541 2148 588 2188 In
606 2147 785 2188 Concilio
803 2151 944 2188 autem
963 2147 1134 2188 Latera-

93 2211 228 2259 nensi,
250 2211 328 2251 sub
343 2211 480 2250 Leone
500 2209 551 2257 X,
566 2208 773 2249 universis
791 2208 1131 2261 praedicatoribus

93 2272 267 2313 dicitur:
290 2273 364 2314 Ere
378 2273 526 2313 divinoe
541 2271 645 2313 vocis
655 2276 848 2323 praecepto
863 2269 1132 2323 Evanyelium

95 2336 201 2376 omni
217 2338 412 2376 creaturae
431 2344 519 2375 cum
544 2335 742 2374 virtutum
766 2334 1128 2381 commendatione,

95 2400 133 2440 et
152 2395 338 2437 citiorum
359 2396 610 2436 detestatione
627 2394 824 2436 eiiueleent
850 2398 887 2434 et
905 2394 1128 2443 declarent,

95 2461 133 2499 et
146 2466 284 2509 paceni
300 2466 348 2498 ae
365 2455 613 2499 dilectionem
628 2460 812 2497 mutuam
830 2466 854 2495 a
874 2454 1133 2507 Redemptore

94 2522 229 2560 nostro
246 2521 447 2568 tantopere
460 2517 768 2558 commendatam
781 2517 848 2557 ubi
851 2527 922 2568 que
938 2518 1128 2565 foventes,

93 2590 172 2621 non
188 2580 375 2620 scindent
402 2581 547 2619 vestem
562 2577 839 2619 inconsutilem
871 2577 1044 2626 Christi,
1060 2579 1134 2620 sed

94 2641 146 2682 ab
178 2638 485 2695 Episcoporum,
509 2643 546 2680 ec
564 2638 849 2686 Ρνιείαίονιιηι,
870 2650 918 2680 ao
952 2639 1131 2680 oliorum

93 2699 376 2752 Superiorum,
405 2708 611 2753 eoo-umque
629 2703 765 2743 ‚natus
794 2700 1030 2741 scandaleon
1059 2700 1128 2741 de-

94 2762 304 2812 tractione,
324 2773 421 2816 quos
439 2772 572 2803 eoram
590 2762 724 2814 eume,
749 2763 786 2803 et
807 2761 929 2803 laicis
945 2771 1024 2802 non
1045 2771 1126 2802 mo-

93 2825 142 2867 do
166 2825 335 2873 incaute,
351 2824 418 2865 sed
435 2823 554 2864 etiam
566 2821 823 2878 intemperate
837 2822 1130 2876 reprehendunt

95 2890 133 2927 ec
156 2886 347 2934 mordent,
368 2888 405 2926 et
426 2885 474 2925 ab
491 2880 549 2925 eis
564 2884 668 2926 male
698 2887 901 2937 pectorum
927 2884 1129 2934 cupressis

74 2954 76 2957 ’
94 2947 323 3000 quandoque
350 2941 572 2987 nominibus
591 2948 745 2997 aperta,
767 2949 803 2986 et
819 2945 1041 2996 manifesta
1067 2955 1128 2987 re-

95 3009 332 3061 darqutione
350 3007 589 3049 abstineant.
610 3007 659 3046 Et
678 3007 827 3047 deinde
847 3007 1017 3048 innovat
1030 3003 1127 3048 cita-

94 3070 180 3111 tam
202 3069 542 3110 Constitutionem
564 3068 784 3109 Clementis
804 3068 852 3108 V.

143 3129 211 3169 37.
238 3129 363 3177 Quam
392 3131 506 3171 eadat
532 3131 575 3171 in
605 3129 882 3183 eiliqationem
904 3123 1128 3172 Societatis

93 3189 539 3231 concinnare—Ultimo
551 3202 602 3230 ex
616 3189 735 3230 dictis
750 3190 1006 3242 intelligitur,
1024 3193 1125 3249 quid

92 3247 137 3290 ἱιὶ
155 3250 236 3290 hoe
267 3258 442 3290 munere
462 3258 546 3289 non
572 3249 708 3290 solum
735 3252 874 3297 licere,
899 3250 974 3291 sed
1000 3253 1124 3294 etiam

67 3311 242 3352 -·cadere
261 3311 338 3351 sub
358 3308 653 3362 obligationem
668 3313 811 3364 possit.
836 3313 996 3363 Duplex
1012 3315 1123 3354 enim

80 3365 162 3412 ‘llic
188 3368 385 3424 distingui
403 3375 539 3424 potest
558 3373 769 3424 obligatio,
789 3374 956 3422 scilicet,
981 3374 1033 3414 de
1052 3386 1122 3415 ex-

71 3459 74 3462 ·
95 3434 235 3475 ercitio
256 3438 386 3482 actus,
409 3437 450 3473 et
481 3433 533 3473 de
553 3434 674 3474 modo
699 3438 741 3474 et
765 3435 882 3486 quasi
911 3435 1124 3487 specifica·-

23 3520 26 3522 -
85 3487 208 3547 ,sione
232 3496 337 3555 eJus.
369 3494 627 3548 Praeceptum
653 3495 778 3535 etiam
804 3496 871 3536 hic
890 3498 1021 3550 accipi
1047 3508 1124 3551 po-

97 3547 178 3599 test
197 3551 266 3598 vel
277 3557 461 3610 rigorose
477 3560 521 3598 et
535 3556 718 3611 proprie,
737 3557 806 3600 vel
821 3558 920 3610 late,
942 3561 992 3600 ιιι
1008 3567 1125 3603 com-

1183 241 1405 295 prehendit
1417 230 1606 296 regulam
1620 243 1873 295 religiosam.
1891 242 1979 282 Hoc
1995 239 2216 294 posteriori

1183 303 1309 343 modo
1328 308 1495 344 tenetur
1513 315 1564 344 ex
1580 305 1621 344 vi
1639 317 1725 345 suae
1747 305 1902 357 regulae
1933 303 2118 345 Societas
2134 303 2218 345 hoe

1182 372 1336 405 munus
1353 365 1595 415 frequenter
1610 369 1652 405 et
1667 366 1833 406 assidue
1850 375 2062 415 exercere,
2082 369 2128 406 ut
2148 365 2220 407 hu·
2277 380 2284 396 ι

1181 421 1308 466 betur
1325 426 1500 478 septima
1514 430 1631 477 parte
1645 427 2005 476 constitutionum,
2024 439 2062 468 ο.
2081 429 2123 475 4,
2137 427 2163 480 ξ
2175 429 2216 468 Θ.

1185 483 1284 526 Haec
1301 490 1442 525 autem
1465 486 1667 536 obligatio
1701 488 1755 526 ad
1778 489 1997 528 inferiores
2020 500 2105 528 non
2126 488 2220 528 de»-

1182 547 1338 593 cendit‚
1359 546 1439 586 nisi
1461 555 1556 586 cum
1577 547 1773 598 Superior
1791 549 1893 588 illud
1915 557 2066 589 munus
2086 550 2221 602 injun-
2261 572 2265 578 ·

1182 610 1305 657 xerit,
1321 614 1367 648 ut
1381 608 1535 648 ibidem
1557 609 1600 647 in
1620 608 1900 650 declaratione
1918 611 2080 652 dicitur.
2099 613 2221 652 Nota-

1184 672 1327 723 vitque
1355 670 1614 717 Bernartius,
1636 681 1839 710 ¹sermone
1876 673 2220 724 quinquagesimo

1186 737 1331 774 octavo
1350 733 1394 773 in
1405 733 1536 780 Cant„
1555 731 1699 772 dicens
1718 732 1928 771 neminem
1941 734 2016 772 nisi
2031 739 2223 775 vocatum

1184 799 1386 846 tanquam
1407 795 1546 834 Aaron
1564 793 1800 832 concionari
1816 793 1993 842 debere*;
2010 796 2122 845 quod
2141 797 2219 836 ele—

1187 860 1336 911 ganter
1361 856 1510 908 repetit
1528 867 1653 895 serm.
1677 855 1741 894 64.
1761 855 1824 894 Ad
1841 855 2105 905 Superiorem
2123 868 2222 908 ergo

1186 919 1367 971 pertinet
1386 929 1436 958 ex
1459 917 1498 957 vi
1530 916 1684 969 regulae
1710 928 1944 966 procurare,
1965 920 2012 955 ιιι
2031 916 2110 956 hoc
2132 929 2223 957 mu-

1184 990 1267 1019 nus
1286 983 1542 1028 exerceatur,
1566 982 1769 1029 qnantum
1790 977 2011 1030 prudentia
2044 977 2223 1017 dictave-

1186 1041 1259 1089 rit;
1282 1040 1524 1080 inferiorum
1548 1043 1688 1078 autem
1711 1039 1787 1079 erit
1805 1040 1857 1078 ad
1877 1039 1976 1079 illud
1995 1051 2086 1078 esse
2106 1051 2224 1091 para-

1184 1106 1251 1143 tos
1285 1106 1325 1141 et
1354 1102 1575 1153 dispositos
1588 1133 1597 1148 ‚
1632 1106 1715 1141 tam
1750 1113 1802 1141 ex
1836 1105 1954 1152 parte
1983 1101 2221 1150 voluntatis,

1187 1175 1315 1215 quam
1348 1173 1398 1202 ex
1421 1168 1538 1214 parte
1571 1162 1790 1210 facultatis,
1823 1166 2025 1214 quantum
2053 1163 2095 1201 in
2125 1163 2224 1214 ipsis

1185 1225 1329 1270 fuerit,
1343 1225 1466 1276 juxta
1490 1236 1539 1264 ea
1558 1236 1649 1275 quae
1670 1225 1710 1262 in
1743 1228 1890 1275 quarta
1919 1227 2036 1276 parte
2067 1225 2221 1264 Consti-

1188 1287 1411 1333 unionum,
1436 1297 1470 1326 c..
1501 1285 1587 1338 8,§
1618 1288 1657 1333 2,
1685 1290 1934 1325 statuuntur.
1965 1287 2063 1325 Haec
2083 1291 2225 1326 autem

1188 1349 1386 1399 obligatio
1406 1352 1594 1399 respectu
1613 1346 1853 1386 inferiorum
1867 1359 1950 1386 non
1971 1354 2032 1386 est
2051 1349 2127 1386 sub
2142 1347 2225 1386 cul-
2246 1398 2248 1402 y

1186 1420 1258 1462 pa,
1296 1409 1431 1448 donee
1464 1409 1559 1447 talis
1594 1413 1711 1447 actus
1731 1409 1773 1447 in
1797 1409 1945 1448 virtute
1978 1409 2224 1448 obedientiae

1186 1472 1431 1522 imperetur,
1452 1471 1699 1519 reyzzlariter
1718 1483 1764 1510 ae
1786 1483 1862 1523 per
1880 1482 1921 1510 se
1939 1471 2139 1522 loquendo,
2172 1471 2222 1509 si-

1186 1535 1258 1573 cut
1277 1533 1327 1571 de
1356 1533 1608 1581 obligatione
1630 1532 1797 1582 regulae,
1823 1536 1863 1570 et
1888 1532 2138 1582 simplicium
2159 1544 2224 1571 or-

1187 1594 1448 1635 dinationum
1469 1594 1731 1641 obedientiae,
1752 1593 1796 1631 in
1826 1593 2109 1644 superioribus
2142 1593 2222 1632 dic-

1186 1658 1277 1696 tum
1295 1661 1371 1696 est
1394 1657 1492 1695 Dico
1512 1660 1651 1694 autem
1668 1656 1923 1722 requlariter,
1945 1660 1990 1694 ut
2010 1655 2224 1695 excludam

1188 1705 1562 1757 extraordinarium
1580 1728 1723 1755 casum
1741 1716 1781 1753 in
1802 1727 1885 1766 quo
1903 1717 2033 1767 possit
2049 1717 2225 1756 charitas

1186 1778 1276 1831 ipsa
1294 1790 1369 1830 per
1390 1789 1435 1818 se
1456 1779 1657 1828 obligare,
1679 1778 1909 1828 praesertim
1939 1777 2046 1817 inter
2065 1778 2223 1817 haereti-

1186 1852 1273 1889 cos,
1295 1840 1361 1880 vel
1394 1839 1498 1879 alios
1518 1839 1722 1885 infideles,
1745 1842 1817 1877 aut
1837 1838 1909 1878 ubi
1929 1840 2066 1889 gravis
2088 1840 2226 1890 aliqua

1183 1901 1420 1954 ignorantia
1439 1902 1564 1941 totius
1582 1901 1740 1952 populi,
1759 1913 1854 1939 cum
1876 1901 2023 1940 morali
2042 1901 2225 1952 periculo

1184 1964 1329 2003 salutis
1348 1962 1625 2014 plurimorum
1655 1962 1936 2007 interveniret,
1966 1974 2058 2013 quae
2080 1963 2225 2014 praedi—

1181 2025 1347 2066 catione
1362 2025 1544 2064 veritatis
1560 2028 1702 2076 posset
1718 2024 1881 2075 expelli.
1904 2024 1991 2063 Dixi
2011 2024 2136 2063 etiam
2150 2037 2224 2078 per

1180 2097 1238 2132 se,
1261 2090 1307 2126 ut
1327 2086 1545 2126 excludam
1565 2085 1765 2124 malitiam
1793 2086 1992 2133 scandali,
2015 2088 2078 2126 vel
2099 2088 2224 2128 aliam

1182 2147 1378 2195 similem,
1395 2159 1488 2199 quae
1501 2158 1577 2198 per
1589 2147 1782 2187 accidens
1794 2151 1931 2198 potest
1950 2149 2219 2198 intervenire;

1184 2210 1278 2250 haec
1307 2221 1406 2249 vero
1437 2209 1675 2248 communia
1708 2212 1808 2248 sunt
1838 2210 1929 2248 aliis
1957 2211 2220 2259 muneribus,

1186 2282 1263 2311 seu
1273 2269 1504 2310 actionibus
1515 2269 1776 2310 obedientiae.
1793 2270 1839 2309 ln
1850 2270 2070 2322 Superiore
2082 2278 2223 2313 autem

1184 2333 1353 2385 gravior
1371 2342 1446 2383 per
1473 2340 1518 2370 ee
1549 2334 1613 2371 est
1631 2333 1720 2371 haec
1746 2331 1956 2383 obligatio,
1980 2345 2062 2373 non
2082 2339 2127 2374 ut
2147 2347 2223 2386 per

1183 2406 1232 2434 se
1251 2395 1329 2433 hoc
1349 2405 1500 2433 munus
1520 2398 1725 2442 exerceat,
1743 2407 1840 2434 nam
1862 2394 1998 2445 potius
2016 2396 2104 2447 ipse
2122 2397 2223 2437 faci-

1182 2455 1264 2495 lius
1294 2456 1482 2495 excusari
1502 2459 1653 2506 potest,
1679 2456 1752 2495 sed
1775 2462 1820 2495 ut
1842 2459 2022 2497 exerceri
2043 2464 2158 2498 curet
2178 2460 2222 2499 in

1182 2517 1275 2557 loco
1293 2521 1364 2556 aut
1381 2518 1483 2557 locis
1502 2516 1556 2555 ad
1576 2517 1712 2567 ipsum
1734 2518 2047 2568 pertinentibus.
2073 2521 2222 2567 Quam-

1182 2590 1310 2631 quam
1332 2579 1458 2625 enim,
1471 2589 1549 2629 per
1563 2589 1608 2617 se
1628 2579 1852 2627 loquendo,
1870 2592 1956 2619 non
1973 2583 2146 2622 excedat
2161 2583 2222 2622 di-

1180 2640 1409 2681 rectionem
1431 2639 1606 2691 regulae,
1624 2638 1657 2678 si
1678 2639 1808 2678 solam
1827 2641 2046 2691 positivam
2064 2644 2217 2695 legem,

1181 2705 1230 2741 ut
1255 2702 1316 2741 sic
1330 2701 1482 2748 dicam,
1515 2700 1798 2751 inspiciamus,
1827 2705 1984 2752 tamen,
2013 2709 2219 2756 quatenus

1179 2774 1235 2803 ex
1254 2767 1401 2802 natura
1420 2761 1480 2801 rei
1496 2766 1664 2802 tenetur
1683 2763 1844 2802 ratione
1864 2764 1987 2804 officii
2006 2767 2060 2805 ad
2079 2768 2218 2818 provi-

1180 2824 1366 2865 dendum
1385 2824 1597 2863 communi
1616 2824 1726 2863 hono
1740 2824 1954 2865 Societatis
1974 2829 2111 2879 quoad
2127 2842 2218 2881 par-

1179 2889 1268 2927 tem
1287 2885 1365 2925 sibi
1389 2886 1634 2937 subjectam,
1654 2888 1696 2925 et
1713 2889 2021 2936 procurandum
2039 2895 2086 2930 nt
2104 2891 2147 2930 in
2167 2904 2217 2932 ea

1178 2947 1413 2987 institutum
1428 2951 1630 2995 servetur,
1649 2952 1785 2998 potest
1804 2948 1892 2989 haec
1909 2952 2104 3004 obligatio
2125 2964 2215 2994 esse

1180 3009 1330 3060 major,
1350 3013 1392 3048 et
1409 3009 1451 3047 in
1467 3009 1741 3056 conscientia3
1763 3022 1858 3050 raro
1878 3017 2016 3052 autem
2037 3016 2113 3054 erit
2126 3026 2217 3066 gram

1179 3071 1243 3112 vis
1254 3071 1344 3122 ejus
1357 3070 1650 3123 transgressio,
1666 3071 1745 3110 nisi
1760 3074 1964 3124 pertineat
1982 3076 2033 3114 ad
2045 3077 2215 3117 nimiam

1178 3132 1408 3184 quamdam
1437 3136 1478 3173 et
1509 3132 1798 3172 scandalosam
1819 3136 2126 3187 negligentiam,
2149 3139 2210 3177 vel

1176 3194 1299 3245 quasi
1319 3197 1617 3245 contemptum,
1643 3194 1739 3245 quia
1758 3199 1871 3235 extra
1891 3198 2125 3247 hujusmodi
2145 3205 2208 3237 ca-

1177 3266 1286 3303 sum,
1316 3267 1395 3296 nec
1427 3255 1648 3295 manifesta
1682 3255 1893 3308 obligatio,
1926 3270 2006 3298 nec
2036 3259 2206 3298 materia

1175 3317 1316 3370 gravis
1336 3318 1532 3357 cernitur.

1228 3379 1295 3418 38.
1326 3380 1385 3420 De
1403 3381 1640 3431 obciyatione
1657 3381 1780 3422 debito
1808 3380 1917 3421 modo
1935 3380 2202 3421 concionandi.

1159 3455 1231 3472 —-
1254 3440 1314 3480 De
1342 3441 1471 3481 altera
1494 3453 1594 3481 vero
1614 3443 1890 3494 obligatione,
1918 3449 2009 3491 quae
2029 3443 2205 3491 pertinet

1176 3501 1233 3541 ad
1248 3501 1421 3542 modum
1440 3507 1570 3552 actus,
1589 3503 1810 3543 dicendum
1827 3505 1903 3550 est,
1925 3501 2103 3552 aliquem
2122 3509 2205 3543 mo-

1172 3561 1281 3606 'dum
1306 3564 1459 3608 cadere
1482 3564 1563 3606 sub
1583 3563 1835 3616 obligatione
1850 3563 2022 3614 regulae,
2046 3569 2094 3604 ut
2109 3570 2204 3605 oen-
