2352 3880
155 314 297 357 „poenis
307 311 566 349 Ecclesiasticis
583 311 780 352 absolvere,
799 310 956 354 exceptis
969 313 1110 346 tantum
1128 311 1167 344 in

152 364 279 401 Bulla
295 364 415 397 coenae
437 361 630 401 contentis,
643 363 687 394 tr.
704 363 756 399 10,
771 359 794 393 1.
815 363 848 403 9,
862 368 894 394 e.
909 364 941 394 2.

175 412 251 453 Qua
266 412 404 446 ratione
419 410 571 452 singulae
593 410 702 452 hujus
719 408 900 453 privilegii
921 409 1092 444 clausulae
1109 409 1171 443 ιιι-

151 461 381 503 telligendae
399 459 485 501 sint,
500 460 527 493 l
545 463 578 501 3,
597 467 631 494 e
650 463 670 492 9

176 511 301 545 Utrum
325 519 388 552 per
404 509 542 544 dictum
555 509 787 552 privilegium
805 508 945 551 possint
957 508 1170 544 confessarii

174 560 361 595 Societatis
381 560 508 594 audire
533 559 800 601 confessiones,
824 558 932 593 etiam
950 559 1171 603 regularium

177 610 224 643 ad
240 618 277 643 se
291 610 531 652 venientium,
547 610 599 644 ib.

135 660 206 694 Hoc
229 659 419 702 privilegio
439 668 512 694 non
538 663 678 694 tantum
706 660 746 694 in
771 658 942 693 Ecclesiis
970 659 1170 701 societatis,

175 709 239 743 sed
262 709 368 743 etiam
394 710 432 743 ιιι
451 711 614 753 quolibet
634 710 708 745 alio
725 709 804 744 loco
826 709 879 743 uti
898 712 1049 751 possunt
1074 716 1169 750 prae-

176 759 264 793 dicti
285 760 455 803 religiosi,
481 762 531 795 ib.

175 809 300 843 Utrum
320 811 388 844 hoc
414 811 644 854 privilegium
667 809 774 844 dictis
798 807 1040 842 sacerdotibus
1067 815 1169 841 com-

176 860 383 895 municetur
393 861 636 904 dependenter
647 870 668 893 a
679 857 925 901 superioribus
939 857 1100 899 eiusdem
1108 857 1172 891 So·

173 908 312 943 cietatis
338 920 348 943 :
374 913 409 944 et
438 920 485 944 an
518 910 687 952 restringi
716 908 828 951 possit
854 907 899 941 ab
925 906 1072 947 eisdem,
1091 907 1114 939 l.
1134 910 1166 950 9,

177 965 208 991 c.
234 963 264 990 a.

174 1007 301 1040 Utrum
321 1015 384 1049 per
400 1007 491 1040 illud
509 1006 693 1040 absolvere
709 1005 848 1049 possint
865 1015 887 1039 a
905 1006 1048 1039 casibus
1066 1005 1170 1048 Epis-

178 1064 268 1098 copo
290 1056 488 1097 reservatis,
505 1055 555 1089 ib.

177 1106 301 1139 Utrum
324 1106 514 1147 superiore
534 1105 689 1139 subditis
712 1103 927 1147 prohibente
955 1112 1001 1138 ne
1028 1104 1170 1147 aliqua-

175 1164 258 1189 rum
288 1164 522 1196 pcrsonarum
551 1155 797 1188 confessiones
824 1154 991 1196 audiant,
1013 1162 1086 1188 non
1110 1162 1170 1188 so—

175 1205 251 1238 lum
272 1204 391 1238 licitus
409 1215 497 1239 usus
510 1231 522 1246 ,
542 1206 607 1239 sed
625 1206 734 1239 etiam
759 1205 963 1247 ,iurisdictio
985 1205 1031 1238 ad
1050 1204 1170 1238 absol—

171 1256 332 1289 vendum
352 1259 539 1290 censeatur
558 1256 687 1297 ablata,
707 1255 758 1290 ib.

133 1305 359 1340 Poenitentiae
371 1307 639 1341 Sacramentum
654 1307 794 1349 ubique
808 1304 1011 1339 ministrare
1024 1308 1172 1347 possunt

173 1357 376 1390 sacerdotes
395 1357 590 1397 Societatis,
608 1366 691 1392 cum
708 1357 994 1400 peregrinantur,
1014 1357 1043 1390 si
1058 1356 1167 1390 semel

173 1405 218 1437 ab
234 1405 355 1447 aliquo
369 1406 558 1440 Ordinario
574 1409 645 1440 sint
659 1407 857 1450 approbati,
874 1410 907 1442 et
918 1407 1083 1450 proprius
1098 1406 1166 1442 loci

171 1455 370 1498 Episcopus
386 1457 490 1498 absit,
511 1458 535 1489 l.
553 1461 583 1499 3,
604 1466 637 1491 c.
657 1462 688 1490 9.

131 1503 268 1538 Caetera
295 1506 378 1540 vide
411 1507 449 1540 in
477 1507 588 1541 verbo
618 1507 828 1546 Absolutio.
855 1512 892 1542 et
917 1506 1115 1548 Confessio,
1133 1509 1168 1540 et

169 1554 372 1590 confessor.

1179 449 1201 470 Ι

562 1627 735 1654 ΡΟΤΕδΤΑΒ.

128 1698 285 1731 Potestas
299 1698 575 1740 jurisdictionis,
592 1703 627 1732 et
645 1702 800 1742 potestas
819 1701 1052 1743 dominativa‚
1075 1703 1170 1738 inter

170 1756 207 1781 se
227 1749 377 1782 diversae
397 1752 492 1788 sunt,
509 1752 543 1783 et
564 1750 662 1782 unde
681 1753 831 1792 utraque
848 1752 1006 1793 praelatis
1026 1752 1170 1795 religio-

171 1798 230 1831 nis
249 1798 399 1840 oriatur,
418 1803 461 1831 tr.
479 1803 510 1839 8,
528 1799 552 1832 l.
570 1803 601 1840 2,
625 1808 656 1833 c.
673 1803 711 1838 2:
728 1803 771 1833 tr.
788 1803 839 1840 10,
859 1801 881 1834 l.
903 1805 934 1841 4,
953 1806 1052 1836 c.12.

128 1846 241 1880 Unam
264 1857 367 1890 posse
388 1857 465 1883 csse
486 1850 566 1883 sine
589 1850 681 1890 alia,
708 1850 866 1893 itemque
894 1861 1005 1885 unam
1027 1853 1074 1887 ab
1094 1852 1168 1888 alia

165 1897 284 1939 ¹iuvari
306 1909 314 1932 :
338 1902 374 1932 et
391 1900 588 1941 quomodo,
609 1904 652 1932 tr.
669 1903 720 1940 10,
738 1901 760 1933 l.
780 1904 810 1942 4,
828 1904 926 1934 c.12.

168 1946 302 1981 Caetera
322 1948 406 1982 vide
425 1949 525 1983 verb.
540 1949 750 1983 Jnrisdictio
773 1954 807 1984 et
826 1951 1006 1985 Praelatus.

539 2032 750 2059 PRAECEPTUM.

125 2093 304 2133 Praecepta
327 2092 488 2126 humana
507 2096 549 2126 ut
566 2094 729 2135 obligent
747 2095 785 2128 in
808 2095 1050 2138 conscientia,
1074 2106 1164 2140 quas

169 2141 396 2175 conditiones
416 2143 549 2176 habere
574 2144 718 2185 debent,
734 2148 777 2178 tr.
799 2149 830 2187 8,
845 2147 870 2179 l.
887 2150 920 2186 2,
933 2155 965 2180 c.
981 2151 1012 2180 8.

126 2192 306 2234 Praecepta
327 2201 348 2224 a
371 2193 618 2235 superioribus
651 2195 812 2229 absolute
845 2196 1014 2239 imposita
1043 2206 1165 2241 quan-

167 2245 243 2274 tum
267 2241 450 2284 obligent;
474 2244 629 2285 graviter
652 2253 709 2284 ne,
735 2254 780 2278 an
804 2245 940 2287 leviter,
956 2247 1006 2280 ib.

167 2291 316 2331 Quando
336 2297 550 2326 censeantur
571 2294 726 2335 graviter
751 2295 921 2338 obligare,
946 2297 996 2331 ib.

123 2340 343 2383 Praeceptum
369 2343 515 2383 quando
548 2343 748 2386 imponitur
781 2346 848 2379 sub
882 2355 991 2388 poena
1017 2355 1163 2381 excom-

167 2391 424 2425 niunicatiouis
448 2392 619 2434 ferendae,
636 2395 734 2438 apud
746 2395 933 2437 religiosos
947 2400 1000 2430 est
1015 2397 1160 2439 signum

166 2441 320 2482 graviter
343 2442 515 2483 obligare,
538 2442 587 2476 ιι).

124 2490 260 2530 Quibus
285 2499 326 2523 ex
355 2491 472 2525 causis
494 2492 653 2534 religiosi
686 2497 901 2528 excusentur
922 2496 967 2529 ab
990 2496 1161 2531 observa-

166 2539 264 2572 tione
287 2545 548 2583 praeceptorum
566 2550 714 2576 suorum
734 2544 975 2586 superiorum,
990 2546 1039 2579 ib.

123 2589 177 2623 An
202 2594 415 2642 praeceptum
444 2592 641 2634 superioris
667 2594 841 2635 regularis
866 2596 1027 2638 obligare
1049 2595 1159 2639 possit

166 2629 281 2671 etiam
297 2647 380 2672 cum
402 2641 562 2682 periculo
584 2642 681 2683 vitae,
699 2643 747 2676 ib.

164 2688 207 2721 Et
227 2690 373 2730 quando
396 2692 600 2725 censendus
622 2691 667 2724 sit
691 2692 857 2734 superior
886 2694 1045 2737 obligare
1066 2696 1158 2731 velle

164 2744 238 2770 non
258 2738 419 2771 obstante
438 2740 538 2782 gravi
555 2741 727 2782 periculo,
748 2742 796 2776 ib.

163 2786 218 2818 An
241 2791 275 2819 et
290 2789 471 2828 quomodo
488 2790 691 2832 superiores
708 2791 892 2835 praeceptis
911 2796 946 2827 et
957 2794 1159 2830 ordinatio-

165 2834 275 2868 nibus
294 2846 314 2870 a
336 2846 374 2871 se
397 2838 476 2872 latis
492 2840 711 2882 obligentur,
725 2842 777 2876 ib.

163 2884 219 2975 ,ἕλιξι
236 2886 556 2975 loizi’nisivoluntas
577 2891 775 2933 superioris
796 2892 843 2926 sit
862 2896 1094 2935 praeceptum,
1110 2897 1154 2929 tr.

327 2944 347 2969 c
393 2940 412 2968 5

167 2982 299 3018 Caetera
318 2993 384 3027 pro
404 2986 591 3028 praeceptis
609 2988 838 3029 praelatorum
862 2992 1096 3036 regularium,
1122 2995 1157 3028 et

165 3037 336 3076 potestate
354 3034 400 3068 ad
417 3036 461 3067 ea
481 3035 713 3078 imponenda.
729 3039 818 3074 Vide
832 3040 1012 3077 Praelatus.

385 3118 597 3153 manica-rio,
621 3114 656 3144 et
676 3122 894 3150 remmon-on.

125 3176 348 3212 Praedicandi
365 3188 498 3213 munus
513 3184 567 3215 est
578 3181 766 3224 proprium
777 3185 1052 3229 Episcoporum:
1065 3180 1156 3224 alio-

166 3234 247 3260 rum
261 3234 346 3261 vero
363 3236 436 3262 non
457 3229 529 3264 nisi
552 3230 597 3264 de
619 3240 757 3275 eorum,
772 3234 830 3268 vel
843 3236 1153 3272 Pontificislioen-

165 3275 226 3317 tia,
250 3280 293 3310 tr
310 3280 361 3319 10,
378 3278 401 3310 l
421 3282 452 3320 9,
469 3287 501 3313 e.
522 3283 554 3314 1.

126 3302 361 3360 {medicandi
369 3328 506 3370 ubique
522 3330 683 3366 locorum
697 3331 928 3376 privilegium
944 3335 1122 3379 religiosis
1132 3346 1153 3371 a

165 3376 350 3418 superiore
370 3378 416 3411 ad
439 3379 478 3413 id
494 3389 628 3415 munus
641 3382 819 3425 deputatis
837 3392 1059 3428 concessum,
1081 3386 1130 3421 ib.

163 3427 232 3469 An,
247 3430 282 3461 et
297 3429 394 3470 quod
409 3429 672 3473 beneplacitum
692 3433 960 3477 Episcoporum,
988 3440 1023 3470 et
1046 3446 1153 3479 paro-

165 3475 314 3510 chorum
333 3479 536 3521 requiratur
548 3482 596 3515 ad
618 3493 723 3517 usum
744 3484 825 3518 talis
841 3485 1035 3529 privilegii,
1058 3487 1108 3523 ιΒ.

162 3524 218 3559 An
239 3526 375 3562 dictum
397 3529 627 3574 privilegium
656 3533 745 3568 solis
775 3534 953 3578 religiosis
982 3537 1152 3578 professis

162 3572 358 3618 societatis,
373 3587 421 3612 an
437 3580 544 3614 etiam
565 3582 711 3617 novitiis
723 3586 961 3628 concedatur
967 3586 1018 3622 ιΒ.

156 3619 231 3669 Qui
251 3627 416 3670 superior
438 3633 608 3672 potestate
629 3633 814 3669 ordinaria
833 3635 949 3672 dictos
966 3635 1151 3680 religiosos

1045 248 1173 285 mnnx
1191 247 1348 286 lm.

1447 210 1450 213 ·
1484 209 1530 222 nv.

1264 311 1310 345 ad
1338 309 1611 354 praedicandum
1637 310 1811 354 deputare
1827 338 1836 354 ‚
1860 314 1898 347 et
1915 312 2114 356 approbare
2139 314 2252 358 possit

1263 413 1318 446 An
1340 410 1468 444 debeat
1488 411 1692 453 praecedere
1706 420 1857 446 examen
1873 411 1920 447 de
1929 412 2008 448 vita
2027 414 2063 448 et
2077 415 2251 460 moribus,

1262 464 1304 495 ιιι
1317 460 1436 495 valide
1450 463 1485 495 et
1502 460 1600 496 licite
1615 470 1677 497 eos
1689 461 1846 505 deputet,
1862 462 1913 496 ib.

1221 510 1447 545 Praedicandi
1472 519 1606 544 munus
1627 514 1742 554 potest
1770 511 1943 546 omnmitti
1969 511 2110 547 clericis
2135 511 2255 553 adhue

1266 559 1381 594 sacris
1394 567 1468 594 non
1486 560 1674 603 ordinatis,
1692 562 1743 596 ib.

1266 610 1390 643 Utrum
1406 610 1514 643 etiam
1533 609 1647 653 laicis,
1666 611 1716 645 ib.

1224 660 1423 693 Praedicare
1445 661 1590 702 publice
1604 661 1694 703 quid
1706 662 1753 695 sit
1766 672 1774 702 ;
1789 663 1824 695 et
1839 661 1878 695 in
1895 670 1966 704 quo
1982 662 2256 705 distinguatura

1265 710 1468 744 ministerio
1487 711 1642 745 docendi
1673 712 1953 755 catechismum,
1981 715 2017 746 et
2055 712 2254 747 doctrinam

1271 760 1522 802 Christianam,
1546 760 1596 795 ιΒ.

1221 811 1419 844 Praedicare
1433 820 1492 853 an,
1513 814 1550 845 et
1571 819 1644 853 qua
1657 812 1795 846 ratione
1810 811 1859 846 sit
1869 815 1968 874 actus
1977 811 2254 856 jurisdictioniS,

1266 860 1314 893 ib

1222 908 1446 943 Praedicandi
1470 907 1563 943 actio
1585 909 1827 945 mulieribus
1816 918 1896 953 jure
1919 910 2091 952 humano,
2107 918 2181 944 non
2195 909 2256 946 di-

1263 959 1351 993 vino
1373 963 1426 992 est
1449 959 1652 1002 interdicta,
1677 960 1727 994 ib.

1223 1008 1447 1043 Praedicandi
1467 1019 1572 1043 usum
1595 1010 1633 1042 in
1656 1009 1795 1052 plateis,
1813 1013 1848 1044 et
1869 1009 1951 1043 aliis
1972 1009 2061 1043 locis
2079 1009 2254 1051 profanis,

1265 1060 1492 1093 indecentem
1515 1068 1589 1093 non
1607 1069 1695 1099 esse,
1712 1061 1776 1095 sed
1790 1060 1910 1103 potius
1921 1062 1956 1093 et
1967 1058 2243 1093 convenientem

1267 1113 1301 1143 et
1317 1110 1624 1151 antiquissimum,
1642 1111 1690 1144 ib.

1223 1159 1447 1193 Praedicandi
1471 1160 1563 1193 actio
1586 1164 1625 1193 ut
1642 1163 1735 1194 recte
1754 1163 1789 1195 et
1810 1161 1959 1194 honeste
1977 1159 2155 1201 fiat,squas
2169 1167 2263 1193 com

1267 1210 1434 1248 ditiones,
1460 1214 1493 1242 et
1516 1210 1804 1244 circumstantias
1827 1210 1959 1243 habere
1975 1209 2092 1245 debet,
2112 1209 2161 1241 ib.

1223 1259 1420 1292 Praedicare
1444 1268 1517 1292 non
1543 1260 1626 1294 licet
1648 1261 1685 1293 in
1716 1261 1796 1294 aliis
1815 1259 1982 1294 Ecclesiis
2014 1267 2055 1292 eo
2085 1263 2258 1300 tompore,

1267 1317 1338 1350 quo
1358 1309 1553 1350 Episcopus
1580 1310 1616 1342 in
1634 1310 1756 1352 aliqua
1775 1310 1960 1352 praedicat,
1987 1309 2046 1343 vel
2071 1316 2191 1341 coram
2219 1315 2259 1342 se

1268 1358 1465 1400 praedicare
1487 1358 1585 1399 facit,
1607 1360 1655 1392 ib.

1263 1409 1317 1441 An
1338 1409 1413 1441 haec
1433 1408 1628 1450 prohibitio
1649 1408 1930 1451 comprehendat
1945 1408 2051 1442 etiam
2069 1407 2255 1449 religiosos

1263 1457 1448 1491 societatis
1483 1459 1655 1492 habentes
1694 1458 1921 1501 privilegium
1953 1458 2054 1492 omni
2079 1462 2262 1500 tempore,

1264 1510 1300 1540 et
1319 1507 1396 1540 loco
1415 1507 1653 1548 praedicandi,
1670 1507 1720 1540 ib.

1221 1556 1447 1591 Praedicandi
1485 1557 1637 1592 verbum
1666 1556 1728 1590 Dei
1757 1555 1927 1599 obligatio
1958 1564 2123 1598 quaenam
2145 1555 2191 1590 sit
2217 1555 2257 1589 in

1264 1606 1450 1647 societate,
1469 1604 1516 1639 ib.

1221 1656 1436 1690 Praedicator
1455 1660 1494 1690 ut
1514 1655 1665 1692 idoneus
1683 1656 1740 1695 sit.
1761 1665 1836 1691 non
1859 1658 1998 1690 tantum
2019 1655 2169 1695 sientia,
2194 1654 2258 1691 sed

1265 1706 1374 1739 etiam
1396 1705 1526 1740 virtute
1549 1707 1707 1741 eminere
1731 1707 1850 1746 debet,
1865 1706 1919 1739 ιΒ.

1223 1753 1438 1790 Praedicator
1456 1756 1657 1789 doctrinam
1680 1756 1798 1799 captui
1816 1755 2034 1796 auditorum,
2050 1761 2258 1789 accommo-

1265 1806 1352 1839 dare
1369 1806 1485 1847 debet,
1508 1806 1557 1839 ib.

1219 1854 1433 1889 Praedicator
1446 1865 1517 1898 qua
1527 1856 1731 1898 prudentia,
1742 1859 1776 1889 et
1788 1854 2034 1889 moderatione
2049 1853 2137 1888 vitia
2149 1854 2262 1891 debet

1265 1907 1542 1947 reprehendere,
1565 1906 1615 1939 ib.

1219 1954 1432 1989 Praedicator
1448 1955 1549 1997 prius
1567 1954 1650 1995 sibi,
1667 1955 1801 1989 deinde
1818 1954 1902 1988 aliis
1920 1953 2028 1988 debet
2050 1953 2250 1996 consulere.

1262 2004 1287 2037 l.
1312 2008 1343 2045 ι,
1367 2012 1398 2037 c.
1421 2008 1450 2037 5.

1217 2052 1446 2087 Praedicatori
1479 2053 1700 2087 studendum
1718 2056 1770 2086 est
1800 2060 1874 2086 non
1897 2052 2106 2094 popularem
2130 2061 2255 2086 auram

1259 2106 1415 2144 captare,
1434 2103 1498 2137 sed
1513 2102 1688 2145 populum
1706 2102 1816 2136 verbo
1833 2105 1870 2135 et
1883 2101 2047 2143 exemplo
2061 2101 2252 2144 aedificare,

1258 2151 1281 2185 l.
1304 2157 1335 2194 9,
1360 2161 1389 2186 c.
1416 2157 1446 2186 1.

1216 2201 1442 2237 Praedicatori
1466 2211 1537 2244 qua
1555 2201 1694 2236 ratione
1721 2210 1760 2237 se
1778 2201 1956 2236 occultare
1974 2201 2080 2236 liceat
2094 2201 2141 2234 ad
2158 2208 2253 2245 prae-

1259 2251 1454 2285 dicandam
1468 2251 1591 2293 fidem,
1608 2254 1694 2291 0.,8.

1549 2357 1806 2384 »uolumenum
1826 2359 1925 2388 01100.

1213 2449 1490 2485 praedicatorum
1504 2448 1645 2484 ordinis
1666 2448 1838 2483 fundator
1852 2449 1887 2483 S.
1903 2449 2124 2491 Dominicus,
2142 2453 2248 2494 tr.1o,

1256 2501 1281 2534 l.
1303 2504 1334 2541 3,
1353 2508 1384 2533 c.
1401 2504 1432 2533 6.

1255 2550 1318 2584 Hic
1335 2550 1423 2583 ordo
1443 2548 1543 2592 prius
1558 2548 1694 2583 caeteris
1711 2549 1865 2583 solemni
1881 2549 1954 2585 ritu
1980 2550 2050 2585 fuit
2068 2551 2248 2594 approba-

1256 2603 1313 2634 tus
1335 2608 1357 2632 a
1378 2600 1469 2633 Sede
1483 2599 1698 2642 Apostolica,
1722 2599 1773 2632 ib.

1252 2649 1311 2683 Est
1326 2649 1578 2692 perfectissimi
1597 2649 1763 2688 instituti,
1785 2649 1838 2683 ib.

1251 2699 1531 2734 Enumeratione
1548 2699 1641 2742 ¹iuris
1663 2699 1836 2733 canonici
1863 2702 1917 2733 est
1944 2699 2086 2742 primus
2101 2698 2246 2736 mendi-

1257 2749 1432 2791 cantium,
1450 2749 1499 2783 ib.

1252 2799 1378 2833 Trium
1396 2803 1563 2834 votorum
1585 2796 1878 2832 substantialium
1899 2798 1937 2831 in
1973 2798 2040 2832 hac
2070 2798 2246 2842 religione

1252 2848 1439 2891 perfectio,
1455 2852 1490 2883 et
1511 2849 1558 2883 ad
1581 2857 1623 2881 ea
1639 2847 1874 2881 custodienda
1894 2848 2142 2890 observantiae,
2157 2849 2209 2884 ib.

1251 2897 1409 2931 variatio
1429 2898 1468 2930 in
1497 2900 1717 2939 paupertate,
1746 2905 1854 2939 quam
1878 2898 1952 2931 haec
1971 2897 2098 2940 religio
2121 2898 2252 2943 subiit„

1249 2947 1413 2981 redditus
1447 2946 1486 2980 in
1527 2946 1712 2980 communi
1729 2973 1737 2988 ,
1771 2955 1862 2989 quos
1896 2947 1997 2990 prius
2027 2948 2224 2990 reliquerat
2234 2947 2252 2991 ,ἵ

1252 2997 1486 3039 admittendo,
1508 2997 1686 3032 rationem
1702 2998 1945 3033 mendicantis
1956 2999 2001 3033 ab
2019 3007 2061 3033 ea
2078 3007 2152 3033 non
2167 3001 2252 3035 sus-³

1251 3046 1346 3087 tulit,
1365 3046 1415 3080 ib.

1249 3095 1437 3138 Augustini
1456 3096 1617 3139 regulam
1632 3081 1827 3140 profitetur,
1842 3098 1975 3133 additis
1988 3099 2145 3142 propriis
2155 3106 2242 3134 oon·

1247 3146 1511 3189 stitutionibus,
1537 3147 1586 3181 ib.

1249 3194 1321 3228 illae
1340 3199 1458 3229 autem
1475 3205 1540 3239 per
1553 3206 1593 3231 se
1608 3205 1681 3232 non
1699 3197 1860 3240 obligant
1881 3198 1927 3233 ad
1943 3198 2097 3241 culpam,
2116 3199 2166 3233 ib.

1250 3245 1326 3278 {mo
1348 3254 1414 3279 nec
1433 3246 1479 3280 ad
1500 3255 1672 3289 poenam,
1692 3247 1765 3281 nisi
1788 3255 1888 3282 nunc
1908 3256 1951 3282 ex
1978 3257 2048 3283 usu
2069 3249 2169 3284 aliud
2194 3248 2250 3285 sit*

1250 3293 1507 3336 introductum,
1531 3297 1582 3330 ib.

1247 3344 1348 3377 Viri
1340 3345 1500 3388 insignes
1520 3347 1628 3389 hujus
1645 3346 1845 3389 religionis,
1863 3350 1909 3381 tr.
1924 3351 1958 3388 9,
1978 3348 2002 3381 1.
2017 3350 2049 3391 2,
2067 3356 2099 3382 c.
2121 3352 2156 3383 e.

1249 3394 1326 3428 Duo
1346 3395 1522 3437 religiosae
1534 3396 1617 3429 vitae
1633 3396 1783 3430 ordines
1807 3397 1875 3431 sub
1896 3397 1998 3432 illius
2017 3398 2140 3440 regula
2153 3407 2177 3433 a
2194 3394 2247 3434 §.¹

1245 3443 1435 3478 Dominico
1446 3445 1630 3486 institutae,
1646 3445 1698 3479 ib
2238 3437 2260 3469 ἶ
2308 3435 2322 3487 ζ

1245 3493 1561 3529 Pei-secutionibus
1576 3503 1672 3537 saepe
1697 3495 1855 3531 infestati
1881 3495 2110 3532 Dominicani
2128 3497 2244 3540 capnt
2307 3506 2315 3543 ρ

1242 3551 1388 3587 semper
1400 3545 1510 3580 altius
1518 3546 1736 3588 extulerunt,
1751 3546 1802 3580 ιΒ.
2302 3550 2306 3582 Γ

1242 3593 1528 3677 {ln-perfectione
1550 3603 1635 3630 cum
1653 3595 1736 3630 aliis
1749 3594 1989 3639 religionibus
1998 3594 2245 3662 comparativa
2278 3611 2294 3648 .=‘
