<?xml version="1.0" encoding="UTF-8"?>
<!DOCTYPE html PUBLIC "-//W3C//DTD XHTML 1.0 Transitional//EN"
    "http://www.w3.org/TR/xhtml1/DTD/xhtml1-transitional.dtd">
<html xmlns="http://www.w3.org/1999/xhtml" xml:lang="en" lang="en">
 <head>
  <title>
</title>
<meta http-equiv="Content-Type" content="text/html;charset=utf-8" />
  <meta name='ocr-system' content='tesseract 3.04.00' />
  <meta name='ocr-capabilities' content='ocr_page ocr_carea ocr_par ocr_line ocrx_word'/>
</head>
<body>
  <div class='ocr_page' id='page_1' title='image "./operaomnia16suaauoft_0296.png"; bbox 0 0 2352 3880; ppageno 0'>
   <div class='ocr_carea' id='block_1_1' title="bbox 138 191 1183 2274">
    <p class='ocr_par' dir='ltr' id='par_1_1' title="bbox 144 191 1183 870">
     <span class='ocr_line' id='line_1_1' title="bbox 149 191 250 245; baseline -0.02 0"><span class='ocrx_word' id='word_1_1' title='bbox 149 191 250 245; x_wconf 65' lang='lat'>938*</span> 
     </span>
     <span class='ocr_line' id='line_1_2' title="bbox 147 255 1177 320; baseline -0.002 -12"><span class='ocrx_word' id='word_1_2' title='bbox 147 267 288 320; x_wconf 86' lang='lat' dir='ltr'>perior</span> <span class='ocrx_word' id='word_1_3' title='bbox 303 266 475 317; x_wconf 82' lang='lat' dir='ltr'>facilius,</span> <span class='ocrx_word' id='word_1_4' title='bbox 494 255 535 307; x_wconf 79' lang='lat' dir='ltr'>et</span> <span class='ocrx_word' id='word_1_5' title='bbox 555 266 606 307; x_wconf 81' lang='lat' dir='ltr'>c&#39;x</span> <span class='ocrx_word' id='word_1_6' title='bbox 623 266 775 307; x_wconf 88' lang='lat' dir='ltr'>minori</span> <span class='ocrx_word' id='word_1_7' title='bbox 805 278 940 316; x_wconf 82' lang='lat' dir='ltr'>causa,</span> <span class='ocrx_word' id='word_1_8' title='bbox 954 271 995 307; x_wconf 85' lang='lat' dir='ltr'>et</span> <span class='ocrx_word' id='word_1_9' title='bbox 1013 266 1177 318; x_wconf 86' lang='lat' dir='ltr'>certius,</span> 
     </span>
     <span class='ocr_line' id='line_1_3' title="bbox 147 327 1178 382; baseline -0.002 -11"><span class='ocrx_word' id='word_1_10' title='bbox 147 333 360 382; x_wconf 76' lang='lat' dir='ltr'>magisque</span> <span class='ocrx_word' id='word_1_11' title='bbox 378 341 464 368; x_wconf 79' lang='lat' dir='ltr'>sine</span> <span class='ocrx_word' id='word_1_12' title='bbox 483 327 671 380; x_wconf 88' lang='lat' dir='ltr'>scrupulo</span> <span class='ocrx_word' id='word_1_13' title='bbox 690 327 814 380; x_wconf 86' lang='lat' dir='ltr'>possit</span> <span class='ocrx_word' id='word_1_14' title='bbox 840 328 946 368; x_wconf 87' lang='lat' dir='ltr'>hanc</span> <span class='ocrx_word' id='word_1_15' title='bbox 972 327 1178 369; x_wconf 83' lang='lat' dir='ltr'>licentiam</span> 
     </span>
     <span class='ocr_line' id='line_1_4' title="bbox 147 388 1181 441; baseline -0.001 -10"><span class='ocrx_word' id='word_1_16' title='bbox 147 390 260 438; x_wconf 83' lang='lat' dir='ltr'>dare,</span> <span class='ocrx_word' id='word_1_17' title='bbox 278 401 402 441; x_wconf 86' lang='lat' dir='ltr'>quam</span> <span class='ocrx_word' id='word_1_18' title='bbox 433 388 521 429; x_wconf 89' lang='lat' dir='ltr'>sine</span> <span class='ocrx_word' id='word_1_19' title='bbox 541 389 754 441; x_wconf 86' lang='lat' dir='ltr'>privilegio</span> <span class='ocrx_word' id='word_1_20' title='bbox 774 393 920 441; x_wconf 87' lang='lat' dir='ltr'>posset.</span> <span class='ocrx_word' id='word_1_21' title='bbox 947 390 1044 429; x_wconf 88' lang='lat' dir='ltr'>Haec</span> <span class='ocrx_word' id='word_1_22' title='bbox 1068 390 1181 431; x_wconf 87' lang='lat' dir='ltr'>enim</span> 
     </span>
     <span class='ocr_line' id='line_1_5' title="bbox 147 450 1181 503; baseline 0 -12"><span class='ocrx_word' id='word_1_23' title='bbox 147 456 208 492; x_wconf 88' lang='lat' dir='ltr'>est</span> <span class='ocrx_word' id='word_1_24' title='bbox 227 451 383 502; x_wconf 90' lang='lat' dir='ltr'>optima</span> <span class='ocrx_word' id='word_1_25' title='bbox 406 451 510 490; x_wconf 87' lang='lat' dir='ltr'>ratio</span> <span class='ocrx_word' id='word_1_26' title='bbox 531 450 827 503; x_wconf 86' lang='lat' dir='ltr'>interpretandi</span> <span class='ocrx_word' id='word_1_27' title='bbox 841 451 1079 502; x_wconf 83' lang='lat' dir='ltr'>hujusmodi</span> <span class='ocrx_word' id='word_1_28' title='bbox 1098 451 1181 503; x_wconf 89' lang='lat' dir='ltr'>pri-</span> 
     </span>
     <span class='ocr_line' id='line_1_6' title="bbox 146 512 1183 564; baseline 0.001 -12"><span class='ocrx_word' id='word_1_29' title='bbox 146 512 312 563; x_wconf 84' lang='lat' dir='ltr'>vilegia,</span> <span class='ocrx_word' id='word_1_30' title='bbox 327 512 448 564; x_wconf 86' lang='lat' dir='ltr'>juxta</span> <span class='ocrx_word' id='word_1_31' title='bbox 465 525 502 552; x_wconf 89' lang='lat' dir='ltr'>c.</span> <span class='ocrx_word' id='word_1_32' title='bbox 518 513 573 553; x_wconf 87' lang='lat' dir='ltr'>In</span> <span class='ocrx_word' id='word_1_33' title='bbox 592 513 669 561; x_wconf 71' lang='lat' dir='ltr'>nis,</span> <span class='ocrx_word' id='word_1_34' title='bbox 690 513 740 552; x_wconf 90' lang='lat' dir='ltr'>de</span> <span class='ocrx_word' id='word_1_35' title='bbox 760 513 1002 564; x_wconf 87' lang='lat' dir='ltr'>Privilegiis,</span> <span class='ocrx_word' id='word_1_36' title='bbox 1021 525 1115 552; x_wconf 87' lang='lat' dir='ltr'>cum</span> <span class='ocrx_word' id='word_1_37' title='bbox 1131 513 1183 553; x_wconf 86' lang='lat' dir='ltr'>si-</span> 
     </span>
     <span class='ocr_line' id='line_1_7' title="bbox 146 574 1182 626; baseline 0.003 -14"><span class='ocrx_word' id='word_1_38' title='bbox 146 574 327 613; x_wconf 86' lang='lat' dir='ltr'><strong>milibus.</strong></span> <span class='ocrx_word' id='word_1_39' title='bbox 349 574 532 626; x_wconf 86' lang='lat' dir='ltr'>Denique</span> <span class='ocrx_word' id='word_1_40' title='bbox 567 575 734 614; x_wconf 79' lang='lat' dir='ltr'>adverto</span> <span class='ocrx_word' id='word_1_41' title='bbox 762 575 1101 614; x_wconf 83' lang='lat' dir='ltr'>Constitutionem</span> <span class='ocrx_word' id='word_1_42' title='bbox 1121 587 1182 615; x_wconf 89' lang='lat' dir='ltr'>se-</span> 
     </span>
     <span class='ocr_line' id='line_1_8' title="bbox 146 635 1181 687; baseline 0.004 -14"><span class='ocrx_word' id='word_1_43' title='bbox 146 635 324 674; x_wconf 87' lang='lat' dir='ltr'>cundam</span> <span class='ocrx_word' id='word_1_44' title='bbox 352 635 414 674; x_wconf 91' lang='lat' dir='ltr'>Pii</span> <span class='ocrx_word' id='word_1_45' title='bbox 443 636 495 684; x_wconf 84' lang='lat' dir='ltr'>V,</span> <span class='ocrx_word' id='word_1_46' title='bbox 516 647 607 687; x_wconf 81' lang='lat' dir='ltr'>quae</span> <span class='ocrx_word' id='word_1_47' title='bbox 638 636 797 687; x_wconf 84' lang='lat' dir='ltr'>incipit,</span> <span class='ocrx_word' id='word_1_48' title='bbox 817 635 1108 676; x_wconf 68' lang='lat' dir='ltr'>Sanctissimae</span> <span class='ocrx_word' id='word_1_49' title='bbox 1136 637 1181 677; x_wconf 77' lang='lat' dir='ltr'>in</span> 
     </span>
     <span class='ocr_line' id='line_1_9' title="bbox 148 695 1179 748; baseline 0 -11"><span class='ocrx_word' id='word_1_50' title='bbox 148 695 311 737; x_wconf 67' lang='lat' dir='ltr'>Christo</span> <span class='ocrx_word' id='word_1_51' title='bbox 325 697 467 744; x_wconf 88' lang='lat' dir='ltr'>Pater,</span> <span class='ocrx_word' id='word_1_52' title='bbox 485 709 566 748; x_wconf 89' lang='lat' dir='ltr'>qua</span> <span class='ocrx_word' id='word_1_53' title='bbox 583 698 789 736; x_wconf 86' lang='lat' dir='ltr'>revocavit</span> <span class='ocrx_word' id='word_1_54' title='bbox 806 697 1020 736; x_wconf 80' lang='lat' dir='ltr'><strong>facultates</strong></span> <span class='ocrx_word' id='word_1_55' title='bbox 1038 696 1179 747; x_wconf 85' lang='lat' dir='ltr'>hujus-</span> 
     </span>
     <span class='ocr_line' id='line_1_10' title="bbox 145 757 1180 809; baseline 0.001 -13"><span class='ocrx_word' id='word_1_56' title='bbox 145 757 274 806; x_wconf 91' lang='lat' dir='ltr'>modi,</span> <span class='ocrx_word' id='word_1_57' title='bbox 295 758 401 797; x_wconf 88' lang='lat' dir='ltr'>nihil</span> <span class='ocrx_word' id='word_1_58' title='bbox 423 758 582 797; x_wconf 88' lang='lat' dir='ltr'>obstare</span> <span class='ocrx_word' id='word_1_59' title='bbox 601 757 697 797; x_wconf 88' lang='lat' dir='ltr'>huic</span> <span class='ocrx_word' id='word_1_60' title='bbox 717 758 944 809; x_wconf 83' lang='lat' dir='ltr'>privilegio,</span> <span class='ocrx_word' id='word_1_61' title='bbox 968 757 1067 809; x_wconf 88' lang='lat' dir='ltr'>quia</span> <span class='ocrx_word' id='word_1_62' title='bbox 1085 769 1180 797; x_wconf 90' lang='lat' dir='ltr'>con-</span> 
     </span>
     <span class='ocr_line' id='line_1_11' title="bbox 144 819 783 870; baseline -0.003 -11"><span class='ocrx_word' id='word_1_63' title='bbox 144 819 269 859; x_wconf 79' lang='lat' dir='ltr'><strong>cessio</strong></span> <span class='ocrx_word' id='word_1_64' title='bbox 289 819 473 870; x_wconf 81' lang='lat' dir='ltr'>Gregorli</span> <span class='ocrx_word' id='word_1_65' title='bbox 492 820 691 870; x_wconf 85' lang='lat' dir='ltr'>posterior</span> <span class='ocrx_word' id='word_1_66' title='bbox 710 823 783 857; x_wconf 90' lang='lat' dir='ltr'>est.</span> 
     </span>
    </p>

    <p class='ocr_par' dir='ltr' id='par_1_2' title="bbox 138 879 1183 2274">
     <span class='ocr_line' id='line_1_12' title="bbox 194 879 1181 934; baseline -0.001 -13"><span class='ocrx_word' id='word_1_67' title='bbox 194 882 236 922; x_wconf 85' lang='lat'>8.</span> <span class='ocrx_word' id='word_1_68' title='bbox 259 880 361 921; x_wconf 78' lang='lat' dir='ltr'>Alia</span> <span class='ocrx_word' id='word_1_69' title='bbox 378 881 609 934; x_wconf 72' lang='lat' dir='ltr'>privileyia.</span> <span class='ocrx_word' id='word_1_70' title='bbox 628 900 681 909; x_wconf 94' lang='lat'>—</span> <span class='ocrx_word' id='word_1_71' title='bbox 694 880 783 919; x_wconf 86' lang='lat' dir='ltr'>Alia</span> <span class='ocrx_word' id='word_1_72' title='bbox 800 880 924 919; x_wconf 84' lang='lat' dir='ltr'>etiam</span> <span class='ocrx_word' id='word_1_73' title='bbox 941 883 1038 919; x_wconf 89' lang='lat' dir='ltr'>sunt</span> <span class='ocrx_word' id='word_1_74' title='bbox 1054 879 1181 931; x_wconf 87' lang='lat' dir='ltr'>privi-</span> 
     </span>
     <span class='ocr_line' id='line_1_13' title="bbox 142 938 1179 992; baseline 0 -11"><span class='ocrx_word' id='word_1_75' title='bbox 142 938 253 992; x_wconf 84' lang='lat' dir='ltr'>legia</span> <span class='ocrx_word' id='word_1_76' title='bbox 273 941 466 981; x_wconf 84' lang='lat' dir='ltr'>Societati</span> <span class='ocrx_word' id='word_1_77' title='bbox 481 952 683 987; x_wconf 89' lang='lat' dir='ltr'>concessa,</span> <span class='ocrx_word' id='word_1_78' title='bbox 695 941 942 991; x_wconf 82' lang='lat' dir='ltr'>pertinentia</span> <span class='ocrx_word' id='word_1_79' title='bbox 961 941 1012 979; x_wconf 87' lang='lat' dir='ltr'>ad</span> <span class='ocrx_word' id='word_1_80' title='bbox 1031 941 1108 980; x_wconf 88' lang='lat' dir='ltr'>hoc</span> <span class='ocrx_word' id='word_1_81' title='bbox 1119 953 1179 981; x_wconf 86' lang='lat' dir='ltr'>sa-</span> 
     </span>
     <span class='ocr_line' id='line_1_14' title="bbox 142 1000 1177 1054; baseline 0 -12"><span class='ocrx_word' id='word_1_82' title='bbox 142 1002 566 1054; x_wconf 71' lang='lat' dir='ltr'>crificium,quantum</span> <span class='ocrx_word' id='word_1_83' title='bbox 584 1002 635 1039; x_wconf 88' lang='lat' dir='ltr'>ad</span> <span class='ocrx_word' id='word_1_84' title='bbox 649 1000 790 1049; x_wconf 86' lang='lat' dir='ltr'>altare,</span> <span class='ocrx_word' id='word_1_85' title='bbox 806 1002 871 1040; x_wconf 88' lang='lat' dir='ltr'>vel</span> <span class='ocrx_word' id='word_1_86' title='bbox 888 1002 1020 1041; x_wconf 85' lang='lat' dir='ltr'>locum</span> <span class='ocrx_word' id='word_1_87' title='bbox 1035 1003 1078 1040; x_wconf 92' lang='lat' dir='ltr'>in</span> <span class='ocrx_word' id='word_1_88' title='bbox 1096 1014 1177 1054; x_wconf 92' lang='lat' dir='ltr'>quo</span> 
     </span>
     <span class='ocr_line' id='line_1_15' title="bbox 143 1062 1177 1113; baseline -0.001 -9"><span class='ocrx_word' id='word_1_89' title='bbox 143 1064 430 1104; x_wconf 82' lang='lat' dir='ltr'>celebrandum</span> <span class='ocrx_word' id='word_1_90' title='bbox 452 1066 527 1109; x_wconf 90' lang='lat' dir='ltr'>est,</span> <span class='ocrx_word' id='word_1_91' title='bbox 549 1066 595 1100; x_wconf 88' lang='lat' dir='ltr'>ut</span> <span class='ocrx_word' id='word_1_92' title='bbox 613 1062 721 1113; x_wconf 88' lang='lat' dir='ltr'>quod</span> <span class='ocrx_word' id='word_1_93' title='bbox 743 1063 894 1113; x_wconf 87' lang='lat' dir='ltr'>possint</span> <span class='ocrx_word' id='word_1_94' title='bbox 910 1063 1112 1102; x_wconf 84' lang='lat' dir='ltr'>celebrare</span> <span class='ocrx_word' id='word_1_95' title='bbox 1131 1064 1177 1104; x_wconf 89' lang='lat' dir='ltr'>in</span> 
     </span>
     <span class='ocr_line' id='line_1_16' title="bbox 140 1122 1175 1177; baseline 0 -14"><span class='ocrx_word' id='word_1_96' title='bbox 140 1125 311 1177; x_wconf 89' lang='lat' dir='ltr'>privatis</span> <span class='ocrx_word' id='word_1_97' title='bbox 359 1123 546 1162; x_wconf 87' lang='lat' dir='ltr'>oratoriis</span> <span class='ocrx_word' id='word_1_98' title='bbox 577 1122 813 1174; x_wconf 85' lang='lat' dir='ltr'>approbatis</span> <span class='ocrx_word' id='word_1_99' title='bbox 847 1137 870 1164; x_wconf 88' lang='lat' dir='ltr'>a</span> <span class='ocrx_word' id='word_1_100' title='bbox 909 1124 1175 1163; x_wconf 85' lang='lat' dir='ltr'>Provinciali·</span> 
     </span>
     <span class='ocr_line' id='line_1_17' title="bbox 141 1183 1178 1234; baseline -0.001 -10"><span class='ocrx_word' id='word_1_101' title='bbox 141 1184 262 1231; x_wconf 85' lang='lat' dir='ltr'>libus,</span> <span class='ocrx_word' id='word_1_102' title='bbox 281 1197 330 1223; x_wconf 85' lang='lat' dir='ltr'>ex</span> <span class='ocrx_word' id='word_1_103' title='bbox 351 1184 607 1223; x_wconf 75' lang='lat' dir='ltr'>concessione</span> <span class='ocrx_word' id='word_1_104' title='bbox 637 1183 822 1234; x_wconf 74' lang='lat' dir='ltr'>Gregorii</span> <span class='ocrx_word' id='word_1_105' title='bbox 854 1185 959 1232; x_wconf 85' lang='lat' dir='ltr'>Xlll,</span> <span class='ocrx_word' id='word_1_106' title='bbox 979 1185 1023 1223; x_wconf 90' lang='lat' dir='ltr'>in</span> <span class='ocrx_word' id='word_1_107' title='bbox 1061 1184 1178 1224; x_wconf 87' lang='lat' dir='ltr'>Bulla</span> 
     </span>
     <span class='ocr_line' id='line_1_18' title="bbox 139 1245 1176 1298; baseline -0.004 -10"><span class='ocrx_word' id='word_1_108' title='bbox 139 1245 208 1288; x_wconf 84' lang='lat' dir='ltr'>Ad</span> <span class='ocrx_word' id='word_1_109' title='bbox 218 1249 451 1298; x_wconf 78' lang='lat' dir='ltr'>perpetuam</span> <span class='ocrx_word' id='word_1_110' title='bbox 466 1245 526 1284; x_wconf 87' lang='lat' dir='ltr'>rei</span> <span class='ocrx_word' id='word_1_111' title='bbox 545 1245 789 1293; x_wconf 82' lang='lat' dir='ltr'>memoriam,</span> <span class='ocrx_word' id='word_1_112' title='bbox 813 1247 913 1283; x_wconf 85' lang='lat' dir='ltr'>anui</span> <span class='ocrx_word' id='word_1_113' title='bbox 935 1246 1051 1284; x_wconf 76' lang='lat'>1575.</span> <span class='ocrx_word' id='word_1_114' title='bbox 1076 1246 1176 1284; x_wconf 82' lang='lat' dir='ltr'>Item</span> 
     </span>
     <span class='ocr_line' id='line_1_19' title="bbox 141 1306 1178 1358; baseline 0 -12"><span class='ocrx_word' id='word_1_115' title='bbox 141 1307 251 1358; x_wconf 88' lang='lat' dir='ltr'>quod</span> <span class='ocrx_word' id='word_1_116' title='bbox 271 1308 315 1345; x_wconf 94' lang='lat' dir='ltr'>in</span> <span class='ocrx_word' id='word_1_117' title='bbox 339 1306 598 1345; x_wconf 83' lang='lat' dir='ltr'>missionibus</span> <span class='ocrx_word' id='word_1_118' title='bbox 618 1307 774 1357; x_wconf 83' lang='lat' dir='ltr'>possint</span> <span class='ocrx_word' id='word_1_119' title='bbox 801 1306 954 1357; x_wconf 82' lang='lat' dir='ltr'>ubique</span> <span class='ocrx_word' id='word_1_120' title='bbox 975 1306 1178 1346; x_wconf 84' lang='lat' dir='ltr'>celebrare</span> 
     </span>
     <span class='ocr_line' id='line_1_20' title="bbox 139 1367 1175 1420; baseline -0.002 -13"><span class='ocrx_word' id='word_1_121' title='bbox 139 1368 185 1407; x_wconf 87' lang='lat' dir='ltr'>in</span> <span class='ocrx_word' id='word_1_122' title='bbox 202 1368 322 1407; x_wconf 90' lang='lat' dir='ltr'>altari</span> <span class='ocrx_word' id='word_1_123' title='bbox 341 1367 538 1420; x_wconf 90' lang='lat' dir='ltr'>portatili,</span> <span class='ocrx_word' id='word_1_124' title='bbox 563 1368 787 1406; x_wconf 89' lang='lat' dir='ltr'>dummodo</span> <span class='ocrx_word' id='word_1_125' title='bbox 806 1367 917 1406; x_wconf 83' lang='lat' dir='ltr'>locus</span> <span class='ocrx_word' id='word_1_126' title='bbox 946 1368 1091 1407; x_wconf 80' lang='lat' dir='ltr'>decens</span> <span class='ocrx_word' id='word_1_127' title='bbox 1109 1368 1175 1417; x_wconf 87' lang='lat' dir='ltr'>sit,</span> 
     </span>
     <span class='ocr_line' id='line_1_21' title="bbox 140 1428 1178 1480; baseline 0 -12"><span class='ocrx_word' id='word_1_128' title='bbox 140 1441 192 1468; x_wconf 82' lang='lat' dir='ltr'>ex</span> <span class='ocrx_word' id='word_1_129' title='bbox 230 1430 485 1468; x_wconf 88' lang='lat' dir='ltr'>concessione</span> <span class='ocrx_word' id='word_1_130' title='bbox 515 1429 698 1480; x_wconf 88' lang='lat' dir='ltr'>ejusdem</span> <span class='ocrx_word' id='word_1_131' title='bbox 733 1428 942 1480; x_wconf 74' lang='lat' dir='ltr'>Gregorii,</span> <span class='ocrx_word' id='word_1_132' title='bbox 981 1430 1025 1467; x_wconf 90' lang='lat' dir='ltr'>in</span> <span class='ocrx_word' id='word_1_133' title='bbox 1062 1429 1178 1468; x_wconf 85' lang='lat' dir='ltr'>Bulla</span> 
     </span>
     <span class='ocr_line' id='line_1_22' title="bbox 148 1490 1179 1542; baseline -0.004 -10"><span class='ocrx_word' id='word_1_134' title='bbox 148 1491 273 1532; x_wconf 76' lang='lat' dir='ltr'>Usum</span> <span class='ocrx_word' id='word_1_135' title='bbox 295 1490 455 1539; x_wconf 82' lang='lat' dir='ltr'>altaris,</span> <span class='ocrx_word' id='word_1_136' title='bbox 474 1491 573 1528; x_wconf 90' lang='lat' dir='ltr'>anni</span> <span class='ocrx_word' id='word_1_137' title='bbox 605 1491 723 1530; x_wconf 78' lang='lat'><strong>1579.</strong></span> <span class='ocrx_word' id='word_1_138' title='bbox 747 1491 822 1529; x_wconf 85' lang='lat' dir='ltr'>Sed</span> <span class='ocrx_word' id='word_1_139' title='bbox 843 1491 931 1529; x_wconf 84' lang='lat' dir='ltr'>haec</span> <span class='ocrx_word' id='word_1_140' title='bbox 962 1491 1179 1542; x_wconf 80' lang='lat' dir='ltr'>privilegia</span> 
     </span>
     <span class='ocr_line' id='line_1_23' title="bbox 140 1551 1180 1603; baseline -0.001 -13"><span class='ocrx_word' id='word_1_141' title='bbox 140 1552 390 1591; x_wconf 85' lang='lat' dir='ltr'>sufficienter</span> <span class='ocrx_word' id='word_1_142' title='bbox 413 1564 437 1590; x_wconf 90' lang='lat' dir='ltr'>a</span> <span class='ocrx_word' id='word_1_143' title='bbox 453 1552 570 1590; x_wconf 91' lang='lat' dir='ltr'>nobis</span> <span class='ocrx_word' id='word_1_144' title='bbox 591 1552 774 1603; x_wconf 82' lang='lat' dir='ltr'>exposita</span> <span class='ocrx_word' id='word_1_145' title='bbox 797 1556 892 1590; x_wconf 90' lang='lat' dir='ltr'>sunt</span> <span class='ocrx_word' id='word_1_146' title='bbox 919 1551 963 1590; x_wconf 89' lang='lat' dir='ltr'>iu</span> <span class='ocrx_word' id='word_1_147' title='bbox 981 1553 1102 1590; x_wconf 82' lang='lat' dir='ltr'>tertio</span> <span class='ocrx_word' id='word_1_148' title='bbox 1121 1556 1180 1590; x_wconf 89' lang='lat' dir='ltr'>to-</span> 
     </span>
     <span class='ocr_line' id='line_1_24' title="bbox 140 1614 1183 1665; baseline -0.002 -11"><span class='ocrx_word' id='word_1_149' title='bbox 140 1623 225 1662; x_wconf 89' lang='lat' dir='ltr'>m0,</span> <span class='ocrx_word' id='word_1_150' title='bbox 240 1614 361 1652; x_wconf 79' lang='lat' dir='ltr'>tertia</span> <span class='ocrx_word' id='word_1_151' title='bbox 376 1618 504 1665; x_wconf 89' lang='lat' dir='ltr'>parte,</span> <span class='ocrx_word' id='word_1_152' title='bbox 523 1614 627 1665; x_wconf 87' lang='lat' dir='ltr'>disp.</span> <span class='ocrx_word' id='word_1_153' title='bbox 653 1615 719 1661; x_wconf 85' lang='lat'>80,</span> <span class='ocrx_word' id='word_1_154' title='bbox 741 1618 839 1652; x_wconf 88' lang='lat' dir='ltr'>sect.</span> <span class='ocrx_word' id='word_1_155' title='bbox 865 1615 902 1652; x_wconf 89' lang='lat'>3.</span> <span class='ocrx_word' id='word_1_156' title='bbox 921 1614 1018 1659; x_wconf 86' lang='lat' dir='ltr'>Quae</span> <span class='ocrx_word' id='word_1_157' title='bbox 1043 1614 1183 1652; x_wconf 85' lang='lat' dir='ltr'>omnia.</span> 
     </span>
     <span class='ocr_line' id='line_1_25' title="bbox 138 1674 1177 1728; baseline -0.001 -14"><span class='ocrx_word' id='word_1_158' title='bbox 138 1674 198 1728; x_wconf 85' lang='lat' dir='ltr'>(ut</span> <span class='ocrx_word' id='word_1_159' title='bbox 217 1675 315 1726; x_wconf 80' lang='lat' dir='ltr'>dixi)</span> <span class='ocrx_word' id='word_1_160' title='bbox 332 1688 378 1714; x_wconf 92' lang='lat' dir='ltr'>eo</span> <span class='ocrx_word' id='word_1_161' title='bbox 391 1678 596 1727; x_wconf 75' lang='lat' dir='ltr'>praecipue</span> <span class='ocrx_word' id='word_1_162' title='bbox 617 1676 785 1715; x_wconf 84' lang='lat' dir='ltr'>tendere</span> <span class='ocrx_word' id='word_1_163' title='bbox 800 1676 1004 1723; x_wconf 88' lang='lat' dir='ltr'>videntur,</span> <span class='ocrx_word' id='word_1_164' title='bbox 1027 1680 1072 1714; x_wconf 84' lang='lat' dir='ltr'>ut</span> <span class='ocrx_word' id='word_1_165' title='bbox 1088 1687 1177 1714; x_wconf 87' lang='lat' dir='ltr'>nos-</span> 
     </span>
     <span class='ocr_line' id='line_1_26' title="bbox 139 1736 1177 1788; baseline 0 -12"><span class='ocrx_word' id='word_1_166' title='bbox 139 1737 194 1776; x_wconf 90' lang='lat' dir='ltr'>tri</span> <span class='ocrx_word' id='word_1_167' title='bbox 210 1737 406 1787; x_wconf 83' lang='lat' dir='ltr'>religiosi,</span> <span class='ocrx_word' id='word_1_168' title='bbox 427 1737 562 1788; x_wconf 88' lang='lat' dir='ltr'>quoad</span> <span class='ocrx_word' id='word_1_169' title='bbox 578 1736 666 1775; x_wconf 89' lang='lat' dir='ltr'>fieri</span> <span class='ocrx_word' id='word_1_170' title='bbox 685 1739 825 1788; x_wconf 85' lang='lat' dir='ltr'>possit,</span> <span class='ocrx_word' id='word_1_171' title='bbox 848 1749 931 1775; x_wconf 88' lang='lat' dir='ltr'>nou</span> <span class='ocrx_word' id='word_1_172' title='bbox 953 1737 1177 1788; x_wconf 87' lang='lat' dir='ltr'>impedian-</span> 
     </span>
     <span class='ocr_line' id='line_1_27' title="bbox 138 1798 1178 1851; baseline 0 -13"><span class='ocrx_word' id='word_1_173' title='bbox 138 1801 208 1838; x_wconf 85' lang='lat' dir='ltr'>tur</span> <span class='ocrx_word' id='word_1_174' title='bbox 227 1811 263 1838; x_wconf 62' lang='lat' dir='ltr'>a&gt;</span> <span class='ocrx_word' id='word_1_175' title='bbox 280 1798 520 1851; x_wconf 85' lang='lat' dir='ltr'>quotidiano</span> <span class='ocrx_word' id='word_1_176' title='bbox 550 1811 643 1848; x_wconf 77' lang='lat' dir='ltr'>uSU,</span> <span class='ocrx_word' id='word_1_177' title='bbox 663 1804 701 1838; x_wconf 87' lang='lat' dir='ltr'>et</span> <span class='ocrx_word' id='word_1_178' title='bbox 730 1799 958 1850; x_wconf 80' lang='lat' dir='ltr'>frequentia</span> <span class='ocrx_word' id='word_1_179' title='bbox 978 1799 1101 1850; x_wconf 86' lang='lat' dir='ltr'>hujus</span> <span class='ocrx_word' id='word_1_180' title='bbox 1120 1798 1178 1838; x_wconf 82' lang='lat' dir='ltr'>al-</span> 
     </span>
     <span class='ocr_line' id='line_1_28' title="bbox 140 1860 1180 1911; baseline -0.002 -11"><span class='ocrx_word' id='word_1_181' title='bbox 140 1861 289 1900; x_wconf 82' lang='lat' dir='ltr'>tissimi</span> <span class='ocrx_word' id='word_1_182' title='bbox 324 1860 524 1899; x_wconf 78' lang='lat' dir='ltr'>sacrificii.</span> <span class='ocrx_word' id='word_1_183' title='bbox 559 1861 664 1900; x_wconf 84' lang='lat' dir='ltr'>Sunt</span> <span class='ocrx_word' id='word_1_184' title='bbox 698 1873 792 1899; x_wconf 90' lang='lat' dir='ltr'>vero</span> <span class='ocrx_word' id='word_1_185' title='bbox 813 1861 907 1909; x_wconf 89' lang='lat' dir='ltr'>alia,</span> <span class='ocrx_word' id='word_1_186' title='bbox 930 1873 1020 1911; x_wconf 77' lang='lat' dir='ltr'>quae</span> <span class='ocrx_word' id='word_1_187' title='bbox 1052 1860 1180 1911; x_wconf 86' lang='lat' dir='ltr'>respi-</span> 
     </span>
     <span class='ocr_line' id='line_1_29' title="bbox 139 1921 1182 1972; baseline -0.001 -12"><span class='ocrx_word' id='word_1_188' title='bbox 139 1921 256 1960; x_wconf 82' lang='lat' dir='ltr'>ciunt</span> <span class='ocrx_word' id='word_1_189' title='bbox 290 1922 553 1960; x_wconf 87' lang='lat' dir='ltr'>commodum</span> <span class='ocrx_word' id='word_1_190' title='bbox 590 1923 871 1972; x_wconf 82' lang='lat' dir='ltr'>proximorum</span> <span class='ocrx_word' id='word_1_191' title='bbox 886 1951 895 1968; x_wconf 94' lang='lat'>,</span> <span class='ocrx_word' id='word_1_192' title='bbox 926 1928 971 1959; x_wconf 89' lang='lat' dir='ltr'>ut</span> <span class='ocrx_word' id='word_1_193' title='bbox 1009 1921 1182 1960; x_wconf 73' lang='lat' dir='ltr'>facultas</span> 
     </span>
     <span class='ocr_line' id='line_1_30' title="bbox 139 1980 1181 2033; baseline -0.001 -11"><span class='ocrx_word' id='word_1_194' title='bbox 139 1980 204 2022; x_wconf 86' lang='lat' dir='ltr'>bis</span> <span class='ocrx_word' id='word_1_195' title='bbox 231 1983 277 2021; x_wconf 89' lang='lat' dir='ltr'>in</span> <span class='ocrx_word' id='word_1_196' title='bbox 300 1982 368 2020; x_wconf 91' lang='lat' dir='ltr'>die</span> <span class='ocrx_word' id='word_1_197' title='bbox 397 1981 629 2020; x_wconf 88' lang='lat' dir='ltr'>celebrandi</span> <span class='ocrx_word' id='word_1_198' title='bbox 664 1984 708 2019; x_wconf 88' lang='lat' dir='ltr'>in</span> <span class='ocrx_word' id='word_1_199' title='bbox 736 1983 1019 2021; x_wconf 81' lang='lat' dir='ltr'>remotissimis</span> <span class='ocrx_word' id='word_1_200' title='bbox 1049 1983 1181 2033; x_wconf 85' lang='lat' dir='ltr'>regio-</span> 
     </span>
     <span class='ocr_line' id='line_1_31' title="bbox 139 2043 1181 2093; baseline 0 -9"><span class='ocrx_word' id='word_1_201' title='bbox 139 2043 279 2092; x_wconf 67' lang='lat' dir='ltr'>nibus,</span> <span class='ocrx_word' id='word_1_202' title='bbox 299 2043 370 2082; x_wconf 89' lang='lat' dir='ltr'>ubi</span> <span class='ocrx_word' id='word_1_203' title='bbox 387 2044 507 2093; x_wconf 87' lang='lat' dir='ltr'>pauci</span> <span class='ocrx_word' id='word_1_204' title='bbox 526 2047 623 2080; x_wconf 90' lang='lat' dir='ltr'>sunt</span> <span class='ocrx_word' id='word_1_205' title='bbox 643 2044 889 2088; x_wconf 74' lang='lat' dir='ltr'>sacerdotes,</span> <span class='ocrx_word' id='word_1_206' title='bbox 907 2048 946 2081; x_wconf 81' lang='lat' dir='ltr'>et</span> <span class='ocrx_word' id='word_1_207' title='bbox 962 2044 1053 2082; x_wconf 87' lang='lat' dir='ltr'>ideo</span> <span class='ocrx_word' id='word_1_208' title='bbox 1071 2056 1181 2084; x_wconf 85' lang='lat' dir='ltr'>unus</span> 
     </span>
     <span class='ocr_line' id='line_1_32' title="bbox 140 2102 1178 2159; baseline -0.003 -14"><span class='ocrx_word' id='word_1_209' title='bbox 140 2105 323 2159; x_wconf 88' lang='lat' dir='ltr'>plurium</span> <span class='ocrx_word' id='word_1_210' title='bbox 342 2102 587 2155; x_wconf 88' lang='lat' dir='ltr'>populorum</span> <span class='ocrx_word' id='word_1_211' title='bbox 608 2113 750 2140; x_wconf 84' lang='lat' dir='ltr'>curam</span> <span class='ocrx_word' id='word_1_212' title='bbox 780 2102 980 2152; x_wconf 85' lang='lat' dir='ltr'>suscipere</span> <span class='ocrx_word' id='word_1_213' title='bbox 1003 2103 1178 2152; x_wconf 85' lang='lat' dir='ltr'>cogitur,</span> 
     </span>
     <span class='ocr_line' id='line_1_33' title="bbox 141 2162 1180 2215; baseline -0.005 -8"><span class='ocrx_word' id='word_1_214' title='bbox 141 2165 187 2208; x_wconf 90' lang='lat' dir='ltr'>in</span> <span class='ocrx_word' id='word_1_215' title='bbox 207 2165 324 2205; x_wconf 87' lang='lat' dir='ltr'>Bulla</span> <span class='ocrx_word' id='word_1_216' title='bbox 350 2165 502 2203; x_wconf 88' lang='lat' dir='ltr'>ultima.</span> <span class='ocrx_word' id='word_1_217' title='bbox 534 2162 649 2202; x_wconf 84' lang='lat' dir='ltr'>Pauli</span> <span class='ocrx_word' id='word_1_218' title='bbox 669 2163 734 2211; x_wconf 83' lang='lat'>111,</span> <span class='ocrx_word' id='word_1_219' title='bbox 753 2168 794 2202; x_wconf 85' lang='lat' dir='ltr'>et</span> <span class='ocrx_word' id='word_1_220' title='bbox 810 2163 903 2211; x_wconf 88' lang='lat' dir='ltr'>alia,</span> <span class='ocrx_word' id='word_1_221' title='bbox 924 2174 1014 2214; x_wconf 85' lang='lat' dir='ltr'>quae</span> <span class='ocrx_word' id='word_1_222' title='bbox 1042 2175 1116 2215; x_wconf 88' lang='lat' dir='ltr'>per</span> <span class='ocrx_word' id='word_1_223' title='bbox 1136 2175 1180 2203; x_wconf 89' lang='lat' dir='ltr'>se</span> 
     </span>
     <span class='ocr_line' id='line_1_34' title="bbox 141 2223 1178 2274; baseline -0.005 -5"><span class='ocrx_word' id='word_1_224' title='bbox 141 2226 281 2270; x_wconf 82' lang='lat' dir='ltr'>facilia</span> <span class='ocrx_word' id='word_1_225' title='bbox 297 2230 407 2274; x_wconf 88' lang='lat' dir='ltr'>sunt,</span> <span class='ocrx_word' id='word_1_226' title='bbox 424 2230 466 2265; x_wconf 88' lang='lat' dir='ltr'>et</span> <span class='ocrx_word' id='word_1_227' title='bbox 482 2224 574 2266; x_wconf 82' lang='lat' dir='ltr'>ideo</span> <span class='ocrx_word' id='word_1_228' title='bbox 601 2223 653 2263; x_wconf 88' lang='lat' dir='ltr'>de</span> <span class='ocrx_word' id='word_1_229' title='bbox 669 2223 747 2264; x_wconf 89' lang='lat' dir='ltr'>hoc</span> <span class='ocrx_word' id='word_1_230' title='bbox 768 2224 1027 2264; x_wconf 82' lang='lat' dir='ltr'>sacerdotum</span> <span class='ocrx_word' id='word_1_231' title='bbox 1044 2223 1178 2265; x_wconf 83' lang='lat' dir='ltr'>officio</span> 
     </span>
    </p>
   </div>
   <div class='ocr_carea' id='block_1_2' title="bbox 141 2287 474 2332">
    <p class='ocr_par' dir='ltr' id='par_1_3' title="bbox 141 2287 474 2332">
     <span class='ocr_line' id='line_1_35' title="bbox 141 2287 474 2332; baseline -0.015 0"><span class='ocrx_word' id='word_1_232' title='bbox 141 2287 232 2332; x_wconf 82' lang='lat' dir='ltr'>haec</span> <span class='ocrx_word' id='word_1_233' title='bbox 247 2293 345 2329; x_wconf 87' lang='lat' dir='ltr'>sunt</span> <span class='ocrx_word' id='word_1_234' title='bbox 363 2291 474 2328; x_wconf 86' lang='lat' dir='ltr'>satis.</span> 
     </span>
    </p>
   </div>
   <div class='ocr_carea' id='block_1_3' title="bbox 144 2385 1181 2501">
    <p class='ocr_par' dir='ltr' id='par_1_4' title="bbox 144 2385 1181 2501">
     <span class='ocr_line' id='line_1_36' title="bbox 144 2385 1181 2445; baseline -0.001 -17"><span class='ocrx_word' id='word_1_235' title='bbox 144 2386 234 2445; x_wconf 68' lang='lat' dir='ltr'>Qua</span> <span class='ocrx_word' id='word_1_236' title='bbox 257 2388 481 2441; x_wconf 81' lang='lat' dir='ltr'>frequentia</span> <span class='ocrx_word' id='word_1_237' title='bbox 505 2385 791 2429; x_wconf 85' lang='lat' dir='ltr'>communicare</span> <span class='ocrx_word' id='word_1_238' title='bbox 816 2386 975 2427; x_wconf 79' lang='lat' dir='ltr'>debeant</span> <span class='ocrx_word' id='word_1_239' title='bbox 994 2385 1181 2438; x_wconf 64' lang='lat' dir='ltr'>religiosi</span> 
     </span>
     <span class='ocr_line' id='line_1_37' title="bbox 259 2449 1058 2501; baseline -0.008 -8"><span class='ocrx_word' id='word_1_240' title='bbox 259 2450 496 2497; x_wconf 59' lang='lat' dir='ltr'>Somanitis,</span> <span class='ocrx_word' id='word_1_241' title='bbox 516 2451 587 2501; x_wconf 82' lang='lat' dir='ltr'>qui</span> <span class='ocrx_word' id='word_1_242' title='bbox 615 2449 836 2489; x_wconf 77' lang='lat' dir='ltr'>sacerdotes</span> <span class='ocrx_word' id='word_1_243' title='bbox 853 2459 931 2487; x_wconf 83' lang='lat' dir='ltr'>non</span> <span class='ocrx_word' id='word_1_244' title='bbox 948 2451 1058 2487; x_wconf 79' lang='lat' dir='ltr'>sunt.</span> 
     </span>
    </p>
   </div>
   <div class='ocr_carea' id='block_1_4' title="bbox 142 2527 1186 3570">
    <p class='ocr_par' dir='ltr' id='par_1_5' title="bbox 142 2527 1186 3570">
     <span class='ocr_line' id='line_1_38' title="bbox 194 2527 1180 2585; baseline -0.008 -9"><span class='ocrx_word' id='word_1_245' title='bbox 194 2534 236 2576; x_wconf 75' lang='grc'>9.</span> <span class='ocrx_word' id='word_1_246' title='bbox 257 2535 316 2575; x_wconf 90' lang='lat' dir='ltr'>De</span> <span class='ocrx_word' id='word_1_247' title='bbox 326 2530 641 2585; x_wconf 77' lang='lat' dir='ltr'>participatione</span> <span class='ocrx_word' id='word_1_248' title='bbox 655 2530 852 2579; x_wconf 76' lang='lat' dir='ltr'>sacrificii</span> <span class='ocrx_word' id='word_1_249' title='bbox 874 2529 1065 2570; x_wconf 84' lang='lat' dir='ltr'>audiendo</span> <span class='ocrx_word' id='word_1_250' title='bbox 1076 2527 1180 2569; x_wconf 76' lang='lat' dir='ltr'>Mis-</span> 
     </span>
     <span class='ocr_line' id='line_1_39' title="bbox 142 2591 1179 2647; baseline -0.011 -8"><span class='ocrx_word' id='word_1_251' title='bbox 142 2606 245 2641; x_wconf 64' lang='lat' dir='ltr'>sam.</span> <span class='ocrx_word' id='word_1_252' title='bbox 258 2618 311 2626; x_wconf 97' lang='lat'>—</span> <span class='ocrx_word' id='word_1_253' title='bbox 329 2596 520 2647; x_wconf 88' lang='lat' dir='ltr'>Superest</span> <span class='ocrx_word' id='word_1_254' title='bbox 536 2598 582 2632; x_wconf 90' lang='lat' dir='ltr'>ut</span> <span class='ocrx_word' id='word_1_255' title='bbox 599 2593 650 2632; x_wconf 89' lang='lat' dir='ltr'>de</span> <span class='ocrx_word' id='word_1_256' title='bbox 666 2605 750 2631; x_wconf 89' lang='lat' dir='ltr'>non</span> <span class='ocrx_word' id='word_1_257' title='bbox 769 2591 1047 2631; x_wconf 85' lang='lat' dir='ltr'>sacerdotibus</span> <span class='ocrx_word' id='word_1_258' title='bbox 1071 2591 1179 2629; x_wconf 87' lang='lat' dir='ltr'>dica-</span> 
     </span>
     <span class='ocr_line' id='line_1_40' title="bbox 142 2653 1180 2711; baseline -0.011 -10"><span class='ocrx_word' id='word_1_259' title='bbox 142 2669 250 2706; x_wconf 86' lang='lat' dir='ltr'>mus,</span> <span class='ocrx_word' id='word_1_260' title='bbox 264 2662 466 2711; x_wconf 85' lang='lat' dir='ltr'>quatenus</span> <span class='ocrx_word' id='word_1_261' title='bbox 481 2657 558 2696; x_wconf 87' lang='lat' dir='ltr'>hoc</span> <span class='ocrx_word' id='word_1_262' title='bbox 574 2655 832 2701; x_wconf 85' lang='lat' dir='ltr'>sacrificium,</span> <span class='ocrx_word' id='word_1_263' title='bbox 847 2659 886 2693; x_wconf 90' lang='lat' dir='ltr'>et</span> <span class='ocrx_word' id='word_1_264' title='bbox 897 2654 1076 2692; x_wconf 87' lang='lat' dir='ltr'>fructum</span> <span class='ocrx_word' id='word_1_265' title='bbox 1091 2653 1180 2703; x_wconf 87' lang='lat' dir='ltr'>ejus</span> 
     </span>
     <span class='ocr_line' id='line_1_41' title="bbox 143 2714 1179 2775; baseline -0.007 -16"><span class='ocrx_word' id='word_1_266' title='bbox 143 2721 386 2775; x_wconf 86' lang='lat' dir='ltr'>participare</span> <span class='ocrx_word' id='word_1_267' title='bbox 402 2722 586 2770; x_wconf 87' lang='lat' dir='ltr'>possunt,</span> <span class='ocrx_word' id='word_1_268' title='bbox 599 2717 643 2756; x_wconf 90' lang='lat' dir='ltr'>in</span> <span class='ocrx_word' id='word_1_269' title='bbox 659 2728 740 2769; x_wconf 89' lang='lat' dir='ltr'>quo</span> <span class='ocrx_word' id='word_1_270' title='bbox 760 2728 901 2755; x_wconf 82' lang='lat' dir='ltr'>omncs</span> <span class='ocrx_word' id='word_1_271' title='bbox 914 2715 1095 2765; x_wconf 87' lang='lat' dir='ltr'>religiosi</span> <span class='ocrx_word' id='word_1_272' title='bbox 1111 2714 1179 2753; x_wconf 92' lang='lat' dir='ltr'>So-</span> 
     </span>
     <span class='ocr_line' id='line_1_42' title="bbox 143 2778 1178 2833; baseline -0.008 -11"><span class='ocrx_word' id='word_1_273' title='bbox 143 2782 301 2822; x_wconf 86' lang='lat' dir='ltr'>cietatis</span> <span class='ocrx_word' id='word_1_274' title='bbox 332 2781 650 2833; x_wconf 75' lang='lat' dir='ltr'>aequiparantur,</span> <span class='ocrx_word' id='word_1_275' title='bbox 672 2779 756 2818; x_wconf 87' lang='lat' dir='ltr'>sive</span> <span class='ocrx_word' id='word_1_276' title='bbox 788 2778 1041 2828; x_wconf 85' lang='lat' dir='ltr'>coadjutores</span> <span class='ocrx_word' id='word_1_277' title='bbox 1070 2780 1178 2815; x_wconf 89' lang='lat' dir='ltr'>tem-</span> 
     </span>
     <span class='ocr_line' id='line_1_43' title="bbox 144 2836 1181 2897; baseline -0.007 -16"><span class='ocrx_word' id='word_1_278' title='bbox 144 2836 417 2897; x_wconf 75' lang='lat' dir='ltr'>porales&#39;sint,</span> <span class='ocrx_word' id='word_1_279' title='bbox 435 2843 519 2880; x_wconf 90' lang='lat' dir='ltr'>sive</span> <span class='ocrx_word' id='word_1_280' title='bbox 538 2839 754 2886; x_wconf 83' lang='lat' dir='ltr'>scholares,</span> <span class='ocrx_word' id='word_1_281' title='bbox 771 2843 811 2878; x_wconf 91' lang='lat' dir='ltr'>et</span> <span class='ocrx_word' id='word_1_282' title='bbox 827 2841 910 2877; x_wconf 91' lang='lat' dir='ltr'>sive</span> <span class='ocrx_word' id='word_1_283' title='bbox 922 2838 1099 2889; x_wconf 82' lang='lat' dir='ltr'>aliquem</span> <span class='ocrx_word' id='word_1_284' title='bbox 1115 2848 1181 2875; x_wconf 91' lang='lat' dir='ltr'>or-</span> 
     </span>
     <span class='ocr_line' id='line_1_44' title="bbox 145 2898 1181 2948; baseline -0.008 -5"><span class='ocrx_word' id='word_1_285' title='bbox 145 2903 285 2945; x_wconf 86' lang='lat' dir='ltr'>dinem</span> <span class='ocrx_word' id='word_1_286' title='bbox 321 2914 479 2941; x_wconf 81' lang='lat' dir='ltr'>sacrum</span> <span class='ocrx_word' id='word_1_287' title='bbox 500 2901 694 2948; x_wconf 87' lang='lat' dir='ltr'>habeant,</span> <span class='ocrx_word' id='word_1_288' title='bbox 729 2899 814 2938; x_wconf 84' lang='lat' dir='ltr'>sive</span> <span class='ocrx_word' id='word_1_289' title='bbox 837 2898 1014 2937; x_wconf 87' lang='lat' dir='ltr'>nullum.</span> <span class='ocrx_word' id='word_1_290' title='bbox 1044 2898 1181 2936; x_wconf 84' lang='lat' dir='ltr'>Potest</span> 
     </span>
     <span class='ocr_line' id='line_1_45' title="bbox 145 2959 1180 3014; baseline -0.009 -10"><span class='ocrx_word' id='word_1_291' title='bbox 145 2969 286 3005; x_wconf 83' lang='lat' dir='ltr'>autem</span> <span class='ocrx_word' id='word_1_292' title='bbox 302 2962 428 3001; x_wconf 87' lang='lat' dir='ltr'>laicus</span> <span class='ocrx_word' id='word_1_293' title='bbox 447 2962 689 3014; x_wconf 87' lang='lat' dir='ltr'>participare</span> <span class='ocrx_word' id='word_1_294' title='bbox 725 2959 803 2998; x_wconf 90' lang='lat' dir='ltr'>hoc</span> <span class='ocrx_word' id='word_1_295' title='bbox 823 2959 1009 2997; x_wconf 88' lang='lat' dir='ltr'>divinum</span> <span class='ocrx_word' id='word_1_296' title='bbox 1029 2963 1180 3009; x_wconf 86' lang='lat' dir='ltr'>myste-</span> 
     </span>
     <span class='ocr_line' id='line_1_46' title="bbox 146 3020 1177 3073; baseline -0.009 -7"><span class='ocrx_word' id='word_1_297' title='bbox 146 3025 273 3073; x_wconf 87' lang='lat' dir='ltr'>rium,</span> <span class='ocrx_word' id='word_1_298' title='bbox 293 3027 380 3063; x_wconf 86' lang='lat' dir='ltr'>tam</span> <span class='ocrx_word' id='word_1_299' title='bbox 417 3027 464 3062; x_wconf 89' lang='lat' dir='ltr'>ut</span> <span class='ocrx_word' id='word_1_300' title='bbox 483 3022 742 3070; x_wconf 82' lang='lat' dir='ltr'>sacrificium,</span> <span class='ocrx_word' id='word_1_301' title='bbox 768 3020 968 3060; x_wconf 85' lang='lat' dir='ltr'>audiendo</span> <span class='ocrx_word' id='word_1_302' title='bbox 996 3020 1177 3069; x_wconf 84' lang='lat' dir='ltr'>Missam,</span> 
     </span>
     <span class='ocr_line' id='line_1_47' title="bbox 145 3084 1178 3134; baseline -0.007 -8"><span class='ocrx_word' id='word_1_303' title='bbox 145 3086 212 3127; x_wconf 83' lang='lat' dir='ltr'>vel</span> <span class='ocrx_word' id='word_1_304' title='bbox 227 3084 499 3125; x_wconf 86' lang='lat' dir='ltr'>ministrando</span> <span class='ocrx_word' id='word_1_305' title='bbox 518 3084 563 3122; x_wconf 91' lang='lat' dir='ltr'>in</span> <span class='ocrx_word' id='word_1_306' title='bbox 581 3095 644 3131; x_wconf 88' lang='lat' dir='ltr'>ea,</span> <span class='ocrx_word' id='word_1_307' title='bbox 658 3094 781 3134; x_wconf 90' lang='lat' dir='ltr'>quam</span> <span class='ocrx_word' id='word_1_308' title='bbox 797 3087 842 3121; x_wconf 93' lang='lat' dir='ltr'>ut</span> <span class='ocrx_word' id='word_1_309' title='bbox 860 3087 1178 3128; x_wconf 87' lang='lat' dir='ltr'>sacramentum,</span> 
     </span>
     <span class='ocr_line' id='line_1_48' title="bbox 145 3145 1181 3197; baseline -0.006 -9"><span class='ocrx_word' id='word_1_310' title='bbox 145 3147 504 3195; x_wconf 84' lang='lat' dir='ltr'>communicando,</span> <span class='ocrx_word' id='word_1_311' title='bbox 524 3149 565 3186; x_wconf 90' lang='lat' dir='ltr'>et</span> <span class='ocrx_word' id='word_1_312' title='bbox 590 3150 764 3197; x_wconf 90' lang='lat' dir='ltr'>utroque</span> <span class='ocrx_word' id='word_1_313' title='bbox 796 3145 917 3184; x_wconf 91' lang='lat' dir='ltr'>modo</span> <span class='ocrx_word' id='word_1_314' title='bbox 945 3145 1181 3196; x_wconf 85' lang='lat' dir='ltr'>obligantur</span> 
     </span>
     <span class='ocr_line' id='line_1_49' title="bbox 146 3204 1182 3261; baseline -0.007 -11"><span class='ocrx_word' id='word_1_315' title='bbox 146 3209 329 3261; x_wconf 76' lang='lat' dir='ltr'>religiosi</span> <span class='ocrx_word' id='word_1_316' title='bbox 353 3207 565 3248; x_wconf 86' lang='lat' dir='ltr'>Societatis</span> <span class='ocrx_word' id='word_1_317' title='bbox 583 3218 668 3245; x_wconf 88' lang='lat' dir='ltr'>nou</span> <span class='ocrx_word' id='word_1_318' title='bbox 695 3207 922 3245; x_wconf 83' lang='lat' dir='ltr'>sacerdotes</span> <span class='ocrx_word' id='word_1_319' title='bbox 955 3206 1008 3244; x_wconf 91' lang='lat' dir='ltr'>ad</span> <span class='ocrx_word' id='word_1_320' title='bbox 1026 3204 1182 3257; x_wconf 86' lang='lat' dir='ltr'>aliquid</span> 
     </span>
     <span class='ocr_line' id='line_1_50' title="bbox 147 3267 1182 3325; baseline -0.008 -12"><span class='ocrx_word' id='word_1_321' title='bbox 147 3271 320 3325; x_wconf 75' lang='lat' dir='ltr'>speciale</span> <span class='ocrx_word' id='word_1_322' title='bbox 339 3283 390 3310; x_wconf 84' lang='lat' dir='ltr'>ex</span> <span class='ocrx_word' id='word_1_323' title='bbox 407 3270 450 3309; x_wconf 89' lang='lat' dir='ltr'>vi</span> <span class='ocrx_word' id='word_1_324' title='bbox 469 3281 553 3308; x_wconf 80' lang='lat' dir='ltr'>suae</span> <span class='ocrx_word' id='word_1_325' title='bbox 583 3267 751 3319; x_wconf 83' lang='lat' dir='ltr'>regulae.</span> <span class='ocrx_word' id='word_1_326' title='bbox 775 3268 876 3306; x_wconf 85' lang='lat' dir='ltr'>Nam</span> <span class='ocrx_word' id='word_1_327' title='bbox 897 3267 1098 3319; x_wconf 86' lang='lat' dir='ltr'>imprimis</span> <span class='ocrx_word' id='word_1_328' title='bbox 1125 3270 1182 3306; x_wconf 87' lang='lat' dir='ltr'>te-</span> 
     </span>
     <span class='ocr_line' id='line_1_51' title="bbox 149 3328 1182 3379; baseline -0.006 -5"><span class='ocrx_word' id='word_1_329' title='bbox 149 3339 301 3374; x_wconf 86' lang='lat' dir='ltr'>nentur</span> <span class='ocrx_word' id='word_1_330' title='bbox 319 3342 460 3371; x_wconf 89' lang='lat' dir='ltr'>omnes</span> <span class='ocrx_word' id='word_1_331' title='bbox 481 3330 623 3370; x_wconf 89' lang='lat' dir='ltr'>diebus</span> <span class='ocrx_word' id='word_1_332' title='bbox 642 3328 814 3379; x_wconf 83' lang='lat' dir='ltr'>singulis</span> <span class='ocrx_word' id='word_1_333' title='bbox 834 3330 963 3368; x_wconf 77' lang='lat' dir='ltr'>Missae</span> <span class='ocrx_word' id='word_1_334' title='bbox 986 3328 1182 3368; x_wconf 85' lang='lat' dir='ltr'>sacrificio</span> 
     </span>
     <span class='ocr_line' id='line_1_52' title="bbox 149 3388 1180 3443; baseline -0.007 -8"><span class='ocrx_word' id='word_1_335' title='bbox 149 3394 360 3443; x_wconf 88' lang='lat' dir='ltr'>interesse,</span> <span class='ocrx_word' id='word_1_336' title='bbox 391 3388 477 3432; x_wconf 66' lang='lat' dir='ltr'>sfve</span> <span class='ocrx_word' id='word_1_337' title='bbox 512 3390 800 3439; x_wconf 88' lang='lat' dir='ltr'>ministrando,</span> <span class='ocrx_word' id='word_1_338' title='bbox 828 3391 913 3430; x_wconf 89' lang='lat' dir='ltr'>sive</span> <span class='ocrx_word' id='word_1_339' title='bbox 944 3390 1148 3429; x_wconf 87' lang='lat' dir='ltr'>audiendo</span> <span class='ocrx_word' id='word_1_340' title='bbox 1168 3419 1180 3439; x_wconf 92' lang='lat'>,</span> 
     </span>
     <span class='ocr_line' id='line_1_53' title="bbox 149 3451 1182 3509; baseline -0.008 -12"><span class='ocrx_word' id='word_1_341' title='bbox 149 3461 296 3509; x_wconf 85' lang='lat' dir='ltr'>quarta</span> <span class='ocrx_word' id='word_1_342' title='bbox 315 3459 429 3508; x_wconf 87' lang='lat' dir='ltr'>parte</span> <span class='ocrx_word' id='word_1_343' title='bbox 451 3452 813 3497; x_wconf 77' lang='lat' dir='ltr'>constitutionum,</span> <span class='ocrx_word' id='word_1_344' title='bbox 833 3463 920 3503; x_wconf 89' lang='lat' dir='ltr'>cap.</span> <span class='ocrx_word' id='word_1_345' title='bbox 939 3452 980 3500; x_wconf 76' lang='lat'>4,</span> <span class='ocrx_word' id='word_1_346' title='bbox 1001 3451 1062 3502; x_wconf 71' lang='lat'>§3</span> <span class='ocrx_word' id='word_1_347' title='bbox 1083 3451 1182 3499; x_wconf 62' lang='lat' dir='ltr'>etat,</span> 
     </span>
     <span class='ocr_line' id='line_1_54' title="bbox 151 3512 1186 3570; baseline -0.005 -12"><span class='ocrx_word' id='word_1_348' title='bbox 151 3519 251 3558; x_wconf 89' lang='lat' dir='ltr'>etin</span> <span class='ocrx_word' id='word_1_349' title='bbox 263 3517 416 3570; x_wconf 90' lang='lat' dir='ltr'>regulis</span> <span class='ocrx_word' id='word_1_350' title='bbox 429 3514 729 3563; x_wconf 78' lang='lat' dir='ltr'>communibus,</span> <span class='ocrx_word' id='word_1_351' title='bbox 751 3524 837 3563; x_wconf 84' lang='lat' dir='ltr'>reg.</span> <span class='ocrx_word' id='word_1_352' title='bbox 854 3515 879 3552; x_wconf 78' lang='lat'><strong>2</strong></span> <span class='ocrx_word' id='word_1_353' title='bbox 898 3523 910 3550; x_wconf 74' lang='grc' dir='ltr'>ι</span> <span class='ocrx_word' id='word_1_354' title='bbox 933 3512 1073 3553; x_wconf 76' lang='lat' dir='ltr'>Omnes</span> <span class='ocrx_word' id='word_1_355' title='bbox 1089 3525 1186 3566; x_wconf 85' lang='lat' dir='ltr'>quo-</span> 
     </span>
    </p>
   </div>
   <div class='ocr_carea' id='block_1_5' title="bbox 151 3573 1194 3629">
    <p class='ocr_par' dir='ltr' id='par_1_6' title="bbox 151 3573 1194 3629">
     <span class='ocr_line' id='line_1_55' title="bbox 151 3573 1194 3629; baseline -0.006 -8"><span class='ocrx_word' id='word_1_356' title='bbox 151 3579 250 3622; x_wconf 79' lang='lat' dir='ltr'>tidie</span> <span class='ocrx_word' id='word_1_357' title='bbox 276 3591 392 3622; x_wconf 76' lang='lat' dir='ltr'>sacro</span> <span class='ocrx_word' id='word_1_358' title='bbox 427 3579 605 3623; x_wconf 82' lang='lat' dir='ltr'>decenter</span> <span class='ocrx_word' id='word_1_359' title='bbox 622 3576 827 3618; x_wconf 74' lang='lat' dir='ltr'>intersint.</span> <span class='ocrx_word' id='word_1_360' title='bbox 850 3575 908 3615; x_wconf 86' lang='lat' dir='ltr'>De</span> <span class='ocrx_word' id='word_1_361' title='bbox 925 3585 1008 3626; x_wconf 88' lang='lat' dir='ltr'>qua</span> <span class='ocrx_word' id='word_1_362' title='bbox 1043 3573 1194 3629; x_wconf 55' lang='lat' dir='ltr'>regula⁴</span> 
     </span>
    </p>
   </div>
   <div class='ocr_carea' id='block_1_6' title="bbox 531 135 2042 325">
    <p class='ocr_par' dir='ltr' id='par_1_7' title="bbox 531 135 2042 319">
     <span class='ocr_line' id='line_1_56' title="bbox 531 135 2042 289; baseline -0.016 -39"><span class='ocrx_word' id='word_1_363' title='bbox 531 200 611 240; x_wconf 65' lang='grc' dir='ltr'>ιιι*</span> <span class='ocrx_word' id='word_1_364' title='bbox 626 188 713 240; x_wconf 78' lang='lat' dir='ltr'>vm</span> <span class='ocrx_word' id='word_1_365' title='bbox 733 202 793 247; x_wconf 70' lang='grc' dir='ltr'>υιι</span> <span class='ocrx_word' id='word_1_366' title='bbox 807 199 961 246; x_wconf 72' lang='lat' dir='ltr'>uenas.</span> <span class='ocrx_word' id='word_1_367' title='bbox 979 188 1127 244; x_wconf 73' lang='lat' dir='ltr'>comus</span> <span class='ocrx_word' id='word_1_368' title='bbox 1145 203 1203 239; x_wconf 67' lang='lat' dir='ltr'>im</span> <span class='ocrx_word' id='word_1_369' title='bbox 1221 186 1429 239; x_wconf 62' lang='lat' dir='ltr'>enormia</span> <span class='ocrx_word' id='word_1_370' title='bbox 1446 159 1553 237; x_wconf 58' lang='lat' dir='ltr'>enar</span> <span class='ocrx_word' id='word_1_371' title='bbox 1526 135 1778 289; x_wconf 45' lang='lat' dir='ltr'>qm</span> <span class='ocrx_word' id='word_1_372' title='bbox 1773 171 2042 257; x_wconf 49' lang='lat' dir='ltr'>mia-412·</span> 
     </span>
     <span class='ocr_line' id='line_1_57' title="bbox 1528 258 1857 325; baseline 0 -19"><span class='ocrx_word' id='word_1_373' title='bbox 1528 258 1720 319; x_wconf 57' lang='lat' dir='ltr'>oportet,</span> <span class='ocrx_word' id='word_1_374' title='bbox 1752 260 1857 325; x_wconf 46' lang='lat' dir='ltr'>eu*</span> 
     </span>
    </p>
   </div>
   <div class='ocr_carea' id='block_1_7' title="bbox 2136 0 2352 3876">
    <p class='ocr_par' dir='ltr' id='par_1_8' title="bbox 2136 0 2352 3876">
     <span class='ocr_line' id='line_1_58' title="bbox 2136 0 2352 408; baseline 0 -120"><span class='ocrx_word' id='word_1_375' title='bbox 2136 0 2352 408; x_wconf 95' lang='lat' dir='ltr'>   </span> 
     </span>
     <span class='ocr_line' id='line_1_59' title="bbox 2183 422 2352 486; baseline 0 0"><span class='ocrx_word' id='word_1_376' title='bbox 2183 422 2352 486; x_wconf 95' lang='lat' dir='ltr'>  </span> 
     </span>
     <span class='ocr_line' id='line_1_60' title="bbox 2199 486 2352 590; baseline 0 0"><span class='ocrx_word' id='word_1_377' title='bbox 2199 486 2352 590; x_wconf 95' lang='lat' dir='ltr'>  </span> 
     </span>
     <span class='ocr_line' id='line_1_61' title="bbox 2136 590 2352 672; baseline 0 -12"><span class='ocrx_word' id='word_1_378' title='bbox 2136 590 2352 672; x_wconf 95' lang='lat' dir='ltr'>  </span> 
     </span>
     <span class='ocr_line' id='line_1_62' title="bbox 2162 672 2352 856; baseline 0 -62"><span class='ocrx_word' id='word_1_379' title='bbox 2162 672 2352 856; x_wconf 95' lang='lat' dir='ltr'>    </span> 
     </span>
     <span class='ocr_line' id='line_1_63' title="bbox 2260 856 2352 977; baseline 0 -20"><span class='ocrx_word' id='word_1_380' title='bbox 2260 856 2352 977; x_wconf 95' lang='lat' dir='ltr'>    </span> 
     </span>
     <span class='ocr_line' id='line_1_64' title="bbox 2265 977 2352 1102; baseline 0 -64"><span class='ocrx_word' id='word_1_381' title='bbox 2265 977 2352 1102; x_wconf 95' lang='lat' dir='ltr'>    </span> 
     </span>
     <span class='ocr_line' id='line_1_65' title="bbox 2284 1102 2352 1143; baseline 0 2737"><span class='ocrx_word' id='word_1_382' title='bbox 2284 1102 2352 1143; x_wconf 95' lang='lat' dir='ltr'> </span> 
     </span>
     <span class='ocr_line' id='line_1_66' title="bbox 2259 1143 2352 1290; baseline 0 0"><span class='ocrx_word' id='word_1_383' title='bbox 2259 1143 2352 1290; x_wconf 95' lang='lat' dir='ltr'>   </span> 
     </span>
     <span class='ocr_line' id='line_1_67' title="bbox 2264 1290 2352 1371; baseline 0 0"><span class='ocrx_word' id='word_1_384' title='bbox 2264 1290 2352 1371; x_wconf 95' lang='lat' dir='ltr'>   </span> 
     </span>
     <span class='ocr_line' id='line_1_68' title="bbox 2264 1371 2352 1530; baseline 0 0"><span class='ocrx_word' id='word_1_385' title='bbox 2264 1371 2352 1530; x_wconf 95' lang='lat' dir='ltr'>   </span> 
     </span>
     <span class='ocr_line' id='line_1_69' title="bbox 2249 1530 2352 1651; baseline 0 0"><span class='ocrx_word' id='word_1_386' title='bbox 2249 1530 2352 1651; x_wconf 95' lang='lat' dir='ltr'>   </span> 
     </span>
     <span class='ocr_line' id='line_1_70' title="bbox 2267 1651 2352 1773; baseline 0 -80"><span class='ocrx_word' id='word_1_387' title='bbox 2267 1651 2352 1773; x_wconf 95' lang='lat' dir='ltr'>    </span> 
     </span>
     <span class='ocr_line' id='line_1_71' title="bbox 2270 1773 2352 1891; baseline 0 -72"><span class='ocrx_word' id='word_1_388' title='bbox 2270 1773 2352 1891; x_wconf 95' lang='lat' dir='ltr'>    </span> 
     </span>
     <span class='ocr_line' id='line_1_72' title="bbox 2321 1891 2352 2003; baseline 0 -55"><span class='ocrx_word' id='word_1_389' title='bbox 2321 1891 2352 2003; x_wconf 95' lang='lat' dir='ltr'>  </span> 
     </span>
     <span class='ocr_line' id='line_1_73' title="bbox 2252 2003 2352 2143; baseline 0 0"><span class='ocrx_word' id='word_1_390' title='bbox 2252 2003 2352 2143; x_wconf 95' lang='lat' dir='ltr'>   </span> 
     </span>
     <span class='ocr_line' id='line_1_74' title="bbox 2136 2143 2352 2258; baseline 0 0"><span class='ocrx_word' id='word_1_391' title='bbox 2136 2143 2352 2258; x_wconf 95' lang='lat' dir='ltr'>   </span> 
     </span>
     <span class='ocr_line' id='line_1_75' title="bbox 2270 2258 2352 2367; baseline 0 0"><span class='ocrx_word' id='word_1_392' title='bbox 2270 2258 2352 2367; x_wconf 95' lang='lat' dir='ltr'>  </span> 
     </span>
     <span class='ocr_line' id='line_1_76' title="bbox 2269 2367 2352 2488; baseline 0 -40"><span class='ocrx_word' id='word_1_393' title='bbox 2269 2367 2352 2488; x_wconf 95' lang='lat' dir='ltr'>   </span> 
     </span>
     <span class='ocr_line' id='line_1_77' title="bbox 2271 2488 2352 2596; baseline 0 -51"><span class='ocrx_word' id='word_1_394' title='bbox 2271 2488 2352 2596; x_wconf 95' lang='lat' dir='ltr'>  </span> 
     </span>
     <span class='ocr_line' id='line_1_78' title="bbox 2254 2596 2352 2736; baseline 0 -46"><span class='ocrx_word' id='word_1_395' title='bbox 2254 2596 2352 2736; x_wconf 95' lang='lat' dir='ltr'>   </span> 
     </span>
     <span class='ocr_line' id='line_1_79' title="bbox 2270 2736 2352 2873; baseline 0 0"><span class='ocrx_word' id='word_1_396' title='bbox 2270 2736 2352 2873; x_wconf 95' lang='lat' dir='ltr'>   </span> 
     </span>
     <span class='ocr_line' id='line_1_80' title="bbox 2270 2873 2352 2996; baseline 0 -82"><span class='ocrx_word' id='word_1_397' title='bbox 2270 2873 2352 2996; x_wconf 95' lang='lat' dir='ltr'>    </span> 
     </span>
     <span class='ocr_line' id='line_1_81' title="bbox 2272 2996 2352 3100; baseline 0 -59"><span class='ocrx_word' id='word_1_398' title='bbox 2272 2996 2352 3100; x_wconf 95' lang='lat' dir='ltr'>  </span> 
     </span>
     <span class='ocr_line' id='line_1_82' title="bbox 2226 3100 2352 3243; baseline 0 0"><span class='ocrx_word' id='word_1_399' title='bbox 2226 3100 2352 3243; x_wconf 95' lang='lat' dir='ltr'>   </span> 
     </span>
     <span class='ocr_line' id='line_1_83' title="bbox 2190 3243 2352 3360; baseline 0 0"><span class='ocrx_word' id='word_1_400' title='bbox 2190 3243 2352 3360; x_wconf 95' lang='lat' dir='ltr'>   </span> 
     </span>
     <span class='ocr_line' id='line_1_84' title="bbox 2222 3360 2352 3473; baseline 0 -62"><span class='ocrx_word' id='word_1_401' title='bbox 2222 3360 2352 3473; x_wconf 95' lang='lat' dir='ltr'>  </span> 
     </span>
     <span class='ocr_line' id='line_1_85' title="bbox 2136 3473 2352 3876; baseline 0 -325"><span class='ocrx_word' id='word_1_402' title='bbox 2136 3473 2352 3876; x_wconf 95' lang='lat' dir='ltr'>  </span> 
     </span>
    </p>
   </div>
   <div class='ocr_carea' id='block_1_8' title="bbox 1228 260 2349 3520">
    <p class='ocr_par' dir='ltr' id='par_1_9' title="bbox 1228 260 2349 3515">
     <span class='ocr_line' id='line_1_86' title="bbox 1230 260 2099 325; baseline 0.002 -18"><span class='ocrx_word' id='word_1_403' title='bbox 1230 266 1336 308; x_wconf 84' lang='lat' dir='ltr'>nihil</span> <span class='ocrx_word' id='word_1_404' title='bbox 1364 266 1497 313; x_wconf 77' lang='lat' dir='ltr'>dicere</span> <span class='ocrx_word' id='word_1_405' title='bbox 1776 260 1970 325; x_wconf 43' lang='lat' dir='ltr'>*non</span> <span class='ocrx_word' id='word_1_406' title='bbox 1991 268 2099 324; x_wconf 59' lang='lat' dir='ltr'>eu</span> 
     </span>
     <span class='ocr_line' id='line_1_87' title="bbox 1233 318 2225 401; baseline 0.003 -32"><span class='ocrx_word' id='word_1_407' title='bbox 1233 328 1455 376; x_wconf 84' lang='lat' dir='ltr'>Societatis,</span> <span class='ocrx_word' id='word_1_408' title='bbox 1477 327 1548 367; x_wconf 88' lang='lat' dir='ltr'>sed</span> <span class='ocrx_word' id='word_1_409' title='bbox 1566 327 1684 367; x_wconf 84' lang='lat' dir='ltr'>valde</span> <span class='ocrx_word' id='word_1_410' title='bbox 1699 318 1941 378; x_wconf 73' lang='lat' dir='ltr'>comffiunis,</span> <span class='ocrx_word' id='word_1_411' title='bbox 1955 328 2015 371; x_wconf 79' lang='lat' dir='ltr'>ita</span> <span class='ocrx_word' id='word_1_412' title='bbox 2024 327 2077 371; x_wconf 74' lang='lat' dir='ltr'>at</span> <span class='ocrx_word' id='word_1_413' title='bbox 2089 326 2161 372; x_wconf 78' lang='lat' dir='ltr'>no</span> <span class='ocrx_word' id='word_1_414' title='bbox 2173 364 2225 401; x_wconf 73' lang='lat' dir='ltr'>i</span> 
     </span>
     <span class='ocr_line' id='line_1_88' title="bbox 1232 389 2321 440; baseline 0.003 -11"><span class='ocrx_word' id='word_1_415' title='bbox 1232 390 1318 430; x_wconf 91' lang='lat' dir='ltr'>lum</span> <span class='ocrx_word' id='word_1_416' title='bbox 1333 389 1582 440; x_wconf 85' lang='lat' dir='ltr'>areligiosis,</span> <span class='ocrx_word' id='word_1_417' title='bbox 1595 389 1662 429; x_wconf 92' lang='lat' dir='ltr'>scd</span> <span class='ocrx_word' id='word_1_418' title='bbox 1679 389 2118 431; x_wconf 85' lang='lat' dir='ltr'>etiamamediocribus</span> <span class='ocrx_word' id='word_1_419' title='bbox 2135 395 2189 433; x_wconf 64' lang='lat' dir='ltr'>c(-</span> <span class='ocrx_word' id='word_1_420' title='bbox 2311 389 2321 419; x_wconf 81' lang='grc'>·”</span> 
     </span>
     <span class='ocr_line' id='line_1_89' title="bbox 1236 449 2218 503; baseline 0.003 -12"><span class='ocrx_word' id='word_1_421' title='bbox 1236 451 1358 491; x_wconf 88' lang='lat' dir='ltr'>tianis</span> <span class='ocrx_word' id='word_1_422' title='bbox 1374 449 1622 499; x_wconf 85' lang='lat' dir='ltr'>observetur,</span> <span class='ocrx_word' id='word_1_423' title='bbox 1641 462 1736 490; x_wconf 92' lang='lat' dir='ltr'>cum</span> <span class='ocrx_word' id='word_1_424' title='bbox 1758 450 1971 490; x_wconf 89' lang='lat' dir='ltr'>commode</span> <span class='ocrx_word' id='word_1_425' title='bbox 1989 456 2130 503; x_wconf 82' lang='lat' dir='ltr'>potest.</span> <span class='ocrx_word' id='word_1_426' title='bbox 2153 454 2218 494; x_wconf 90' lang='grc' dir='ltr'>Ρ</span> 
     </span>
     <span class='ocr_line' id='line_1_90' title="bbox 1234 512 2224 564; baseline 0.002 -11"><span class='ocrx_word' id='word_1_427' title='bbox 1234 513 1425 553; x_wconf 86' lang='lat' dir='ltr'>scribitur</span> <span class='ocrx_word' id='word_1_428' title='bbox 1443 517 1579 552; x_wconf 87' lang='lat' dir='ltr'>autem</span> <span class='ocrx_word' id='word_1_429' title='bbox 1598 512 1884 564; x_wconf 85' lang='lat' dir='ltr'>Superioribus</span> <span class='ocrx_word' id='word_1_430' title='bbox 1902 512 2131 553; x_wconf 87' lang='lat' dir='ltr'>localibus</span> <span class='ocrx_word' id='word_1_431' title='bbox 2119 526 2164 555; x_wconf 88' lang='grc' dir='ltr'>ιιι</span> <span class='ocrx_word' id='word_1_432' title='bbox 2178 526 2224 555; x_wconf 80' lang='lat' dir='ltr'>s</span> 
     </span>
     <span class='ocr_line' id='line_1_91' title="bbox 1234 557 2309 626; baseline 0.002 -13"><span class='ocrx_word' id='word_1_433' title='bbox 1234 577 1430 626; x_wconf 88' lang='lat' dir='ltr'>cujusque</span> <span class='ocrx_word' id='word_1_434' title='bbox 1445 574 1611 625; x_wconf 89' lang='lat' dir='ltr'>regulis,</span> <span class='ocrx_word' id='word_1_435' title='bbox 1633 574 1840 625; x_wconf 86' lang='lat' dir='ltr'>Praepositi</span> <span class='ocrx_word' id='word_1_436' title='bbox 1854 575 1920 620; x_wconf 71' lang='lat'>49,</span> <span class='ocrx_word' id='word_1_437' title='bbox 1932 580 1972 613; x_wconf 88' lang='lat' dir='ltr'>et</span> <span class='ocrx_word' id='word_1_438' title='bbox 1994 575 2217 615; x_wconf 85' lang='lat' dir='ltr'>Rectoris</span> <span class='ocrx_word' id='word_1_439' title='bbox 2219 557 2309 609; x_wconf 52' lang='grc' dir='ltr'>ἑ</span> 
     </span>
     <span class='ocr_line' id='line_1_92' title="bbox 1233 631 2315 686; baseline -0.003 -9"><span class='ocrx_word' id='word_1_440' title='bbox 1233 641 1281 677; x_wconf 86' lang='lat' dir='ltr'>ut</span> <span class='ocrx_word' id='word_1_441' title='bbox 1301 637 1450 674; x_wconf 89' lang='lat' dir='ltr'>dictam</span> <span class='ocrx_word' id='word_1_442' title='bbox 1471 636 1652 686; x_wconf 85' lang='lat' dir='ltr'>regulam</span> <span class='ocrx_word' id='word_1_443' title='bbox 1670 635 1824 674; x_wconf 87' lang='lat' dir='ltr'>faciant</span> <span class='ocrx_word' id='word_1_444' title='bbox 1842 636 2065 676; x_wconf 88' lang='lat' dir='ltr'>observari.</span> <span class='ocrx_word' id='word_1_445' title='bbox 2253 643 2259 648; x_wconf 80' lang='grc'><em>·</em></span> <span class='ocrx_word' id='word_1_446' title='bbox 2314 631 2315 634; x_wconf 63' lang='grc'>’</span> 
     </span>
     <span class='ocr_line' id='line_1_93' title="bbox 1288 698 2261 750; baseline 0.003 -13"><span class='ocrx_word' id='word_1_447' title='bbox 1288 698 1351 737; x_wconf 90' lang='grc'>10.</span> <span class='ocrx_word' id='word_1_448' title='bbox 1381 698 1443 737; x_wconf 88' lang='lat' dir='ltr'>De</span> <span class='ocrx_word' id='word_1_449' title='bbox 1464 699 1773 750; x_wconf 76' lang='lat' dir='ltr'>participatione</span> <span class='ocrx_word' id='word_1_450' title='bbox 1792 699 1965 749; x_wconf 74' lang='lat' dir='ltr'>eJ&#39;usdeni</span> <span class='ocrx_word' id='word_1_451' title='bbox 1981 710 2053 750; x_wconf 80' lang='lat' dir='ltr'>per</span> <span class='ocrx_word' id='word_1_452' title='bbox 2082 699 2208 740; x_wconf 71' lang='lat' dir='ltr'>sanct</span> <span class='ocrx_word' id='word_1_453' title='bbox 2232 699 2261 738; x_wconf 89' lang='lat'>⁸</span> 
     </span>
     <span class='ocr_line' id='line_1_94' title="bbox 1233 751 2314 812; baseline 0.002 -12"><span class='ocrx_word' id='word_1_454' title='bbox 1233 759 1550 801; x_wconf 79' lang='lat' dir='ltr'>communionem.</span> <span class='ocrx_word' id='word_1_455' title='bbox 1590 780 1644 789; x_wconf 92' lang='lat'>—</span> <span class='ocrx_word' id='word_1_456' title='bbox 1676 760 1923 812; x_wconf 80' lang='lat' dir='ltr'>Frequentia</span> <span class='ocrx_word' id='word_1_457' title='bbox 1958 763 2175 802; x_wconf 72' lang='lat' dir='ltr'>menstrua</span> <span class='ocrx_word' id='word_1_458' title='bbox 2241 751 2262 778; x_wconf 65' lang='lat'><em>³</em></span> <span class='ocrx_word' id='word_1_459' title='bbox 2309 779 2314 812; x_wconf 60' lang='grc' dir='ltr'><strong>ς</strong></span> 
     </span>
     <span class='ocr_line' id='line_1_95' title="bbox 1231 819 2262 872; baseline 0.001 -12"><span class='ocrx_word' id='word_1_460' title='bbox 1231 819 1479 872; x_wconf 83' lang='lat' dir='ltr'>Frequentia</span> <span class='ocrx_word' id='word_1_461' title='bbox 1502 819 1562 860; x_wconf 78' lang='lat' dir='ltr'>bis</span> <span class='ocrx_word' id='word_1_462' title='bbox 1593 821 1638 861; x_wconf 83' lang='lat' dir='ltr'>in</span> <span class='ocrx_word' id='word_1_463' title='bbox 1672 833 1815 861; x_wconf 79' lang='lat' dir='ltr'>mense</span> <span class='ocrx_word' id='word_1_464' title='bbox 1829 842 1883 852; x_wconf 91' lang='lat'>—</span> <span class='ocrx_word' id='word_1_465' title='bbox 1913 821 1970 861; x_wconf 87' lang='lat' dir='ltr'>De</span> <span class='ocrx_word' id='word_1_466' title='bbox 2000 821 2127 859; x_wconf 85' lang='lat' dir='ltr'>altera</span> <span class='ocrx_word' id='word_1_467' title='bbox 2162 831 2262 861; x_wconf 85' lang='lat' dir='ltr'>ver</span> 
     </span>
     <span class='ocr_line' id='line_1_96' title="bbox 1234 880 2315 932; baseline 0.003 -13"><span class='ocrx_word' id='word_1_468' title='bbox 1234 886 1363 932; x_wconf 83' lang='lat' dir='ltr'>parte,</span> <span class='ocrx_word' id='word_1_469' title='bbox 1384 881 1549 928; x_wconf 87' lang='lat' dir='ltr'>scilicet,</span> <span class='ocrx_word' id='word_1_470' title='bbox 1570 883 1858 921; x_wconf 90' lang='lat' dir='ltr'>communione</span> <span class='ocrx_word' id='word_1_471' title='bbox 1878 882 2003 932; x_wconf 83' lang='lat' dir='ltr'>hujus</span> <span class='ocrx_word' id='word_1_472' title='bbox 2018 882 2185 921; x_wconf 87' lang='lat' dir='ltr'>divinis</span> <span class='ocrx_word' id='word_1_473' title='bbox 2172 880 2260 922; x_wconf 74' lang='lat' dir='ltr'>imi</span> <span class='ocrx_word' id='word_1_474' title='bbox 2313 918 2315 922; x_wconf 20' lang='grc' dir='ltr'><em>Α</em></span> 
     </span>
     <span class='ocr_line' id='line_1_97' title="bbox 1233 942 2268 995; baseline 0.002 -14"><span class='ocrx_word' id='word_1_475' title='bbox 1233 944 1490 989; x_wconf 79' lang='lat' dir='ltr'>sacramenti,</span> <span class='ocrx_word' id='word_1_476' title='bbox 1511 955 1729 982; x_wconf 87' lang='lat' dir='ltr'>commune</span> <span class='ocrx_word' id='word_1_477' title='bbox 1747 944 1870 983; x_wconf 89' lang='lat' dir='ltr'>etiam</span> <span class='ocrx_word' id='word_1_478' title='bbox 1891 945 1994 990; x_wconf 64' lang='grc' dir='ltr'>θεῖ’,</span> <span class='ocrx_word' id='word_1_479' title='bbox 2015 948 2062 980; x_wconf 77' lang='lat' dir='ltr'>ut</span> <span class='ocrx_word' id='word_1_480' title='bbox 2083 942 2268 995; x_wconf 34' lang='lat' dir='ltr'>religiosi·</span> 
     </span>
     <span class='ocr_line' id='line_1_98' title="bbox 1232 995 2349 1055; baseline 0.002 -13"><span class='ocrx_word' id='word_1_481' title='bbox 1232 1015 1282 1042; x_wconf 84' lang='lat' dir='ltr'>ex</span> <span class='ocrx_word' id='word_1_482' title='bbox 1299 1004 1339 1042; x_wconf 90' lang='lat' dir='ltr'>vi</span> <span class='ocrx_word' id='word_1_483' title='bbox 1364 1005 1426 1042; x_wconf 88' lang='lat' dir='ltr'>sui</span> <span class='ocrx_word' id='word_1_484' title='bbox 1448 1008 1574 1043; x_wconf 88' lang='lat' dir='ltr'>status</span> <span class='ocrx_word' id='word_1_485' title='bbox 1591 1004 1842 1055; x_wconf 82' lang='lat' dir='ltr'>frequentius</span> <span class='ocrx_word' id='word_1_486' title='bbox 1865 1005 2168 1043; x_wconf 69' lang='lat' dir='ltr'>communicare</span> <span class='ocrx_word' id='word_1_487' title='bbox 2189 1003 2281 1044; x_wconf 70' lang='lat' dir='ltr'>de-</span> <span class='ocrx_word' id='word_1_488' title='bbox 2302 995 2320 1035; x_wconf 58' lang='grc' dir='ltr'>’Ϊ</span> <span class='ocrx_word' id='word_1_489' title='bbox 2347 1023 2349 1026; x_wconf 51' lang='lat'><strong>⁴</strong></span> 
     </span>
     <span class='ocr_line' id='line_1_99' title="bbox 1231 1062 2311 1117; baseline -0.001 -13"><span class='ocrx_word' id='word_1_490' title='bbox 1231 1064 1366 1104; x_wconf 88' lang='lat' dir='ltr'>beant.</span> <span class='ocrx_word' id='word_1_491' title='bbox 1385 1067 1486 1105; x_wconf 81' lang='lat' dir='ltr'>Nam</span> <span class='ocrx_word' id='word_1_492' title='bbox 1504 1067 1545 1104; x_wconf 91' lang='lat' dir='ltr'>in</span> <span class='ocrx_word' id='word_1_493' title='bbox 1562 1066 1689 1105; x_wconf 84' lang='lat' dir='ltr'>Clcm.</span> <span class='ocrx_word' id='word_1_494' title='bbox 1707 1068 1742 1112; x_wconf 85' lang='lat'>1,</span> <span class='ocrx_word' id='word_1_495' title='bbox 1760 1065 1783 1117; x_wconf 71' lang='grc' dir='ltr'><strong>ἓ</strong></span> <span class='ocrx_word' id='word_1_496' title='bbox 1800 1065 1985 1113; x_wconf 76' lang='lat' dir='ltr'>Sane,de</span> <span class='ocrx_word' id='word_1_497' title='bbox 1999 1066 2111 1104; x_wconf 86' lang='lat' dir='ltr'>Statu</span> <span class='ocrx_word' id='word_1_498' title='bbox 2130 1062 2278 1115; x_wconf 67' lang='lat' dir='ltr'>mon.,7</span> <span class='ocrx_word' id='word_1_499' title='bbox 2304 1077 2311 1117; x_wconf 70' lang='lat' dir='ltr'><em>f</em></span> 
     </span>
     <span class='ocr_line' id='line_1_100' title="bbox 1230 1126 2284 1178; baseline -0.002 -12"><span class='ocrx_word' id='word_1_500' title='bbox 1230 1127 1401 1178; x_wconf 85' lang='lat' dir='ltr'>singulis</span> <span class='ocrx_word' id='word_1_501' title='bbox 1429 1127 1637 1166; x_wconf 87' lang='lat' dir='ltr'>mensibus</span> <span class='ocrx_word' id='word_1_502' title='bbox 1657 1127 1890 1178; x_wconf 85' lang='lat' dir='ltr'>injungitur</span> <span class='ocrx_word' id='word_1_503' title='bbox 1921 1127 2128 1165; x_wconf 83' lang='lat' dir='ltr'>monachis</span> <span class='ocrx_word' id='word_1_504' title='bbox 2153 1126 2284 1164; x_wconf 47' lang='lat' dir='ltr'>com-⁷</span> 
     </span>
     <span class='ocr_line' id='line_1_101' title="bbox 1232 1187 2281 1240; baseline -0.001 -13"><span class='ocrx_word' id='word_1_505' title='bbox 1232 1189 1388 1232; x_wconf 84' lang='lat' dir='ltr'>munio,</span> <span class='ocrx_word' id='word_1_506' title='bbox 1415 1189 1520 1240; x_wconf 87' lang='lat' dir='ltr'>quod</span> <span class='ocrx_word' id='word_1_507' title='bbox 1540 1190 1589 1229; x_wconf 88' lang='lat' dir='ltr'>ad</span> <span class='ocrx_word' id='word_1_508' title='bbox 1623 1201 1767 1228; x_wconf 85' lang='lat' dir='ltr'>omnes</span> <span class='ocrx_word' id='word_1_509' title='bbox 1795 1188 2005 1237; x_wconf 81' lang='lat' dir='ltr'>religiosos</span> <span class='ocrx_word' id='word_1_510' title='bbox 2038 1187 2281 1227; x_wconf 76' lang='lat' dir='ltr'>extendunt</span> 
     </span>
     <span class='ocr_line' id='line_1_102' title="bbox 1229 1247 2308 1301; baseline 0 -12"><span class='ocrx_word' id='word_1_511' title='bbox 1229 1250 1366 1290; x_wconf 85' lang='lat' dir='ltr'>Glossa</span> <span class='ocrx_word' id='word_1_512' title='bbox 1387 1250 1458 1297; x_wconf 90' lang='lat' dir='ltr'>ibi,</span> <span class='ocrx_word' id='word_1_513' title='bbox 1484 1255 1525 1289; x_wconf 90' lang='lat' dir='ltr'>et</span> <span class='ocrx_word' id='word_1_514' title='bbox 1555 1251 1735 1297; x_wconf 84' lang='lat' dir='ltr'>Cardin.,</span> <span class='ocrx_word' id='word_1_515' title='bbox 1771 1254 1915 1301; x_wconf 83' lang='lat' dir='ltr'>quaest.</span> <span class='ocrx_word' id='word_1_516' title='bbox 1937 1251 1963 1289; x_wconf 83' lang='lat'><strong>3</strong></span> <span class='ocrx_word' id='word_1_517' title='bbox 1983 1253 2023 1288; x_wconf 79' lang='lat' dir='ltr'>et</span> <span class='ocrx_word' id='word_1_518' title='bbox 2042 1250 2080 1296; x_wconf 77' lang='lat'>4,</span> <span class='ocrx_word' id='word_1_519' title='bbox 2115 1253 2154 1287; x_wconf 89' lang='lat' dir='ltr'>et</span> <span class='ocrx_word' id='word_1_520' title='bbox 2177 1247 2259 1289; x_wconf 70' lang='lat' dir='ltr'>alii.</span> <span class='ocrx_word' id='word_1_521' title='bbox 2286 1274 2308 1294; x_wconf 59' lang='lat'>=.</span> 
     </span>
     <span class='ocr_line' id='line_1_103' title="bbox 1229 1310 2290 1358; baseline -0.003 -7"><span class='ocrx_word' id='word_1_522' title='bbox 1229 1312 1387 1351; x_wconf 83' lang='lat' dir='ltr'>Citatur</span> <span class='ocrx_word' id='word_1_523' title='bbox 1405 1312 1528 1351; x_wconf 87' lang='lat' dir='ltr'>etiam</span> <span class='ocrx_word' id='word_1_524' title='bbox 1549 1312 1764 1357; x_wconf 78' lang='lat' dir='ltr'>oldradus,</span> <span class='ocrx_word' id='word_1_525' title='bbox 1787 1323 1898 1352; x_wconf 84' lang='lat' dir='ltr'>cons.</span> <span class='ocrx_word' id='word_1_526' title='bbox 1923 1312 2016 1358; x_wconf 68' lang='lat'>120,</span> <span class='ocrx_word' id='word_1_527' title='bbox 2048 1317 2088 1350; x_wconf 83' lang='lat' dir='ltr'>et</span> <span class='ocrx_word' id='word_1_528' title='bbox 2106 1310 2156 1349; x_wconf 72' lang='lat' dir='ltr'>iic</span> <span class='ocrx_word' id='word_1_529' title='bbox 2178 1320 2290 1348; x_wconf 82' lang='grc' dir='ltr'>ιιιο-</span> 
     </span>
     <span class='ocr_line' id='line_1_104' title="bbox 1231 1370 2310 1425; baseline 0.002 -15"><span class='ocrx_word' id='word_1_530' title='bbox 1231 1373 1410 1411; x_wconf 82' lang='lat' dir='ltr'>nialibus</span> <span class='ocrx_word' id='word_1_531' title='bbox 1441 1386 1630 1425; x_wconf 86' lang='lat' dir='ltr'>expresse</span> <span class='ocrx_word' id='word_1_532' title='bbox 1663 1373 1963 1420; x_wconf 85' lang='lat' dir='ltr'>Tridentinum,</span> <span class='ocrx_word' id='word_1_533' title='bbox 1997 1384 2090 1411; x_wconf 84' lang='lat' dir='ltr'>sess.</span> <span class='ocrx_word' id='word_1_534' title='bbox 2117 1372 2181 1418; x_wconf 63' lang='lat'>⁵25,</span> <span class='ocrx_word' id='word_1_535' title='bbox 2214 1370 2285 1412; x_wconf 79' lang='lat' dir='ltr'>de</span> <span class='ocrx_word' id='word_1_536' title='bbox 2299 1375 2310 1395; x_wconf 77' lang='lat'>³</span> 
     </span>
     <span class='ocr_line' id='line_1_105' title="bbox 1231 1422 2321 1486; baseline -0.002 -13"><span class='ocrx_word' id='word_1_537' title='bbox 1231 1433 1483 1483; x_wconf 61' lang='lat' dir='ltr'>Regulanh„</span> <span class='ocrx_word' id='word_1_538' title='bbox 1513 1446 1601 1485; x_wconf 78' lang='lat' dir='ltr'>cap</span> <span class='ocrx_word' id='word_1_539' title='bbox 1632 1433 1694 1474; x_wconf 85' lang='grc'>10</span> <span class='ocrx_word' id='word_1_540' title='bbox 1727 1435 1790 1474; x_wconf 70' lang='lat' dir='ltr'>Au</span> <span class='ocrx_word' id='word_1_541' title='bbox 1820 1446 1915 1472; x_wconf 78' lang='lat' dir='ltr'>vero</span> <span class='ocrx_word' id='word_1_542' title='bbox 1943 1435 2031 1472; x_wconf 85' lang='lat' dir='ltr'>haec</span> <span class='ocrx_word' id='word_1_543' title='bbox 2065 1422 2321 1486; x_wconf 62' lang='lat' dir='ltr'>obligatio²</span> 
     </span>
     <span class='ocr_line' id='line_1_106' title="bbox 1233 1493 2307 1546; baseline 0 -14"><span class='ocrx_word' id='word_1_544' title='bbox 1233 1495 1286 1533; x_wconf 81' lang='lat' dir='ltr'>sit</span> <span class='ocrx_word' id='word_1_545' title='bbox 1299 1507 1346 1533; x_wconf 86' lang='lat' dir='ltr'>ex</span> <span class='ocrx_word' id='word_1_546' title='bbox 1367 1496 1530 1545; x_wconf 82' lang='lat' dir='ltr'>pioprio</span> <span class='ocrx_word' id='word_1_547' title='bbox 1550 1499 1797 1546; x_wconf 84' lang='lat' dir='ltr'>praecepto,</span> <span class='ocrx_word' id='word_1_548' title='bbox 1788 1495 1847 1533; x_wconf 78' lang='lat' dir='ltr'>el</span> <span class='ocrx_word' id='word_1_549' title='bbox 1857 1494 1989 1533; x_wconf 83' lang='lat' dir='ltr'>solum</span> <span class='ocrx_word' id='word_1_550' title='bbox 2004 1506 2076 1545; x_wconf 89' lang='lat' dir='ltr'>per</span> <span class='ocrx_word' id='word_1_551' title='bbox 2095 1493 2264 1532; x_wconf 81' lang='lat' dir='ltr'>modum</span> <span class='ocrx_word' id='word_1_552' title='bbox 2301 1493 2307 1496; x_wconf 80' lang='grc'><strong>”</strong></span> 
     </span>
     <span class='ocr_line' id='line_1_107' title="bbox 1235 1554 2319 1607; baseline -0.002 -13"><span class='ocrx_word' id='word_1_553' title='bbox 1235 1556 1429 1606; x_wconf 84' lang='lat' dir='ltr'>simplicis</span> <span class='ocrx_word' id='word_1_554' title='bbox 1453 1556 1736 1603; x_wconf 87' lang='lat' dir='ltr'>ordinationis,</span> <span class='ocrx_word' id='word_1_555' title='bbox 1768 1567 1881 1594; x_wconf 80' lang='lat' dir='ltr'>nunc</span> <span class='ocrx_word' id='word_1_556' title='bbox 1896 1567 1980 1594; x_wconf 86' lang='lat' dir='ltr'>non</span> <span class='ocrx_word' id='word_1_557' title='bbox 2002 1555 2187 1605; x_wconf 68' lang='lat' dir='ltr'>disputo;</span> <span class='ocrx_word' id='word_1_558' title='bbox 2209 1554 2270 1593; x_wconf 85' lang='lat' dir='ltr'>vi·</span> <span class='ocrx_word' id='word_1_559' title='bbox 2290 1595 2291 1598; x_wconf 11' lang='grc' dir='ltr'><strong>Ἴ</strong></span> <span class='ocrx_word' id='word_1_560' title='bbox 2318 1603 2319 1607; x_wconf 15' lang='lat'>¹</span> 
     </span>
     <span class='ocr_line' id='line_1_108' title="bbox 1236 1613 2287 1668; baseline -0.002 -13"><span class='ocrx_word' id='word_1_561' title='bbox 1236 1617 1427 1666; x_wconf 79' lang='lat' dir='ltr'>deantur,</span> <span class='ocrx_word' id='word_1_562' title='bbox 1449 1629 1538 1668; x_wconf 74' lang='lat' dir='ltr'>quae</span> <span class='ocrx_word' id='word_1_563' title='bbox 1559 1618 1644 1655; x_wconf 83' lang='lat' dir='ltr'>dixi</span> <span class='ocrx_word' id='word_1_564' title='bbox 1667 1617 1711 1655; x_wconf 86' lang='lat' dir='ltr'>in</span> <span class='ocrx_word' id='word_1_565' title='bbox 1727 1618 1755 1657; x_wconf 87' lang='lat'><strong>3</strong></span> <span class='ocrx_word' id='word_1_566' title='bbox 1773 1621 1892 1663; x_wconf 69' lang='lat' dir='ltr'>torn,</span> <span class='ocrx_word' id='word_1_567' title='bbox 1927 1617 2076 1667; x_wconf 78' lang='lat' dir='ltr'>disput.</span> <span class='ocrx_word' id='word_1_568' title='bbox 2107 1613 2287 1666; x_wconf 72' lang='lat' dir='ltr'>septim-¹</span> 
     </span>
     <span class='ocr_line' id='line_1_109' title="bbox 1236 1677 2313 1732; baseline 0 -16"><span class='ocrx_word' id='word_1_569' title='bbox 1236 1679 1409 1729; x_wconf 87' lang='lat' dir='ltr'>gesima‚</span> <span class='ocrx_word' id='word_1_570' title='bbox 1444 1683 1540 1716; x_wconf 86' lang='lat' dir='ltr'>sect.</span> <span class='ocrx_word' id='word_1_571' title='bbox 1567 1678 1757 1716; x_wconf 88' lang='lat' dir='ltr'>secunda</span> <span class='ocrx_word' id='word_1_572' title='bbox 1793 1678 1909 1717; x_wconf 90' lang='lat' dir='ltr'>Ultra</span> <span class='ocrx_word' id='word_1_573' title='bbox 1942 1677 2020 1715; x_wconf 87' lang='lat' dir='ltr'>hoc</span> <span class='ocrx_word' id='word_1_574' title='bbox 2049 1688 2267 1716; x_wconf 87' lang='lat' dir='ltr'>commune</span> <span class='ocrx_word' id='word_1_575' title='bbox 2311 1726 2313 1732; x_wconf 32' lang='grc' dir='ltr'>Ι</span> 
     </span>
     <span class='ocr_line' id='line_1_110' title="bbox 1228 1737 2320 1792; baseline -0.002 -14"><span class='ocrx_word' id='word_1_576' title='bbox 1228 1741 1310 1792; x_wconf 84' lang='lat' dir='ltr'>jus,</span> <span class='ocrx_word' id='word_1_577' title='bbox 1330 1740 1476 1790; x_wconf 76' lang='lat' dir='ltr'>aliquae</span> <span class='ocrx_word' id='word_1_578' title='bbox 1492 1739 1708 1791; x_wconf 86' lang='lat' dir='ltr'>religiones</span> <span class='ocrx_word' id='word_1_579' title='bbox 1726 1739 2043 1790; x_wconf 86' lang='lat' dir='ltr'>frequentiorem</span> <span class='ocrx_word' id='word_1_580' title='bbox 2059 1750 2175 1777; x_wconf 89' lang='lat' dir='ltr'>usum</span> <span class='ocrx_word' id='word_1_581' title='bbox 2192 1737 2299 1777; x_wconf 86' lang='lat' dir='ltr'>hu·</span> <span class='ocrx_word' id='word_1_582' title='bbox 2300 1741 2320 1767; x_wconf 76' lang='lat'>‚³</span> 
     </span>
     <span class='ocr_line' id='line_1_111' title="bbox 1229 1797 2291 1854; baseline -0.002 -13"><span class='ocrx_word' id='word_1_583' title='bbox 1229 1803 1296 1854; x_wconf 87' lang='lat' dir='ltr'>jus</span> <span class='ocrx_word' id='word_1_584' title='bbox 1314 1801 1443 1842; x_wconf 90' lang='lat' dir='ltr'>divini</span> <span class='ocrx_word' id='word_1_585' title='bbox 1465 1802 1715 1841; x_wconf 87' lang='lat' dir='ltr'>Sacramenti</span> <span class='ocrx_word' id='word_1_586' title='bbox 1735 1800 1971 1849; x_wconf 87' lang='lat' dir='ltr'>observant;</span> <span class='ocrx_word' id='word_1_587' title='bbox 1993 1812 2019 1838; x_wconf 90' lang='lat' dir='ltr'>n</span> <span class='ocrx_word' id='word_1_588' title='bbox 2025 1811 2089 1838; x_wconf 82' lang='lat' dir='ltr'>am</span> <span class='ocrx_word' id='word_1_589' title='bbox 2111 1800 2154 1838; x_wconf 87' lang='lat' dir='ltr'>D.</span> <span class='ocrx_word' id='word_1_590' title='bbox 2173 1797 2291 1839; x_wconf 84' lang='lat' dir='ltr'>Hie·</span> 
     </span>
     <span class='ocr_line' id='line_1_112' title="bbox 1232 1858 2315 1919; baseline -0.003 -17"><span class='ocrx_word' id='word_1_591' title='bbox 1232 1876 1338 1916; x_wconf 81' lang='lat' dir='ltr'>rony</span> <span class='ocrx_word' id='word_1_592' title='bbox 1345 1876 1444 1902; x_wconf 88' lang='lat' dir='ltr'>mus</span> <span class='ocrx_word' id='word_1_593' title='bbox 1468 1863 1510 1901; x_wconf 88' lang='lat' dir='ltr'>in</span> <span class='ocrx_word' id='word_1_594' title='bbox 1532 1862 1686 1914; x_wconf 84' lang='lat' dir='ltr'>Regula</span> <span class='ocrx_word' id='word_1_595' title='bbox 1706 1861 1946 1901; x_wconf 84' lang='lat' dir='ltr'>monialium</span> <span class='ocrx_word' id='word_1_596' title='bbox 1970 1861 2024 1911; x_wconf 88' lang='lat' dir='ltr'>(si</span> <span class='ocrx_word' id='word_1_597' title='bbox 2045 1861 2153 1898; x_wconf 82' lang='lat' dir='ltr'>illius</span> <span class='ocrx_word' id='word_1_598' title='bbox 2169 1858 2315 1911; x_wconf 86' lang='lat' dir='ltr'>est),</span> <span class='ocrx_word' id='word_1_599' title='bbox 2297 1898 2315 1919; x_wconf 69' lang='lat' dir='ltr'><em>v</em></span> 
     </span>
     <span class='ocr_line' id='line_1_113' title="bbox 1231 1919 2346 1975; baseline -0.004 -12"><span class='ocrx_word' id='word_1_600' title='bbox 1231 1935 1324 1975; x_wconf 74' lang='lat' dir='ltr'>cap.</span> <span class='ocrx_word' id='word_1_601' title='bbox 1346 1923 1504 1963; x_wconf 84' lang='lat' dir='ltr'>decimo</span> <span class='ocrx_word' id='word_1_602' title='bbox 1525 1936 1650 1970; x_wconf 86' lang='lat' dir='ltr'>nono,</span> <span class='ocrx_word' id='word_1_603' title='bbox 1666 1924 1808 1961; x_wconf 84' lang='lat' dir='ltr'>statuit</span> <span class='ocrx_word' id='word_1_604' title='bbox 1827 1927 1872 1960; x_wconf 89' lang='lat' dir='ltr'>ut</span> <span class='ocrx_word' id='word_1_605' title='bbox 1891 1920 1951 1960; x_wconf 90' lang='lat' dir='ltr'>bis</span> <span class='ocrx_word' id='word_1_606' title='bbox 1970 1922 2013 1960; x_wconf 92' lang='lat' dir='ltr'>in</span> <span class='ocrx_word' id='word_1_607' title='bbox 2034 1933 2186 1969; x_wconf 78' lang='lat' dir='ltr'>mense,</span> <span class='ocrx_word' id='word_1_608' title='bbox 2205 1919 2270 1960; x_wconf 85' lang='lat' dir='ltr'>vel</span> <span class='ocrx_word' id='word_1_609' title='bbox 2297 1921 2321 1974; x_wconf 62' lang='grc' dir='ltr'>ἔξ</span> <span class='ocrx_word' id='word_1_610' title='bbox 2343 1946 2346 1947; x_wconf 31' lang='lat'><em>⁷</em></span> 
     </span>
     <span class='ocr_line' id='line_1_114' title="bbox 1232 1983 2268 2037; baseline -0.005 -13"><span class='ocrx_word' id='word_1_611' title='bbox 1232 1986 1383 2037; x_wconf 85' lang='lat' dir='ltr'>saepius</span> <span class='ocrx_word' id='word_1_612' title='bbox 1397 1983 1724 2033; x_wconf 87' lang='lat' dir='ltr'>communicent;</span> <span class='ocrx_word' id='word_1_613' title='bbox 1745 1989 1785 2022; x_wconf 82' lang='lat' dir='ltr'>ct</span> <span class='ocrx_word' id='word_1_614' title='bbox 1805 1983 1992 2022; x_wconf 82' lang='lat' dir='ltr'>similiter</span> <span class='ocrx_word' id='word_1_615' title='bbox 2011 1983 2054 2020; x_wconf 86' lang='lat' dir='ltr'>in</span> <span class='ocrx_word' id='word_1_616' title='bbox 2068 1983 2268 2020; x_wconf 88' lang='lat' dir='ltr'>Constitu·</span> 
     </span>
     <span class='ocr_line' id='line_1_115' title="bbox 1232 2044 2326 2093; baseline -0.004 -6"><span class='ocrx_word' id='word_1_617' title='bbox 1232 2048 1412 2087; x_wconf 81' lang='lat' dir='ltr'>tionibus</span> <span class='ocrx_word' id='word_1_618' title='bbox 1436 2049 1658 2093; x_wconf 89' lang='lat' dir='ltr'>Minorum,</span> <span class='ocrx_word' id='word_1_619' title='bbox 1690 2046 1807 2085; x_wconf 84' lang='lat' dir='ltr'>factis</span> <span class='ocrx_word' id='word_1_620' title='bbox 1832 2057 1860 2084; x_wconf 70' lang='lat' dir='ltr'>a</span> <span class='ocrx_word' id='word_1_621' title='bbox 1889 2044 2049 2084; x_wconf 81' lang='lat' dir='ltr'>Guilicl.</span> <span class='ocrx_word' id='word_1_622' title='bbox 2086 2044 2266 2092; x_wconf 64' lang='lat' dir='ltr'>Freder„</span> <span class='ocrx_word' id='word_1_623' title='bbox 2296 2051 2326 2070; x_wconf 77' lang='lat'>¹³</span> 
     </span>
     <span class='ocr_line' id='line_1_116' title="bbox 1234 2104 2336 2159; baseline -0.003 -11"><span class='ocrx_word' id='word_1_624' title='bbox 1234 2121 1270 2145; x_wconf 84' lang='lat' dir='ltr'>c·</span> <span class='ocrx_word' id='word_1_625' title='bbox 1291 2109 1333 2155; x_wconf 60' lang='grc' dir='ltr'>ὁ,</span> <span class='ocrx_word' id='word_1_626' title='bbox 1353 2111 1394 2148; x_wconf 85' lang='lat' dir='ltr'>et</span> <span class='ocrx_word' id='word_1_627' title='bbox 1414 2122 1438 2148; x_wconf 86' lang='lat' dir='ltr'>a</span> <span class='ocrx_word' id='word_1_628' title='bbox 1456 2110 1573 2148; x_wconf 88' lang='lat' dir='ltr'>Joan.</span> <span class='ocrx_word' id='word_1_629' title='bbox 1595 2109 1784 2159; x_wconf 67' lang='lat' dir='ltr'>Capistr„</span> <span class='ocrx_word' id='word_1_630' title='bbox 1804 2118 1840 2146; x_wconf 86' lang='lat' dir='ltr'>c.</span> <span class='ocrx_word' id='word_1_631' title='bbox 1864 2110 1876 2115; x_wconf 79' lang='lat'>‘</span> <span class='ocrx_word' id='word_1_632' title='bbox 1890 2136 1901 2152; x_wconf 90' lang='lat'>,</span> <span class='ocrx_word' id='word_1_633' title='bbox 1923 2106 2129 2151; x_wconf 82' lang='lat' dir='ltr'>statuitur,</span> <span class='ocrx_word' id='word_1_634' title='bbox 2144 2109 2189 2143; x_wconf 86' lang='lat' dir='ltr'>ut</span> <span class='ocrx_word' id='word_1_635' title='bbox 2202 2104 2269 2143; x_wconf 84' lang='lat' dir='ltr'>de·</span> <span class='ocrx_word' id='word_1_636' title='bbox 2302 2107 2336 2150; x_wconf 79' lang='grc' dir='ltr'>ἶ·”,</span> 
     </span>
     <span class='ocr_line' id='line_1_117' title="bbox 1231 2146 2334 2242; baseline -0.002 -36"><span class='ocrx_word' id='word_1_637' title='bbox 1231 2167 1338 2206; x_wconf 84' lang='lat' dir='ltr'>cimo</span> <span class='ocrx_word' id='word_1_638' title='bbox 1376 2166 1521 2216; x_wconf 84' lang='lat' dir='ltr'>quinto</span> <span class='ocrx_word' id='word_1_639' title='bbox 1553 2177 1715 2216; x_wconf 79' lang='lat' dir='ltr'>quoque</span> <span class='ocrx_word' id='word_1_640' title='bbox 1743 2168 1814 2206; x_wconf 78' lang='lat' dir='ltr'>die</span> <span class='ocrx_word' id='word_1_641' title='bbox 1847 2167 1994 2206; x_wconf 86' lang='lat' dir='ltr'>fratres</span> <span class='ocrx_word' id='word_1_642' title='bbox 2020 2166 2066 2205; x_wconf 88' lang='lat' dir='ltr'>in</span> <span class='ocrx_word' id='word_1_643' title='bbox 2092 2177 2270 2210; x_wconf 76' lang='lat' dir='ltr'>conven·</span> <span class='ocrx_word' id='word_1_644' title='bbox 2307 2146 2334 2242; x_wconf 54' lang='grc' dir='ltr'><strong>Ξ</strong></span> 
     </span>
     <span class='ocr_line' id='line_1_118' title="bbox 1232 2227 2323 2268; baseline -0.005 0"><span class='ocrx_word' id='word_1_645' title='bbox 1232 2227 1332 2268; x_wconf 72' lang='lat' dir='ltr'>tuali</span> <span class='ocrx_word' id='word_1_646' title='bbox 1352 2227 1472 2266; x_wconf 85' lang='lat' dir='ltr'>Missa</span> <span class='ocrx_word' id='word_1_647' title='bbox 1491 2227 1813 2265; x_wconf 82' lang='lat' dir='ltr'>communicent</span> <span class='ocrx_word' id='word_1_648' title='bbox 2268 2243 2281 2262; x_wconf 75' lang='grc' dir='ltr'>ι</span> <span class='ocrx_word' id='word_1_649' title='bbox 2308 2247 2323 2257; x_wconf 66' lang='lat'><em>.</em></span> 
     </span>
     <span class='ocr_line' id='line_1_119' title="bbox 1288 2282 2334 2341; baseline -0.002 -13"><span class='ocrx_word' id='word_1_650' title='bbox 1288 2290 1353 2328; x_wconf 77' lang='grc'>11.</span> <span class='ocrx_word' id='word_1_651' title='bbox 1382 2288 1626 2340; x_wconf 80' lang='lat' dir='ltr'>Frequentia</span> <span class='ocrx_word' id='word_1_652' title='bbox 1645 2286 1821 2339; x_wconf 56' lang='lat' dir='ltr'>sinantia</span> <span class='ocrx_word' id='word_1_653' title='bbox 1840 2282 2088 2328; x_wconf 72' lang='lat' dir='ltr'>hebdomadis·</span> <span class='ocrx_word' id='word_1_654' title='bbox 2116 2285 2159 2326; x_wconf 80' lang='lat' dir='ltr'>in</span> <span class='ocrx_word' id='word_1_655' title='bbox 2190 2285 2270 2328; x_wconf 68' lang='lat' dir='ltr'>Su·</span> <span class='ocrx_word' id='word_1_656' title='bbox 2292 2311 2294 2314; x_wconf 56' lang='lat'>&gt;</span> <span class='ocrx_word' id='word_1_657' title='bbox 2321 2287 2334 2341; x_wconf 74' lang='grc' dir='ltr'>-ξ</span> 
     </span>
     <span class='ocr_line' id='line_1_120' title="bbox 1235 2348 2332 2392; baseline -0.003 -1"><span class='ocrx_word' id='word_1_658' title='bbox 1235 2350 1387 2392; x_wconf 76' lang='lat' dir='ltr'>cictatc.</span> <span class='ocrx_word' id='word_1_659' title='bbox 1408 2373 1459 2378; x_wconf 86' lang='lat'>—-</span> <span class='ocrx_word' id='word_1_660' title='bbox 1477 2350 1689 2389; x_wconf 66' lang='lat' dir='ltr'>societatis</span> <span class='ocrx_word' id='word_1_661' title='bbox 1709 2354 1845 2388; x_wconf 89' lang='lat' dir='ltr'>autem</span> <span class='ocrx_word' id='word_1_662' title='bbox 1865 2348 2109 2387; x_wconf 88' lang='lat' dir='ltr'>Constitutio</span> <span class='ocrx_word' id='word_1_663' title='bbox 2129 2351 2274 2388; x_wconf 69' lang='lat' dir='ltr'>octavo</span> <span class='ocrx_word' id='word_1_664' title='bbox 2315 2348 2332 2380; x_wconf 64' lang='lat' dir='ltr'>&#39;v</span> 
     </span>
     <span class='ocr_line' id='line_1_121' title="bbox 1232 2409 2335 2464; baseline -0.002 -15"><span class='ocrx_word' id='word_1_665' title='bbox 1232 2423 1396 2462; x_wconf 72' lang='lat' dir='ltr'>quoque</span> <span class='ocrx_word' id='word_1_666' title='bbox 1417 2410 1483 2449; x_wconf 90' lang='lat' dir='ltr'>die</span> <span class='ocrx_word' id='word_1_667' title='bbox 1506 2411 1809 2449; x_wconf 86' lang='lat' dir='ltr'>communicare</span> <span class='ocrx_word' id='word_1_668' title='bbox 1829 2409 2033 2462; x_wconf 71' lang='lat' dir='ltr'>praecipit,</span> <span class='ocrx_word' id='word_1_669' title='bbox 2057 2420 2142 2459; x_wconf 84' lang='lat' dir='ltr'>reg.</span> <span class='ocrx_word' id='word_1_670' title='bbox 2165 2409 2269 2454; x_wconf 80' lang='grc' dir='ltr'>6,.ἰιι</span> <span class='ocrx_word' id='word_1_671' title='bbox 2288 2414 2303 2443; x_wconf 83' lang='grc'>.’</span> <span class='ocrx_word' id='word_1_672' title='bbox 2327 2423 2335 2464; x_wconf 62' lang='lat'>,3</span> 
     </span>
     <span class='ocr_line' id='line_1_122' title="bbox 1233 2472 2331 2521; baseline -0.001 -10"><span class='ocrx_word' id='word_1_673' title='bbox 1233 2473 1441 2511; x_wconf 88' lang='lat' dir='ltr'>Summar.</span> <span class='ocrx_word' id='word_1_674' title='bbox 1462 2473 1676 2511; x_wconf 85' lang='lat' dir='ltr'>Constitut.</span> <span class='ocrx_word' id='word_1_675' title='bbox 1700 2483 1710 2511; x_wconf 77' lang='lat' dir='ltr'><strong><em>z</em></strong></span> <span class='ocrx_word' id='word_1_676' title='bbox 1734 2472 2019 2521; x_wconf 74' lang='lat' dir='ltr'>confiteantur</span> <span class='ocrx_word' id='word_1_677' title='bbox 2046 2472 2210 2521; x_wconf 78' lang='lat' dir='ltr'>oportet,</span> <span class='ocrx_word' id='word_1_678' title='bbox 2229 2472 2273 2514; x_wconf 67' lang='lat' dir='ltr'>ot</span> <span class='ocrx_word' id='word_1_679' title='bbox 2328 2484 2331 2500; x_wconf 50' lang='grc' dir='ltr'>ι</span> 
     </span>
     <span class='ocr_line' id='line_1_123' title="bbox 1233 2533 2302 2576; baseline -0.002 0"><span class='ocrx_word' id='word_1_680' title='bbox 1233 2535 1533 2576; x_wconf 71' lang='lat' dir='ltr'>sanctissimum</span> <span class='ocrx_word' id='word_1_681' title='bbox 1565 2538 1831 2576; x_wconf 75' lang='lat' dir='ltr'>sacrmentum</span> <span class='ocrx_word' id='word_1_682' title='bbox 1860 2534 2136 2575; x_wconf 70' lang='lat' dir='ltr'>Eucharistiae</span> <span class='ocrx_word' id='word_1_683' title='bbox 2168 2533 2302 2574; x_wconf 72' lang='lat' dir='ltr'>acci-¹</span> 
     </span>
     <span class='ocr_line' id='line_1_124' title="bbox 1230 2595 2294 2650; baseline -0.003 -15"><span class='ocrx_word' id='word_1_684' title='bbox 1230 2597 1350 2650; x_wconf 71' lang='lat' dir='ltr'>piant</span> <span class='ocrx_word' id='word_1_685' title='bbox 1367 2601 1498 2637; x_wconf 81' lang='lat' dir='ltr'>octavo</span> <span class='ocrx_word' id='word_1_686' title='bbox 1517 2607 1665 2649; x_wconf 74' lang='lat' dir='ltr'>quoque</span> <span class='ocrx_word' id='word_1_687' title='bbox 1684 2597 1746 2636; x_wconf 82' lang='lat' dir='ltr'>die</span> <span class='ocrx_word' id='word_1_688' title='bbox 1760 2613 1775 2642; x_wconf 92' lang='lat'>,·</span> <span class='ocrx_word' id='word_1_689' title='bbox 1795 2599 1835 2634; x_wconf 88' lang='lat' dir='ltr'>et</span> <span class='ocrx_word' id='word_1_690' title='bbox 1852 2595 2026 2634; x_wconf 86' lang='lat' dir='ltr'>habetur</span> <span class='ocrx_word' id='word_1_691' title='bbox 2042 2596 2084 2633; x_wconf 87' lang='lat' dir='ltr'>in</span> <span class='ocrx_word' id='word_1_692' title='bbox 2107 2595 2294 2644; x_wconf 46' lang='lat' dir='ltr'>{hamis</span> 
     </span>
     <span class='ocr_line' id='line_1_125' title="bbox 1235 2655 2334 2709; baseline 0 -13"><span class='ocrx_word' id='word_1_693' title='bbox 1235 2670 1323 2709; x_wconf 84' lang='lat' dir='ltr'>cap.</span> <span class='ocrx_word' id='word_1_694' title='bbox 1350 2659 1391 2704; x_wconf 73' lang='lat'>4,</span> <span class='ocrx_word' id='word_1_695' title='bbox 1421 2656 1446 2709; x_wconf 67' lang='grc' dir='ltr'><strong>ἓ</strong></span> <span class='ocrx_word' id='word_1_696' title='bbox 1472 2658 1538 2705; x_wconf 75' lang='lat'>25,</span> <span class='ocrx_word' id='word_1_697' title='bbox 1566 2657 1635 2695; x_wconf 88' lang='lat' dir='ltr'>ubi</span> <span class='ocrx_word' id='word_1_698' title='bbox 1655 2656 1819 2695; x_wconf 79' lang='lat' dir='ltr'>additur</span> <span class='ocrx_word' id='word_1_699' title='bbox 1846 2655 2054 2701; x_wconf 84' lang='lat' dir='ltr'>limitatio,</span> <span class='ocrx_word' id='word_1_700' title='bbox 2076 2655 2158 2694; x_wconf 78' lang='lat' dir='ltr'>nisi</span> <span class='ocrx_word' id='word_1_701' title='bbox 2185 2656 2287 2696; x_wconf 81' lang='lat' dir='ltr'>con-&#39;</span> <span class='ocrx_word' id='word_1_702' title='bbox 2329 2657 2334 2666; x_wconf 93' lang='grc'><strong>’</strong></span> 
     </span>
     <span class='ocr_line' id='line_1_126' title="bbox 1235 2715 2290 2769; baseline -0.003 -10"><span class='ocrx_word' id='word_1_703' title='bbox 1235 2719 1407 2769; x_wconf 73' lang='lat' dir='ltr'>fessario</span> <span class='ocrx_word' id='word_1_704' title='bbox 1435 2718 1597 2769; x_wconf 79' lang='lat' dir='ltr'>aliquod</span> <span class='ocrx_word' id='word_1_705' title='bbox 1615 2730 1693 2757; x_wconf 76' lang='lat' dir='ltr'>esse</span> <span class='ocrx_word' id='word_1_706' title='bbox 1709 2716 1765 2757; x_wconf 73' lang='lat' dir='ltr'>ad</span> <span class='ocrx_word' id='word_1_707' title='bbox 1785 2718 2091 2756; x_wconf 83' lang='lat' dir='ltr'>communionem</span> <span class='ocrx_word' id='word_1_708' title='bbox 2109 2716 2159 2755; x_wconf 85' lang='lat' dir='ltr'>im</span> <span class='ocrx_word' id='word_1_709' title='bbox 2162 2715 2290 2769; x_wconf 75' lang='lat' dir='ltr'>pedi··</span> 
     </span>
     <span class='ocr_line' id='line_1_127' title="bbox 1234 2777 2285 2829; baseline -0.002 -10"><span class='ocrx_word' id='word_1_710' title='bbox 1234 2782 1407 2820; x_wconf 85' lang='lat' dir='ltr'>mentum</span> <span class='ocrx_word' id='word_1_711' title='bbox 1426 2779 1641 2818; x_wconf 84' lang='lat' dir='ltr'>videretur.</span> <span class='ocrx_word' id='word_1_712' title='bbox 1662 2777 1776 2823; x_wconf 83' lang='lat' dir='ltr'>Quod</span> <span class='ocrx_word' id='word_1_713' title='bbox 1795 2789 1877 2816; x_wconf 87' lang='lat' dir='ltr'>non</span> <span class='ocrx_word' id='word_1_714' title='bbox 1901 2777 2032 2816; x_wconf 83' lang='lat' dir='ltr'>solum</span> <span class='ocrx_word' id='word_1_715' title='bbox 2064 2777 2114 2815; x_wconf 77' lang='lat' dir='ltr'>de</span> <span class='ocrx_word' id='word_1_716' title='bbox 2142 2778 2285 2829; x_wconf 63' lang='lat' dir='ltr'>impe-¹</span> 
     </span>
     <span class='ocr_line' id='line_1_128' title="bbox 1234 2836 2290 2889; baseline 0.001 -11"><span class='ocrx_word' id='word_1_717' title='bbox 1234 2841 1417 2879; x_wconf 89' lang='lat' dir='ltr'>dimento</span> <span class='ocrx_word' id='word_1_718' title='bbox 1431 2840 1658 2878; x_wconf 88' lang='lat' dir='ltr'>necessario</span> <span class='ocrx_word' id='word_1_719' title='bbox 1672 2838 1987 2889; x_wconf 82' lang='lat' dir='ltr'>intelligendum</span> <span class='ocrx_word' id='word_1_720' title='bbox 2003 2843 2076 2888; x_wconf 89' lang='lat' dir='ltr'>est,</span> <span class='ocrx_word' id='word_1_721' title='bbox 2093 2839 2135 2877; x_wconf 90' lang='lat' dir='ltr'>id</span> <span class='ocrx_word' id='word_1_722' title='bbox 2156 2839 2270 2879; x_wconf 87' lang='lat' dir='ltr'>enim.</span> <span class='ocrx_word' id='word_1_723' title='bbox 2288 2836 2290 2845; x_wconf 78' lang='grc'>’</span> 
     </span>
     <span class='ocr_line' id='line_1_129' title="bbox 1235 2897 2270 2951; baseline -0.002 -10"><span class='ocrx_word' id='word_1_724' title='bbox 1235 2902 1384 2942; x_wconf 86' lang='lat' dir='ltr'>addere</span> <span class='ocrx_word' id='word_1_725' title='bbox 1409 2913 1492 2939; x_wconf 89' lang='lat' dir='ltr'>nou</span> <span class='ocrx_word' id='word_1_726' title='bbox 1513 2899 1739 2951; x_wconf 88' lang='lat' dir='ltr'>oportebat,</span> <span class='ocrx_word' id='word_1_727' title='bbox 1765 2900 1832 2938; x_wconf 87' lang='lat' dir='ltr'>sed</span> <span class='ocrx_word' id='word_1_728' title='bbox 1853 2900 1976 2938; x_wconf 84' lang='lat' dir='ltr'>etiam</span> <span class='ocrx_word' id='word_1_729' title='bbox 1988 2897 2052 2939; x_wconf 76' lang='lat' dir='ltr'>‘de</span> <span class='ocrx_word' id='word_1_730' title='bbox 2073 2910 2270 2950; x_wconf 89' lang='lat' dir='ltr'>quocum-</span> 
     </span>
     <span class='ocr_line' id='line_1_130' title="bbox 1234 2959 2335 3014; baseline -0.002 -13"><span class='ocrx_word' id='word_1_731' title='bbox 1234 2975 1314 3014; x_wconf 79' lang='lat' dir='ltr'>que</span> <span class='ocrx_word' id='word_1_732' title='bbox 1328 2973 1477 3012; x_wconf 86' lang='lat' dir='ltr'>genere</span> <span class='ocrx_word' id='word_1_733' title='bbox 1494 2961 1794 3013; x_wconf 83' lang='lat' dir='ltr'>impedimenti,</span> <span class='ocrx_word' id='word_1_734' title='bbox 1810 2963 1969 3000; x_wconf 88' lang='lat' dir='ltr'>ratione</span> <span class='ocrx_word' id='word_1_735' title='bbox 1987 2961 2102 3013; x_wconf 84' lang='lat' dir='ltr'>cujus</span> <span class='ocrx_word' id='word_1_736' title='bbox 2114 2959 2272 3000; x_wconf 85' lang='lat' dir='ltr'>consul·</span> <span class='ocrx_word' id='word_1_737' title='bbox 2330 2980 2335 3010; x_wconf 59' lang='lat' dir='ltr'>s</span> 
     </span>
     <span class='ocr_line' id='line_1_131' title="bbox 1235 3017 2287 3074; baseline -0.002 -11"><span class='ocrx_word' id='word_1_738' title='bbox 1235 3025 1316 3063; x_wconf 85' lang='lat' dir='ltr'>tius</span> <span class='ocrx_word' id='word_1_739' title='bbox 1348 3023 1534 3062; x_wconf 85' lang='lat' dir='ltr'>videatur</span> <span class='ocrx_word' id='word_1_740' title='bbox 1562 3023 1896 3062; x_wconf 85' lang='lat' dir='ltr'>communionem</span> <span class='ocrx_word' id='word_1_741' title='bbox 1922 3022 2099 3062; x_wconf 85' lang='lat' dir='ltr'>differre.</span> <span class='ocrx_word' id='word_1_742' title='bbox 2127 3017 2287 3074; x_wconf 51' lang='lat' dir='ltr'>Itaque&gt;¹</span> 
     </span>
     <span class='ocr_line' id='line_1_132' title="bbox 1235 3082 2281 3137; baseline 0 -14"><span class='ocrx_word' id='word_1_743' title='bbox 1235 3085 1304 3137; x_wconf 91' lang='lat' dir='ltr'>qui</span> <span class='ocrx_word' id='word_1_744' title='bbox 1321 3084 1488 3123; x_wconf 88' lang='lat' dir='ltr'>consilio</span> <span class='ocrx_word' id='word_1_745' title='bbox 1504 3096 1575 3123; x_wconf 91' lang='lat' dir='ltr'>seu</span> <span class='ocrx_word' id='word_1_746' title='bbox 1593 3085 1745 3135; x_wconf 87' lang='lat' dir='ltr'>judicio</span> <span class='ocrx_word' id='word_1_747' title='bbox 1759 3084 1999 3123; x_wconf 83' lang='lat' dir='ltr'>confessoris</span> <span class='ocrx_word' id='word_1_748' title='bbox 2016 3082 2281 3123; x_wconf 86' lang='lat' dir='ltr'>communio·</span> 
     </span>
     <span class='ocr_line' id='line_1_133' title="bbox 1235 3145 2281 3197; baseline -0.003 -11"><span class='ocrx_word' id='word_1_749' title='bbox 1235 3159 1331 3186; x_wconf 88' lang='lat' dir='ltr'>nem</span> <span class='ocrx_word' id='word_1_750' title='bbox 1352 3146 1502 3195; x_wconf 86' lang='lat' dir='ltr'>differt,</span> <span class='ocrx_word' id='word_1_751' title='bbox 1525 3151 1665 3186; x_wconf 85' lang='lat' dir='ltr'>contra</span> <span class='ocrx_word' id='word_1_752' title='bbox 1682 3146 1869 3197; x_wconf 85' lang='lat' dir='ltr'>regulam</span> <span class='ocrx_word' id='word_1_753' title='bbox 1892 3158 1975 3184; x_wconf 90' lang='lat' dir='ltr'>non</span> <span class='ocrx_word' id='word_1_754' title='bbox 1994 3145 2281 3194; x_wconf 74' lang='lat' dir='ltr'>facit31dem</span> 
     </span>
     <span class='ocr_line' id='line_1_134' title="bbox 1237 3203 2273 3260; baseline -0.003 -13"><span class='ocrx_word' id='word_1_755' title='bbox 1237 3220 1316 3260; x_wconf 88' lang='lat' dir='ltr'>que</span> <span class='ocrx_word' id='word_1_756' title='bbox 1341 3212 1401 3247; x_wconf 89' lang='lat' dir='ltr'>est</span> <span class='ocrx_word' id='word_1_757' title='bbox 1420 3208 1470 3247; x_wconf 90' lang='lat' dir='ltr'>de</span> <span class='ocrx_word' id='word_1_758' title='bbox 1486 3208 1642 3259; x_wconf 87' lang='lat' dir='ltr'>judicio</span> <span class='ocrx_word' id='word_1_759' title='bbox 1662 3207 1905 3258; x_wconf 82' lang='lat' dir='ltr'>Superioris,</span> <span class='ocrx_word' id='word_1_760' title='bbox 1927 3210 1974 3245; x_wconf 92' lang='lat' dir='ltr'>ut</span> <span class='ocrx_word' id='word_1_761' title='bbox 1998 3218 2182 3257; x_wconf 84' lang='lat' dir='ltr'>expresse</span> <span class='ocrx_word' id='word_1_762' title='bbox 2198 3203 2273 3260; x_wconf 56' lang='lat' dir='ltr'>d„</span> 
     </span>
     <span class='ocr_line' id='line_1_135' title="bbox 1238 3268 2259 3321; baseline -0.003 -13"><span class='ocrx_word' id='word_1_763' title='bbox 1238 3269 1417 3309; x_wconf 76' lang='lat' dir='ltr'>claretur</span> <span class='ocrx_word' id='word_1_764' title='bbox 1454 3270 1574 3308; x_wconf 83' lang='lat' dir='ltr'>tertia</span> <span class='ocrx_word' id='word_1_765' title='bbox 1611 3273 1725 3321; x_wconf 88' lang='lat' dir='ltr'>parte</span> <span class='ocrx_word' id='word_1_766' title='bbox 1762 3268 2143 3315; x_wconf 80' lang='lat' dir='ltr'>Constitutionum‚</span> <span class='ocrx_word' id='word_1_767' title='bbox 2176 3276 2259 3320; x_wconf 71' lang='lat' dir='ltr'>cap</span> 
     </span>
     <span class='ocr_line' id='line_1_136' title="bbox 1236 3329 2337 3384; baseline -0.002 -15"><span class='ocrx_word' id='word_1_768' title='bbox 1236 3330 1384 3384; x_wconf 89' lang='lat' dir='ltr'>primo,</span> <span class='ocrx_word' id='word_1_769' title='bbox 1407 3331 1431 3383; x_wconf 68' lang='grc' dir='ltr'>ξ,</span> <span class='ocrx_word' id='word_1_770' title='bbox 1452 3333 1516 3378; x_wconf 82' lang='grc'>11,</span> <span class='ocrx_word' id='word_1_771' title='bbox 1534 3330 1605 3369; x_wconf 89' lang='lat' dir='ltr'>ubi</span> <span class='ocrx_word' id='word_1_772' title='bbox 1624 3330 1797 3369; x_wconf 89' lang='lat' dir='ltr'>dicitur·</span> <span class='ocrx_word' id='word_1_773' title='bbox 1814 3329 1916 3371; x_wconf 78' lang='lat' dir='ltr'>Nisi</span> <span class='ocrx_word' id='word_1_774' title='bbox 1936 3330 2073 3381; x_wconf 71' lang='lat' dir='ltr'>aliqua</span> <span class='ocrx_word' id='word_1_775' title='bbox 2089 3329 2132 3368; x_wconf 86' lang='lat' dir='ltr'>de</span> <span class='ocrx_word' id='word_1_776' title='bbox 2147 3339 2190 3368; x_wconf 89' lang='lat' dir='ltr'>ca</span> <span class='ocrx_word' id='word_1_777' title='bbox 2333 3331 2337 3339; x_wconf 67' lang='lat'><strong>¹</strong></span> 
     </span>
     <span class='ocr_line' id='line_1_137' title="bbox 1239 3388 2237 3445; baseline -0.004 -13"><span class='ocrx_word' id='word_1_778' title='bbox 1239 3393 1354 3433; x_wconf 83' lang='lat' dir='ltr'>aliud</span> <span class='ocrx_word' id='word_1_779' title='bbox 1383 3392 1598 3445; x_wconf 80' lang='lat' dir='ltr'>Superiori</span> <span class='ocrx_word' id='word_1_780' title='bbox 1629 3393 1843 3431; x_wconf 78' lang='lat' dir='ltr'>videretur.</span> <span class='ocrx_word' id='word_1_781' title='bbox 1863 3391 1931 3430; x_wconf 84' lang='lat' dir='ltr'>Est</span> <span class='ocrx_word' id='word_1_782' title='bbox 1950 3395 2088 3434; x_wconf 82' lang='lat' dir='ltr'>autem</span> <span class='ocrx_word' id='word_1_783' title='bbox 2107 3388 2164 3428; x_wconf 85' lang='lat' dir='ltr'>ihi</span> <span class='ocrx_word' id='word_1_784' title='bbox 2193 3399 2237 3428; x_wconf 86' lang='grc' dir='ltr'>ιι</span> 
     </span>
     <span class='ocr_line' id='line_1_138' title="bbox 1240 3440 2236 3520; baseline -0.001 -28"><span class='ocrx_word' id='word_1_785' title='bbox 1240 3455 1364 3494; x_wconf 85' lang='lat' dir='ltr'>tanda</span> <span class='ocrx_word' id='word_1_786' title='bbox 1378 3453 1576 3506; x_wconf 85' lang='lat' dir='ltr'>particula</span> <span class='ocrx_word' id='word_1_787' title='bbox 1595 3453 1753 3502; x_wconf 76' lang='lat' dir='ltr'>saltem,</span> <span class='ocrx_word' id='word_1_788' title='bbox 1765 3464 1861 3492; x_wconf 87' lang='lat' dir='ltr'>cum</span> <span class='ocrx_word' id='word_1_789' title='bbox 1874 3440 2127 3520; x_wconf 38' lang='lat' dir='ltr'>dicitur&amp;</span> <span class='ocrx_word' id='word_1_790' title='bbox 2133 3451 2236 3497; x_wconf 53' lang='lat' dir='ltr'>natm</span> 
     </span>
    </p>
   </div>
   <div class='ocr_carea' id='block_1_9' title="bbox 1293 3532 2070 3624">
    <p class='ocr_par' dir='ltr' id='par_1_10' title="bbox 1293 3532 2070 3624">
     <span class='ocr_line' id='line_1_139' title="bbox 1293 3532 2070 3624; baseline -0.003 -12"><span class='ocrx_word' id='word_1_791' title='bbox 1293 3570 1309 3600; x_wconf 78' lang='lat'>¹</span> <span class='ocrx_word' id='word_1_792' title='bbox 1333 3571 1434 3612; x_wconf 81' lang='lat' dir='ltr'>Vide</span> <span class='ocrx_word' id='word_1_793' title='bbox 1451 3572 1574 3624; x_wconf 79' lang='lat' dir='ltr'>Azor,</span> <span class='ocrx_word' id='word_1_794' title='bbox 1601 3574 1700 3611; x_wconf 87' lang='lat' dir='ltr'>tom.</span> <span class='ocrx_word' id='word_1_795' title='bbox 1713 3568 1812 3621; x_wconf 87' lang='grc'>1,1.</span> <span class='ocrx_word' id='word_1_796' title='bbox 1830 3570 1871 3619; x_wconf 86' lang='grc'>7,</span> <span class='ocrx_word' id='word_1_797' title='bbox 1891 3578 1980 3621; x_wconf 81' lang='lat' dir='ltr'>cap.</span> <span class='ocrx_word' id='word_1_798' title='bbox 1995 3532 2070 3610; x_wconf 64' lang='lat'>4³0,</span> 
     </span>
    </p>
   </div>
  </div>
 </body>
</html>
