2352 3880
0 210 58 335 {3⁹
66 269 166 303 -uam
176 256 334 310 justam
353 252 586 307 expellendi
613 252 810 303 aliquem,
832 249 913 289 nisi
944 249 987 288 in
1015 248 1104 300 ipso

0 3820 18 3867 «i,-

25 306 265 363 examine
299 318 452 358 fuerint
489 314 696 363 occultati,
735 312 800 352 vel
840 322 1103 364 quacumque

34 401 57 409 ..
46 379 235 424 ratione
254 393 339 420 non
359 379 458 420 satis
479 377 646 430 cogniti,
670 378 710 416 et
729 378 873 427 postea
892 387 967 426 per
982 385 1105 425 expe-

73 442 264 484 rientiam
280 442 568 508 probationum
589 437 968 490 deprehendantur.
985 436 1032 475 Et
1051 435 1103 475 de

31 526 33 529 ·
73 503 139 544 his
158 504 294 544 causis
313 514 449 543 sermo
471 505 533 541 est
550 501 591 539 in
609 498 792 539 secunda
812 502 928 550 paite
949 496 1103 536 Consti-

23 607 31 614 ,
73 566 294 614 tutionum,
311 576 347 604 c.
372 565 412 611 2,
433 562 457 615 ἓ
478 563 517 611 3,
540 561 597 600 ibi
616 571 627 600 τ
648 561 746 602 Tale
766 561 863 613 qaid
881 559 1042 606 essec‚sz'
1060 558 1105 598 in

71 629 352 679 probationum
370 626 536 665 decursu
566 624 703 675 aliqua
733 622 1023 675 impedimenta,
1044 619 1105 661 vel

72 689 252 741 insignes
270 689 460 738 defectus,
474 696 569 737 quos
580 687 696 724 antea
711 683 752 723 in
767 684 943 724 examine
959 681 1104 722 tat-uis-

16 759 19 762 “
71 754 146 798 sec,
167 751 447 801 deteqerencur.
468 748 516 786 Et
539 747 580 785 in
599 746 623 798 ξ
643 748 667 785 5
693 746 735 784 in
760 746 837 784 illis
857 745 1020 784 verbis:
1050 742 1105 785 Si

72 811 341 862 deteyerentur
363 809 564 850 vinculum
583 809 850 855 matrimonii,
867 808 925 848 vel
941 806 1105 848 sarritu-

72 872 129 914 tis
150 873 351 925 Zeqitz'mce,
373 875 443 911 aut
462 883 516 911 oes
546 871 718 910 alienum
743 871 881 922 mayni
904 869 1104 916 momenti,

71 933 213 987 quibus
232 936 276 975 in
297 934 424 981 rebus,
454 935 546 973 dum
569 931 683 972 inicio
712 934 1022 979 examinaretur,
1045 942 1106 971 ‘oe-

72 995 232 1038 ritatem
261 996 506 1037 sublimarit.
549 995 723 1033 Additur
754 1006 850 1033 vero
875 993 932 1031 ibi
964 993 1006 1030 in
1034 992 1104 1030 de-

74 1056 312 1103 claratione,
335 1057 457 1095 litter.
480 1056 523 1102 B,
549 1054 787 1105 aliquando,
818 1053 1102 1092 nonobstante

73 1119 239 1158 defectu
259 1119 466 1158 declarato
488 1117 530 1155 in
550 1117 754 1163 examine,
775 1115 902 1166 recipi
922 1115 1103 1164 aliquem

74 1180 153 1220 suh
170 1180 413 1224 conditione,
438 1182 479 1217 ut
494 1178 720 1229 periculum
733 1177 819 1225 fiat,
842 1189 896 1215 an
924 1177 1103 1216 decursu

73 1242 271 1293 temporis
298 1241 363 1279 ille
379 1239 563 1278 defectus
584 1239 766 1287 tollatur,
795 1239 860 1278 vel
886 1239 1000 1276 illum
1017 1251 1100 1277 non

73 1303 270 1355 impedire
289 1302 354 1340 vel
375 1301 550 1340 reddere
571 1313 794 1352 personam
828 1301 1014 1339 inutilem
1048 1300 1103 1340 ad

72 1364 298 1404 ministeria
326 1363 564 1409 Societatis;
586 1367 625 1402 et
650 1367 745 1401 tunc
766 1362 924 1401 clarum
958 1364 1034 1410 est,
1068 1361 1103 1400 si

72 1425 254 1465 defectus
283 1426 416 1473 duret,
446 1429 486 1463 et
511 1425 795 1475 experimento
828 1428 987 1463 constet
1013 1423 1102 1462 red-

70 1479 168 1528 dere
192 1499 412 1539 personam
446 1487 648 1534 inutilem,
674 1487 788 1525 illam
822 1499 913 1526 esse
947 1487 1104 1538 justam

73 1562 237 1590 causam
265 1549 528 1597 dimissionis,
554 1549 651 1599 quia
683 1549 725 1587 in
748 1548 942 1599 praedicta
966 1548 1104 1587 condi-

72 1612 181 1652 tione
200 1612 279 1650 tale
301 1615 466 1663 pactum
497 1611 644 1650 virtute
664 1611 904 1659 includitur,
932 1615 971 1650 et
1005 1615 1103 1649 tunc

72 1686 196 1714 causa
216 1686 299 1713 non
314 1673 488 1712 sumitur
505 1685 555 1711 ex
582 1672 760 1719 defectu,
795 1676 842 1710 ut
876 1672 1100 1723 praecessit,

72 1736 138 1776 vel
154 1739 199 1775 ut
225 1739 346 1774 antea
379 1733 566 1785 cognitus
590 1733 679 1780 fuit,
706 1733 778 1772 sed
812 1734 856 1771 ut
887 1733 1020 1781 durat,
1062 1736 1104 1772 et

73 1798 163 1849 ejus
183 1797 360 1849 gravitas
381 1796 513 1846 magis
547 1795 779 1833 innotescit.
804 1795 983 1834 Ulterius
1003 1807 1102 1835 vcro

70 1860 114 1900 in
131 1859 276 1898 eadem
288 1858 567 1897 declaratione
589 1856 824 1906 apponitur,
842 1856 935 1894 licet
955 1856 1102 1906 aliquis

70 1920 256 1962 absolute
274 1923 313 1958 et
331 1919 416 1957 sine
428 1918 508 1957 ulla
523 1917 757 1956 conditione
772 1917 993 1968 recipiatur
1008 1929 1102 1956 cum

70 1981 232 2022 infirma
251 1980 486 2020 valetudine
517 1979 569 2018 ab
593 1980 680 2030 ipso
704 1978 926 2026 declarata,
950 1979 1104 2030 simpli-

73 2046 172 2085 citer
198 2044 363 2096 quidem
397 2043 545 2082 dimitti
575 2054 721 2093 posse,
756 2042 944 2092 quamvis
969 2042 1104 2092 magis

73 2105 416 2146 considerandum
438 2105 490 2144 sit
509 2117 563 2143 an
583 2103 729 2142 dimitti
751 2104 915 2153 debeat,
951 2115 1100 2143 necne.

74 2167 156 2208 Sed
170 2168 248 2207 hoc
268 2167 362 2205 ideo
377 2166 539 2214 dicitur,
577 2169 616 2205 et
647 2177 790 2204 verum
813 2170 888 2211 est,
927 2166 1024 2216 qnia
1057 2169 1103 2206 ut

43 2235 47 2239 '
75 2228 228 2268 ibidem
247 2227 523 2279 subjungitur,
550 2239 714 2278 semper
737 2227 829 2265 talis
850 2227 1030 2278 receptio
1058 2226 1105 2267 fit

77 2289 156 2330 sub
171 2301 257 2341 spe,
278 2289 388 2340 quod
406 2290 495 2328 talis
514 2301 690 2339 persona
719 2289 884 2327 aliunde
908 2301 1108 2340 compen-

78 2352 183 2392 sabit
199 2351 379 2402 corporis
399 2351 668 2399 debilitatem,
683 2363 731 2389 eo
742 2351 852 2402 quod
874 2351 927 2390 ad
939 2363 1004 2389 res
1019 2363 1106 2390 ma·

73 2415 176 2467 joris
196 2413 392 2452 momenti
414 2413 521 2452 utilis
539 2413 588 2452 sit
607 2413 745 2452 futura
762 2426 771 2460 ;
797 2418 835 2452 et
854 2413 946 2452 ideo
964 2414 996 2452 si
1030 2425 1105 2464 per

76 2476 342 2529 probationes
375 2475 652 2526 experimento
691 2480 966 2525 cognoscatur
992 2475 1107 2513 illam

77 2549 195 2590 spem
215 2537 340 2576 tuisse
361 2549 526 2584 vanam,
544 2535 754 2588 consurgit
768 2537 877 2585 justa
893 2548 1017 2574 causa
1040 2536 1102 2575 di-

75 2598 296 2644 missionis,
319 2610 409 2648 quae
424 2610 589 2648 semper
607 2597 780 2647 requirit
801 2610 950 2636 novam
966 2597 1106 2648 cogni-

75 2661 230 2701 tionem
248 2659 420 2710 alicujus
441 2659 624 2698 defectus
642 2659 952 2710 praeexistentis,
973 2659 1057 2709 qui,
1072 2659 1106 2698 si

75 2722 122 2763 in
139 2721 339 2774 principio
354 2720 459 2760 bene
471 2724 805 2772 cognosceretur,
822 2721 1106 2771 receptionem

76 2782 305 2834 impediret.
326 2783 373 2821 Et
407 2782 675 2821 nihilominus
705 2793 756 2821 ex
785 2781 904 2821 suavi
925 2782 1106 2833 quadam

78 2843 336 2896 providentia
355 2843 533 2893 additur,
555 2842 597 2882 in
618 2855 667 2883 eo
692 2854 790 2883 casu
822 2844 956 2895 magis
974 2843 1106 2883 consi-

50 2905 307 2962 „derandum
328 2917 435 2954 esse,
456 2917 510 2944 an
532 2905 626 2945 talis
659 2918 838 2957 persona
863 2905 1107 2945 dimittenda

67 2967 160 3009 sit·
148 2997 162 3019 ,
183 2968 278 3020 quia
290 2980 383 3007 cum
397 2968 524 3007 illam
548 2967 749 3020 principio
773 2970 884 3008 recte
917 2972 955 3008 et
974 2969 1108 3007 fideli-

57 3014 144 3073 *ffel*
155 3043 201 3072 se
223 3032 410 3083 gesserit,
422 3045 454 3071 si
465 3036 608 3084 postea
629 3033 814 3072 defectus
833 3033 1112 3072 involuntarie

83 3091 216 3142 stul-et,
228 3104 301 3132 seu
312 3105 385 3144 per
397 3106 488 3133 eam
499 3106 582 3133 non
595 3098 672 3134 stet
684 3094 905 3146 quominus
925 3095 1107 3144 tollatur,

85 3163 343 3204 quacumque
359 3155 518 3195 ratione
536 3156 644 3195 utilis
663 3168 754 3195 esse
776 3156 916 3207 possit,
938 3157 1024 3196 siue
1041 3157 1111 3195 ali-

85 3224 166 3266 quo
195 3216 400 3253 communi
437 3216 697 3266 detrimento,
729 3218 946 3257 retinenda
976 3219 1111 3269 potius

85 3277 148 3313 est
163 3285 288 3325 quam
311 3274 576 3325 dimittenda3
597 3273 783 3319 absolute
805 3283 942 3318 autem
964 3280 1119 3319 dimitti

83 3339 234 3388 potest,
257 3335 290 3374 si
299 3335 506 3386 judicetur
521 3340 756 3389 expediens.
773 3341 891 3389 Quod
910 3344 953 3381 ut
963 3342 1112 3393 majori

82 3407 181 3438 eum
210 3396 504 3448 justificatione
548 3397 636 3448 fiat,
671 3402 948 3454 interrogatur
985 3415 1112 3442 unus-

21 3503 25 3506 Δ
84 3457 262 3509 quisque
280 3462 375 3498 ante
390 3458 705 3510 ingressum‚an
718 3463 761 3501 in
777 3464 846 3503 tali
865 3469 1012 3504 eventu
1033 3465 1114 3504 hoo

86 3518 287 3570 patienter
304 3520 464 3560 laturus
483 3520 549 3569 sit,
569 3524 614 3561 ut
630 3520 828 3575 intelligat
846 3537 928 3576 qua
947 3527 1039 3579 lege
1052 3537 1114 3566 re-

40 3603 66 3626 ,,-
85 3579 279 3634 οὶρίαὶιιτ,
304 3585 346 3624 et
363 3581 397 3623 si
417 3582 660 3636 oportuerit,
675 3583 759 3636 juri
792 3596 868 3626 suo
886 3587 1111 3638 renuntiet,

0 3866 13 3880 b
76 3874 85 3880 -

350 187 440 224 CAP.
464 188 520 222 IX.
544 186 599 220 AN
620 183 879 226 senoLARmM
900 181 1012 217 vom
1031 181 1152 216 TOLLI
1171 182 1340 216 Possim·
1361 183 1440 217 PER
1462 178 1824 226 COMMUTA‘I'IONEM,
1846 184 1936 221 ETC.

1161 250 1202 288 et
1227 247 1308 289 hoc
1337 248 1474 301 agitur
1503 253 1548 289 in
1584 252 1720 305 capite
1760 253 1935 305 septimo
1963 250 2190 304 examinis,

1159 309 1183 363 ἓ
1209 312 1249 351 2.

1213 374 1278 413 12.
1307 372 1487 426 Itemque
1515 372 1788 425 subsequentes
1821 376 2118 418 admissionem.
2139 397 2194 408 —
2234 410 2235 413 ,

1158 434 1275 476 Ratio
1296 439 1436 474 autem
1459 446 1534 474 seu
1564 446 1690 474 causa
1714 438 1803 475 orta
1833 442 1927 489 post
1957 438 2193 490 ingressum

1158 497 1201 536 in
1222 497 1469 536 Societatem
1504 508 1595 536 esse
1628 498 1787 547 potest,
1808 499 1874 537 vel
1903 500 2114 550 pertinens
2139 498 2195 540 ad

1159 558 1366 598 defectum
1387 558 1556 606 animae,
1589 557 1657 597 vel
1677 558 1731 597 ad
1762 557 1970 599 defectum
1992 562 2192 614 corporis,

1159 625 1284 672 atque
1317 620 1422 660 adeo
1460 620 1691 671 voluntarie
1726 620 1794 659 vel
1824 620 2114 663 involuntarie.
2139 624 2193 664 De

1157 683 1284 735 priori
1304 683 1440 735 agitur
1462 682 1503 721 in
1527 682 1660 733 capite
1680 682 1855 733 septimo
1873 682 2097 732 Exanimis,
2117 685 2192 737 §13

1159 745 1237 785 boc
1260 746 1370 785 enim
1395 743 1628 796 significant
1642 744 1711 782 illa
1726 744 1879 784 verba:
1899 743 1952 784 Si
1971 747 2192 786 studiorum

1159 812 1330 859 tempore
1350 807 1452 847 male
1474 819 1514 847 se
1531 810 1732 857 strarant,
1756 810 1833 845 etc.
1859 805 1956 852 Quae
1978 818 2104 844 causa
2134 812 2193 848 est

1155 869 1400 921 justissima,
1420 872 1459 907 et
1479 867 1793 919 comprehendit
1814 868 1953 919 plures
1975 868 2195 918 particula-

1158 943 1242 978 res,
1276 943 1367 983 quae
1394 931 1435 970 in
1469 943 1505 971 c.
1527 933 1552 971 2
1573 930 1765 970 secundae
1785 931 1914 982 partis
1934 930 2196 971 Constitutio-

1159 1005 1259 1033 num
1281 996 1515 1044 ponuntur,
1552 996 1596 1031 ut
1627 993 1662 1032 si
1688 991 1944 1044 judicaretur
1964 992 2057 1044 quis
2081 993 2196 1032 dam-

1159 1068 1260 1095 num
1281 1056 1479 1094 allaturus
1501 1055 1610 1093 malo
1630 1055 1721 1093 vitae
1743 1055 1950 1107 exemplo,
1978 1055 2010 1093 si
2035 1054 2197 1106 iuquie-

1157 1122 1246 1158 tum
1268 1130 1311 1156 se
1333 1117 1538 1166 ostendat,
1559 1117 1591 1156 si
1616 1116 1753 1155 verbis
1785 1121 1855 1156 aut
1888 1117 2050 1156 aclibus
2068 1118 2196 1157 offen-

1156 1178 1340 1218 diculum
1362 1179 1451 1217 aliis
1474 1179 1681 1229 praebeat,
1704 1177 1737 1216 si
1759 1190 1843 1216 non
1869 1178 1998 1229 possit
2023 1190 2066 1217 se
2087 1191 2195 1218 com-

1156 1253 1312 1295 ponere
1349 1242 1402 1281 ad
1436 1242 1563 1280 vitam
1595 1241 1830 1281 ducendam
1854 1241 1931 1280 sub
1961 1241 2195 1282 obedientia

1152 1304 1272 1356 juxta
1291 1303 1460 1342 modum
1491 1303 1745 1354 procedendi
1765 1303 1995 1351 Societatis,
2014 1315 2064 1342 eo
2085 1303 2195 1354 quod

1156 1370 1338 1416 nequeat
1364 1365 1568 1416 judicium
1603 1377 1724 1404 suum
1754 1364 2005 1416 infringere3
2028 1366 2060 1403 si
2084 1365 2196 1405 deni-

1157 1439 1238 1478 que
1262 1427 1302 1465 in
1323 1426 1553 1474 affectibus,
1572 1430 1610 1466 et
1630 1427 1735 1465 vitiis
1755 1439 1846 1477 quae
1867 1427 2047 1466 divinam
2070 1428 2197 1467 offen-

1157 1490 1260 1529 dunt
1280 1489 1555 1539 Majestatem,
1581 1488 1731 1538 corrigi
1765 1500 1848 1527 non
1869 1489 2014 1539 possit,
2036 1489 2196 1528 etiamsi

1156 1551 1322 1603 publica
1343 1563 1427 1589 non
1455 1551 1549 1589 sint.
1578 1551 1623 1589 In
1649 1550 1800 1600 quibus
1822 1551 2029 1598 omnibus,
2051 1555 2091 1589 et
2110 1550 2196 1602 qui-

1158 1614 1417 1663 buscumque
1439 1612 1669 1661 similibus,
1698 1611 1843 1664 regula
1873 1612 1917 1650 in
1947 1612 2073 1664 priori
2105 1612 2195 1651 loco

1159 1675 1375 1725 designata
1406 1674 1447 1712 in
1480 1686 1655 1713 numero
1687 1673 1849 1712 decimo
1883 1673 2088 1713 servanda
2109 1677 2194 1722 est;

1159 1737 1325 1777 scilicet,
1343 1736 1551 1774 defectum
1570 1737 1679 1775 hunc
1696 1736 1821 1775 talem
1839 1745 1929 1775 esse
1951 1735 2119 1783 debere,
2136 1739 2195 1785 ut,

1159 1810 1208 1836 eo
1230 1801 1429 1848 spectato,
1455 1797 1653 1847 Superior
1683 1796 1913 1848 prudenter
1932 1796 2091 1847 judicet
2111 1798 2196 1836 Deo

1159 1863 1322 1910 gratum
1341 1870 1426 1896 non
1442 1870 1532 1896 esse
1554 1858 1680 1896 talem
1696 1869 1919 1908 personam
1934 1857 1977 1895 in
1992 1858 2196 1898 Societate

1159 1920 1377 1959 admittere
1398 1924 1469 1958 aut
1498 1920 1704 1964 retinere;
1724 1923 1847 1969 atque
1877 1919 1934 1957 ita
1967 1919 2053 1958 haec
2075 1932 2199 1959 causa

1159 1982 1297 2034 quoad
1317 1983 1424 2020 hanc
1448 1986 1609 2033 partem
1643 1985 1844 2032 tanquam
1866 1981 2103 2032 simpliciter
2124 1994 2198 2022 ne-

1159 2044 1338 2083 cessaria
1360 2043 1618 2095 proponitur.
1638 2042 1739 2089 Quia
1769 2055 1866 2081 vero
1888 2048 2039 2094 praeter
2063 2043 2199 2083 defec-

1157 2109 1247 2147 tum
1268 2106 1394 2145 animi
1423 2108 1558 2156 potest
1579 2106 1669 2156 quis
1700 2105 1886 2156 corporis
1916 2105 2201 2146 infirmitatem

1157 2169 1200 2208 in
1235 2169 1325 2219 ipsa
1354 2168 1559 2207 Societate
1593 2168 1854 2214 contrahere,
1877 2172 2046 2218 propter
2070 2181 2196 2219 quam

1158 2243 1236 2269 nec
1257 2230 1298 2268 in
1320 2230 1464 2268 litteris
1486 2229 1714 2280 proficere,
1737 2241 1875 2279 neque
1906 2229 1947 2267 in
1984 2230 2200 2270 Societatis

1159 2292 1396 2332 ministeriis
1432 2291 1586 2330 utiliter
1616 2295 1742 2341 queat
1762 2291 1985 2339 inservire,
2008 2292 2101 2331 ideo
2128 2293 2201 2331 du-

1159 2354 1281 2394 bitari
1298 2365 1380 2392 non
1396 2352 1602 2392 immerito
1623 2356 1772 2403 potest,
1794 2364 1846 2390 an
1866 2352 1961 2391 hinc
1982 2353 2088 2391 sumi
2108 2365 2200 2404 pos-

1162 2415 1212 2454 sit
1230 2416 1344 2466 justa
1363 2426 1488 2453 causa
1507 2414 1736 2465 ejectionis.
1758 2413 1931 2459 Tamen,
1954 2414 1995 2453 in
2017 2415 2200 2455 secunda

1160 2481 1277 2528 parte
1298 2476 1662 2523 Constitutionum,
1685 2486 1721 2514 c.
1741 2476 1781 2523 2,
1802 2475 1860 2513 lit.
1878 2476 1925 2523 B,
1949 2475 2199 2527 declaratur,

1163 2538 1205 2577 in
1245 2549 1293 2577 eo
1330 2550 1445 2585 casu,
1468 2538 1501 2575 si
1522 2537 1701 2587 ipsemet
1732 2536 1952 2587 religiosus
1983 2542 2201 2578 contentus

1161 2612 1246 2639 non
1269 2604 1393 2644 esset,
1420 2599 1576 2648 justum
1598 2609 1682 2636 non
1710 2596 1798 2636 tore
1821 2597 1900 2636 hac
1926 2598 2014 2637 sola
2034 2612 2159 2639 causa
2178 2612 2202 2639 a

1160 2661 1366 2702 Societate
1388 2659 1548 2699 dimitti.
1564 2660 1623 2698 Ex
1643 2670 1725 2709 quo
1746 2659 2016 2710 significatur,
2039 2673 2088 2700 ex
2107 2674 2200 2700 con-

1162 2735 1287 2762 sensu
1307 2723 1434 2773 partis
1453 2733 1574 2773 posse
1596 2721 1719 2760 etiam
1740 2721 1835 2760 inde
1857 2733 2026 2760 causam
2043 2723 2200 2774 justam

1161 2784 1394 2836 insurgere,
1433 2783 1545 2834 quod
1575 2782 1755 2834 pertinet
1782 2783 1906 2822 etiam
1939 2784 1993 2822 ad
2018 2784 2201 2826 declara-

1162 2850 1318 2887 tonem
1339 2846 1379 2885 d.
1402 2857 1491 2896 cap.
1515 2844 1679 2896 septimi
1699 2845 1920 2891 Examinis,
1937 2845 1959 2896 ἓ
1976 2848 2016 2885 2.

1217 2908 1282 2948 13.
1313 2907 1517 2948 Probatur
1537 2907 1701 2946 secundo
1728 2918 1775 2946 ecc
1799 2907 2038 2958 Pontificum
2059 2906 2202 2950 Indul-

1160 2968 1566 3017 tis.—C0nfirmatur
1586 2981 1631 3008 ea:
1653 2968 1731 3008 alio
1750 2969 1830 3009 loco
1853 2969 2039 3021 Greqoriz·
2058 2971 2197 3012 XIII.

1162 3053 1215 3062 —
1234 3033 1292 3070 Ex
1310 3031 1461 3082 quibus
1483 3030 1677 3069 omnibus
1713 3034 1901 3079 constat,
1935 3031 1976 3069 in
1998 3032 2198 3072 Constitu-

1163 3093 1346 3134 tionibus
1385 3092 1600 3133 Societatis
1643 3103 1810 3143 semper
1841 3093 1997 3144 requiri
2032 3106 2199 3134 causam

1161 3155 1318 3207 justam
1337 3153 1390 3192 ad
1411 3153 1517 3192 hanc
1537 3152 1838 3200 dimissionem,
1855 3157 1895 3192 et
1913 3166 1998 3192 non
2019 3155 2098 3194 alio
2118 3167 2200 3194 mo-

1167 3216 1234 3259 do.
1257 3228 1334 3254 nec
1354 3215 1499 3266 majori
1520 3214 1709 3253 libertate
1732 3226 1947 3254 reservare
1966 3215 2043 3254 sibi
2064 3216 2200 3255 Socie-

1165 3282 1293 3318 tatem
1315 3278 1421 3316 hanc
1442 3276 1696 3324 facultatem,
1720 3280 1760 3315 et
1779 3277 1836 3315 ita
1867 3277 2094 3328 explicatur
2113 3278 2198 3314 haec

1166 3342 1349 3391 potestas
1371 3341 1413 3377 in
1433 3336 1712 3377 declaratione
1733 3338 1838 3376 sexti
1862 3350 1951 3390 cap.
1973 3336 2196 3383 Examinis,

1166 3402 1240 3441 ubi
1265 3402 1322 3441 sic
1342 3401 1495 3455 dicitur
1511 3412 1519 3438 :
1541 3401 1629 3443 Neo
1647 3403 1704 3440 est
1723 3400 1937 3452 injustum,
1957 3403 2000 3438 uc
2019 3401 2130 3450 pacet
2155 3397 2200 3438 in

1167 3463 1317 3505 litteris
1337 3462 1596 3516 Apostolicis,
1633 3462 1670 3502 si
1701 3460 1888 3502 Societas
1906 3460 2124 3499 libertatem
2147 3458 2200 3499 ad

1168 3537 1230 3567 eos
1250 3525 1500 3565 dimittendos
1521 3553 1531 3572 ,
1554 3523 1708 3576 quando
1727 3533 1805 3561 non
1836 3520 1997 3570 faciunt
2019 3519 2123 3570 quod
2136 3520 2198 3560 do·

1169 3586 1272 3638 beat,
1293 3587 1483 3636 retineat,
1507 3585 1579 3626 ubi
1594 3587 1762 3624 notetur
1773 3582 1841 3622 illa
1856 3579 2059 3622 restrictio
2074 3592 2205 3634 quan-¹
