2352 3880
639 3 654 24 a
714 1 720 4 ·
760 0 761 4 ’
796 0 811 3 ’“
980 0 1048 27 :vs
1076 0 1139 23 .οΓ
1173 0 1262 19 cmm
1364 0 1373 10 ⁷

571 23 594 31 1,
657 32 663 43 x
856 24 858 26 .
979 15 1061 55 .4,‘⁸
1091 30 1097 42 ,Ι
1124 23 1157 65 ἢ
1273 29 1276 35 ,
1308 27 1322 37 <-

566 48 576 60 ο
831 54 834 57 .
1091 55 1093 58 .
1192 50 1203 64 ;

974 75 982 80 '¹
1006 78 1010 85 Δ

205 98 232 131 π
322 63 334 117 '.
402 64 405 70 ¹
721 78 737 86 '
951 79 985 97 ²*
1181 88 1196 111 ⁶

158 281 400 330 sorum‚vel
420 278 713 329 coadjutorum
740 275 1015 315 formatorum
1045 273 1194 315 admit-

154 349 321 387 tantur:
341 342 528 394 proxime
546 339 659 379 enim
681 337 838 378 dictum
871 338 1008 377 fuerat
1031 337 1194 382 schola-

154 419 238 455 res,
268 416 363 444 cum
390 401 689 453 approbantur,
731 399 855 439 simul
884 400 1043 439 admitti
1069 402 1111 440 et
1140 398 1196 440 ad

154 479 277 507 suum
302 464 496 517 gradum,
516 465 557 502 et
577 461 630 502 ad
645 462 935 514 probationem
954 462 1008 502 ad
1027 462 1193 502 ulterio-

154 540 241 567 rem
265 526 456 577 gradum.
479 525 528 564 Et
550 524 606 563 ita
637 523 760 563 tacite
789 524 1010 574 exponitur
1028 527 1194 575 tempus

157 588 426 639 probationis,
450 586 502 626 de
529 597 611 637 quo
642 597 779 624 sermo
809 589 872 624 est
901 586 944 623 in
976 586 1191 633 Examine‚

156 662 245 700 cap.
267 650 307 693 4,
328 648 352 701 ἓ
369 651 393 688 2
411 651 452 688 et
473 649 513 694 5,
535 647 783 694 ubidicitur,
800 658 946 685 omnes
965 646 1190 696 professos,

152 717 193 750 ct
230 710 494 761 coadjutores
528 709 729 748 formatos
764 707 995 754 societatis,
1037 707 1196 747 debere

154 776 249 810 actu
282 771 523 821 relinquere
560 770 716 814 omnia,
754 768 999 819 priusquam
1025 767 1081 807 ad
1099 767 1194 808 illos

154 832 309 882 gradus
347 832 619 871 admittantur
641 844 652 878 3
671 828 855 878 reliquos
891 840 991 868 vero
1029 840 1191 878 omncs,

153 893 276 944 quiin
293 894 540 945 probatione
556 894 791 935 versantur,
809 901 904 929 00111
921 889 1100 942 primum
1115 891 1192 931 Su·

152 955 307 1005 periori
323 955 458 993 visum
473 953 612 996 fuerit,
632 950 744 1002 quod
765 951 891 991 etiam
905 952 946 991 in
966 951 1069 1005 Sp„
1090 963 1127 994 0.
1146 951 1190 1001 ἃ,

149 1015 248 1067 §7.‚
275 1019 315 1054 et
335 1028 377 1066 p.
401 1017 440 1063 6,
460 1026 550 1065 cap.
568 1014 609 1061 Ξ,
630 1013 654 1064 ἓ
675 1015 741 1060 11,
762 1013 886 1053 litter.
907 1013 958 1053 H.

204 1078 245 1116 3.
267 1077 455 1118 Secunda
475 1076 715 1116 03301010-
732 1075 940 1116 Probatur
953 1068 1194 1120 auctoritate

151 1140 189 1178 et
224 1140 381 1178 ratione
408 1140 560 1188 prima.
582 1155 638 1167 --
666 1135 871 1177 Secunda.
893 1156 947 1168 ·—-
966 1137 1108 1179 Tacite
1130 1135 1193 1179 ob·

143 1201 313 1251 y'ectioni
330 1200 570 1239 occurritur.
586 1218 641 1230 --
658 1198 860 1250 Obliyatio
880 1198 1122 1240 scholarium
1142 1199 1196 1240 ad

151 1262 451 1311 disponendum,
472 1263 532 1300 est
551 1272 598 1301 ex
624 1265 711 1301 voto
733 1260 1004 1312 paupertatis.
1020 1260 1192 1299 ——Hinc

150 1321 335 1360 secundo
366 1326 524 1360 certum
546 1325 621 1369 est,
643 1321 723 1360 1100
754 1327 899 1362 votum
932 1320 1190 1373 paupertatis

150 1383 252 1421 nihil
287 1383 455 1422 obstare
487 1384 710 1433 quominus
742 1384 975 1434 proprietas
1003 1387 1044 1420 et
1062 1379 1191 1419 domi·-

148 1444 265 1483 nium
293 1445 438 1482 talium
471 1444 679 1481 bonorum
708 1442 818 1482 licite
841 1443 981 1493 aliquo
999 1446 1188 1492 tempore

148 1505 392 1551 retineatur,
414 1503 584 1552 scilicet,
607 1504 808 1554 quamdiu
828 1516 903 1556 per
921 1503 1187 1554 Superiorem

147 1564 375 1604 renuntiari
406 1576 490 1604 non
514 1565 699 1616 jubetur.
729 1566 816 1604 Hoc
844 1566 1067 1606 manifeste
1095 1576 1189 1616 pro·

146 1626 269 1665 batur
290 1639 340 1665 ex
369 1626 488 1666 dictis
518 1627 896 1675 constitutionibus,
927 1631 966 1666 et
986 1627 1190 1678 approba-

145 1689 329 1726 tionibus
364 1687 626 1729 Pontificum.
662 1689 780 1727 Ratio
819 1689 945 1728 etiam
967 1693 1028 1727 est
1057 1689 1187 1736 clara,

146 1750 244 1800 quia
261 1754 403 1788 votum
422 1763 506 1788 non
528 1750 686 1800 obligat
703 1750 806 1788 ultra
827 1750 1100 1789 intentionem
1119 1762 1189 1789 vo-

145 1813 308 1859 ventis;
336 1813 410 1850 sed
436 1813 505 1863 qni
536 1815 825 1863 paupertatem
845 1817 997 1851 vovent
1029 1812 1070 1851 in
1108 1812 1190 1851 hoc

146 1874 279 1925 gradu
307 1874 523 1912 Societatis
539 1903 550 1921 ,
576 1886 661 1912 non
683 1874 904 1912 intendunt
929 1886 972 1912 se
1003 1874 1187 1924 obligare

145 1934 199 1973 ad
220 1935 448 1973 carentiam
464 1936 720 1985 paupertatis
741 1935 820 1973 alio
838 1934 978 1979 modo,
1002 1935 1098 1984 quia
1118 1947 1186 1973 vo-

144 2000 245 2036 vent
271 2000 564 2047 paupertatem
589 1997 720 2046 juxta
751 1997 1062 2042 constitutiones,
1085 2000 1126 2034 et
1143 1996 1186 2034 in

144 2058 508 2097 constitutionibus
530 2058 588 2095 ita
611 2062 672 2096 est
691 2058 901 2096 declarata
921 2070 1065 2096 eorum
1084 2071 1186 2108 pau-

143 2123 307 2170 pertas3
338 2131 450 2169 ergo.
477 2120 580 2158 Item
612 2120 690 2158 1100
709 2124 865 2166 votum,
889 2122 1078 2170 quamvis
1100 2132 1184 2158 non

145 2182 197 2220 sit
216 2181 418 2228 solemne,
440 2181 481 2219 in
507 2181 584 2219 hoc
603 2185 746 2220 tamen
769 2194 864 2220 cum
893 2181 1067 2220 solemni
1089 2192 1188 2220 con-

143 2244 271 2292 venit,
298 2243 410 2294 quod
431 2243 585 2293 pendet
615 2243 657 2281 in
688 2255 762 2282 suo
783 2243 923 2282 valore
957 2247 997 2282 et
1028 2243 1185 2294 obliga-

144 2305 256 2345 tione
291 2305 343 2343 ab
379 2305 666 2354 acceptatione
688 2305 847 2344 Summi
870 2304 1088 2352 Pontifieis,
1111 2317 1185 2355 per

144 2366 390 2417 religionem
426 2367 723 2416 approbatam;
759 2378 859 2417 ergo
887 2378 973 2405 non
1007 2366 1185 2416 amplius

145 2427 313 2478 obligat,
337 2439 464 2477 quam
485 2428 535 2466 sit
552 2428 725 2466 intentio
736 2426 948 2479 religionis
969 2432 1183 2478 acceptan-

142 2489 220 2538 tis,
254 2494 295 2529 et
329 2489 538 2528 Pontificis
564 2490 835 2542 approbantis
872 2489 997 2530 illam.
1039 2490 1181 2540 Neque

143 2555 365 2603 propterea
382 2550 604 2590 direndum
626 2556 688 2590 est
711 2553 791 2591 hoc
808 2556 952 2591 votum
971 2564 1057 2590 non
1090 2563 1181 2590 esse

144 2613 195 2652 de
214 2614 447 2654 abdicanda
467 2614 722 2664 proprietate
757 2618 800 2654 et
834 2614 1020 2652 dominio
1042 2627 1183 2653 rerum

145 2675 354 2722 omnium;
378 2687 476 2715 nam
502 2685 650 2713 revera.
677 2674 780 2714 illud
799 2673 925 2714 etiam
945 2677 1194 2726 complecti-A

144 2740 211 2775 tur
231 2737 332 2775 illud
344 2741 504 2775 votum.
523 2737 667 2776 Solum
683 2736 727 2774 in
740 2737 817 2774 hac
837 2740 955 2787 parte
977 2737 1113 2776 differt
1130 2737 1182 2777 ab

145 2798 251 2844 aliis,
275 2799 387 2848 quod
405 2811 490 2836 non
512 2798 668 2849 obligat
691 2796 745 2836 ad
765 2797 921 2845 statim,
950 2809 1088 2847 neque
1120 2796 1183 2837 in-

145 2857 431 2908 dependenter
451 2859 504 2897 ab
524 2859 638 2898 omni
667 2859 764 2906 alio,
787 2859 861 2897 sed
882 2871 975 2897 cum
997 2858 1184 2897 subordi-

145 2919 312 2958 natione
325 2920 375 2958 ad
387 2921 639 2960 voluntatem
653 2920 885 2971 Superioris
898 2932 907 2966 ;
931 2924 1070 2958 tamen
1087 2931 1183 2958 cum

147 2980 292 3020 ordine
312 2980 366 3019 ad
384 2981 495 3020 illam
515 2994 663 3021 revera
681 2986 743 3020 est
759 2986 902 3021 votum
919 2981 1183 3032 relinquendi

147 3052 243 3080 0010
277 3041 426 3080 effectu
453 3053 620 3081 omnem
646 3043 950 3094 proprietatem
979 3047 1023 3083 et
1050 3043 1184 3082 dorni·

146 3102 279 3141 nium.
298 3103 416 3142 Unde
435 3103 494 3149 fit,
509 3105 851 3155 quotiescumque
867 3104 1065 3156 Superior
1079 3116 1184 3155 prae-

147 3162 358 3214 scripserit
387 3175 435 3203 ac
469 3164 748 3218 designaverit
782 3170 946 3216 tempus
976 3165 1030 3205 ad
1059 3165 1182 3205 relin-

147 3225 359 3276 quendum
374 3225 618 3273 dominium,
633 3231 672 3265 et
682 3227 987 3278 possessionem
999 3227 1187 3267 omnium

146 3285 367 3333 bonorum,
389 3286 527 3325 statim
558 3287 735 3339 obligari
754 3289 987 3328 scholarem
1005 3289 1185 3328 Societa-

146 3347 199 3387 tis
217 3347 272 3387 ad
289 3347 521 3387 abdicanda
542 3349 696 3397 omnia,
711 3361 796 3388 non
813 3350 946 3389 solum
961 3362 1012 3390 ex
1029 3350 1069 3390 vi
1084 3360 1183 3391 con·

149 3409 373 3449 stitutionis
396 3410 508 3461 (quae
526 3421 602 3461 per
626 3422 670 3449 se
703 3422 791 3450 non
822 3411 980 3463 obligat
1011 3408 1066 3452 ad
1093 3409 1180 3451 cul·

148 3472 286 3522 pam),
302 3470 377 3510 sed
398 3483 448 3510 ex
461 3471 502 3510 vi
520 3471 619 3519 voti,
641 3470 753 3522 quod
773 3476 847 3522 per
866 3484 910 3511 se
932 3472 1087 3524 obligat
1103 3470 1180 3515 sub

149 3532 271 3582 culpi
299 3533 476 3574 mortali.
508 3533 627 3577 Unde
653 3533 708 3574 ad
740 3534 849 3573 hanc
879 3534 1179 3585 obligationem
1232 3535 1368 3589 prium
1387 3531 1641 3587 domiteneri,
1659 3535 1721 3574 ita
1735 3545 1803 3574 neo
1816 3531 1923 3584 foris
1950 3531 2059 3582 apud
2081 3530 2182 3570 alios
2196 3541 2267 3586 pv-
2312 3523 2330 3563 5³

148 3594 431 3634 necessarium
447 3605 536 3637 non
565 3597 633 3639 0811
652 3598 706 3641 ,nt
738 3594 935 3651 Superior
963 3594 1179 3653 proprium
1234 3598 1324 3639 test.
1340 3594 1486 3644 Quod
1475 3607 1519 3636 111
1532 3582 1811 3640 declaratione
1827 3591 2013 3638 absolute
2030 3590 2271 3647 intelligens
2305 3639 2307 3643 ‚

511 211 587 246 Lm.
609 211 666 244 lv.
687 209 744 243 Dr:
765 208 885 243 v0'ris
907 206 1159 243 smmcmus
1182 206 1425 243 cas'nTATls
1446 207 1500 242 m·
1521 206 1820 249 murmuris,
1840 209 1950 253 mc,

1247 276 1500 327 praeceptum
1520 273 1598 314 sub
1621 272 1772 313 virtute
1799 247 2050 328 obedientiae
2063 271 2287 330 imponat,

1248 336 1345 386 quia
1361 336 1449 374 haec
1469 334 1666 386 obligatio
1678 345 1756 386 per
1768 345 1815 374 00
1828 345 1915 374 non
1931 324 1998 375 001
2002 347 2059 376 ex
2070 341 2166 387 voto
2182 336 2283 378 obe-
2331 348 2335 356 ⁴

1249 396 1415 437 dientiae
1447 395 1562 447 (iicet
1581 396 1651 435 illa
1669 394 1801 447 possit
1822 395 1897 446 per
1914 395 2109 438 accidens
2130 398 2294 451 adjun·
2331 415 2336 426 1

1250 456 1289 510 gi
1301 457 1333 510 );
1357 457 1433 497 sed
1451 456 1515 497 est
1534 469 1584 497 ex
1609 457 1647 497 vi
1666 456 1751 497 voti
1772 458 2047 508 paupertatis,
2066 458 2290 511 qnia‘tunc·
2337 479 2352 505 5.-

1248 519 1442 570 impletur
1471 518 1666 568 conditio,
1686 527 1760 558 seu
1780 522 1946 570 tempus
1963 529 2040 571 pro
2070 530 2153 571 quo
2187 520 2284 561 talis
2340 545 2345 554 ι

1248 585 1380 628 actus,
1403 591 1480 619 seu
1500 580 1706 620 abdicatio
1727 580 1810 620 Deo
1830 580 2032 632 promissa
2052 580 2201 621 fuerat.
2223 580 2284 622 Si·
2327 586 2342 611 ἲ

1248 646 1318 682 cut
1337 641 1372 681 si
1392 640 1482 693 quis
1504 643 1718 693 promittat
1732 642 1978 693 religionem
1997 642 2158 695 ingredi
2173 641 2284 683 infra

1248 707 1413 755 tempus
1444 702 1499 742 ab
1535 704 1616 743 alio
1651 703 2029 753 praescribendum,
2065 704 2204 743 statim
2234 714 2284 746 ac

1249 765 1353 804 alius
1373 764 1563 815 designat
1579 769 1758 816 tempus,
1775 765 1982 817 obligatur
2000 769 2111 813 voto,
2127 777 2212 805 non
2233 775 2285 807 ex

1247 831 1471 878 praecepto,
1492 825 1558 865 vel
1578 826 1817 866 obedientia
1847 827 2032 873 alterius,
2056 827 2130 866 sed
2148 825 2284 867 solum

1248 888 1345 939 quia
1380 886 1560 934 conditio
1591 899 1672 929 seu
1701 892 1867 943 tempus
1901 889 1957 929 ad
1985 888 2286 942 obligationem

1246 949 1330 990 voti
1347 949 1557 1000 expletum
1578 951 1657 989 est.

1298 1012 1339 1051 4.
1362 1011 1416 1052 In
1434 1010 1505 1051 Ιιοο
1522 1013 1611 1053 voto
1626 1010 1792 1051 interest
1813 1004 1919 1050 inter
1935 1005 2185 1053 retinendum
2211 1021 2285 1053 aw-

1246 1072 1407 1126 tiquam,
1431 1068 1666 1119 dominium
1695 1075 1733 1112 et
1749 1081 1891 1112 novum
1919 1069 2216 1122 acquirendum.
2232 1092 2285 1103 -

1248 1134 1308 1176 Ex
1336 1145 1421 1185 quo
1459 1132 1591 1173 obiter
1619 1130 1760 1171 inferri
1796 1144 1846 1172 ac
1877 1132 2011 1172 notari
2047 1133 2253 1183 oportebit
2269 1162 2283 1182 ‚

1249 1193 1437 1248 quamvis
1452 1193 1532 1234 hoc
1553 1198 1694 1234 votum
1711 1194 1964 1246 paupertatis
1980 1206 2065 1232 non
2084 1193 2207 1233 faciat
2222 1193 2287 1233 in-

1250 1267 1445 1308 capacem
1478 1254 1663 1301 dominii,
1685 1260 1772 1293 tam
1791 1255 2050 1306 acquirendi,
2074 1266 2200 1306 quam
2218 1265 2287 1296 re·

1247 1316 1421 1364 tinendi,
1455 1326 1594 1367 neque
1620 1315 1788 1354 omnino
1818 1315 2040 1366 prohibere
2066 1320 2110 1355 ut
2131 1319 2287 1356 utrum-

1246 1388 1326 1427 que
1347 1375 1456 1415 licite
1473 1375 1563 1414 fieri
1582 1377 1726 1427 possit,
1743 1377 2001 1417 intercedere
2018 1374 2288 1417 nihilominus

1245 1438 1524 1478 differentiam
1555 1438 1663 1478 inter
1682 1438 1962 1482 retentionem
1984 1443 2024 1478 et
2054 1438 2287 1490 acquisitio-

1244 1511 1342 1541 nem
1361 1498 1550 1547 dominii,
1580 1499 1692 1550 quod
1723 1500 1900 1540 retentio
1923 1499 2093 1540 dominii
2120 1502 2288 1540 illarum

1243 1574 1401 1611 rerum,
1423 1574 1515 1614 quae
1535 1565 1632 1601 anie
1664 1561 1862 1601 emissum
1893 1563 1977 1602 tale
1996 1567 2139 1602 votum
2157 1562 2287 1613 possi-

1245 1623 1465 1672 debantur,
1488 1627 1551 1663 est
1570 1621 1696 1673 licita,
1719 1635 1768 1664 eo
1787 1623 1879 1675 ipso
1899 1623 2011 1675 quod
2028 1636 2113 1662 non
2141 1622 2287 1674 prohi-

1243 1686 1382 1735 betur,
1401 1697 1476 1724 seu
1494 1697 1543 1725 eo
1563 1686 1652 1736 ipso
1680 1685 1796 1735 quod
1815 1697 1900 1724 non
1918 1685 2155 1737 praecipitur
2172 1684 2288 1724 abdi-

1242 1748 1369 1797 catio,
1403 1751 1448 1787 ut
1483 1759 1535 1788 ex
1567 1757 1695 1799 supra
1715 1746 1836 1787 dictis
1865 1751 2002 1798 patet3
2024 1747 2120 1798 quia
2144 1749 2287 1786 votum

1245 1810 1321 1850 sub
1343 1820 1392 1848 eo
1414 1809 1537 1848 modo
1561 1808 1621 1857 fit,
1653 1813 1693 1847 et
1714 1821 1798 1847 non
1821 1809 1956 1848 aliter.
1985 1810 2036 1854 {Ut
2057 1813 2199 1848 autem
2221 1820 2287 1849 ac·

1244 1870 1410 1921 quisitio
1441 1869 1537 1908 novi
1563 1868 1735 1909 dominii
1755 1869 1866 1908 licita
1903 1870 1970 1917 sit,
1998 1880 2084 1908 non
2119 1880 2287 1921 semper

1244 1934 1393 1974 sufficit
1413 1933 1592 1972 conditio
1611 1933 1867 1984 hujusmodi,
1894 1945 1969 1971 seu
1990 1942 2076 1972 non
2094 1932 2286 1984 prohibi·

1243 1998 1313 2043 tio,
1338 1996 1411 2035 sed
1432 1995 1637 2046 oportebit
1657 1999 1701 2034 ut
1731 1994 1977 2034 auctoritate
2004 1997 2046 2034 et
2072 1996 2284 2036 voluntate

1242 2058 1476 2109 Superioris
1495 2056 1875 2106 acquiratur.Ratio
1892 2060 1967 2103 est,
1989 2055 2286 2106 quia,licetvo-

1242 2123 1329 2159 tum
1350 2131 1434 2158 non
1455 2118 1610 2169 obliget
1626 2118 1678 2157 ad
1695 2130 1780 2157 non
1790 2117 2033 2157 habendum
2046 2116 2283 2168 proprium,

1242 2181 1397 2232 obligat
1415 2180 1681 2220 nihilominus
1694 2180 1749 2218 ad
1772 2191 1859 2219 non
1874 2178 2072 2227 utendum
2085 2179 2222 2231 aliqua
2238 2191 2284 2219 10

1241 2248 1286 2283 ut
1305 2243 1490 2295 propria,
1515 2246 1562 2283 ut
1587 2245 1751 2281 constat
1772 2253 1822 2280 ex
1843 2239 2061 2289 Examine,
2078 2252 2114 2281 0.
2136 2242 2176 2288 4,
2197 2244 2240 2280 et
2258 2242 2284 2281 3

1240 2318 1300 2357 p.‚
1324 2315 1359 2344 c.
1383 2305 1422 2352 1,
1443 2304 1468 2356 ἓ
1485 2306 1540 2345 7:
1560 2303 1790 2345 Doceantur
1807 2315 1951 2350 omnes,
1973 2302 2077 2355 quod
2101 2302 2215 2343 nulla
2238 2313 2284 2343 re

1241 2371 1430 2418 tanquam
1448 2367 1617 2418 propria
1632 2365 1693 2405 uti
1707 2364 1882 2413 debeant,
1905 2369 1982 2404 etc.
2007 2363 2058 2402 At
2071 2374 2169 2402 vero
2189 2373 2283 2415 pro-

1239 2429 1328 2480 pria
1342 2428 1584 2466 auctoritate
1603 2427 1866 2467 etvoluntate
1887 2430 1926 2466 et
1945 2425 2076 2464 inscio
2090 2423 2282 2476 Superio-

1238 2502 1282 2529 re
1299 2502 1453 2529 novum
1472 2488 1703 2528 dominium
1718 2488 1893 2540 alicujus
1910 2487 1971 2527 rei
1989 2490 2203 2539 acceptare
2219 2489 2283 2526 est

1238 2564 1391 2602 magna
1410 2551 1656 2602 proprietas,
1694 2554 1735 2590 et
1768 2562 1868 2590 usus
1902 2549 1967 2590 rei
1995 2551 2042 2588 ut
2067 2547 2277 2601 propriae;

1238 2625 1337 2664 ergo
1369 2617 1431 2651 est
1450 2613 1519 2651 tali
1541 2616 1636 2651 voto
1655 2611 1877 2651 contraria.
1909 2610 1959 2649 Et
1978 2609 2034 2648 ita
2054 2609 2162 2647 clare
2193 2619 2282 2648 cer-

1238 2674 1348 2713 nitur
1367 2673 1597 2712 differentia
1615 2672 1723 2711 inter
1741 2669 2022 2709 retentionem
2043 2672 2083 2708 et
2103 2668 2280 2720 acquisi-

1238 2736 1394 2774 tionem
1423 2732 1614 2778 dominii;
1640 2744 1739 2770 nam
1765 2731 1820 2770 ad
1852 2729 2119 2771 retinendum
2148 2730 2280 2770 domi-

1239 2797 1353 2834 nium
1373 2794 1620 2845 acquisitum
1643 2796 1740 2831 ante
1755 2796 1914 2841 votum,
1936 2805 2022 2833 non
2040 2796 2104 2832 est
2131 2803 2279 2832 neces-

1239 2857 1370 2897 sarius
1400 2855 1602 2907 positivus
1624 2858 1755 2901 actus,
1778 2854 1845 2893 vel
1866 2867 1966 2894 usus
1985 2855 2061 2903 rei,
2096 2851 2169 2894 sed
2188 2853 2278 2894 suf-

1237 2919 1320 2958 ficit
1337 2916 1517 2957 carentia
1534 2919 1650 2955 actus
1672 2915 1899 2964 alienandi,
1922 2929 1997 2956 seu
2016 2915 2216 2964 donandi,
2235 2919 2278 2954 et

1237 2981 1331 3020 ideo
1351 2978 1498 3018 sufficit
1515 2978 1638 3018 etiam
1661 2977 1775 3028 quod
1790 2978 1885 3017 talis
1902 2982 2017 3018 actus
2034 2990 2117 3017 non
2127 2976 2277 3028 jubea-

1238 3046 1317 3083 tur.
1352 3040 1415 3080 Ad
1440 3040 1742 3091 acquirendum
1778 3043 1921 3079 autem
1954 3051 2111 3078 novum
2139 3039 2276 3078 domi-

1238 3103 1370 3151 nium,
1389 3103 1614 3153 requiritur
1631 3113 1764 3142 novus
1787 3101 1905 3141 actus
1923 3113 2001 3152 per
2030 3112 2077 3140 se
2110 3104 2274 3140 contra-

1238 3165 1323 3205 rius
1357 3163 1607 3215 paupertati,
1643 3163 1722 3202 nisi
1752 3160 1828 3202 fiat
1864 3173 1960 3202 cum
1991 3161 2273 3214 dependentia

1241 3239 1266 3266 a
1285 3226 1519 3276 superiore,
1542 3237 1634 3276 quae
1650 3236 1737 3264 non
1757 3227 1944 3263 servatur
1961 3236 2037 3275 per
2053 3224 2184 3263 solam
2199 3235 2275 3263 ne-

1237 3287 1449 3341 gationem
1477 3286 1666 3339 specialis
1700 3286 2007 3338 prohibitionis,
2031 3290 2073 3326 01
2090 3285 2183 3326 ideo
2204 3297 2273 3325 re·
2339 3324 2341 3326 ,

1237 3348 1412 3401 quiritur
1426 3353 1470 3388 ut
1481 3348 1654 3400 positive
1671 3347 1828 3400 abipso
1848 3349 2112 3388 concedatur.
2131 3348 2270 3399 Atque

1235 3411 1290 3452 ita
1309 3410 1626 3462 intelligendum
1646 3410 1771 3449 etiam
1792 3414 1869 3459 est,
1886 3410 1996 3461 quod
2010 3409 2090 3448 1116
2107 3407 2268 3459 p.Con-
2322 3414 2330 3424 “

1235 3472 1505 3520 stitutionum,
1530 3485 1565 3511 0.
1588 3472 1628 3520 2,
1651 3471 1675 3524 ἓ
1697 3474 1762 3519 11,
1783 3471 1959 3511 dicitur:
1989 3470 2042 3512 Ut
2058 3467 2268 3520 nihilpro-
