2352 3880
111 267 222 310 1182

108 332 233 377 Utrum
248 332 410 371 validum
427 335 463 368 et
482 332 707 369 conveniens
731 333 779 374 sit
798 334 922 369 votum
936 333 1035 379 quod
1053 343 1139 381 pro-

149 381 232 417 fessi
251 381 435 417 societatis
453 382 621 419 emittunt
642 383 689 422 de
709 386 784 419 non
804 384 1022 427 acceptando
1034 385 1139 431 Epis-

147 435 288 475 copatu,
315 432 385 466 nisi
405 433 597 471 accedente
615 432 819 479 Superioris
835 437 1013 479 praecepto
1031 435 1078 471 ad
1099 435 1140 474 id

146 481 340 526 obligante,
355 482 380 516 l.
398 486 429 524 6,
447 491 476 518 0.
497 486 526 518 8.

103 531 179 568 Non
212 531 327 566 solum
357 536 476 567 autem
504 534 566 576 qui
598 533 779 577 obligatur
805 534 852 570 ad
878 535 1138 578 acceptandum

143 581 406 625 Episcopatum‚
421 585 567 626 quando
581 584 750 629 Superior
762 593 925 629 expresse
944 586 1058 629 iubet,
1074 586 1138 623 sed

143 631 251 666 etiam
271 633 418 675 quando
442 634 595 669 charitas
612 635 650 669 id
673 635 837 680 postulat,
856 635 906 671 ib.

102 679 225 715 Utrum
253 682 358 717 liceat
383 683 582 727 aliquando
612 693 687 722 non
715 689 902 729 expectare
932 685 1135 731 rigorosum

142 731 344 774 Superioris
366 738 597 777 praeceptum,
622 735 690 775 sed
715 735 867 775 sufficiat
883 736 1035 780 simplex
1051 740 1134 773 tan-

141 783 218 815 tum
239 781 336 817 illius
358 785 552 826 ordinatio,
571 785 622 820 11).

99 830 295 874 Episcopus
316 834 502 869 societatis
524 844 631 877 quam
646 835 904 879 obligationem
917 835 1048 871 babeat
1067 844 1135 873 au-

138 880 266 966 gierfidi
281 883 435 919 consilia
449 885 633 929 Praepositi
648 885 828 928 generalis
836 884 1031 924 societatis.
1044 884 1135 924 Vide

166 939 205 966 ro
223 939 336 970 essus.

532 1018 699 1048 EPIBTOBA·

96 1083 270 1130 Epistolas
288 1085 523 1128 Superiorum
541 1087 587 1121 ad
608 1087 810 1127 inferiores,
831 1091 892 1123 aut
916 1087 1131 1123 inferiorum

137 1134 183 1168 ad
206 1135 415 1177 Superiores
444 1136 621 1170 malitiose
642 1138 838 1181 impedire,
858 1139 1051 1178 retardare,
1071 1142 1133 1175 aut

137 1185 289 1227 aperire,
307 1194 379 1227 qua
400 1186 539 1221 ratione
560 1186 598 1220 in
622 1187 860 1230 religionibus
882 1188 927 1223 sit
947 1192 1130 1231 peccatum

135 1237 367 1275 reservatum,
399 1239 461 1271 aut
479 1238 653 1272 reservari
674 1238 899 1281 permittatur
919 1247 942 1273 a
963 1238 1131 1274 Clemen-

134 1287 169 1318 te
186 1285 269 1325 VIII,
286 1289 328 1318 tr.
345 1288 376 1327 8,
391 1285 415 1318 l.
435 1289 470 1327 2,
490 1295 521 1320 c.
546 1289 597 1320 18.

93 1334 379 1369 communicatio
399 1344 463 1378 per
481 1336 657 1381 Epistolas
684 1338 839 1372 maxime
859 1338 955 1373 fovet
972 1337 1130 1372 charita-

133 1386 205 1417 tem
228 1384 322 1419 inter
347 1386 546 1430 religiosos.
563 1388 604 1423 Et
625 1388 715 1430 quid
738 1388 777 1424 in
799 1389 869 1425 hoc
888 1388 1045 1426 Societas
1062 1387 1129 1422 01)-

132 1438 261 1476 servet,
276 1438 320 1471 tr.
338 1439 391 1478 10,
408 1436 433 1470 l.
452 1440 484 1480 8,
500 1445 531 1472 c.
549 1445 580 1472 s.

354 1521 507 1554 tntum,
531 1523 573 1548 tt
594 1522 768 1549 annulum
790 1522 879 1551 vin.

89 1583 282 1621 Eremitica
301 1587 375 1622 vita
405 1589 550 1633 proprie
569 1589 630 1624 vix
651 1589 760 1626 hodie
783 1590 822 1626 in
847 1589 1007 1627 Ecclesia
1024 1590 1129 1627 inve-

132 1635 244 1678 nitur,
262 1640 304 1671 tr.
326 1640 358 1679 9,
374 1637 397 1671 l.
420 1642 451 1681 1,
469 1647 500 1673 c.
517 1642 548 1673 2.

129 1686 251 1729 Neque
268 1689 439 1733 eremitae,
456 1690 486 1725 si
503 1690 567 1733 qui
588 1690 696 1726 hodie
714 1693 845 1733 extant,
870 1691 949 1726 veri
969 1694 1055 1726 sunt
1070 1699 1129 1725 re-

129 1736 236 1779 giosi,
258 1737 308 1772 ib.

130 1788 185 1822 An
202 1788 327 1823 saltem
350 1799 518 1833 personae
535 1791 799 1835 ecclesiasticae,
814 1795 849 1827 et
861 1793 1042 1836 gaudeant
1056 1792 1130 1836 pri-

129 1838 262 1881 vilegio
286 1839 370 1879 sori,
393 1841 443 1884 ib,

129 1887 238 1922 Posse
254 1889 298 1923 ab
323 1890 396 1925 illis
414 1891 522 1929 condi
547 1895 811 1931 testamentum,
829 1890 877 1925 ib.

129 1937 219 1971 Cum
245 1938 317 1973 vita
346 1941 508 1976 solitaria
532 1951 595 1977 seu
623 1942 808 1976 eremitica
838 1950 958 1984 presse
985 1945 1128 1985 sumpta

130 1989 376 2031 compatibilis
402 1996 455 2028 est
478 1995 589 2028 status
616 1993 802 2036 religionis
820 1993 941 2035 quoad
959 1993 1126 2029 substan-

130 2038 230 2080 tiam,
249 2039 298 2074 lb.

130 2090 254 2126 Utrum
278 2092 419 2135 antiqui
444 2094 556 2128 sancti
577 2095 815 2135 anachoretae,
831 2098 872 2128 ut
891 2095 1033 2139 Paulus,
1052 2098 1128 2132 An-

131 2140 264 2183 tonius,
280 2146 361 2183 etc,
381 2151 465 2177 vere
485 2143 621 2177 fuerint
643 2143 816 2187 religiosi,
835 2144 883 2180 11).

88 2189 326 2226 Eremitarum
347 2192 385 2226 in
411 2193 531 2228 Africa
554 2193 737 2228 institutor
752 2221 762 2238 ,
788 2201 838 2229 an
869 2193 978 2228 suerit
994 2195 1034 2230 b.
1053 2197 1130 2233 Au·

129 2241 307 2286 gustinus,
324 2242 348 2276 l.
365 2245 396 2284 2,
413 2251 443 2277 c.
459 2246 490 2277 8.

128 2291 183 2329 An
214 2300 280 2336 pro
303 2293 512 2335 hujusmodi
545 2290 708 2329 eremitis
736 2292 898 2336 regulam
922 2295 1127 2340 scripserit,

128 2340 187 2375 vel
206 2350 272 2384 pro
290 2343 485 2378 canonicis
507 2343 748 2386 regularibus,
765 2343 815 2381 ib.

128 2390 263 2428 Horum
281 2394 512 2429 eremitarum
530 2393 568 2427 in
588 2393 708 2429 Africa
724 2400 944 2437 progressus,
958 2393 1006 2429 11).

86 2438 271 2483 Eremitae,
293 2442 357 2485 qui
388 2443 466 2477 Divi
494 2442 685 2486 Augustini
713 2443 951 2487 appellantur,
976 2444 1129 2482 sormam

129 2491 271 2526 ordinis
288 2493 542 2536 mendicantis,
560 2492 678 2535 qualis
692 2501 791 2527 nunc
807 2496 872 2535 est,
888 2493 933 2529 ab
948 2494 1128 2532 Innocen-

128 2539 180 2575 tio
199 2542 242 2575 lv
258 2546 293 2577 et
313 2543 515 2577 Alexandro
530 2543 572 2577 tv
586 2545 814 2585 acceperunt.
830 2551 861 2577 c.
875 2546 908 2576 9.

127 2590 223 2627 Ordo
245 2593 307 2628 ille
325 2594 570 2636 eremitarum,
586 2602 695 2639 quem
717 2593 938 2636 Augustinus
960 2594 1126 2639 instituit,

128 2649 177 2675 an
199 2641 384 2677 duraverit
400 2653 515 2688 usque
530 2644 578 2681 ad
590 2643 843 2681 Innocentium
857 2643 912 2685 Ν,
931 2643 980 2679 ib.

127 2690 188 2727 An
207 2693 373 2728 Eremitae
397 2688 488 2736 qu'os
514 2693 802 2731 lnnooentiuslv
817 2693 856 2729 in
884 2693 1050 2731 ordinem
1069 2702 1128 2730 re·-

128 2742 239 2785 degit,
259 2742 398 2777 fuerint
416 2751 458 2776 ex
476 2743 549 2776 illis
568 2742 855 2786 Augustinianis,
872 2742 923 2779 ib-

128 2795 183 2828 An
211 2792 372 2827 eremitae
399 2793 670 2836 augustiniani,
699 2800 784 2830 cum
815 2800 947 2827 novam
973 2792 1129 2829 sormam

129 2842 271 2879 ordinis
283 2846 510 2887 acceperunt,
524 2843 663 2878 fuerint
678 2842 728 2879 ita
744 2842 935 2883 immutati,
953 2846 993 2889 ut
1010 2843 1129 2884 potius

129 2899 226 2927 nova
246 2892 375 2935 religio
389 2893 501 2929 fuerit
514 2893 689 2932 instituta,
705 2900 815 2935 quam
828 2892 978 2934 antiqua
995 2892 1129 2931 instua-

129 2945 220 2983 rata,
238 2942 289 2977 ib.

128 2993 185 3027 An
207 2991 303 3025 dicta
324 2990 453 3035 religio
465 2991 653 3037 Augustini
675 2991 786 3030 fuerit
802 2991 892 3029 olim
904 2991 952 3030 ab
972 2991 1131 3029 Ecclesia

130 3049 176 3085 ap
203 3041 338 3085 robata,
355 3041 406 3078 ib.

129 3051 202 3128 culi)-
226 3093 308 3138 post
329 3090 571 3132 Alexandrum
591 3089 635 3127 lv
657 3090 778 3129 denuo
796 3090 908 3129 fuerit
918 3092 1127 3138 approbata,

130 3140 183 3176 ib.

87 3190 254 3229 Eremitae
268 3191 520 3238 augustiniani
537 3198 584 3226 an
601 3189 749 3230 fuerint,
767 3194 943 3237 quotquot
957 3190 1127 3229 monachi

130 3246 211 3286 post
223 3241 463 3286 augustinum
481 3249 597 3284 usque
613 3239 660 3274 ad
672 3240 907 3287 Benedictum
919 3241 1125 3286 extiterunt,

130 3293 182 3329 ib.

85 3342 253 3389 ‚Eremitae
275 3339 529 3390 augustiniani
545 3347 626 3387 non
646 3338 1044 3386 tneruntassuillielmo
1063 3347 1124 3381 rev

131 3393 290 3434 formati,
307 3393 356 3426 ib.

129 3443 323 3485 Quomodo⁴
336 3441 519 3486 potuerint
540 3441 783 3487 nihilomiuuss
795 3449 819 3478 a
831 3439 1037 3483 Guillielmo
1056 3448 1127 3480 vo·

130 3494 205 3530 cari
222 3492 477 3533 Guillielmitae,
497 3492 547 3527 ih.

130 3543 202 3578 Nec
218 3543 303 3578 item
320 3544 386 3578 hos
403 3542 572 3587 eremitas
584 3549 607 3576 a
619 3541 758 3579 scanne
772 3540 874 3579 Bono
890 3538 1004 3578 tuisse
1021 3539 1124 3581 iusu-

131 3594 239 3631 tntos,
260 3593 309 3627 11).

133 3642 228 3678 {nter
261 3641 429 3688 eremitas
460 3644 497 3677 et
531 3640 728 3693 monachos
753 3647 802 3676 an
829 3638 955 3687 aliqua
986 3637 1125 3677 fuerint

134 3690 357 3734 diminiua,
371 3693 410 3727 et
424 3696 519 3734 quae,
537 3676 588 3726 ib-

1019 270 1148 310 RNDEX
1165 273 1318 314 RERUU·

1230 338 1285 371 An
1311 341 1439 373 omncs
1468 334 1629 373 eremitae
1652 332 1814 382 Africani
1845 333 2005 393 reguiam
2027 337 2220 389 Augustini
2288 322 2294 327 '⁷

1233 385 1382 430 professi
1402 384 1550 421 fuerint.
1566 385 1617 422 ih.

1190 533 1312 573 Esseni
1331 532 1501 569 dicuntur
1523 533 1679 577 religiosi
1699 533 1766 576 illi,
1787 533 1851 583 qui
1870 536 2030 579 ternpore
2047 534 2087 572 1).
2110 535 2217 577 larci

1233 583 1444 624 floruerunt,
1458 587 1502 618 tr.
1519 586 1571 625 1ο,
1592 584 1617 617 1.
1633 587 1666 626 1,
1679 591 1712 617 c.
1727 587 1764 619 8.

1586 668 1812 697 zucanistrii.

1187 729 1418 765 Eucharistiae
1439 738 1548 767 sacrae
1564 731 1733 775 frequens
1746 741 1832 768 usus
1846 733 2001 772 maxime
2019 734 2158 774 confert
2171 735 2217 772 ad

1229 781 1423 814 castitatem
1438 783 1733 824 conservandam,
1748 786 1791 817 tr.
1806 786 1859 826 10,
1874 784 1898 818 l.
1914 787 1946 826 Ιι,
1957 793 1989 823 c,
2007 789 2039 819 3.

1229 831 1303 872 Qua
1337 831 1542 874 frequentia
1571 834 1609 869 in
1631 833 1802 870 societate
1823 842 1846 870 a
1867 841 1942 874 non
1972 835 2217 880 'sacerdotibus

1229 881 1456 924 suscipiatur,
1479 883 1502 915 l.
1518 886 1551 925 8,
1572 890 1606 917 c.
1629 886 1661 918 3,

1230 932 1303 972 Qua
1326 932 1413 966 olim
1432 933 1477 966 ab
1499 933 1659 975 antiquis
1681 933 1869 981 religiosis,
1884 943 2038 981 quaeque
2062 937 2218 975 maxime

1229 983 1407 1025 religiosis
1425 984 1606 1026 convenit,
1627 984 1677 1021 ib.

1186 1031 1443 1067 Eucharistiam
1474 1035 1677 1070 ministrare
1706 1042 1814 1071 nemo
1833 1038 1969 1079 potest,
1998 1036 2068 1073 nisi
2105 1038 2151 1073 ad
2178 1036 2216 1074 id

1227 1084 1355 1117 habeat
1370 1084 1660 1126 jurisdictionem
1680 1085 1915 1130 ordinariam,
1931 1086 1988 1122 vel
2004 1087 2215 1131 delegatam,

1225 1133 1251 1166 1.
1276 1137 1307 1175 9,
1332 1141 1362 1167 c.
1384 1137 1416 1168 8.

1184 1182 1442 1218 Eucharistiam
1458 1185 1674 1227 ministrare,
1700 1194 1747 1219 an
1769 1185 1928 1229 quando,
1945 1189 2064 1230 etqua
2078 1188 2216 1224 ratione

1226 1234 1363 1276 possint
1383 1235 1539 1278 religiosi
1556 1236 1740 1271 societatis
1762 1245 1803 1271 ex
1823 1237 2025 1281 privilegio,
2045 1238 2094 1273 ib.

1183 1282 1443 1320 Eucharistiam
1466 1286 1670 1321 ministrare
1686 1290 1844 1330 tempore
1871 1288 2027 1331 paschali
2054 1289 2214 1332 peregri-

1225 1335 1294 1372 nis.
1318 1339 1379 1369 aut
1401 1335 1468 1371 iter
1492 1337 1693 1382 agentibus,
1710 1346 1758 1374 an
1784 1338 1889 1374 liceat
1905 1338 2082 1382 religiosis
2094 1339 2215 1376 Socie-

1224 1385 1318 1426 tatis,
1339 1386 1389 1420 ib.

1182 1434 1445 1471 Eucharistiam
1475 1436 1679 1471 ministrare
1711 1441 1809 1473 extra
1838 1447 1923 1474 suas
1959 1439 2137 1476 Ecclesias
2167 1448 2215 1478 au

1226 1486 1363 1529 possint
1382 1487 1539 1530 religiosi
1555 1488 1749 1530 societatis,
1774 1489 1822 1523 ib.

1181 1535 1439 1572 Eucharistiam
1460 1537 1749 1581 quibuscumque
1766 1537 1933 1574 fidelibus
1955 1539 2162 1575 ministrare
2176 1540 2214 1575 in

1225 1586 1376 1621 articulo
1395 1587 1521 1623 mortis
1539 1595 1613 1622 non
1631 1592 1780 1631 possunt
1802 1588 1959 1631 religiosi
1987 1590 2123 1633 absque
2150 1599 2215 1637 pa-

1224 1638 1417 1673 rochorum
1445 1637 1624 1681 facultate,
1642 1641 1680 1673 et
1707 1638 1890 1682 quomodo
1916 1639 1986 1677 hoc
2011 1640 2060 1677 sit
2080 1639 2217 1679 intelli-

1224 1688 1397 1731 gendum,
1417 1687 1466 1722 ib.

1510 1773 1640 1800 uxum
1660 1773 1889 1802 constitutus.

1181 1847 1339 1884 Examen
1364 1848 1595 1884 conscientiae
1615 1851 1724 1886 semel
1743 1854 1805 1886 aut
1822 1851 1955 1895 saepius
1980 1851 2142 1895 quotidie
2159 1852 2214 1888 fa-

1223 1906 1304 1933 cere
1326 1900 1440 1934 sancti
1472 1901 1561 1935 olim
1591 1901 1711 1938 Patres
1735 1910 1952 1939 consuevere
1978 1911 2022 1938 ac
2048 1904 2215 1946 docuere,

1222 1951 1265 1983 tr.
1284 1952 1335 1992 10,
1354 1954 1378 1983 t.
1395 1954 1426 1992 s,
1447 1954 1528 1985 c.c.

1180 1997 1274 2032 Illud
1294 1999 1350 2032 bis
1370 2000 1408 2033 in
1427 2000 1486 2033 die
1507 2000 1624 2036 facere
1645 2004 1813 2038 tenentur
1829 2010 1872 2040 ex
1889 2002 2014 2047 regula
2031 2002 2218 2039 societatis

1224 2049 1396 2091 religiosi,
1412 2049 1436 2082 l.
1452 2053 1483 2091 7,
1503 2058 1535 2084 c.
1550 2055 1582 2084 1.

1182 2099 1338 2134 Examen
1357 2104 1393 2134 et
1413 2102 1577 2143 probatio
1601 2110 1728 2137 eorum
1745 2103 1817 2147 {qui
1839 2102 2053 2139 admittendi
2075 2107 2216 2140 suntin

1221 2150 1452 2195 religionem,
1469 2152 1554 2190 vide
1569 2154 1748 2188 Probatio.

1549 2258 1846 2287 Excouuumenxo.

1181 2336 1317 2372 Praelati
1333 2338 1551 2382 religionum
1570 2347 1634 2382 per
1652 2348 1717 2375 sua
1731 2339 1922 2384 privilegia
1939 2341 2123 2377 absolvere
2137 2350 2214 2386 pos-

1223 2392 1307 2422 sunt
1318 2397 1403 2426 suos
1417 2390 1591 2433 subditos,
1609 2391 1716 2425 etiam
1732 2392 1899 2433 novitios,
1915 2392 1961 2427 ab
1973 2394 2216 2429 excommunia

1225 2439 1366 2473 catione
1385 2438 1531 2483 speciali
1549 2440 1594 2476 ab
1618 2441 1778 2484 homine,
1801 2444 1846 2478 tr.
1862 2444 1895 2485 8,
1912 2441 1938 2478 l.
1956 2445 1990 2486 2,
2008 2451 2041 2481 c.
2058 2446 2114 2479 25.

1183 2486 1271 2521 Vide
1286 2489 1462 2523 censuras
1477 2494 1512 2523 et
1526 2490 1707 2525 Praelatus.

1183 2535 1249 2571 Ubi
1272 2541 1391 2574 tamen
1411 2539 1485 2576 duo
1501 2544 1586 2577 sunt
1603 2540 1805 2579 sacerdotes
1820 2540 1994 2585 religiosi,
2017 2541 2106 2576 alter
2119 2542 2217 2581 Prae»

1218 2585 1328 2631 latus,
1346 2594 1380 2623 et
1395 2590 1482 2625 alter
1499 2591 1675 2633 subditus,
1694 2597 1729 2625 et
1748 2593 1854 2628 ambo
1869 2597 1955 2628 sunt
1967 2594 2219 2628 excommuni—

1224 2639 1292 2674 cati
1316 2640 1445 2679 occulti
1458 2668 1468 2683 ‚
1491 2644 1606 2684 potest
1621 2642 1791 2677 praelatus
1807 2643 2138 2680 excommunicatus
2149 2643 2216 2679 ab-

1223 2689 1362 2723 solvere
1378 2690 1563 2727 subditum
1577 2694 1612 2726 et
1629 2692 1762 2728 deinde
1775 2702 1797 2727 a
1809 2693 1954 2728 subdito
1970 2693 2048 2736 ipso
2062 2693 2215 2735 absolvi,
2327 2696 2352 2781 ,Ξ

1223 2746 1255 2772 0.
1276 2743 1329 2773 23.
2338 2751 2340 2759 ¹

1181 2787 1217 2822 Si
1234 2797 1318 2823 vero
1333 2791 1439 2824 ambo
1452 2790 1525 2824 sint
1537 2791 1672 2833 publici
1689 2786 2001 2833 excommunicati,
2019 2795 2106 2826 tunc
2120 2792 2215 2826 Prae-
2342 2799 2349 2812 ‘-

1224 2838 1316 2873 latus
1332 2844 1445 2882 potest
1460 2843 1494 2873 et
1508 2841 1614 2874 debet
1635 2841 1766 2883 eligere
1785 2842 2027 2875 confessorem
2044 2845 2140 2876 extra
2158 2850 2214 2876 re-

1216 2888 1419 2934 ligionem,
1441 2898 1462 2922 a
1483 2897 1556 2932 quo
1574 2889 1798 2935 absolvatur,
1819 2895 1856 2927 et
1875 2891 2009 2927 deinde
2030 2892 2216 2929 absolvere

1222 2938 1422 2980 subditum,
1443 2938 1493 2975 il).

1181 2987 1224 3022 Et
1241 2987 1271 3020 si
1291 2988 1414 3022 nullus
1435 2989 1540 3024 detur
1557 2990 1724 3026 sacerdos
1745 2993 1845 3027 extra
1856 2990 2084 3037 religionem,
2099 2991 2216 3030 solum

1224 3037 1264 3071 in
1285 3038 1437 3074 articulo
1462 3040 1590 3076 mortis
1612 3048 1652 3076 se
1676 3045 1827 3086 possunt
1847 3042 1895 3077 ad
1920 3042 2077 3078 invicem
2094 3042 2219 3078 absol-'

1222 3095 1319 3131 vere,
1340 3088 1392 3124 ib.

1499 3176 1671 3204 mRCfflA
1691 3177 1906 3206 summum.

1180 3236 1271 3279 Quid
1286 3239 1435 3274 nomine
1451 3240 1703 3289 exercitiorum
1719 3241 1965 3286 spiritualium
1980 3241 2214 3287 intelligatur

1175 3289 1435 3395 ltirxelgitlioguss
1450 3294 1701 3390 {eumalium
1723 3340 1817 3385 libet·-
1833 3350 1856 3381 a
1869 3342 1907 3382 8
1931 3341 2068 3387 ignatio
2082 3340 2212 3387 edim

1218 3386 1443 3438 anctoritate
1442 3386 1655 3438 -Apostolica
1681 3391 1906 3435 examinatus
1925 3395 1964 3435 91
1980 3391 2242 3458 imvm&

1217 3440 1372 3475 maxime
1390 3435 1675 3487 commendatur,
1699 3441 1748 3478 ib.

1176 3487 1290 3533 Hujus
1310 3490 1394 3525 libri
1415 3491 1579 3527 doctrina
1599 3499 1685 3530 vera
1704 3494 1759 3533 est
1775 3495 1812 3529 et
1829 3473 1961 3538 inagna
1979 3500 2025 3533 ex
2045 3467 2149 3536 9980
2162 3487 2213 3531 nd

1218 3538 1326 3578 fidem
1349 3540 1547 3585 pertinens
1565 3540 1615 3578 ib

1175 3586 1291 3623 variae
1322 3588 1420 3623 illius
1442 3589 1708 3632 propositiones
1733 3589 1897 3630 obscure
1926 3566 2153 3634 explicantur
2173 3587 2213 3627 et
2260 3603 2269 3641 γ

1217 3639 1476 3682 approbantur,
1498 3638 1550 3674 11)
2240 3657 2266 3682 3,

1174 3686 1272 3724 varii
1302 3689 1388 3725 item
1412 3688 1558 3724 termini
1579 3692 1618 3725 et
1643 3690 1909 3734 propositiones
1931 3687 2096 3733 ejusdem
2122 3686 2246 3725 libri

1702 3798 1726 3821 .
2204 3821 2214 3842 ν’

2209 3854 2220 3875 ‚t
