2352 3880
331 0 335 5 Ι
367 0 554 45 *liuza-:⁴³:⁷9⁸
584 0 634 36 ''r-⁴·
665 0 706 24 ἸᾸ
799 14 828 32 ²!
876 3 878 7 ὗ
941 0 951 15 ,

291 47 296 57 ,
571 46 573 50 1

578 141 668 176 w.
691 141 732 175 Ἴ.
755 141 810 176 DE
830 137 1403 175 PoTEsmm-Jumsmcrmms
1424 139 1548 174 INFRA
1569 139 1802 176 SUPREMAM.

2136 124 2271 186 1079'

49 186 66 258 ζ
107 213 110 218 “
142 203 171 216 ’
193 255 198 259 y
230 206 284 258 iia
302 206 380 249 lib.
396 208 441 257 6,
468 217 506 248 ο.
534 207 577 257 ’1,
603 218 632 248 a
650 219 695 248 n.
719 207 784 247 13.
819 206 908 247 Non
932 209 992 247 est
1009 207 1150 247 autem
1203 203 1257 245 do
1282 203 1328 245 in
1350 205 1429 246 hoc
1455 218 1576 251 sensu
1594 206 1772 260 primam
1794 204 2017 259 sequelam.
2051 209 2240 251 Secund„

54 344 70 378 ’τ
98 327 290 378 mariam.
320 330 367 370 In
385 329 463 369 hac
478 341 599 382 porro
619 327 900 381 jurisdictione
916 328 1000 369 duo
1015 325 1147 368 consi-

63 420 67 422 -
102 384 249 441 ,dotari
259 394 443 444 possunt,
462 390 630 439 scilieet,
655 389 884 428 substantia
906 389 1007 440 ejus,
1025 392 1072 429 ut
1087 385 1145 428 sie

55 484 67 490 -
86 443 264 507 Ἰζ,’ῥὶο11111,
285 456 328 493 et
343 452 551 505 quantitas
570 461 583 490 ε
604 449 846 501 simpliciter
873 462 970 502 ergo
993 449 1142 490 habere

59 516 66 547 1
92 513 438 570 ¹spurisdietionem
453 511 722 552 intrinsecum
736 514 796 551 est
808 510 872 550 his
887 510 1140 562 muneribus,

83 604 86 605 ν
103 579 152 622 fit
162 574 241 614 hoc
251 575 347 614 satis
363 578 424 614 est
440 577 486 613 ut
503 572 597 612 talis
608 571 839 623 jurisdictio
852 572 1059 612 ordinaria
1074 571 1138 611 sit.

87 637 227 693 JJJnde
240 649 323 676 non
337 636 468 676 solum
482 646 567 674 non
585 637 717 686 potest
735 634 943 674 Generalis
959 634 1100 674 tollere
1117 645 1142 673 a

84 734 86 742 ,
109 698 353 739 Provinciali
365 698 425 737 vel
435 698 603 737 Rectore
609 696 931 748 jurisdictionem
941 696 1137 736 absolute:

76 786 80 791 -
103 758 193 803 imo
219 758 297 798 hoc
321 758 637 809 repugnantiam
657 757 832 797 involvit
846 789 858 807 ,
891 758 990 810 quia
1007 758 1058 797 de
1077 757 1140 796 in-

102 819 284 863 1111150οα
299 819 457 858 ratione
475 818 620 858 talium
644 831 863 858 munerum
883 823 942 859 est
957 818 1141 871 jurisdic-

102 880 166 922 fio
184 892 195 920 ε
215 892 356 920 verum
386 881 510 919 etiam
540 892 616 920 nee
641 885 770 931 potest
790 881 921 921 facere
945 884 991 919 ut
1009 879 1142 919 Socie-

105 941 229 982 cietas
251 942 339 980 sine
358 941 532 993 propriis
553 942 873 981 Provincialibus
899 946 939 980 et
961 941 1141 980 Praelatis

100 1001 301 1044 ,localibus
314 1003 581 1054 gubernetur,
599 1004 694 1054 quia
711 1003 787 1042 1100
802 1004 978 1054 pertinet
991 1002 1042 1041 ad
1059 1000 1140 1053 pri-

103 1064 278 1106 mariam
298 1065 598 1104 institutionem
619 1065 739 1116 liujus
758 1064 989 1115 religionis,
1014 1075 1137 1114 quam

103 1125 191 1178 ipse
210 1127 428 1166 immutare
453 1138 537 1165 non
557 1130 704 1177 potest.
728 1126 869 1164 Solum
889 1136 986 1176 ergo
1004 1124 1138 1175 quoad

104 1188 375 1238 quantitatem
417 1199 487 1227 seu
527 1187 805 1227 extensionem
843 1185 1135 1237 jurisdictionis

101 1249 283 1301 pendent
302 1249 344 1287 hi
371 1249 533 1288 Praelati
557 1261 581 1288 a
606 1248 810 1295 Generali,
836 1247 944 1298 quod
971 1259 1053 1286 non
1074 1259 1138 1286 re-

101 1315 261 1362 pugnat
280 1311 495 1349 ordinariae
514 1308 788 1362 jurisdictioni
806 1323 816 1356 3
844 1320 941 1347 nam
961 1308 1038 1347 hoc
1055 1309 1139 1348 iere

103 1371 228 1410 modo
249 1372 425 1422 pendent
445 1371 628 1422 Episcopi
648 1383 673 1409 a
694 1371 815 1421 Papa,
840 1374 880 1409 et
901 1370 1032 1409 multo
1053 1382 1141 1410 ma-

100 1432 165 1483 gis
186 1433 342 1483 Legati,
364 1433 435 1483 qui
455 1437 594 1471 tamen
615 1432 870 1470 ordinariam
891 1431 1141 1482 J'urisdictio-

98 1504 196 1534 nem
215 1493 367 1532 habent
380 1505 393 1544 3
418 1494 527 1533 unde
545 1494 665 1532 etiam
684 1494 728 1531 in
746 1498 892 1544 quarta
910 1494 1142 1544 Congrega-

96 1555 213 1599 ‚tione
244 1555 448 1606 generali,
480 1556 589 1595 decr.
624 1557 676 1594 ⁶28
691 1586 703 1602 ,
734 1556 936 1594 sancitum
967 1555 1142 1605 legimus

96 1628 216 1670 posse
238 1619 281 1656 P.
300 1617 541 1656 Generalem
562 1616 748 1667 delegare
767 1616 1143 1667 vice-praepositum

99 1678 246 1718 domus
264 1680 471 1728 Romanae,
495 1690 587 1717 eum
609 1679 816 1717 ordinaria
833 1682 1044 1729 potestate.

155 1742 194 1779 4.
216 1741 305 1780 Imo
322 1741 449 1791 quoad
462 1741 638 1791 aliquam
655 1739 917 1792 quantitatem
934 1739 1048 1778 illam
1067 1740 1138 1780 lia-

101 1801 202 1842 bent.
230 1824 282 1831 —
303 1803 380 1841 Sed
403 1803 446 1840 in
465 1802 541 1841 hoc
566 1803 689 1842 etiam
715 1802 948 1840 addendum
969 1805 1042 1846 est,
1064 1800 1137 1839 ali-

96 1874 224 1914 ‚quam
252 1874 337 1901 esse
369 1863 638 1913 quantitatem
673 1863 795 1912 hujus
819 1863 1134 1912 jurisdictionis,

96 1936 151 1967 lex
172 1929 320 1964 natura
336 1926 395 1963 rei
419 1925 644 1963 necessario
666 1925 925 1975 conjunctam
952 1936 1045 1962 cum
1065 1924 1138 1962 tali

75 1989 271 2027 *munere
286 2016 295 2032 ,
324 1991 371 2024 ut
390 1990 450 2025 est
477 1986 548 2024 illa
566 1986 652 2024 sine
673 1998 752 2036 qua
773 1986 984 2023 moraliter
1003 1997 1050 2024 ac
1069 1986 1136 2024 de-

97 2046 187 2087 bito
207 2047 325 2085 modo
349 2046 437 2085 fieri
457 2059 539 2085 non
566 2050 710 2098 potest.
738 2046 887 2085 Deinde
919 2046 1137 2097 uuusquis-

93 2120 181 2161 que
200 2121 249 2148 ex
266 2109 326 2147 his
342 2109 520 2147 Praelatis
540 2108 663 2147 habet
675 2109 718 2147 111
737 2108 935 2148 Societate
956 2109 1138 2159 proprias

101 2171 263 2221 regulas
279 2174 319 2208 et
338 2170 656 2209 Constitutiones
671 2169 723 2208 ad
738 2169 855 2207 illum
872 2171 1136 2220 pertinentes,

94 2231 146 2271 ,111
167 2232 315 2283 quibus
335 2235 509 2282 potestas
526 2243 598 2269 suo
619 2232 781 2269 muneri
802 2230 998 2268 attributa
1013 2230 1140 2268 decla-

101 2297 232 2341 ratur,
257 2298 296 2331 et
314 2293 386 2332 illa
404 2292 561 2332 censeri
574 2292 693 2331 debet
711 2295 887 2343 potestas
908 2291 1116 2330 ordinaria
1128 2321 1137 2338 ,

99 2356 200 2408 quia
213 2355 299 2405 jam
315 2359 374 2393 est
390 2358 499 2393 certa
514 2354 604 2404 lege
618 2353 868 2405 praescripta,
892 2357 929 2390 et
948 2353 1142 2403 adjuncta

103 2416 176 2455 tali
206 2417 380 2455 muneri.
413 2415 610 2455 Similiter
639 2415 682 2453 in
709 2414 958 2465 Compendio
979 2413 1142 2465 privile-

104 2478 266 2528 giorum
283 2478 495 2517 declaratae
509 2477 821 2516 suntiaeultates
836 2487 976 2514 omnes
997 2475 1047 2514 ad
1063 2475 1141 2513 dis-

95 2539 361 2592 pensandum
374 2568 386 2586 ,
423 2538 488 2577 vel
514 2537 807 2576 absolvendum
822 2566 832 2581 ,
863 2535 928 2574 vel
959 2535 1011 2574 ad
1042 2535 1141 2574 alias

92 2602 258 2654 gratias
277 2601 552 2640 concedendas
571 2600 650 2638 illis
667 2599 906 2646 commissae,
930 2602 974 2636 ut
993 2599 1036 2637 in
1056 2599 1141 2636 offi-

91 2664 168 2713 1,4110
189 2663 454 2702 Provincialis
473 2663 706 2710 adnotatur,
732 2661 876 2712 regula
897 2661 937 2703 8.
963 2664 1002 2699 et
1022 2661 1065 2698 in
1083 2659 1141 2698 of-

97 2723 198 2766 ficio
219 2725 441 2776 Praepositi,
463 2735 550 2775 reg.
574 2726 639 2772 13,
661 2728 702 2762 et
722 2723 916 2770 Rectoris,
939 2724 1004 2761 12.
1026 2722 1141 2770 Quod

107 2787 141 2827 si
159 2791 306 2838 praeter
322 2786 394 2825 has
406 2786 580 2825 voluerit
597 2785 805 2825 Generalis
819 2785 953 2836 plures
970 2789 1142 2836 potesta-

107 2851 167 2888 tes
202 2848 422 2887 concedere
440 2878 452 2896 ,
479 2847 545 2887 vel
579 2847 769 2886 omnibus
786 2876 796 2893 ‚
835 2846 900 2884 vel
938 2845 1142 2897 aliquibus

107 2908 292 2950 Praelatis
305 2909 579 2958 inferioribus,
593 2908 674 2948 illae
685 2920 828 2948 revera
842 2911 964 2946 erunt
980 2910 1142 2946 tantum

94 2972 320 3025 [delegatae.

162 3034 202 3073 5.
223 3033 291 3073 Ad
304 3032 552 3084 objectionem
570 3031 615 3071 iu
629 3042 738 3071 uum.
753 3033 794 3071 2.
815 3030 1045 3081 formaliter
1061 3042 1144 3072 res-

93 3080 316 3153 Jpondetor.
339 3114 393 3123 —
412 3092 475 3134 Ad
493 3092 775 3132 difficultatem
806 3104 904 3143 ergo
928 3093 1145 3145 responde-

88 283 113 293 ·
156 255 174 307 ζ
199 289 204 306 .·
229 267 429 324 praelatio,
446 266 528 308 nisi
537 266 866 319 jurisdictionem
880 265 1031 308 habeat
1043 265 1149 307 ordi-
1201 265 1282 305 diei
1300 270 1433 318 potest
1447 267 1680 318 arbitraria,
1699 267 1798 322 quia
1826 279 1986 321 semper
2011 269 2163 322 pendet
2188 267 2239 313 e'x

1199 327 1409 369 voluntate
1428 329 1652 379 Generalis,
1669 330 1740 382 qui
1767 341 1952 370 excausa
1970 334 2102 384 potest
2121 331 2238 373 illam

1198 391 1460 442 restringere,
1488 395 1528 430 et
1548 404 1599 431 ex
1619 392 1751 443 gratia
1772 395 1907 445 potest
1924 391 2039 433 illam
2054 406 2235 446 augere;

1197 453 1238 491 et
1264 451 1342 490 hoc
1367 456 1428 491 est
1455 452 1566 504 quod
1589 453 1904 494 Constitutiones
1922 454 2171 505 intendunt;
2196 460 2238 498 et

1195 512 1293 552 inde
1311 524 1396 551 non
1414 512 1462 552 fit
1477 512 1603 552 talem
1616 513 1948 564 jurisdictionem
1963 528 2046 556 non
2067 529 2152 557 esse
2171 529 2236 558 or·-

1196 573 1416 622 dinariam,
1435 577 1482 612 ut
1494 572 1746 614 declaratum
1762 579 1836 616 est.
1858 577 1997 628 Neque
2011 577 2090 617 1100
2108 576 2235 619 habet

1195 632 1326 672 ullum
1345 634 1641 675 inconveniens
1657 666 1669 683 ,
1688 635 1760 675 sed
1778 635 1830 675 ad
1849 636 2029 677 debitam
2047 638 2237 679 subordi-

1195 697 1407 736 nationem
1427 696 1592 748 expedit
1607 706 1623 746 3
1639 701 1735 736 ’1100
1755 701 1969 748 propterea
1987 700 2126 739 timeri
2146 711 2234 753 pos-

1195 761 1293 796 sunt
1310 757 1543 810 frequentes
1558 761 1630 798 aut
1649 756 1843 797 indebitae
1861 761 2121 810 mutationes,
2141 773 2234 801 cum

1196 830 1244 857 ea
1263 849 1276 867 ‚
1304 830 1395 871 quae
1426 819 1478 859 ad
1508 818 1763 858 ordinarium
1793 818 1981 869 regimen
2006 823 2235 862 necessaria

1196 883 1306 926 sunt,
1333 880 1454 919 certis
1473 879 1634 932 legibus
1651 880 1732 918 sint
1748 877 1917 918 definita
1931 910 1940 925 ,
1961 891 2053 930 quae
2073 893 2158 920 non
2175 881 2235 920 fa-

1196 941 1286 989 cile,
1308 953 1383 980 nec
1398 942 1484 980 sine
1503 941 1620 993 gravi
1637 953 1758 980 causa
1778 941 1928 980 mutari
1949 941 2113 981 debent.
2138 943 2235 989 Quae

1197 1014 1294 1042 vero
1314 1003 1639 1042 extraordinaria
1657 1007 1764 1051 sunt,
1785 1003 1851 1042 vel
1870 1002 1922 1042 ad
1943 1003 2158 1055 specialem
2177 1004 2235 1044 fa-

1193 1076 1332 1104 vorem
1350 1066 1571 1116 pertinent,
1590 1065 1694 1104 ratio
1711 1064 1888 1116 postulat
1903 1068 1948 1102 111
1963 1065 2170 1117 pendeant
2186 1075 2235 1104 ex

1191 1137 1382 1178 suprema
1404 1130 1602 1179 potestate
1621 1125 1922 1176 gubernatoris.

1245 1188 1284 1228 6.
1316 1188 1384 1228 Aa
1415 1189 1750 1238 confirmationem
1782 1186 1937 1227 ibidem.
1972 1205 2026 1218 —
2053 1186 2113 1227 Ad
2141 1186 2235 1227 ulti-

1194 1262 1306 1291 mam
1324 1249 1696 1297 confirmationem,
1714 1248 1894 1288 fatemur
1911 1248 1954 1287 111
1968 1248 2168 1288 Societate
2184 1249 2237 1288 ad

1195 1312 1521 1363 cognoscendam
1541 1310 1864 1361 uniuscujusque
1885 1309 2044 1349 Praelati
2066 1310 2235 1349 faculta-

1195 1377 1293 1421 tem,
1324 1373 1525 1411 utendum
1554 1372 1689 1422 potius
1723 1383 1809 1410 esse
1839 1370 2081 1410 ai'ffirrnrtii-e
2114 1382 2239 1422 quam

1197 1435 1386 1487 negativa
1420 1434 1583 1485 regula,
1623 1433 1664 1472 id
1703 1436 1786 1480 est,
1824 1433 1866 1472 id
1901 1445 2240 1484 unumquemque

1198 1510 1312 1549 posse
1333 1497 1441 1547 quod
1460 1497 1536 1535 sibi
1555 1499 1614 1534 est
1630 1506 1880 1542 concessum,
1899 1506 1984 1533 non
2003 1506 2100 1534 vero
2120 1495 2239 1547 quid-

1200 1559 1295 1610 quid
1316 1559 1391 1597 sibi
1413 1571 1494 1597 non
1516 1562 1576 1597 est
1593 1557 1844 1609 prohibitum
1867 1567 1878 1595 t
1910 1556 2020 1595 unde
2041 1557 2085 1595 in
2106 1557 2239 1596 citatis

1198 1621 1349 1671 regulis
1381 1620 1591 1670 Przrpositi
1626 1623 1664 1657 et
1696 1618 1877 1657 Hectoris
1910 1618 2059 1656 dicitur
2088 1631 2096 1655 :
2130 1618 2238 1665 Quas·

1193 1683 1335 1721 babeat
1365 1682 1610 1730 facultates,
1634 1681 1790 1732 partim
1822 1691 1868 1719 ex
1897 1680 1961 1719 bis
1980 1691 2067 1731 quoe
2098 1679 2179 1730 ipsi
2197 1681 2241 1718 iu

1194 1743 1259 1783 his
1281 1743 1434 1795 reyulis
1454 1743 1735 1789 conceduntur,
1759 1741 1918 1792 partim
1947 1752 1993 1780 ea:
2020 1740 2241 1792 compefzdio

1189 1805 1430 1854 facultatum
1452 1802 1673 1843 Societatis
1691 1802 1908 1853 iutelliqat,
1929 1805 1975 1841 ut
1993 1802 2037 1839 iu
2053 1801 2121 1846 iis,
2143 1811 2243 1851 qua-9

1193 1877 1271 1904 nou
1292 1866 1419 1912 babet,
1441 1866 1547 1904 sciat
1566 1864 1619 1904 acl
1638 1864 1899 1915 Superiorem
1920 1874 2137 1902 recurrere.
2166 1863 2241 1900 Ne—

1195 1938 1273 1976 que
1303 1927 1399 1964 hinc
1428 1926 1542 1976 sequi
1572 1928 1704 1975 potest
1737 1924 1873 1974 aliqua
1904 1922 2151 1974 perplexitas
2175 1922 2240 1962 vel

1194 1987 1410 2025 difficultas
1427 1997 1440 2035 3
1469 1986 1569 2037 quin
1592 1986 1724 2035 potius
1744 1985 1964 2034 unicuique
1983 1986 2114 2034 magis
2134 1984 2242 2024 clara

1194 2053 1234 2088 et
1253 2053 1350 2087 nota
1378 2048 1454 2086 erit
1484 2051 1658 2098 potestas
1687 2058 1810 2097 quam
1838 2045 1976 2092 habet,
1995 2050 2034 2084 et
2058 2046 2241 2096 alioquin

1193 2114 1368 2162 potestas
1385 2110 1472 2160 ipsa
1492 2109 1586 2146 satis
1608 2111 1668 2146 est
1686 2108 1844 2158 ampla,
1868 2113 1907 2145 et
1926 2106 2138 2144 facultates
2156 2118 2239 2145 11011

1196 2172 1346 2210 dantur
1363 2171 1413 2209 ad
1432 2168 1659 2218 singulares
1680 2180 1793 2206 casus
1809 2198 1820 2216 ,
1851 2167 1918 2206 sed
1941 2179 2012 2218 per
2031 2168 2241 2218 generales

1196 2232 1359 2282 regulas
1394 2231 1669 2279 sufficiente53
1700 2235 1740 2268 et
1770 2228 2000 2280 specialiter
2026 2229 2069 2266 in
2087 2229 2240 2279 regulis

1199 2292 1479 2340 Provincialis,
1500 2305 1542 2330 n.
1559 2293 1599 2340 7,
1622 2296 1662 2331 et
1676 2304 1769 2331 cum
1784 2291 2045 2343 proportione
2061 2291 2103 2329 in
2121 2303 2242 2342 regu-

1198 2355 1247 2393 lis
1270 2353 1490 2404 Praepositi,
1522 2365 1636 2392 num.
1663 2356 1729 2399 11,
1752 2358 1790 2392 et
1810 2353 2003 2400 Rcctoris,
2024 2364 2139 2391 num.
2171 2353 2237 2401 40,

1199 2415 1438 2464 advertitur,
1465 2414 1535 2452 ubi
1575 2414 1798 2453 neceszaria
1835 2415 1959 2452 fuerit
1994 2413 2240 2464 dispensatio

1200 2477 1562 2523 Constitutionum,
1586 2475 1627 2513 iu
1647 2475 1905 2525 gravioribus
1926 2474 2082 2513 casibus
2102 2487 2237 2513 recur-

1197 2538 1372 2577 rendum
1398 2549 1482 2575 esse
1500 2537 1550 2574 ad
1573 2536 1825 2588 superiorem
1847 2536 2068 2575 Praelatum
2082 2566 2094 2583 ,
2128 2538 2238 2586 quod

1198 2604 1258 2638 est
1288 2600 1372 2650 juri
1405 2599 1615 2637 communi
1650 2602 1991 2644 consentaneum,
2018 2609 2052 2635 0.
2075 2596 2158 2646 fin,
2188 2596 2240 2636 de

1197 2660 1337 2700 Officio
1364 2659 1689 2711 Archipresbyt.,
1726 2659 1921 2709 adjuncta
1949 2657 2090 2708 gloss„
2121 2656 2235 2696 verb.

1197 2723 1366 2771 Reserat
1379 2751 1389 2769 ,
1422 2726 1463 2760 et
1491 2733 1578 2772 cap.
1612 2721 1792 2772 Majores
1808 2750 1821 2769 ‚
1850 2720 1901 2759 de
1933 2719 2152 2770 Baptismo.
2190 2719 2241 2758 Et

1196 2782 1466 2821 nihilominus
1499 2781 1664 2821 additur
1695 2785 1754 2828 ut,
1789 2781 1824 2821 si
1850 2780 2006 2832 absque
2033 2779 2145 2831 gravi
2178 2780 2239 2818 iu-

1197 2843 1409 2882 commodo
1426 2854 1510 2882 non
1529 2843 1656 2894 possit
1674 2841 1886 2882 Generalis
1908 2852 2148 2892 responsum
2167 2851 2239 2879 ex·

1196 2906 1365 2958 pecteri,
1388 2905 1514 2956 possit
1536 2903 1801 2942 Provincialis
1821 2903 2070 2953 dispensare,
2094 2905 2135 2940 et
2151 2912 2241 2952 pos·

1197 2970 1262 3006 tea
1277 2966 1479 3005 rationem
1494 2966 1619 3004 totius
1635 2965 1696 3004 rei
1707 2964 1875 3004 reddere
1893 2961 2097 3010 Generali,
2112 2962 2242 3000 idem-

1200 3039 1281 3080 que
1301 3039 1395 3066 cum
1416 3027 1683 3079 proportione
1703 3025 1753 3065 de
1772 3023 2037 3064 inferioribus
2055 3025 2240 3073 respectu

1199 3089 1463 3129 Provincialis
1479 3104 1490 3138 3
1516 3092 1557 3127 et
1579 3088 1638 3127 ita
1658 3086 1850 3126 omnibus
1867 3083 2139 3125 incommodis
2158 3078 2241 3119 suf-

93 3158 180 3199 ‚tur
201 3154 528 3206 jurisdictionem
556 3154 704 3193 horum
729 3153 996 3193 Praelatorum
1017 3153 1152 3206 dupli-
1205 3150 1390 3190 ficienter
1410 3154 1468 3190 est
1487 3150 1713 3202 provisum.

59 3221 78 3262 ,χ
94 3216 214 3275 Ι01101·
233 3215 313 3255 dici
323 3227 434 3268 posse
453 3215 712 3255 arbitrariam
723 3219 907 3267 respectu
923 3214 1148 3256 Generalis:

1259 3214 1298 3252 7.
1333 3212 1519 3254 Secunda
1540 3210 1707 3252 assertio
1738 3207 1972 3249 bimembris.
1988 3226 2038 3232 —-
2053 3204 2251 3258 Primum·

28 3326 31 3327 7
63 3268 200 3335 15311110
226 3276 360 3326 modo,
380 3275 477 3329 quia
494 3288 578 3316 non
598 3280 659 3316 est
675 3281 787 3317 certa
808 3277 898 3328 lege
919 3276 1087 3316 definita
1104 3289 1152 3317 ae
1205 3275 1418 3316 membrum
1437 3273 1670 3314 ostenditur.
1683 3291 1736 3301 —
1748 3271 1932 3309 Errouea
1951 3264 2144 3305 sententia
2163 3261 2239 3302 eir-

59 3323 278 3395 ij'3,debta,
310 3337 378 3377 vel
415 3337 512 3389 qnia
543 3338 632 3378 siue
666 3349 786 3378 causa
817 3337 969 3377 auferri
1003 3342 1149 3389 potest,
1207 3349 1254 3379 σα
1280 3338 1458 3388 primum
1484 3336 1697 3376 membrum
1724 3327 1955 3372 assertionis
1976 3323 2234 3375 iufrinqitur.

27 3402 33 3445 ᾗ
70 3399 242 3456 ‘getiam
264 3402 466 3450 quantum
482 3398 534 3437 ad
550 3410 642 3438 eam
654 3403 812 3451 partem
830 3410 922 3451 quae
940 3410 989 3438 ex
1003 3399 1046 3438 vi
1061 3411 1150 3439 mu·
1204 3420 1259 3430 —
1292 3398 1479 3438 Secundo
1516 3395 1734 3435 dicendum
1768 3395 1828 3430 est
1858 3390 2098 3441 potestatem
2132 3384 2239 3452 hane

55 3447 105 3510 ’ζ’
113 3460 228 3518 μήθ
247 3462 506 3512 comparatur
523 3468 536 3510 3
566 3463 607 3499 et
624 3459 682 3500 ⁸1⁰
705 3458 854 3500 falsum
874 3463 950 3507 ‘³³¹²’
977 3462 1024 3498 Ut
1040 3464 1151 3512 patet
1205 3459 1471 3499 Praelatorum
1491 3455 1702 3497 Societatis
1724 3451 1889 3492 extendi
1913 3449 1963 3488 ad
1988 3456 2129 3485 omnes
2146 3443 2240 3512 reh-

41 3521 324 3635 ..wdieti53
344 3521 452 3560 unde
468 3521 679 3572 responsio
694 3519 739 3560 in
755 3519 889 3560 forma
903 3520 980 3560 erit
997 3532 1150 3573 negan·
1206 3521 1339 3573 giosos
1367 3520 1469 3572 ejus,
1495 3522 1535 3558 et
1555 3517 1606 3557 ad
1633 3525 1774 3559 omnes
1799 3515 1927 3557 actus,
1955 3519 2024 3547 seii
2049 3509 2239 3546 matema<
