2352 3880
395 403 724 496 INDEX
786 403 1232 499 CAP1TUM
1291 405 1564 500 LIBRI
1629 406 2011 514 QUARTI

165 647 233 696 DE
265 647 416 698 VOTIS
445 646 765 700 CASTITATIS.
790 647 1623 771 PAUPERI'EI'fifflIISs'ffffNgggDIENTIAE.
1648 650 1819 699 PROUT
1848 651 1901 702 IN
1932 649 2218 702 SOGIETATE

134 1094 243 1142 CAP.
282 1093 319 1141 I.
373 1093 450 1141 An
486 1093 683 1154 simplex
724 1093 949 1140 castitatis
988 1102 1159 1152 votum,

200 1173 321 1237 quod
348 1172 398 1219 in
432 1171 659 1219 Societate
682 1173 751 1235 fit,
779 1171 969 1218 dirimat
995 1171 1163 1218 matri-

201 1255 403 1303 monium
430 1265 588 1318 postea
614 1265 919 1303 contractum.

132 1336 239 1383 Cn».
286 1335 337 1381 ¹I.
375 1335 454 1382 An
486 1336 760 1398 praedictum
786 1345 940 1382 votum
972 1333 1164 1381 dirimat

199 1415 339 1462 etiam
361 1417 623 1478 prcccedens
643 1415 1009 1462 matrimonium.

131 1496 237 1543 Cn.
279 1497 358 1542 III.
401 1496 573 1553 Quibus
611 1495 775 1543 mediis
808 1494 1013 1543 Societas
1031 1495 1164 1551 juvet

197 1592 302 1624 suos
321 1578 527 1625 subditos
546 1578 607 1626 ad
629 1587 784 1626 votum
814 1578 1042 1625 castitatis
1062 1594 1165 1626 ser-

194 1660 413 1707 vandum.

133 1738 239 1786 CAP.
270 1740 342 1786 IV.
390 1738 554 1786 Votum
577 1738 865 1802 paupertatis
885 1738 1164 1786 schoIarium

197 1820 441 1869 Societatis
478 1821 605 1879 Jesu,
641 1837 787 1883 neque
827 1821 931 1868 illos
973 1822 1166 1869 reddere

198 1901 392 1948 dominii
428 1901 687 1962 incapaces,
716 1918 860 1965 neque
886 1902 935 1949 id
957 1918 1164 1964 puynare

197 1995 303 2026 vero
330 1979 566 2042 reliyionis
588 1980 745 2027 statui.

133 2059 239 2106 CAP.
267 2059 319 2107 V.
351 2058 586 2116 Quomodo
612 2069 863 2123 paupertas
885 2077 914 2108 a
943 2061 1163 2109 scholari-

197 2140 278 2185 bus
311 2138 555 2186 Societatis
595 2156 652 2187 ex
698 2141 743 2188 vi
778 2142 947 2204 reyulce
970 2159 1162 2190 servan-

197 2220 257 2266 da
284 2220 345 2266 sit
380 2222 428 2268 in
464 2222 785 2271 distributione
807 2241 994 2272 suorum
1018 2226 1162 2274 bono-

195 2317 317 2348 rum.

133 2381 238 2428 CAP.
267 2383 342 2429 VI.
384 2382 619 2439 Quomodo
646 2401 675 2432 a
700 2387 984 2435 scholaribus
1007 2387 1165 2436 Socie-

197 2461 304 2508 tatis
327 2465 553 2511 servanda
573 2465 633 2512 sit
657 2482 714 2512 ex
737 2467 781 2514 vi
804 2469 893 2515 voti
909 2481 1159 2533 paupertas

195 2542 246 2590 in
269 2544 597 2593 distribuendis
619 2548 713 2594 suis
740 2549 884 2596 bonis.

130 2623 236 2671 Cn».
276 2626 372 2672 VII.
411 2627 489 2672 Ad
524 2644 658 2689 quem
692 2646 824 2676 usum
858 2648 938 2678 seu
978 2635 1159 2682 exerei—

195 2705 307 2753 tium
323 2709 610 2769 paupertatis
624 2726 679 2756 ex
704 2711 748 2757 vi
773 2712 942 2774 rcquloe
957 2714 1159 2777 obliqen-

194 2801 267 2835 tur
297 2790 466 2851 sinyuli
499 2790 702 2852 reliyiosi
732 2792 974 2840 Societatis
1003 2795 1128 2844 Jesu.

127 2867 234 2915 Cu).
273 2870 392 2916 VIII.
433 2871 511 2916 Ad
546 2887 679 2933 quem
704 2889 837 2918 usum
871 2890 948 2920 seu
977 2876 1155 2922 exerci-

195 2949 308 2995 tium
342 2950 483 2998 iidem
513 2952 717 3016 reliqiosi
752 2954 1008 3018 obliqentur
1033 2972 1090 3004 ea:
1111 2956 1157 3005 vi

194 3038 303 3077 voti.

1217 1094 1322 1141 CAP.
1371 1095 1451 1143 IX.
1503 1095 1571 1142 De
1609 1106 1881 1160 paupertate
1924 1096 1974 1144 in
2018 1114 2250 1147 communi

1282 1176 1519 1223 domorum
1535 1177 1850 1239 professarum
1865 1175 2108 1224 Societatis
2118 1176 2245 1224 Jesu.

1217 1254 1322 1302 CAP.
1362 1255 1422 1302 X.
1460 1255 1537 1302 An
1573 1257 1805 1319 explicata
1836 1257 2067 1320 superiori
2098 1257 2250 1322 capite

1282 1345 1532 1397 paupertas
1586 1335 1858 1385 conveniens
1909 1336 1971 1383 sit
2025 1335 2249 1384 Societati

1282 1418 1518 1479 professae.

1219 1498 1325 1548 CM».
1371 1500 1452 1547 XI.
1491 1500 1560 1547 De
1607 1509 1878 1566 paupertate
1921 1501 1971 1551 in
2017 1501 2250 1552 communi

1282 1583 1581 1645 colleyiorum
1635 1582 1916 1641 Societatis‚
1976 1600 2030 1632 ac
2088 1585 2252 1635 domus

1284 1665 1586 1728 probationis.

1218 1745 1324 1793 CM».
1364 1746 1460 1793 XII.
1500 1748 1579 1794 An
1614 1763 1673 1795 ex
1703 1755 1803 1795 voto
1841 1745 2109 1794 obedientiae
2135 1740 2250 1794 obti-

1279 1825 1384 1889 9ari
1434 1827 1609 1889 possint
1659 1827 1864 1889 religyiosi
1917 1824 2160 1874 Societatis
2199 1825 2250 1873 in

1284 1922 1569 1971 quacumque
1594 1907 1809 1954 materia.

1217 1986 1322 2036 Cn.
1369 1988 1494 2036 ΧΙΙΙ.
1545 1987 1615 2034 De
1652 1985 1843 2034 consilio
1887 1985 2155 2034 obedientiae
2198 1986 2248 2034 in

1233 2104 1235 2107 -
1281 2065 1509 2116 Societate
1534 2066 1686 2130 quoad
1719 2066 2051 2129 perfectionem
2075 2082 2246 2113 execu-

1282 2147 1435 2194 tionis.

1216 2229 1322 2277 CAP.
1351 2229 1470 2276 XIV.
1500 2228 1566 2276 De
1586 2228 1776 2275 consilio
1802 2227 2071 2276 obedientiae
2095 2230 2248 2291 quoad

1284 2310 1588 2375 perfectiones
1613 2325 1669 2356 ex
1690 2318 1822 2371 parte
1846 2307 2111 2357 voluntatis.

1218 2393 1323 2442 CM».
1365 2394 1459 2440 XV.
1506 2392 1575 2439 De
1619 2389 1978 2454 perfectionibus
2016 2406 2075 2440 ex
2113 2397 2246 2454 parte

1280 2475 1552 2522 intellectus.

1213 2555 1322 2605 CAP.
1360 2556 1480 2602 XVI.
1518 2554 1596 2601 An
1617 2552 1859 2615 promissio
1885 2550 2166 2598 scholarium
2195 2550 2245 2596 in

1277 2634 1505 2683 Societate
1549 2633 1908 2694 approbatorum
1952 2629 2244 2692 inqrediendi

1278 2714 1572 2770 Societatem,
1597 2712 1658 2758 sit
1692 2727 1847 2758 verum
1864 2719 2016 2756 votum
2043 2710 2243 2757 adhunc

1276 2805 1444 2842 statum
1466 2793 1729 2856 reliyiosum
1753 2792 2040 2846 conveniens,
2070 2792 2141 2839 vel
2159 2774 2248 2842 ηιξ-Ὺ

1279 2876 1546 2923 cessarium.

1211 2957 1319 3004 CAP.
1360 2956 1499 3002 XVlI.
1540 2954 1617 3002 Ad
1649 2953 1760 3016 quid
1786 2952 1954 3018 obliqet
1983 2953 2108 3003 dicta
2130 2968 2245 3019 pro-3

1277 3051 1449 3083 missio.

908 3291 1468 3398 Qffiw

2275 2981 2352 3199 ἦ
