2352 3880
136 306 142 313 ,
173 276 203 302 r
216 289 226 314 ι,
240 255 270 314 J
293 265 522 317 generatim
543 265 700 306 mentio
718 265 786 312 fitz
804 263 879 304 sed
897 261 1106 314 quomodo

82 346 96 355 =-
182 323 344 378 iif'aliis
372 327 512 368 locum
546 327 714 376 habeat,
737 326 856 374 infra,
879 326 1012 377 capite
1038 336 1103 364 se-

54 395 60 405 '
79 373 127 439 ‘fs
136 387 234 440 ειῆι,
246 389 493 429 videbimus.
517 389 708 430 Secundo
728 400 828 440 ergo
847 387 1010 433 dicitur,
1031 386 1104 426 illa

58 428 200 497 ²2ilfa·
235 450 411 491 fortasse
454 450 594 491 addita
623 461 730 496 esse,
750 449 846 500 quia
889 461 963 500 per
993 450 1102 488 hanc

52 514 58 571 ζ
76 515 100 548 ιῧ
134 511 310 564 sltatem
327 524 408 551 non
429 511 585 551 tollitur
598 510 668 562 ,ius
690 511 972 554 Praelatornm‚
991 507 1105 560 quod

88 595 91 608 ι
116 577 227 627 pent
241 573 293 612 ad
311 572 619 625 prohibendum
640 571 819 617 subdito,
832 575 1002 622 propter
1015 571 1103 622 jus-

87 700 259 741 esunt,
281 707 364 733 non
381 694 514 733 solum
538 706 613 745 per
633 706 851 733 censuram
869 705 1104 733 excommu-

47 789 51 800 ,
87 751 113 788 fv*
139 755 290 796 ationis
316 759 387 795 aut
413 755 619 794 interdicti
650 755 777 805 (quod
799 759 860 794 est
881 759 1040 794 certum
1059 753 1104 792 in

46 802 55 836 i
73 810 217 868 ffisqui
232 816 356 856 talem
369 816 697 868 jurisdictionem
711 816 881 866 habent)
896 815 969 855 sed
982 816 1104 854 etiam

72 876 147 934 ter
168 878 399 929 simplicem
420 878 741 929 prohibitionem
771 878 813 917 in
844 889 1012 928 poenam
1033 876 1104 915 ali-

72 939 189 990 eujus
208 939 361 986 delicti,
383 940 450 978 vel
484 943 654 990 propter
683 939 805 977 aliam
824 939 980 989 justam
1002 950 1100 976 cau-2

47 995 172 1056 kam.
195 1002 308 1040 Tunc
329 1013 427 1052 ergo
449 1001 490 1039 in
518 1000 801 1051 praejudicium
835 999 1104 1049 Superiorum

52 1064 192 1111 flesset,
208 1062 239 1100 si
261 1066 403 1101 contra
430 1062 670 1113 hujusmodi
690 1061 1009 1113 prohibitionem
1030 1059 1102 1099 ati-

49 1116 136 1170 imi
154 1123 410 1162 Eucharistia
428 1124 609 1169 daretur,
633 1128 673 1162 et
692 1123 871 1161 maxime
892 1121 927 1159 si
944 1121 978 1159 ei
1007 1132 1101 1171 per-

50 1182 313 1230 uuaderetur
333 1185 489 1223 licitum
525 1184 603 1223 sibi
630 1196 722 1223 esse
753 1196 778 1223 a
797 1182 946 1221 nostris
967 1193 1102 1220 sacer-

51 1238 232 1290 idotibus
252 1246 551 1285 Eucharistiam
572 1246 773 1296 accipere,
797 1257 880 1283 non
910 1243 1100 1284 obstante

50 1307 132 1353 isui
154 1309 309 1347 Praelati
334 1308 624 1359 prohibitione.
646 1297 730 1346 H'ac
766 1319 864 1358 ergo
886 1306 937 1345 de
976 1319 1102 1345 eausa

50 1367 146 1410 adici
166 1370 323 1420 potuit:
345 1370 441 1410 Sine
467 1369 702 1420 praejudicio
725 1368 906 1411 alterius.
932 1368 1099 1415 scilicet,

51 1430 257 1472 {habentis
274 1432 604 1483 jurisdictionem
631 1431 673 1469 in
703 1443 799 1469 eum
820 1431 884 1469 cui
907 1430 1103 1468 adminis-

48 1493 212 1535 'ltranda
236 1498 296 1533 est
317 1494 589 1540 Eucharistia,
612 1497 656 1531 ut
676 1492 783 1530 bene
809 1497 1102 1543 argumentum

50 1555 227 1610 lprobat,
250 1567 332 1594 non
364 1567 460 1593 vero
491 1558 659 1606 propter
689 1554 818 1592 solam
852 1553 1102 1604 jurisdictio-

51 1623 164 1655 tnem
186 1616 515 1660 administrandi,
535 1616 576 1653 in
608 1615 686 1653 hac
718 1616 827 1653 euim
859 1627 940 1653 non
969 1616 1103 1665 potest

50 1675 159 1718 lfieri
174 1677 477 1728 praejudicium,
501 1679 545 1716 ut
578 1682 690 1715 reete
725 1677 847 1715 etiam
880 1677 1102 1727 probatum

49 1742 144 1787 uest,
167 1739 240 1777 sed
258 1744 424 1790 propter
450 1739 518 1790 jus
547 1738 794 1789 prohibendi
827 1737 951 1776 talem
983 1750 1103 1776 usum

48 1810 118 1841 «ex
143 1801 254 1851 justa
276 1813 415 1839 causa.
441 1800 557 1841 Unde
579 1800 643 1846 fit,
667 1800 702 1838 si
729 1800 949 1850 prohibitio
974 1801 1102 1850 Supe-

66 1861 184 1902 rioris
218 1862 270 1900 sit
302 1862 469 1900 omnino
509 1862 676 1911 injusta,
701 1861 857 1899 licitum
891 1873 997 1906 esse,
1030 1861 1102 1899 illa

50 1932 150 1963 ‘non
171 1921 373 1968 obstante,
396 1922 646 1970 ministrare,
666 1922 763 1972 quia
780 1925 879 1960 tunc
897 1934 978 1961 non
995 1916 1045 1960 'fit
1062 1921 1102 1960 ei

49 1983 372 2038 praejudicium,
395 1988 557 2035 oportet
583 1988 723 2022 tamen
746 1987 791 2022 ut
822 1982 1021 2034 injustitia
1050 1982 1103 2023 sit

68 2045 251 2093 evidens,
275 2057 369 2083 nam
391 2046 432 2083 in
453 2045 578 2084 dubio
599 2057 673 2096 pro
693 2044 915 2095 Superior-e
941 2056 1100 2094 praesu—

66 2106 203 2147 mitur.
226 2107 422 2157 Sequitur
443 2107 583 2154 etiam,
609 2106 642 2146 ai
663 2106 855 2159 proprius
890 2107 1100 2157 parochus

65 2167 132 2211 vel
146 2167 374 2219 Episcopus
398 2167 616 2219 prohibeat
637 2168 801 2206 subdito
825 2179 908 2206 11011
930 2167 1099 2218 quidem

67 2230 400 2271 communionem
440 2229 694 2280 simpliciter,
726 2228 799 2267 sed
839 2241 893 2267 ne
927 2228 1039 2266 illam
1076 2239 1101 2266 a

67 2292 215 2335 nostris
236 2291 521 2331 sacerdotibus
548 2291 735 2342 recipiat,
758 2290 886 2329 talem
923 2289 1103 2340 prohibi-

67 2349 223 2395 fionem
249 2354 351 2391 nihil
375 2355 539 2392 obstare
560 2352 655 2390 huic
677 2351 876 2394 facultati,
897 2352 1011 2402 quia,
1033 2350 1104 2389 illa.

67 2414 564 2469 [supposita.p1‘aeccptum
588 2419 649 2452 est
662 2414 877 2463 injustum,
891 2417 931 2452 et
948 2412 1103 2452 directe

67 2479 307 2527 repugnans
335 2474 552 2526 privilegio
584 2474 806 2521 Pontificis,
831 2478 870 2512 et
891 2473 983 2513 ideo
1010 2473 1103 2511 nul-

32 2564 43 2582 ,
66 2531 155 2586 {lum
178 2541 242 2577 est
259 2536 542 2587 praeJudicium
561 2534 654 2574 talis
669 2533 920 2587 Superioris,
937 2533 1102 2574 etiamsi

31 2589 34 2599 ⁵
68 2590 210 2643 eontra
232 2596 469 2649 hujusmodi
492 2597 812 2648 prohihitionem
833 2597 922 2646 ejus
938 2601 1098 2647 agatur.

69 2659 158 2713 Alio
186 2660 282 2699 item
309 2659 431 2699 modo
449 2662 584 2711 potest
614 2659 786 2709 intelligi
814 2658 1103 2709 praejudicium

69 2717 177 2770 tertii
212 2719 373 2760 excludi
409 2731 484 2772 per
523 2719 640 2759 illam
677 2719 925 2772 particulam
958 2717 1103 2769 quoad

72 2779 400 2824 circumstantias
433 2780 528 2821 talis
564 2785 699 2828 actus,
721 2785 782 2828 ut,
805 2780 919 2820 verbi
954 2780 1100 2832 gratia,

70 2843 208 2898 quoad
231 2843 581 2883 circumstantiam
599 2843 694 2890 loci,
716 2843 814 2894 quia
835 2854 884 2882 ex
905 2842 944 2881 vi
977 2842 1103 2892 hujus

31 2952 35 2954 ,
68 2899 273 2946 heultatis
291 2916 374 2944 non
402 2910 538 2957 potest
553 2905 772 2957 religiosus
788 2904 1003 2944 Societatis
1026 2904 1103 2942 mi-

69 2964 246 3010 nistrare
265 2967 566 3006 Eucharistiam
584 2968 626 3006 in
645 2967 784 3006 aliena
802 2966 982 3005 Ecclesia
1008 2977 1103 3004 con-

30 3076 34 3078 ,
73 3022 136 3073 fi'a
152 3029 407 3070 voluntatem
426 3030 608 3070 Rectoris
631 3031 738 3081 eJus,
760 3041 858 3068 nam
885 3029 963 3067 11οο
985 3029 1102 3068 cede-

30 3125 34 3146 ÷
70 3082 192 3145 §etin
210 3091 493 3143 praejudicium
512 3092 615 3144 ejus.
639 3092 742 3130 Item
763 3090 900 3141 quoad
930 3090 1103 3129 circum-

72 3147 266 3200 §tantiam
303 3153 515 3204 temporis,
554 3156 615 3201 ut,
650 3151 767 3192 verbi
799 3151 946 3201 gratia,
983 3151 1017 3190 si
1052 3163 1102 3190 eo

161 3223 260 3264 pore
291 3212 472 3262 daretur,
510 3225 593 3265 quo
626 3213 868 3266 parochiani
906 3216 1101 3252 tenentur

161 3273 204 3312 in
225 3273 309 3311 suis
326 3273 516 3313 Ecclesiis
535 3275 698 3324 adesse,
714 3275 780 3314 vel
799 3274 1103 3314 Eucharistiam

23 3384 26 3386 ,
107 3326 121 3358 ⁷
147 3335 294 3386 ropriis
313 3336 545 3386 pastoribus
564 3338 769 3389 accipere.

26 3396 32 3445 ζ
74 3427 75 3431 ,
95 3440 97 3443 .
127 3446 131 3451 q
159 3423 170 3435 .
199 3396 248 3435 Et
270 3396 437 3447 quidem
455 3397 674 3436 verisimile
698 3402 781 3446 est,
810 3401 978 3449 propter
994 3397 1104 3436 hanc

21 3478 33 3512 :⁴
283 3469 451 3496 causam
485 3459 693 3510 praecipue
722 3458 900 3509 positam
935 3469 1025 3497 esse
1057 3457 1104 3496 il-

20 3552 31 3576 ,
82 3512 496 3570 ,ξωΪ1111111ε1110110111;
517 3522 559 3559 et
588 3518 681 3558 ideo
708 3518 884 3558 fortasse
913 3519 955 3558 in
974 3518 1105 3560 attera

21 3578 31 3637 ,Ζ
77 3580 81 3591 ”
130 3595 147 3608 ’-
181 3603 213 3628 ‚
235 3588 364 3632 quam
393 3579 531 3630 citavi,
549 3578 662 3621 idem
681 3579 834 3620 Paulus
861 3579 930 3629 111,
951 3579 1106 3621 omissa

335 196 426 235 m.
447 195 505 234 m.
527 198 624 240 an
645 186 817 234 Pos'snss'
835 197 890 232 Ac
909 191 1099 231 numm
1118 194 1344 230 PRAESTARE
1364 197 1409 231 IN
1429 168 1817 239 ΑῙἏῙῙΝΙΕΊἭΑἹἹΟΝΕ,Υ
1835 199 1932 236 mc.

1621 0 1632 7 '
1647 0 1933 32 ‘Ur-'xsqsvr-gk'sr'
1955 0 1963 22 'A
1982 0 2010 34 Be
2029 15 2036 26 Ι
2066 0 2202 29 HVJ-32*
2227 0 2272 23 ἶιι

1619 28 1651 49 ’ν
1694 36 1704 43 ·
1742 45 1751 55 ,
1789 31 1907 71 '³'·.'.†'''
1960 43 1961 46 ¹
1996 39 2002 59 ’.
2092 34 2128 58 Υ·
2171 0 2352 80 »(νῖῗῆῌὶ

2093 197 2206 243 {005

1159 261 1228 302 illa
1266 265 1509 316 exceptione
1547 265 1598 306 de
1634 266 1872 318 praejudicto
1908 265 2043 318 tertii,
2081 269 2197 311 addit

1161 323 1332 363 alteram
1352 325 1404 364 de
1434 326 1500 365 die
1522 327 1744 375 Paschatis‚
1769 332 1811 367 et
1829 326 1880 368 de
1897 329 2070 376 articulo
2088 341 2196 370 mor-

1158 384 1234 433 tis;
1268 398 1366 425 nam
1405 385 1502 438 quia
1531 388 1595 427 his
1623 388 1880 440 temporibus
1911 389 2068 442 obligat
2093 404 2203 443 prae-

1159 450 1327 498 ceptum
1357 448 1623 487 Eucharistiae
1647 449 1832 489 divinum
1865 452 1929 490 vel
1951 453 2200 494 ecclesiasti-

1158 519 1275 554 cum,
1309 513 1350 547 et
1385 508 1439 547 ad
1473 513 1662 560 pastores
1695 511 1926 552 ordinarios
1961 515 2199 556 animarum

1156 568 1335 621 pertinet
1357 581 1456 608 cura
1481 570 1635 616 ovium,
1658 572 1867 623 praecipue
1895 575 2032 624 quoad
2055 576 2199 616 obser·-

1157 630 1365 670 vationem
1387 633 1706 682 praeceptorum,
1728 632 1822 671 ideo
1843 646 1917 684 pro
1935 635 2016 674 illis
2033 636 2198 676 duobus

1158 692 1414 742 temporibus
1429 698 1655 731 censentur
1666 691 1823 732 habere
1838 696 2015 744 speciale
2026 698 2110 748 jus,
2127 698 2198 738 fie-

1156 754 1276 804 rique
1298 754 1375 792 11115
1396 753 1700 805 praejudicium,
1727 754 1761 792 si
1791 754 1948 806 absque
1972 769 2114 797 eorum
2134 758 2196 798 fa-

1158 815 1309 855 cultate
1333 816 1397 854 vel
1414 828 1622 855 consensu
1641 815 1899 854 Eucharistia
1914 817 2194 867 ministretur3

1158 889 1243 916 non
1266 877 1391 927 quod,
1415 878 1447 916 si
1467 878 1592 916 vellet
1613 876 1814 924 Pontit'cx,
1829 889 1913 915 non
1934 883 2085 929 posset,
2103 891 2197 919 cum

1158 938 1288 989 possit
1317 938 1394 977 sibi
1417 939 1529 977 illam
1552 951 1693 976 curam
1712 942 1942 987 reservare,
1966 943 2007 979 et
2027 939 2094 978 cui
2123 951 2197 979 vo-

1158 999 1280 1038 luerit
1300 1000 1573 1046 committere,
1593 999 1666 1037 sed
1691 999 1801 1049 quod
1823 1000 1998 1038 multum
2019 1013 2095 1052 per
2118 1000 2197 1040 hoc

1155 1061 1380 1110 derogaret
1395 1061 1481 1111 juri
1505 1062 1766 1112 propriorum
1790 1066 2020 1111 pastorum,
2043 1066 2082 1100 et
2102 1061 2196 1101 ideo

1157 1135 1240 1161 non
1262 1122 1398 1170 saciat,
1423 1135 1499 1161 nec
1520 1122 1610 1160 fieri
1634 1122 1840 1173 expediat.
1866 1124 1982 1162 Unde
2004 1124 2129 1162 etiam
2153 1123 2196 1162 in

1156 1185 1337 1234 antiquis
1362 1185 1584 1235 privilegiis
1613 1184 1756 1222 similis
1775 1186 1962 1235 exceptio
1982 1185 2068 1224 fere
2090 1197 2177 1224 sem

1156 1258 1231 1297 per
1253 1247 1386 1296 posita
1406 1251 1480 1295 est,
1503 1251 1542 1285 et
1562 1246 1765 1293 existimo,
1790 1247 1978 1295 quamvis
2002 1259 2082 1285 non
2101 1247 2198 1287 fuis-

1159 1312 1221 1346 set
1238 1319 1448 1359 expoessa,
1463 1307 1854 1358 subintelligendam
1873 1321 2036 1359 semper
2053 1309 2195 1358 fuisse,

1157 1369 1212 1408 ita
1245 1374 1287 1408 ut
1315 1370 1358 1407 in
1388 1370 1571 1408 clausula
1597 1369 1783 1420 generali
1810 1381 1894 1407 non
1925 1371 2198 1420 comprehen-

1157 1430 1308 1469 dantur
1327 1431 1382 1469 illi
1400 1431 1482 1469 duo
1499 1444 1634 1477 casuS,
1652 1430 1732 1468 nisi
1747 1430 1790 1468 in
1811 1430 1947 1481 specie
1969 1432 2200 1470 concedan-

1157 1496 1239 1539 tur,
1262 1496 1305 1531 ut
1338 1493 1380 1530 in
1413 1493 1535 1531 citato
1569 1492 1659 1530 loco
1694 1493 1717 1531 3
1754 1493 1850 1529 tomi
1886 1492 1982 1530 dixi.
2016 1494 2064 1531 Et
2088 1493 2200 1541 ideo}

1158 1554 1347 1603 quamvis
1367 1554 1499 1592 Julius
1523 1554 1556 1592 II
1579 1553 1829 1591 concesserit
1847 1553 2027 1591 Minimis
2048 1554 2114 1606 (ut
2128 1554 2195 1593 ha-

1157 1616 1276 1654 hetur
1288 1616 1328 1653 in
1346 1628 1487 1654 eorum
1501 1615 1803 1666 supplemento,
1818 1616 2087 1654 concessione
2105 1617 2196 1665 143,

1160 1681 1199 1715 et
1220 1677 1259 1714 in
1282 1681 1436 1722 nostro,
1460 1677 1573 1715 verb.
1597 1676 1879 1724 Essem-istiu,
1902 1676 1925 1727 ξ
1944 1678 2008 1726 4),
2038 1681 2083 1715 ut
2105 1689 2199 1727 pos-

1158 1738 1241 1776 sint
1266 1739 1499 1776 ministrare
1519 1739 1561 1776 in
1579 1739 1663 1775 suis
1682 1738 1891 1784 Ecclesiis,
1909 1751 1955 1777 ac
1975 1738 2198 1777 ministrari

1157 1800 1294 1839 facere
1320 1805 1624 1839 sacramentum
1646 1800 1910 1838 Eucharistiae
1930 1800 2179 1850 quibuscum

1157 1874 1239 1912 que
1255 1863 1457 1913 personis.
1474 1861 1634 1912 quoties
1650 1873 1751 1911 opus
1768 1861 1910 1908 fuerit,
1931 1862 2198 1900 nihilominus

1157 1936 1241 1962 non
1264 1924 1519 1963 existimoibi
1535 1936 1625 1961 esse
1648 1922 1995 1972 comprehensam
2019 1935 2200 1962 commu-

1153 1984 1326 2023 nionem
1348 1985 1604 2030 Paschalem,
1629 1995 1702 2022 seu
1728 1995 1937 2031 annuam,
1960 1985 2057 2035 quia
2079 1996 2199 2024 casus

1152 2047 1261 2084 adeo
1275 2046 1465 2095 specialis
1477 2057 1562 2085 non
1574 2044 1942 2096 comprehenditur
1956 2046 1996 2084 in
2013 2045 2199 2097 gcnerali

1152 2106 1353 2149 clausula.

1208 2170 1248 2208 6.
1280 2170 1347 2208 An
1380 2168 1424 2207 ob
1445 2167 1562 2207 abiud
1575 2165 1834 2218 privile-qiam
1857 2171 1977 2208 cesset
2003 2165 2199 2217 praejudi-

1156 2231 1261 2273 cium
1281 2230 1410 2269 dando
1420 2229 1732 2271 Eucharistiam
1755 2230 1799 2269 in
1814 2229 2199 2280 paschata—„Iudi-

1157 2292 1263 2334 cium
1291 2291 1478 2332 auctoris.
1492 2313 1546 2320 —
1562 2291 1745 2329 Dubitari
1768 2295 1908 2330 autem
1928 2295 2061 2341 potest
2080 2303 2133 2328 an
2149 2303 2198 2330 ex

1158 2354 1298 2404 aliquo
1333 2353 1414 2392 alio
1447 2353 1677 2403 privilegio,
1712 2353 1755 2391 in
1789 2365 1870 2403 quo
1894 2364 2084 2402 expresse
2120 2352 2198 2391 hoc

1159 2414 1426 2459 concedatur,
1447 2414 1595 2452 nostris
1616 2413 1819 2464 religiosis
1839 2415 1903 2453 vel
1924 2414 2013 2452 aliis
2040 2412 2199 2452 mendi-

1156 2477 1363 2521 cantibus,
1387 2487 1460 2525 per
1482 2475 1899 2513 communicationem
1916 2475 2049 2513 liceat.
2068 2475 2115 2512 Et
2134 2486 2198 2513 ra-

1157 2538 1214 2578 tio
1227 2537 1341 2576 dubii
1355 2541 1430 2581 est,
1445 2537 1539 2586 quia
1558 2536 1638 2574 tale
1651 2536 1910 2586 privilegium
1931 2548 2198 2575 concesssum

1157 2604 1220 2639 est
1240 2597 2109 2648 (011·01011Ε11111111111101110110110115.(1113351.
2128 2598 2194 2646 56,

1157 2661 1330 2701 articulo
1353 2660 1496 2709 tertio)
1518 2660 1559 2698 in
1581 2659 1804 2710 specialem
1823 2659 2010 2698 favorem
2033 2671 2199 2698 monas·

1158 2723 1251 2762 terii
1273 2722 1427 2760 ordinis
1447 2721 1488 2760 S.
1516 2720 1757 2772 Hieronymi
1785 2719 1826 2760 S.
1850 2721 1988 2759 Mariae
2010 2720 2061 2758 de
2086 2720 2199 2759 Gua-

1157 2784 1325 2834 dalupe,
1352 2795 1401 2822 ex
1422 2782 1670 2833 compendio
1702 2781 2013 2832 privilegiorum
2041 2780 2197 2820 ordinis

1157 2846 1199 2886 S.
1226 2845 1483 2895 Hieronymi,
1505 2843 1529 2895 ἓ
1554 2845 1580 2882 Ε.)
1614 2848 1653 2882 et
1684 2843 1724 2889 6.
1747 2844 1795 2881 Et
1829 2843 1942 2882 addit
1974 2842 2198 2892 praedictus

1157 2911 1316 2948 auctor.
1330 2905 1440 2956 quod
1457 2905 1551 2943 lieet
1567 2906 1643 2943 hoc
1658 2904 1917 2956 privilegium
1939 2905 1979 2942 in
1998 2902 2195 2955 principio

1156 2969 1281 3008 fuerit
1301 2967 1474 3019 speciale
1497 2967 1604 3005 illius
1624 2967 1702 3005 loci
1724 2970 1893 3017 propter
1908 2966 2115 3015 insignem
2132 2977 2198 3003 re-

1156 3030 1354 3081 ligionem
1375 3033 1415 3067 et
1437 3028 1698 3066 devotionem
1719 3029 1822 3078 ejus,
1848 3032 1988 3079 postea
2008 3039 2082 3078 per
2101 3037 2197 3063 con-

1158 3091 1391 3131 cess-ionem
1417 3089 1472 3128 Pii
1501 3090 1552 3128 IV
1576 3094 1615 3128 et
1637 3089 1693 3127 Pii
1715 3090 1749 3124 V
1770 3092 1984 3128 extensum
2018 3098 2108 3125 esse
2143 3083 2197 3124 ad

1157 3156 1288 3192 totum
1309 3152 1425 3190 illum
1460 3151 1646 3189 ordinem
1667 3162 1741 3201 per
1761 3149 1996 3201 generalem
2030 3147 2196 3186 clausu-

1154 3214 1253 3261 lam,
1275 3214 1373 3264 quia
1394 3212 1532 3251 omnia
1553 3211 1701 3250 similia
1722 3209 1944 3261 singularia
1960 3206 2188 3259 privilegia,

1156 3276 1403 3326 cuicumque
1427 3273 1678 3312 monasterio
1713 3271 1947 3322 specialiter
1978 3277 2187 3312 concessa,

1157 3337 1350 3378 omnibus
1388 3334 1477 3374 aliis
1512 3332 1772 3373 monasteriis
1808 3330 2188 3373 communicantur,

1158 3397 1318 3438 etiamsi
1341 3397 1383 3435 in
1408 3397 1466 3435 eis
1487 3395 1653 3446 propria
1670 3398 1709 3432 et
1723 3392 1942 3443 peculiaris
1961 3389 2078 3434 ratic,
2098 3395 2190 3436 quae

1155 3458 1285 3498 movit
1303 3457 1356 3496 ad
1376 3457 1551 3508 primam
1568 3453 1893 3498 concessionem,
1907 3461 1988 3488 non
2009 3444 2191 3484 invenia-

1157 3523 1237 3559 tur.
1259 3517 1377 3559 Unde
1400 3517 1571 3556 ulterius
1594 3515 1715 3554 infert
1738 3525 1811 3564 per
1832 3511 1936 3549 viam
1964 3504 2191 3546 communi-

1155 3579 1331 3622 cationis
1348 3590 1473 3632 posse
1497 3588 1642 3618 omnes
1661 3573 1882 3626 religiones
1906 3568 2191 3609 mendicantes
