2352 3880
57 3364 73 3403 'l

59 3435 73 3469 1.

558 0 594 18 '·.

358 37 374 65 ν,
402 18 491 63 “’··ιιι’ἔ’ν
519 0 596 51 “ᾸῘ’·’“

241 74 293 115 §³:⁴9
368 61 398 98 ...ἶ
420 99 429 110 ‚
448 69 467 87 -v
483 83 487 87 .

190 128 214 142 A
228 133 238 145 ,ι

141 267 161 277 “’
190 275 195 281 “
224 275 404 326 partem
431 271 660 322 subjungit,
680 283 725 312 u·
755 269 867 319 aliie,
884 279 1069 322 qucum
1089 266 1150 308 “a

67 318 456 402 Wfflfflti
469 336 579 379 mc,
583 333 696 374 idem
711 331 975 384 Praepositae,
987 330 1150 383 adjutu

69 397 313 453 μένω
341 394 428 444 ὄρει
456 397 719 446 appenninum
739 392 945 443 ‚iudicabit
968 393 1149 442 fromn·

302 454 479 502 consilio,
497 465 570 505 per
593 454 766 504 seipsum
787 453 1001 492 ordinandi
1019 455 1056 492 et
1076 451 1150 504 ju-

191 517 236 558 da·
262 527 350 568 quoe
372 516 428 555 ad
453 514 526 555 Dei
543 514 648 567 qlorf
651 525 714 554 am
734 515 772 552 et
787 525 990 554 commune
1013 513 1150 553 boum

101 578 318 634 ‘pv-tinere
334 577 378 616 in
396 576 565 616 Domino
583 575 832 622 aideb-untur,
847 575 922 626 jws
936 578 1061 622 totum
1081 574 1151 614 lta·-

126 637 223 686 beat,
243 640 362 690 proni
378 637 424 676 in
442 634 832 676 Constitutionibus·
815 636 920 686 tpsis
939 633 1150 686 explicabi-

126 704 206 743 ἢν.
228 700 288 738 Ex
305 709 385 749 quo
404 696 675 747 intelligimus
694 696 801 736 hanc
819 697 945 736 fuisse
960 696 1149 735 ultimam

82 778 87 782 ·
126 759 348 800 fundatoris
367 758 655 808 cogitationem
691 770 738 797 ac
767 758 1074 806 resolutionem,
1103 759 1151 796 ut

125 824 237 862 extra
255 832 303 859 ea
319 819 498 871 negotia,
529 831 620 871 quae
643 819 843 870 generalis
862 817 1150 870 congregatio·

116 881 186 922 nis
205 882 370 934 piopria
389 884 497 929 sunt,
517 881 562 919 in
585 880 752 932 reliquis
771 881 962 920 omnibus
974 881 1150 920 Genera-

114 942 173 983 ‘lis
189 954 423 994 supremam
454 945 693 994 potestatem
723 943 873 982 habeat
882 953 896 992 ;
925 942 1037 994 quod
1068 942 1150 981 iate

120 1002 344 1044 declaravit
374 1007 488 1054 parte
507 1007 648 1042 octava
670 1003 1028 1050 Constitutionum,
1049 1014 1083 1041 c.
1105 1004 1148 1051 4,

118 1064 145 1117 ξ
162 1066 203 1113 9,
222 1077 257 1103 0.
281 1067 320 1114 3,
342 1069 457 1116 parte
485 1065 654 1111 decima,
677 1065 701 1117 ξ
725 1065 773 1112 8,
796 1069 836 1104 et
850 1064 940 1103 aliis
956 1063 1055 1103 locis
1070 1062 1151 1109 fre·

119 1130 309 1179 quenter,
324 1130 372 1166 ut
390 1126 436 1166 in
454 1126 715 1179 sequentibus
735 1125 955 1166 adnotabo.

521 1251 690 1296 CAPUT
711 1253 760 1294 11.

116 1374 258 1411 mun
290 1375 485 1407 nxrrmar
515 1374 753 1405 araunium
786 1372 1020 1406 sociemus
1057 1368 1154 1407 ussss

503 1437 750 1468 rnarmunn.

173 1554 214 1595 1.
242 1552 392 1594 Brevis
421 1551 618 1603 expeditio
652 1549 911 1603 quorumdam
944 1549 1021 1590 huo
1055 1549 1154 1591 atto*-

118 1616 310 1656 untium.
321 1612 419 1653 —A
446 1614 588 1663 quitur
604 1614 741 1652 contra
755 1611 1060 1663 perpetuitatem
1081 1610 1154 1651 Ge-

118 1677 273 1717 neralis
301 1676 347 1717 ab
376 1675 646 1715 incommodis.
672 1695 724 1703 —
744 1674 799 1712 De
830 1672 951 1711 modo
989 1672 1154 1711 creandi

119 1737 385 1788 Praepositum
409 1735 641 1786 generalem
664 1735 708 1773 in
726 1735 938 1782 Societate,
963 1733 1066 1772 nihil
1090 1737 1150 1772 est

118 1799 227 1850 quod
244 1797 475 1848 specialiter
493 1798 692 1845 dieamus,
709 1796 806 1847 quia
822 1808 895 1847 per
910 1795 1151 1835 electionem

119 1859 358 1898 canonicam
378 1858 440 1905 fit,
456 1858 506 1896 ad
520 1869 645 1908 quam
664 1857 861 1908 applicari
881 1861 1049 1908 possunt
1067 1869 1151 1896 om-

116 1919 189 1960 nia
221 1931 311 1972 quae
338 1916 382 1958 in
410 1917 706 1969 superioribus,
728 1921 846 1956 tract.
870 1919 922 1966 8,
950 1917 1021 1956 lib.
1039 1919 1079 1965 2,
1101 1918 1152 1957 de

117 1980 313 2021 electione
328 1978 488 2019 Praelati
503 1978 700 2029 regularis
722 1978 830 2017 dicta
849 1982 958 2017 sunt.
976 1979 1153 2018 Circum-

119 2042 280 2083 stantiae
315 2045 453 2080 autem
486 2040 766 2091 particulares,
804 2052 894 2092 quae
921 2042 1038 2090 Juxta
1061 2052 1153 2092 pro-

116 2103 253 2156 priam
291 2102 590 2141 institutionem
636 2106 676 2140 et
720 2101 897 2141 formam
944 2102 1154 2141 servandae

119 2169 241 2212 sunt,
275 2175 323 2203 ex
343 2162 708 2202 Constitutionibus
736 2166 777 2201 et
807 2163 982 2215 propriis
1002 2163 1153 2214 regulis

118 2229 216 2265 sunt
234 2224 464 2270 manifesta,
491 2235 564 2262 nec
587 2223 870 2261 difficultatem
885 2224 1066 2272 aliquam
1083 2224 1155 2260 ha-

117 2286 233 2333 bent,
252 2297 377 2337 quam
393 2284 596 2336 explicare
610 2283 687 2322 hoc
710 2283 798 2321 loco
815 2294 979 2322 necesse
1010 2282 1074 2321 sit.
1098 2283 1154 2322 De

117 2358 291 2388 munere
311 2349 448 2385 autem
474 2345 552 2384 isto
571 2345 739 2395 ejusque
764 2347 965 2395 potestate
984 2355 1154 2393 genera-

118 2409 196 2455 tim
210 2411 380 2456 constat,
400 2406 552 2459 partim
565 2418 615 2445 ex
631 2417 720 2456 cap.
736 2404 926 2456 praeced.,
938 2404 1087 2455 partim
1104 2416 1156 2443 ex

119 2468 307 2510 doctrina
336 2467 547 2508 communi
566 2467 615 2506 de
634 2465 871 2517 hujusmodi
889 2466 1151 2516 praelatione3

119 2531 167 2571 in
184 2528 425 2582 particulari
453 2532 594 2566 autem
620 2526 670 2565 de
702 2525 908 2577 aliquibus
940 2526 1097 2566 actibus
1116 2530 1156 2566 et

120 2588 440 2641 obligationibus
473 2588 562 2639 ejus
588 2587 708 2639 juxta
737 2590 923 2625 nostrum
951 2587 1156 2638 peculiare

119 2651 356 2691 institutum
375 2649 557 2688 dicemus
576 2648 620 2687 in
639 2647 916 2700 sequentibus.
937 2648 1077 2688 Solum
1092 2660 1156 2688 er-

120 2724 176 2766 go
188 2715 370 2764 superest
387 2709 606 2749 dicendum
622 2709 673 2748 de
692 2710 906 2748 duratione
922 2708 1046 2761 hujus
1066 2722 1156 2750 mu-

121 2774 252 2820 neris;
275 2785 357 2812 non
378 2771 489 2811 enim
509 2770 683 2819 desunt,
706 2770 855 2821 quibus
884 2771 1016 2820 magis
1036 2782 1155 2822 expe·

122 2835 212 2876 dire
233 2835 435 2880 videatur,
453 2836 501 2871 ut
515 2831 722 2872 Generalis
744 2843 828 2871 non
853 2831 904 2870 ad
924 2832 1067 2880 vitam,
1085 2832 1156 2872 sed

122 2897 178 2937 ad
198 2900 354 2935 certum
381 2893 546 2944 aliquod
576 2897 738 2944 tempus
769 2892 1002 2943 eligeretur.
1036 2894 1154 2942 Nam,

124 2962 173 2998 ut
191 2958 370 2997 diximus
383 2985 397 3003 ,
415 2966 537 2994 omne
554 2955 740 3005 regimen
759 2954 1067 2994 monarchicum
1086 2955 1157 2994 ho-

125 3019 232 3060 mini
259 3016 521 3057 commissum
552 3015 597 3054 in
625 3015 804 3066 periculo
822 3019 1022 3064 versatur,
1042 3028 1095 3056 ne
1114 3016 1159 3056 in

123 3079 390 3133 ,tyrannidem
402 3080 564 3128 vei-gan
579 3075 657 3115 hoc
670 3079 808 3115 autem
826 3075 1058 3126 periculum
1075 3088 1161 3117 ma-

59 3132 61 3140 ⁴
116 3141 195 3195 jus
212 3145 297 3188 est,
323 3151 398 3192 per
418 3149 460 3178 se
479 3138 708 3190 loquendo,
729 3148 810 3188 quo
828 3141 1005 3188 potestas
1033 3139 1160 3190 Supe-

129 3202 249 3244 rioris
267 3201 400 3252 maior
418 3199 628 3252 magisque
654 3198 838 3238 absoluta
861 3198 1001 3238 fuerit.
1029 3199 1072 3239 Si
1090 3212 1161 3239 au·-

130 3267 214 3304 tem
238 3262 336 3302 huic
361 3260 548 3314 potestati
567 3272 770 3312 supremae
796 3263 838 3298 et
857 3258 1051 3300 absolutae
1070 3260 1162 3300 diu-

61 3331 75 3345 ·
130 3324 309 3365 *tm-nitas
334 3325 378 3362 et
404 3321 652 3373 perpetuitas
686 3321 951 3372 adiungatur,
984 3321 1162 3372 profecto

124 3385 311 3426 >nimium
347 3382 590 3435 praedictum
635 3382 861 3432 periculum
910 3381 1158 3432 augebitur·-

130 3454 234 3488 Μ
271 3446 360 3498 ipsa
396 3447 593 3497 perpetua
624 3443 872 3483 &insuetudo
910 3443 1083 3493 regendi
1121 3447 1163 3484 et

127 3505 399 3560 meipiendi
423 3511 535 3545 creat
562 3502 754 3554 spiritum
779 3503 1000 3554 quemdam
1031 3504 1164 3547 domiv-

79 3597 82 3601 -
128 3565 346 3618 nannet
362 3566 500 3608 facere
523 3563 628 3604 solet
644 3566 693 3604 ut
704 3561 844 3611 homo,
864 3562 1166 3615 111οΡ1ᾱωί0111·-

607 43 699 88 .αὴ

430 207 520 240 mr.
542 206 584 240 ΙΙ.
607 205 666 240 m
682 204 892 240 -Pmm'r
909 204 954 239 m
970 198 1202 240 somn
1216 200 1468 236 omnam!
1485 198 1737 238 pm
1749 199 1943 239 lum

1201 15 1232 41 ο
1487 29 1534 70 η
1600 22 1630 72 3
1732 16 1765 77 αἱ
1934 0 2063 51 ³³(
2154 5 2187 28 ν

2131 202 2241 246 Μ

1203 265 1362 306 unitatis
1379 265 1548 316 ohim-s,
1563 266 1667 310 aliia
1685 265 1787 309 veiit-
1809 260 1989 312 seuerius
2006 270 2241 325 inm3

1204 338 1301 378 ergo
1319 327 1528 368 immerito
1542 327 1726 369 ⁴Societas
1748 329 1862 371 hune
1879 331 2057 376 modum
2069 332 2241 386 reginb-

1207 387 1272 428 nis
1287 388 1427 439 elegit.

1256 451 1297 490 2.
1321 449 1422 491 Vm
1438 449 1630 491 resolutio
1650 451 1843 493 naami-
1854 453 1993 504 prim
2005 455 2243 500 metuito&

1203 508 1259 550 B.
1277 509 1448 562 Ignatii.
1461 530 1516 540 —
1529 510 1632 551 rum
1652 512 1772 552 otiam
1795 512 2020 557 Socim
2029 517 2240 562 unum

1203 569 1484 609 Nihilominus
1504 572 1752 610 contrariam
1774 578 1932 624 partem
1963 577 2134 619 suadere
2149 589 2242 629 poe-

1205 643 1350 671 sumus
1371 631 1507 683 primo
1525 631 1766 671 auctoritate
1784 634 1829 673 B.
1857 635 2029 686 ignatii,
2047 643 2145 690 qnae.
2159 648 2241 681 non

1204 703 1352 743 parum
1375 691 1495 731 debet
1513 691 1740 744 quemlibet
1760 693 2003 744 prudentem
2030 698 2242 742 hominem

1205 765 1384 802 movere,
1402 757 1491 792 tum
1506 757 1671 805 propter
1684 765 1880 805 magnam
1892 757 1971 795 viri
1984 759 2242 808 prudentiam

1204 818 1246 854 et
1264 815 1537 862 sanctitatem,
1554 819 1645 854 tum
1660 819 1825 867 propter
1842 828 2039 868 magnam
2054 821 2243 863 notitiam

1205 880 1246 916 et
1265 876 1692 928 comprehensionem,
1711 889 1836 928 quam
1854 877 2002 918 habuit
2016 891 2155 920 rerum
2175 881 2243 921 So-

1204 937 1363 977 cietatis
1378 953 1389 981 2
1407 942 1498 977 tum
1516 938 1615 990 quia
1638 938 1762 977 etiam
1788 943 1876 989 post
1893 951 2089 991 magnam
2116 941 2244 983 consi-

1204 998 1460 1038 derationem
1493 1003 1534 1038 et
1564 999 1780 1039 diuturnas
1805 1001 2008 1041 orationes
2040 1002 2244 1043 Constitu-

1205 1060 1338 1099 tiones
1358 1060 1500 1108 edidit,
1521 1060 1566 1098 in
1584 1072 1761 1111 quarum
1777 1073 1888 1101 nona
1910 1067 2044 1113 parte,
2056 1075 2092 1103 c.
2111 1065 2148 1111 1,
2166 1067 2244 1104 sta-

1205 1122 1299 1165 tuit,
1321 1125 1368 1159 ut
1392 1121 1600 1160 Generalis
1631 1122 1683 1160 ad
1705 1123 1834 1162 vitam
1867 1122 2059 1174 eligatur,
2079 1128 2244 1178 propter

1206 1183 1356 1223 multas
1391 1183 1570 1222 rationes
1603 1195 1703 1234 quas
1736 1185 1794 1224 ibi
1827 1186 2014 1236 attingit,
2036 1190 2076 1226 et
2108 1188 2244 1230 statim

1208 1245 1637 1284 commemorabimus.
1656 1246 1841 1286 Secundo
1855 1248 2011 1287 accedit
2023 1250 2244 1291 auotoritas

1207 1307 1334 1345 totius
1354 1305 1577 1352 societatis,
1594 1319 1691 1346 nam
1711 1308 1753 1345 in
1771 1309 2093 1360 Congregatione
2111 1312 2244 1362 prima

1207 1367 1411 1418 generali,
1433 1371 1479 1406 ut
1498 1371 1609 1418 patet
1630 1380 1681 1406 ex
1699 1372 1788 1406 toto
1806 1370 1969 1409 decreto
1986 1373 2055 1420 45,
2082 1384 2176 1412 enm
2194 1372 2244 1412 de

1207 1439 1434 1467 successore
1450 1429 1600 1477 Ignatii
1619 1429 1806 1479 eligendo
1824 1436 2083 1482 tractaretur,
2101 1433 2244 1473 eadem

1208 1501 1273 1528 res
1292 1490 1336 1528 in
1356 1489 1691 1529 deliberationem
1721 1492 1896 1531 adducta
1918 1498 2001 1542 est,
2022 1498 2112 1534 tum
2131 1498 2242 1544 ante,

1207 1554 1296 1589 tum
1313 1555 1402 1601 post
1422 1551 1664 1591 electionem
1686 1553 1728 1591 P.
1752 1554 1892 1593 Jacobi
1910 1555 2084 1605 LayneZ,
2101 1568 2244 1596 secun-

1209 1612 1251 1650 di
1284 1611 1493 1651 Generalis
1524 1613 1750 1662 Societatis,
1782 1627 2021 1667 semperque
2044 1616 2244 1666 judicium

1209 1674 1546 1723 Congregationis
1558 1704 1572 1723 ,
1595 1675 1712 1713 nullo
1745 1676 1939 1727 suffragio
1973 1678 2241 1729 discrepante,

1207 1733 1287 1772 fuit
1304 1734 1546 1774 Generalem
1566 1735 1714 1775 debere
1734 1749 1819 1776 esse
1839 1742 2096 1789 perpetuum.
2114 1739 2244 1789 Atque

1206 1794 1314 1834 hanc
1351 1807 1467 1834 suam
1503 1797 1765 1846 sententiam,
1793 1799 1980 1837 omnium
2013 1799 2241 1849 suffragiis,

1206 1860 1353 1907 praeter
1380 1857 1515 1907 ipsum
1547 1858 1723 1897 electum
1753 1862 1876 1910 atque
1903 1871 2036 1900 unum
2057 1860 2122 1899 vel
2145 1859 2243 1901 alter

1207 1929 1317 1964 rum,
1342 1918 1412 1967 qui
1447 1919 1729 1968 discesserant,
1745 1921 2024 1970 consignatam
2055 1920 2108 1960 ad
2143 1922 2242 1960 Pau—

1207 1977 1296 2017 lum
1318 1979 1388 2025 IV,
1411 1978 1647 2019 Pontificem
1666 1981 1908 2029 Maximum,
1931 1993 2022 2020 eam
2039 1981 2244 2032 postulan-

1207 2043 1308 2088 tem,
1330 2040 1456 2079 misit.
1479 2042 1615 2079 Tertio
1641 2041 1771 2092 (quod
1790 2046 1911 2094 caput
1930 2045 2002 2091 est)
2031 2042 2244 2086 confirmat

1209 2101 1288 2140 hoo
1319 2102 1538 2141 auctoritas
1561 2104 1824 2142 Summorum
1855 2104 2110 2144 Pontificum.
2142 2105 2245 2146 Nam

1207 2163 1252 2202 in
1267 2163 1386 2202 Bulla
1402 2165 1426 2203 5
1448 2164 1563 2202 Pauli
1580 2165 1647 2210 ΙΙΙ,
1663 2165 1764 2204 anni
1783 2166 1902 2213 4549,
1918 2166 2133 2205 manifeste
2151 2177 2245 2217 sup-

1208 2225 1377 2273 ponitur
1404 2225 1674 2276 Praepositum
1695 2225 1843 2265 debere
1871 2238 1957 2266 esse
1984 2231 2242 2278 perpetuum,

1209 2286 1411 2333 quatenus
1434 2283 1479 2322 in
1498 2286 1696 2338 principio
1717 2287 1806 2338 ejus
1830 2287 2075 2336 declaratur,
2097 2289 2140 2327 in
2159 2300 2245 2328 cer·-

1209 2344 1262 2383 tis
1280 2344 1440 2383 casibus
1458 2357 1574 2396 posse
1603 2360 1674 2397 per
1708 2349 1952 2389 Societatem
1978 2350 2183 2398 amoveri,
2204 2354 2244 2393 et

1209 2404 1338 2444 alium
1356 2405 1445 2444 loco
1463 2405 1575 2445 illius
1594 2407 1801 2448 substitui.

1262 2467 1304 2506 3.
1326 2466 1531 2508 Suadetur
1553 2470 1717 2509 secundo
1732 2471 1779 2509 ab
1796 2471 1966 2523 exemplo
1987 2473 2245 2526 antiquarum

1213 2528 1464 2579 reliqionum.
1485 2550 1538 2559 -—
1553 2531 1739 2570 Secundo
1758 2533 2039 2585 principaliter
2055 2536 2133 2576 hoc
2151 2548 2244 2580 con-

1210 2588 1374 2628 firmare
1403 2602 1615 2641 possumus
1643 2593 1829 2644 exemplo
1857 2596 2121 2647 antiquarum
2152 2597 2244 2639 reli-

1211 2650 1398 2701 gionum,
1431 2662 1545 2699 nam,
1575 2656 1622 2690 ut
1650 2665 1787 2704 supra,
1818 2658 1977 2694 tractat.
2011 2658 2050 2706 8,
2072 2658 2247 2697 ostendi-

1210 2723 1319 2759 mus,
1341 2710 1518 2752 Abbates
1545 2713 1644 2752 olim
1667 2719 1784 2754 erant
1814 2717 2024 2768 perpetui,
2047 2722 2185 2770 estque
2205 2718 2246 2759 id

1209 2777 1531 2812 consentaneum
1556 2774 1642 2824 juri
1673 2778 1906 2827 communi,
1925 2783 1967 2817 et
1985 2779 2107 2818 sacris
2130 2791 2249 2820 cano-

1211 2833 1346 2881 nibus,
1379 2838 1420 2873 et
1442 2834 1594 2885 regulae
1624 2837 1778 2887 quintae
1809 2839 2016 2879 Benedicti
2045 2840 2168 2881 modo
2191 2841 2249 2880 ibi

1212 2895 1428 2946 explicato.
1452 2896 1607 2935 Deinde
1635 2909 1747 2938 nuuc
1774 2900 1901 2940 etiam
1927 2901 1972 2941 in
1992 2901 2133 2941 multis
2158 2902 2249 2941 reli-

1214 2956 1406 3007 gionibus
1431 2956 1650 2998 Generales
1685 2962 1873 3012 perpetui
1908 2965 2026 3011 sunt,
2063 2963 2249 3014 quamvis

1215 3019 1432 3059 inferiores
1461 3020 1625 3060 Praelati
1642 3022 1725 3062 sint
1749 3024 2004 3074 amovibiles‚
2031 3029 2076 3065 ut
2094 3026 2137 3065 in
2155 3025 2249 3067 reli-

1215 3080 1337 3131 gione
1362 3080 1752 3133 carthusianorum,
1782 3097 1833 3125 ae
1863 3087 2180 3126 Praedieatorum
2209 3089 2250 3126 et

1217 3140 1545 3191 carmelitarum,
1565 3147 1608 3182 et
1625 3155 1701 3185 suo
1718 3147 1845 3187 mode>
1868 3148 1912 3187 in
1929 3145 2126 3195 religione
2151 3139 2252 3186 Ere-

1214 3202 1412 3242 mitarum
1445 3203 1486 3242 S.
1510 3204 1747 3255 Augustini,
1774 3211 1821 3245 ut
1849 3205 2095 3256 explicatum
2126 3211 2186 3246 est
2205 3207 2248 3246 in

1214 3263 1338 3303 citato
1355 3267 1516 3304 tractat.
1535 3265 1576 3313 8,
1596 3277 1634 3306 c.
1651 3268 1689 3314 7,
1707 3277 1821 3305 num.
1843 3266 1882 3305 4.
1907 3266 2111 3309 Praemea
2126 3267 2246 3307 etiam

1213 3323 1354 3366 afferri
1385 3330 1556 3378 possunt
1586 3326 1772 3377 exempla
1796 3326 1847 3366 de
1876 3326 2142 3367 ecclesiastica
2162 3338 2247 3368 me·

1217 3384 1386 3426 narchia
1401 3415 1414 3435 ,
1451 3399 1535 3428 non
1572 3387 1706 3427 solum
1734 3386 1778 3426 in
1815 3386 2033 3428 universali
2063 3386 2249 3430 Eoeloeiae

1211 3440 1474 3492 Pontificatu,
1495 3441 1566 3481 sed
1585 3441 1711 3480 etiam
1727 3439 1772 3479 in
1799 3438 2120 3490 particularibus
2137 3440 2250 3493 Epis-

1209 3502 1435 3553 copatibus.
1464 3504 1570 3542 Nam
1589 3513 1639 3541 ex
1666 3500 1731 3540 his
1758 3501 1950 3541 omnibus
1976 3501 2248 3553 intelligimus

1210 3575 1262 3606 ex
1279 3575 1322 3606 se
1339 3564 1488 3606 melius
1506 3575 1608 3612 esse,
1625 3566 1672 3601 ut
1690 3561 1931 3601 monarchia
1950 3567 2155 3614 perpetua
2169 3577 2245 3609 sm
