2352 3880
373 313 465 350 ων.
486 310 529 349 x.
551 306 608 349 aa
628 305 858 349 expuens
877 306 1092 347 summos!
1114 304 1263 351 mrim
1285 312 1526 350 merearis
1546 313 1813 361 conveximus,
1836 311 1933 356 13ch

85 380 271 426 sionibus
278 382 450 431 versari,
468 386 509 422 et
520 382 628 422 inter
635 377 821 422 infideles
833 379 1037 434 praecipue
1048 390 1115 432 pe-

83 443 304 497 regrinari,
322 449 364 485 et
389 443 533 486 domus
563 445 696 484 solum
715 454 800 484 esse
820 443 971 484 debent
987 441 1115 483 veluti

82 510 218 547 castra
231 507 434 559 quaedam,
454 507 499 546 in
518 506 666 559 quibus
683 505 852 558 professi
883 505 1050 558 quidem
1071 511 1115 544 se

82 566 299 621 recipiant,
331 568 530 620 quamdiu
563 568 608 607 in
642 566 708 606 his
739 567 1001 607 missionibus
1031 576 1114 605 non

81 634 311 678 versantur,
333 628 571 681 frequenter
596 639 695 668 vero
713 629 766 669 ad
786 627 1117 669 fructificandum

83 702 134 733 ex
148 689 229 732 illis
243 690 474 731 mittantur.
490 691 689 731 Praeterea
703 691 826 731 etiam
843 689 1118 732 necessarium

82 756 143 795 est
159 754 207 793 ut
215 762 365 804 magna
383 752 662 805 professorum
682 764 776 805 pars
795 753 975 804 collegiis
991 752 1118 792 inser-

79 815 181 864 viat,
198 825 245 855 ac
263 815 436 866 proinde
467 815 513 855 in
543 815 600 855 eis
632 819 939 855 commorentur
957 813 985 855 ¹.
1013 814 1117 854 Nam

79 877 324 930 regulariter
340 877 402 917 illi
432 881 530 918 sunt
549 877 736 918 doctrina
755 882 797 917 et
821 877 1053 918 eruditione
1069 871 1118 916 il-

79 939 306 989 lustriores,
327 936 439 980 unde
455 940 580 980 etiam
608 944 902 993 consequenter
934 951 1118 980 necessa-

79 1002 189 1042 rium
212 1004 273 1042 est
301 1014 388 1042 esse
423 1003 521 1041 satis
555 1002 747 1055 antiquos
781 1006 823 1042 et
850 1001 1056 1054 probatos,
1077 1001 1119 1040 et

79 1062 172 1103 ideo
206 1075 340 1116 neque
370 1063 449 1116 ipsi
478 1063 633 1116 privari
672 1063 823 1103 debent
847 1063 1116 1115 professione,

80 1125 177 1176 quia
195 1129 292 1165 sunt
322 1125 408 1178 apti
428 1125 478 1165 ad
498 1125 744 1173 docendum,
762 1136 839 1164 nec
858 1124 1030 1175 collegia
1050 1124 1119 1164 de-

79 1183 180 1226 bent
206 1199 349 1227 eorum
388 1186 565 1226 utilitate
600 1186 768 1238 privari,
807 1185 918 1239 quod
946 1179 1118 1239 professi

80 1247 188 1298 sint3
210 1249 319 1302 quod
339 1248 373 1288 si
404 1249 447 1288 in
476 1247 656 1299 collegiis
679 1248 840 1298 vivunt,
859 1252 901 1289 et
917 1247 1115 1297 serviunt,

81 1310 255 1362 dignum
275 1311 395 1363 plane
418 1313 458 1349 et
477 1310 652 1361 justum,
674 1311 758 1349 imo
779 1314 820 1350 et
841 1310 1118 1350 necessarium

82 1375 142 1412 est
162 1377 208 1412 ut
227 1383 370 1412 eorum
395 1371 514 1411 bonis
540 1375 835 1420 sustententur,
860 1384 943 1424 quo
958 1384 1007 1411 ex
1024 1371 1118 1411 fun-

81 1433 273 1474 damento
289 1435 421 1473 omnis
451 1433 667 1485 scrupulus
683 1434 734 1473 iis
757 1433 948 1486 professis
967 1445 1015 1472 ac
1034 1433 1117 1474 for-

80 1497 199 1536 matis
218 1494 534 1547 coadjutoribus,
544 1495 670 1548 quiin
684 1495 868 1547 collegiis
888 1495 1044 1535 utiliter
1058 1495 1118 1534 vi-

79 1562 198 1606 vunt,
219 1559 414 1598 eximitur
430 1559 474 1598 in
490 1559 810 1610 congregatione
829 1561 957 1606 sexta,
971 1570 1060 1598 can.
1074 1558 1116 1598 6.

82 1621 141 1660 Ita
155 1633 252 1672 ergo
266 1621 465 1660 minuitur
480 1631 956 1672 numeruspersonarum
971 1631 1062 1671 quae
1074 1620 1119 1660 in

83 1682 271 1723 domibus
293 1683 483 1736 professis
502 1683 802 1734 congregandae
822 1687 933 1723 sunt.
966 1683 1118 1722 Rursus

82 1757 166 1784 non
184 1757 398 1796 negamus,
419 1756 470 1785 ex
489 1744 680 1798 praedicto
699 1756 849 1796 genere
865 1744 1119 1797 paupertatis

81 1806 350 1847 difficiliorem
389 1807 507 1847 reddi
552 1806 941 1860 multiplicationem
976 1806 1117 1845 domo-

81 1879 189 1917 rum,
211 1869 438 1921 praesertim
457 1880 552 1908 cum
571 1869 624 1907 sit
644 1868 865 1920 expediens
884 1863 936 1907 ad
959 1867 1118 1907 bonum

83 1941 224 1970 earum
243 1931 446 1982 regimen,
466 1933 506 1970 et
524 1929 801 1970 necessarium
818 1929 1008 1969 ordinem
1021 1941 1118 1968 con-

80 1993 342 2041 servandum,
357 1992 404 2031 ut
421 1991 594 2044 copiosae
624 1989 931 2043 aliquantulum
951 1990 1049 2039 sint,
1077 1993 1117 2029 et

79 2063 163 2094 non
185 2054 229 2094 in
249 2062 374 2107 parvo
398 2063 571 2094 numero
591 2064 876 2107 personarum,
894 2056 934 2092 et
951 2053 1007 2091 ita
1031 2063 1115 2092 non

79 2120 265 2168 possunt,
293 2116 502 2156 moraliter
524 2115 746 2168 loquendo,
768 2114 848 2155 nisi
875 2114 920 2153 in
954 2113 1116 2164 gravio-

81 2177 194 2218 ribus
214 2182 254 2218 et
279 2177 491 2218 ditioribus
523 2177 686 2230 populis
720 2174 953 2216 sustentari.
976 2174 1117 2227 Neque

82 2246 178 2279 vero
194 2240 297 2279 esset
314 2237 450 2278 minus
460 2238 624 2279 difficile
639 2251 707 2278 eas
727 2249 822 2279 cum
836 2237 1010 2290 propriis
1026 2236 1117 2277 red-

83 2299 233 2340 ditibus
276 2312 323 2341 ac
366 2300 483 2341 bonis
519 2299 736 2340 stabilibus
767 2299 955 2352 erigere;
986 2297 1117 2339 multo

84 2362 196 2401 enim
212 2359 368 2402 facilius
382 2366 442 2402 est
457 2359 630 2402 fundare
644 2361 859 2414 templum,
872 2364 914 2402 et
928 2359 1115 2407 domum,

84 2433 176 2474 quae
191 2425 330 2475 postea
349 2423 616 2476 eleemosynis
634 2422 820 2463 fidelium
850 2425 1114 2471 sustentetur,

84 2494 211 2536 quam
228 2484 263 2523 si
281 2484 320 2523 ei
339 2483 492 2538 praedia
510 2489 552 2524 et
569 2484 816 2524 sufficientes
832 2483 1015 2525 redditus
1041 2483 1114 2522 do-

83 2545 212 2585 nandi
242 2550 387 2586 essent.
425 2544 476 2586 Ut
507 2557 604 2586 vero
647 2544 917 2586 concedamus
963 2544 1114 2584 dictam

82 2611 365 2658 paupertatem
397 2606 521 2647 fuisse
547 2607 759 2655 hactenus,
788 2607 855 2647 vel
880 2606 1114 2647 timendum

82 2679 242 2720 semper
257 2667 441 2709 futuram
454 2681 539 2709 esse
557 2670 810 2709 occasionem
825 2669 996 2709 minoris
1010 2667 1115 2707 mul-

81 2727 343 2782 tiplicationis
360 2731 633 2783 professarum
653 2730 885 2780 domorum,
906 2743 991 2770 non
1022 2741 1114 2782 pro-

83 2792 221 2844 pterea
251 2792 509 2845 praetermitti
539 2792 682 2833 debuit
710 2793 755 2833 in
785 2795 871 2832 toto
904 2791 982 2833 hoc
1006 2794 1114 2832 statu

84 2853 293 2894 Societatis
323 2855 524 2907 perfectus
558 2852 627 2895 hic
661 2854 813 2907 gradus
844 2852 1110 2906 paupertatis,

85 2915 180 2966 quia
196 2915 298 2955 illud
311 2915 618 2956 incommodum
635 2914 957 2957 accidentarium
976 2919 1052 2963 est,
1073 2917 1115 2955 et

83 2975 291 3028 perfectio,
313 2990 404 3030 quae
422 2978 519 3018 inde
541 2979 711 3019 resultat
740 2978 785 3019 in
813 2981 900 3019 toto
928 2989 1113 3030 corpore,

85 3042 127 3078 et
156 3038 201 3078 in
235 3039 440 3091 primariis
467 3040 652 3094 personis
671 3041 773 3093 ejuS,
793 3053 868 3095 per
893 3052 939 3083 se
977 3043 1038 3082 est
1072 3041 1116 3082 et

85 3099 348 3159 principalius
364 3103 539 3144 intenta.

140 3159 206 3202 13.
220 3159 389 3215 Sattsfit
403 3164 565 3208 secundo
577 3165 816 3210 incommodo
835 3172 882 3208 in
897 3171 1024 3209 eodem
1041 3177 1115 3208 nu-

88 3234 193 3264 mero
216 3227 371 3276 quarto·
391 3245 445 3257 —
458 3222 630 3271 Primus
660 3241 775 3271 casus
804 3239 879 3283 quo
910 3232 1115 3282 professus

88 3284 227 3326 ‘avari
250 3290 377 3340 potest
403 3285 450 3331 do
465 3289 681 3332 redditibus
699 3291 871 3343 collegii.
888 3312 942 3321 —
962 3290 1116 3334 Secun-

89 3346 180 3388 dus.
201 3370 253 3377 —
275 3347 449 3389 Tertius.
469 3371 522 3379 —
540 3347 712 3405 Colleyia
734 3353 973 3394 ordinantur
1000 3352 1121 3399 etiam

88 3408 266 3460 proximi
282 3409 327 3450 in.
355 3408 494 3452 bonum
518 3413 709 3463 prooeimi.
728 3436 785 3448 -—·
802 3414 924 3458 Hanc
944 3406 1127 3466 formavi

91 3468 210 3518 tacite
236 3471 428 3526 approbat
452 3468 595 3526 quinta
623 3474 1000 3527 wuormatimaean.
1022 3467 1122 3516 ἐμὲ

91 3526 176 3573 Nec
194 3544 292 3574 vero
313 3533 411 3574 inde
438 3533 637 3576 resultare
665 3526 798 3589 pote'st
825 3538 1122 3579 detrimentum

96 3714 126 3756 d
147 3644 164 3679 ¹
185 3650 506 3758 Vidqganonem
519 3657 546 3697 6
565 3631 891 3711 congregationis
903 3657 1133 3711 macl.

125 3727 215 3758 ecre
235 3746 247 3756 .
324 3745 338 3758 .

2108 370 2112 375 .
2125 314 2206 361 vsa

1169 379 1343 433 aliquus
1362 380 1562 423 momenti
1584 385 1692 427 circa
1724 386 1977 440 ministeria,
2004 399 2099 444 quae
2133 389 2210 431 So-

1171 440 1296 482 cietas
1315 455 1504 483 exercere
1517 448 1651 496 potest
1663 450 1706 486 et
1722 444 1843 489 debet
1855 447 1964 491 circa
1980 452 2210 504 profectum

1170 505 1431 553 animarum,
1462 506 1559 557 quia
1593 506 1638 546 in
1657 509 1914 558 gravioribus
1946 514 2108 565 populis
2136 512 2208 554 de-

1171 575 1290 605 cursu
1315 570 1548 619 temporum
1567 568 1757 620 professae
1783 571 1929 612 domus
1949 571 2140 614 aedificari
2165 578 2206 615 et

1170 628 1388 667 sustentari
1411 628 1617 680 poterunt,
1642 631 1867 671 mediocres
1886 645 1982 673 vero
2001 633 2209 677 ordinarie

1169 683 1358 740 indigent
1376 689 1530 729 auxilio
1550 689 1839 742 dollegiorum3
1865 692 1955 733 aliis
1973 700 2111 736 autem
2131 693 2212 738 mi·-

1170 751 1403 790 nutioribus
1417 751 1578 804 oppidis
1589 764 1662 804 per
1671 750 1884 793 missiones
1900 754 2211 799 inserviendum

1172 817 1246 853 est.
1280 813 1414 864 Atque
1439 814 1496 852 ita
1518 813 1652 854 obiter
1668 815 1793 854 etiam
1813 827 2051 868 responsum
2072 823 2131 857 est
2158 815 2217 859 adl

1172 874 1282 914 aliud
1300 875 1626 923 incommodum,
1641 875 1752 927 quod
1772 877 2025 916 inferebatur
2040 877 2090 917 de
2105 873 2217 919 mul-‘

1171 935 1426 987 tiplicatione
1446 936 1728 988 collegiorum,
1749 938 1793 978 in
1811 938 1960 991 quibus
1979 938 2099 979 multi
2117 953 2211 992 pro-

1172 995 1268 1037 fessi
1289 998 1586 1038 sustentantur.
1612 999 1804 1040 Fatemur
1834 1001 1945 1041 enim
1967 1001 2212 1043 Societatem

1172 1059 1396 1111 professam
1428 1072 1512 1099 non
1545 1073 1663 1113 posse
1695 1063 1757 1101 uti
1780 1062 1900 1102 bonis
1923 1063 2207 1114 collegiorum,

1172 1125 1246 1160 aut
1270 1121 1487 1161 domorum
1516 1123 1782 1174 probationis,
1809 1124 1889 1164 nisi
1916 1124 1961 1164 in
1989 1124 2148 1165 casibus
2167 1126 2212 1165 in

1173 1183 1299 1223 Bullis
1317 1183 1541 1223 Pontificiis
1561 1189 1602 1224 et
1614 1184 1983 1226 constitutionibus
1996 1187 2210 1238 expressis,

1172 1249 1222 1284 ut
1240 1250 1398 1284 constat
1416 1258 1467 1285 ex
1483 1258 1517 1285 c.
1554 1246 1828 1301 lexaminis
1867 1248 1892 1299 ἓ
1923 1252 1965 1296 4,
1999 1253 2040 1288 et
2065 1253 2214 1300 quarta

1173 1311 1288 1359 parte
1308 1307 1670 1357 Constitutionum,
1692 1320 1727 1350 c.
1749 1311 1791 1356 2,
1813 1307 1891 1361 §5,
1913 1314 1953 1349 et
1972 1313 2084 1349 sexta
2099 1317 2215 1362 parte

1175 1370 1521 1409 constitutionum
1534 1400 1548 1420 ,
1570 1383 1606 1410 c.
1631 1369 1681 1417 2,
1716 1370 1741 1423 ξ
1770 1372 1807 1411 3.
1838 1371 1959 1411 Casus
1984 1376 2123 1411 autem
2144 1385 2215 1413 ex-

1175 1432 1281 1483 cepti
1295 1435 1375 1470 tres
1389 1436 1507 1470 sunt:
1529 1432 1683 1483 primo,
1707 1433 1786 1471 nisi
1805 1434 1849 1472 in
1870 1433 1992 1473 rebus
2011 1434 2211 1482 minimis,

1174 1504 1271 1531 nam
1288 1499 1351 1531 11ae
1371 1505 1444 1544 pro
1476 1493 1608 1532 nihilo
1639 1494 1859 1543 ducuntur,
1880 1499 1921 1535 et
1940 1492 2033 1535 ideo
2053 1495 2104 1535 ad
2128 1496 2212 1535 exi-

1174 1554 1345 1593 mendos
1379 1555 1590 1606 scrupulos
1625 1556 1887 1605 eximuntur,
1922 1562 1968 1596 ut
1991 1557 2142 1596 dicitur
2170 1559 2215 1601 in

1175 1615 1450 1656 declaratione
1484 1617 1579 1656 dict.
1611 1617 1708 1670 §3,
1740 1617 1804 1658 lit.
1843 1619 1889 1667 D,
1925 1617 1997 1658 ubi
2027 1619 2216 1672 exempla

1175 1677 1301 1716 etiam
1339 1682 1572 1730 ponuntur,
1595 1691 1687 1730 quae
1716 1692 1791 1732 pro
1830 1680 1974 1731 regula
2011 1681 2216 1722 deservire

1173 1744 1344 1793 possunt
1371 1740 1422 1779 ad
1443 1741 1596 1780 similes
1615 1753 1730 1781 casus
1746 1742 2005 1793 judicandos,
2028 1744 2216 1784 Secundo

1174 1803 1437 1854 excipiuntur
1468 1803 1664 1855 professi,
1700 1805 1772 1856 qui
1798 1805 1912 1844 senio
1934 1805 2123 1854 confecti,
2143 1809 2215 1845 aut

1175 1864 1415 1904 infirmitate
1436 1866 1610 1916 gravati,
1633 1865 1675 1904 in
1697 1867 1817 1906 vinea
1845 1867 2008 1906 Domini
2028 1867 2216 1908 laborare

1174 1938 1258 1964 non
1279 1926 1526 1977 possunt;hi
1547 1926 1674 1975 enim,
1694 1939 1744 1966 ex
1762 1930 2019 1968 concessione
2036 1919 2218 1978 Julii111‚'

1174 1999 1247 2026 sua
1266 1984 1383 2026 Bulla
1403 1990 1445 2035 2,
1468 1993 1651 2038 possunt,
1675 2002 1767 2028 cum
1788 1990 1982 2030 facultate
2004 1991 2214 2043 Praepositi

1173 2043 1407 2098 Generalis,
1429 2049 1494 2088 vel
1528 2050 1711 2101 alterius,
1753 2053 1820 2091 cui
1856 2053 1942 2104 ipse
1979 2066 2072 2093 suas
2105 2053 2213 2094 vices

1173 2111 1552 2159 communicaverit,
1572 2112 1615 2151 in
1637 2113 1820 2163 collegiis
1839 2114 2042 2164 habitare,
2064 2119 2105 2155 et
2121 2116 2212 2156 red·

1173 2172 1325 2211 ditibus
1344 2185 1486 2212 eorum
1507 2173 1577 2212 ali.
1600 2175 1737 2214 Tertia
1757 2177 1942 2227 exceptio
1960 2181 2035 2223 est,
2058 2178 2091 2217 si
2117 2178 2212 2230 ipsis

1173 2234 1353 2286 collegiis
1376 2236 1595 2274 necessarii
1616 2241 1711 2275 sunt
1737 2237 1788 2276 ad
1808 2238 1941 2277 officia
1962 2237 2210 2289 litterarum,

1173 2296 1239 2336 vel
1258 2309 1399 2336 eorum
1422 2297 1790 2349 gubernationem;
1813 2303 1854 2338 et
1876 2300 1973 2351 quia
1996 2300 2086 2341 haec
2115 2302 2210 2341 nlti-

1172 2370 1243 2398 ma
1263 2359 1494 2407 necessitas,
1525 2361 1639 2411 cujus
1659 2362 1773 2400 varia
1793 2362 1981 2413 exempla
2000 2368 2211 2415 ponuntur

1171 2420 1217 2460 in
1236 2419 1459 2473 citato§5‚
1490 2421 1535 2461 in
1567 2421 1780 2471 declarat„
1818 2423 1878 2463 lit.
1918 2424 1966 2474 E,
2001 2426 2211 2466 moraliter

1172 2478 1310 2521 deesse
1319 2494 1401 2521 non
1418 2486 1564 2535 potest,
1579 2487 1625 2522 ut
1638 2484 1909 2535 explicuimus
1923 2498 2096 2526 numero
2110 2500 2211 2538 prae-

1172 2543 1356 2594 cedenti,
1375 2544 1468 2583 ideo
1502 2545 1739 2584 mirandum
1771 2558 1855 2585 non
1881 2551 1943 2586 est
1966 2547 2074 2599 quod
2101 2561 2211 2589 nunc

1170 2602 1222 2644 de
1239 2604 1346 2644 facto
1373 2604 1510 2657 plures
1529 2607 1574 2645 in
1593 2605 1773 2657 collegiis
1792 2608 1934 2646 vivant
1953 2624 1964 2657 ;
1981 2621 2066 2648 non
2096 2611 2210 2651 enim

1172 2670 1337 2718 propter
1365 2679 1429 2715 se,
1450 2679 1526 2707 nec
1550 2671 1716 2720 propter
1742 2670 1958 2720 penuriam
1990 2671 2210 2713 domorum

1170 2728 1445 2780 professarum
1457 2760 1470 2779 ,
1491 2730 1560 2769 sed
1577 2734 1742 2783 propter
1760 2731 1847 2782 ipsa
1867 2732 2036 2783 collegia
2051 2763 2063 2781 ,
2084 2738 2125 2772 et
2141 2746 2210 2774 5ο-

1170 2801 1265 2829 rum
1285 2790 1527 2830 ministeria.
1542 2790 1596 2831 De
1611 2791 1760 2843 quibus
1770 2793 2111 2834 considerandum
2128 2800 2205 2845 est,

1170 2853 1358 2905 quamvis
1389 2864 1462 2905 per
1492 2865 1534 2893 55
1568 2853 1755 2893 instituta
1785 2855 1868 2893 sint
1892 2855 1960 2908 (ut
1986 2857 2118 2908 capite
2143 2870 2207 2898 se·

1170 2915 1328 2967 quenti,
1349 2927 1525 2956 numero
1545 2916 1682 2964 tertio,
1702 2915 1956 2970 videbimus)
1974 2919 2025 2958 ad
2048 2932 2207 2960 conser-

1168 2977 1378 3017 vationem
1412 2982 1457 3017 et
1486 2982 1759 3029 augmentum
1795 2979 1922 3030 ipsius
1962 2980 2172 3021 Societatis
2185 2991 2210 3048 ,j

1168 3043 1310 3080 tamen
1326 3039 1452 3080 etiam
1483 3051 1534 3079 ex
1553 3039 1719 3092 speciali
1739 3041 1968 3082 intentione
1987 3054 2072 3082 esse
2092 3043 2205 3083 ordi-

1169 3105 1268 3143 nata
1305 3101 1358 3141 ad
1394 3101 1641 3142 beneficium
1678 3102 1913 3157 reipublicae
1926 3133 1936 3151 ,
1977 3107 2206 3155 praesertim

1169 3167 1278 3204 circa
1302 3163 1438 3204 studia
1469 3168 1510 3204 et
1542 3163 1736 3221 exercitia
1747 3201 1757 3217 .·
1770 3164 2014 3214 litterarum,
2037 3179 2128 3218 quae
2158 3167 2205 3207 in

1170 3225 1359 3267 domibus
1385 3226 1574 3279 professis
1598 3223 1695 3277 fieri
1710 3219 1824 3267 nullo
1854 3229 1976 3267 modo
1997 3233 2200 3280 poterant.

1171 3288 1274 3329 Cum
1292 3289 1369 3329 hoc
1383 3293 1525 3347 autem
1541 3285 1953 3335 munerenecessario
1972 3291 2122 3330 debent
2142 3303 2203 3328 es-

1175 3363 1219 3405 se
1232 3390 1235 3393 .
1246 3353 1466 3403 conjuncta
1484 3351 1811 3404 alia-spiritualia
1830 3351 2069 3398 ministeria,
2083 3357 2127 3388 ut
2140 3336 2230 3418 μμ(

1174 3417 1321 3468 centus
1339 3424 1426 3453 non
1444 3405 1579 3466 solum
1596 3413 1643 3452 in
1667 3412 1826 3463 litteris,
1848 3413 1919 3452 sed
1941 3411 2205 3464 principalius

1174 3476 1220 3517 in
1237 3467 1392 3516 virtute
1426 3475 1619 3515 educetur
1629 3486 1643 3526 3
1678 3474 1755 3514 hac
1789 3475 1900 3514 enim
1932 3473 1983 3511 de
2013 3483 2132 3511 causa
2160 3467 2206 3513 iu

1174 3537 1310 3583 forma
1347 3536 1585 3588 acceptandi
1622 3536 1792 3586 collegia
1830 3533 1977 3572 dieitur
1991 3562 2004 3581 ,
2045 3537 2206 3584 partem

1174 3610 1302 3639 unam
1334 3598 1496 3650 collegii
1526 3597 1673 3637 debere
1693 3608 1778 3635 esse
1802 3593 2028 3635 ministeria
2045 3594 2205 3646 templi,

1176 3659 1318 3712 qualia
1332 3664 1428 3700 sunt
1445 3661 1698 3700 sacramenta
1718 3656 1967 3703 ministrare,
1994 3657 2208 3695 conciona-

1175 3722 1228 3771 ri,
1249 3724 1322 3761 etc.
1346 3721 1460 3760 Unde
1479 3719 1650 3758 ulterius
1663 3716 1789 3758 veluti
1809 3716 2092 3757 consecutione
2105 3729 2205 3769 qua—
