2352 3880
10 133 33 170 ι’
68 154 76 163 Α
123 138 169 150 2⁴.
264 139 271 149 ι

190 193 283 241 8325

193 264 270 304 lius
289 265 367 309 est,
404 259 586 309 sausque
611 267 766 306 magna
799 253 994 306 obligatio
1024 256 1107 302 est,
1135 265 1235 306 qua

191 327 318 366 homo
338 319 608 388 adstringitur
633 317 688 358 ad
703 316 939 356 faciendum
959 315 1004 355 id
1034 314 1146 366 quod
1171 314 1228 356 ad

191 386 376 428 divinum
396 380 644 431 obsequium
671 380 822 419 melius
850 390 942 419 esse
959 376 1223 419 intellexerit.

191 449 273 487 Nec
293 444 423 485 refert
449 442 563 495 quod
583 442 790 494 judicium
820 441 941 506 1·ᾶῲ
970 437 1196 480 flectatur
1181 450 1228 479 m

144 551 147 557 s
172 507 314 547 vr‘aliam
345 509 522 573 partem,
555 503 590 543 si
611 503 802 543 voluntas
827 502 871 541 in
893 513 990 542 eam
1019 510 1228 554 propensa

83 587 121 621 f
190 568 256 616 sit,
277 571 366 606 tum
386 566 483 617 quia
502 576 613 616 saepe
632 576 701 605 res
712 564 818 604 adeo
833 567 898 604 est
914 562 1028 603 clara
1038 566 1084 602 et
1098 561 1225 601 mani

188 629 310 676 resta,
345 631 392 667 ut
421 626 656 667 intellectus
683 637 769 665 non
799 625 930 677 possu
946 622 1224 675 tergiversari

187 694 235 731 ut
255 692 292 730 si
309 690 529 729 consilium
542 688 667 729 detur
682 687 735 727 de
749 686 947 726 scandalo
966 684 1152 731 vitando,
1172 683 1226 722 de

189 763 288 794 cura
307 754 350 790 et
361 749 573 803 vigilantia
593 760 694 799 erga
713 759 834 787 suum
849 757 1018 788 munus,
1041 748 1083 783 et
1099 743 1226 782 rebus

187 812 418 858 similibus;
449 815 538 852 tum
560 811 684 850 etiam
705 809 800 859 quia
826 807 879 847 ad
895 807 976 846 hoc
993 806 1128 857 ipsum
1146 805 1229 843 hoo

187 877 330 913 votum
362 872 586 918 deserviet,
623 874 671 910 ut
696 870 791 919 quis
827 869 974 907 timeat
1004 865 1226 905 infideliter

187 933 433 987 procedere,
455 936 496 971 et
512 930 682 982 proprio
697 929 850 968 affectu
866 927 1080 968 excaecari.
1099 927 1224 966 Cum-

188 1006 270 1046 que
288 995 368 1032 hoc
386 993 565 1032 officium
582 989 793 1030 charitatis
810 988 878 1036 sit,
900 993 942 1028 et
958 990 1066 1028 inter
1082 999 1225 1040 perso-

187 1067 278 1102 nas,
300 1067 391 1105 quae
408 1061 449 1092 et
465 1052 683 1103 religione,
714 1055 755 1091 et
773 1050 975 1098 doctrina,
997 1050 1225 1101 perspicuae

187 1116 275 1155 fore
300 1113 518 1153 credendae
537 1117 648 1158 sunt,
672 1123 757 1150 non
782 1116 844 1151 est
875 1123 950 1151 cur
968 1122 1121 1162 magna
1135 1122 1223 1161 per-

187 1175 366 1216 turbatio
387 1175 455 1214 vel
476 1173 758 1219 conscientiae,
782 1173 847 1212 vel
865 1172 1011 1220 animi,
1030 1183 1081 1211 ex
1110 1183 1158 1210 eo
1177 1171 1226 1210 ti-

185 1237 341 1276 menda
372 1235 437 1275 sit.
472 1235 594 1282 Nam,
616 1234 714 1273 licet
733 1245 786 1273 ex
818 1237 935 1284 parte
963 1231 1227 1271 admonentis

185 1298 354 1338 libertas
383 1296 624 1337 necessaria
657 1295 724 1344 sit,
748 1295 884 1334 verbis
912 1293 1084 1345 placidis
1121 1297 1226 1332 tem—

187 1358 372 1411 peranda
410 1357 489 1397 erit
504 1368 520 1407 3
553 1360 596 1396 et
613 1355 711 1396 licet
742 1355 999 1394 consulenda
1033 1354 1116 1393 sint
1134 1365 1227 1405 quae

187 1420 372 1473 prosint,
410 1420 468 1459 ita
500 1422 644 1459 tamen
679 1419 727 1457 ut
767 1416 976 1458 delectent
1005 1414 1225 1457 suadenda

187 1484 299 1521 sunt.

238 1543 279 1581 8.
313 1541 497 1583 ,Tertium
513 1545 708 1593 punctum
731 1542 782 1582 de
804 1540 994 1591 praedicti
1012 1541 1097 1581 voti
1125 1539 1226 1580 obla·-

187 1597 348 1656 gastone
367 1605 578 1655 bipartita.
596 1625 649 1632 -
663 1602 850 1641 Tandem
870 1614 922 1641 ex
953 1602 1020 1641 his
1048 1601 1226 1652 explica-

189 1670 253 1706 tur
266 1665 406 1714 facile,
426 1665 538 1715 quod
559 1664 681 1704 tertio
698 1664 790 1703 loco
818 1667 880 1703 est
905 1661 1163 1715 propositum
1182 1663 1225 1702 in

187 1738 362 1766 numero
385 1726 585 1773 secundo,
614 1725 669 1765 de
694 1724 948 1776 obligatione
976 1725 1101 1775 th'us
1120 1723 1220 1763 voti.

188 1789 290 1828 Nam
303 1788 348 1826 in
375 1799 531 1838 genere
552 1786 606 1826 ad
634 1786 718 1825 duo
740 1786 910 1836 obligat.
941 1786 1123 1825 Primum
1144 1789 1222 1833 est,

188 1860 270 1888 non
295 1849 527 1888 detrectare
557 1847 703 1886 audire
742 1847 975 1895 consilium,
1012 1846 1125 1897 quod
1158 1845 1224 1887 vel

189 1910 438 1961 praepositus
455 1909 671 1949 Societatis
692 1920 768 1959 per
779 1920 838 1955 se,
861 1908 927 1947 vel
942 1908 1048 1946 alius
1060 1908 1115 1947 ab
1134 1908 1227 1958 ipso

187 1970 434 2010 substitutus
466 1970 568 2009 dare
603 1969 856 2020 dignabitur.
896 1969 1063 2007 Dicetur
1080 1972 1225 2007 autem

187 2032 433 2079 detrectare,
452 2029 620 2081 quando
641 2030 707 2068 vel
729 2029 897 2068 omnino
906 2029 1008 2068 nolit
1026 2029 1109 2068 tale
1124 2040 1227 2067 con-

187 2093 325 2133 silium
355 2092 517 2139 audire,
538 2092 606 2131 vel
626 2095 737 2131 certe
765 2090 936 2141 quando
963 2095 1049 2129 tam
1074 2090 1225 2129 acerbe

187 2153 290 2192 illud
315 2153 470 2199 tulerit,
490 2155 540 2191 ut
562 2151 639 2191 sibi
658 2151 838 2190 multum
857 2150 1077 2200 displicere
1096 2150 1223 2201 signi-

185 2214 304 2261 ficet;
324 2226 423 2253 nam
443 2214 531 2252 haec
545 2216 608 2251 est
632 2224 715 2252 non
732 2212 866 2250 solum
885 2211 1070 2250 virtualis
1102 2215 1141 2250 et
1162 2211 1223 2249 in·

186 2275 357 2324 directa,
378 2274 467 2322 sed,
491 2273 704 2312 moraliter
722 2272 948 2324 loquendo,
977 2272 1076 2311 satis
1097 2272 1221 2311 etiam

188 2347 384 2387 expressa
405 2334 663 2374 detrectatio.
684 2334 734 2373 Ut
754 2338 894 2372 autem
912 2337 1054 2372 votum
1074 2333 1127 2372 ad
1143 2333 1224 2372 hoc

187 2398 356 2449 obliget,
379 2408 551 2436 necesse
573 2400 635 2435 est
655 2395 873 2435 consilium
891 2406 982 2434 esse
1019 2395 1069 2433 de
1091 2400 1222 2435 mate-

186 2458 248 2499 ria
267 2457 581 2498 accommodata
606 2456 678 2496 tali
705 2460 819 2495 voto.
850 2457 941 2495 Non
980 2455 1091 2495 enim
1124 2467 1225 2506 pro-

184 2519 308 2559 mittit
326 2518 540 2570 professus
567 2518 797 2565 Societatis,
827 2517 860 2556 si
881 2516 935 2556 ad
952 2527 1049 2555 eum
1067 2518 1221 2556 statum

183 2580 434 2632 pervenerit,
460 2579 605 2619 audire
620 2579 838 2618 consilium
861 2578 1072 2629 Praepositi
1092 2578 1138 2617 in
1157 2590 1224 2618 re-

185 2641 275 2690 bus,
295 2641 412 2680 verbi
433 2641 582 2692 gratia,
597 2640 913 2691 temporalibus,
931 2639 1159 2679 secundum
1175 2650 1220 2678 se

194 2702 392 2755 metatis,
413 2706 460 2741 ut
478 2705 591 2750 sunt,
611 2701 727 2740 verbi
747 2702 892 2751 gratia,
908 2712 1000 2752 quae
1011 2700 1221 2751 pertinent

190 2764 249 2803 rel
262 2764 318 2802 ad
331 2775 399 2803 res
417 2762 661 2810 familiares,
679 2762 746 2801 vel
764 2762 819 2803 ad
836 2762 1129 2813 temporalium
1146 2763 1220 2800 ho-

184 2831 331 2862 norum
348 2823 767 2871 administrationem,
788 2823 854 2862 vel
869 2823 996 2863 etiam
1009 2823 1064 2861 ad
1083 2822 1219 2862 studia

183 2883 434 2932 litterarum3
456 2883 594 2924 sedin
614 2883 679 2922 his
704 2886 869 2922 tantum
892 2894 986 2935 quae
1009 2883 1220 2935 pertinent

183 2944 247 2983 vel
261 2943 315 2983 ad
329 2944 504 2995 propriae
521 2944 672 2984 animae
698 2944 890 2992 salutem,
914 2944 982 2984 vel
1017 2944 1072 2984 ad
1099 2944 1218 2983 deni„

181 3009 265 3044 mm
294 3004 550 3055 Episcopalis
582 3006 770 3044 muneris
801 3004 1217 3045 administrationem.

181 3066 277 3106 Haec
296 3066 409 3105 enim
435 3065 519 3105 duo
535 3066 579 3105 in
614 3066 794 3117 ipsamet
821 3066 1001 3105 formula
1037 3066 1219 3107 vovendi

183 3127 458 3177 explicantur,
473 3130 517 3166 et
538 3126 582 3166 in
605 3138 786 3178 persona
814 3126 1010 3179 Episcopi
1033 3127 1090 3167 ita
1121 3131 1219 3168 sunt

183 3188 419 3239 conjuncta,
439 3190 488 3227 ut
503 3187 613 3227 inter
631 3199 677 3228 se
709 3188 895 3240 separari
913 3200 999 3228 non
1022 3188 1213 3240 possint·
1199 3217 1214 3238 ‚

182 3258 280 3287 nam
299 3250 517 3300 inteqritas
529 3248 835 3301 praesidentium
853 3250 967 3291 salus
991 3253 1051 3291 est
1079 3249 1217 3290 subdi·

182 3311 327 3357 torm,
343 3314 390 3349 ut
405 3310 507 3349 dixit
527 3310 611 3350 Leo
632 3311 757 3364 Papa,
789 3311 912 3363 epist.
933 3311 1001 3358 85,
1027 3322 1121 3362 cap.
1145 3310 1215 3350 61.

182 3371 233 3412 Et
266 3371 338 3413 illa
368 3372 495 3413 etiam
523 3373 610 3413 duo
635 3372 692 3414 ad
726 3372 918 3413 divinum
950 3373 1213 3424 obsequium,

183 3433 296 3484 quod
322 3444 398 3486 per
415 3433 498 3474 hoc
522 3437 665 3474 votum
698 3433 942 3483 intenditur,
976 3434 1211 3482 sufficiunt;

179 3494 344 3546 reliqua
359 3494 472 3535 enim
491 3495 630 3535 omnia
641 3494 918 3535 indifferentia
932 3500 1044 3546 sunt,
1066 3495 1145 3535 nisi
1162 3464 1216 3536 ad

181 3556 401 3606 praedictos
417 3557 526 3599 duos
543 3556 650 3599 finos
668 3556 928 3606 ordinentur,
947 3557 1029 3597 suh
1044 3568 1130 3609 qua
1150 3569 1215 3597 ra·

1014 5 1198 40 “““““““’κ“«”“;
1225 3 1341 61 Ϋῇἣῗύζιῧ
1327 12 1502 41 4-ιῶ
1560 30 1586 40 0-

1022 49 1038 67 8
1146 47 1207 61 ⁴-.
1460 21 1589 69 ,nd-02⁴&

546 193 624 228 mn.
644 191 700 225 vi.
723 175 778 225 iia
797 160 1095 235 mereseium
1106 187 1214 234 aaa
1220 182 1530 230 mmmm
1526 166 1910 239 mfflww,

1279 253 1394 293 tione
1409 251 1465 291 ad
1478 233 1716 336 materiam..
1726 238 1858 339 litum
1871 247 1987 307 Μ,
2021 294 2023 296 ,

1279 315 1432 355 terunt.
1472 335 1475 338 >
1500 331 1505 342 -
2004 332 2006 334 ’
2081 353 2086 358 .
2143 349 2151 362 ,
2199 349 2203 356 .

1332 375 1372 415 9.
1405 373 1599 415 Simili-ter
1628 336 1762 425 (qnod
1778 371 1834 414 ad
1846 338 2077 417 asterus]
2195 369 2220 391 ”

1281 435 1398 485 tinet)
1413 446 1500 475 non
1519 434 1723 487 promittit
1740 433 1955 486 professus
1979 425 2225 477 absolute

1280 498 1390 539 rein
1417 496 1612 537 omnibus
1635 496 1750 548 quod
1779 496 1930 536 melius
1946 499 2029 544 est,
2058 496 2169 537 sed·
2155 479 2232 565 nu}

1280 558 1410 599 rendo
1430 557 1668 610 hujusmodi
1688 557 1884 604 consiliis,
1899 557 1955 599 ita
1975 560 2022 597 ut
2035 556 2177 598 licet

1280 621 1466 672 nihilque
1479 632 1510 661 a
1542 621 1746 662 Societate
1765 620 2022 667 admonitus,
2050 612 2267 678 judices

1281 693 1333 732 qu
1339 681 1380 720 id
1396 693 1487 721 esse
1511 681 1660 721 melius
1679 680 1732 720 ad
1746 681 1933 720 divinum
1954 681 2218 731 obsequium,
2246 723 2262 750 ·.
2327 703 2333 730 ε,

1282 743 1417 781 statim
1431 746 1597 782 tenetur
1613 754 1665 782 ex
1681 741 1935 794 obligatione
1947 742 2028 781 voti
2040 742 2142 781 illud
2157 741 2262 783 fac

1282 808 1390 843 esset
1407 803 1518 842 enim
1536 815 1711 843 onerosa
1731 804 1868 851 valde,
1900 806 1943 843 et
1973 802 2206 855 periculis
2277 803 2279 806 ⁴

1281 865 1357 904 sita
1377 863 1596 916 obligatio;
1619 875 1698 904 nec
1718 865 1877 904 verba
1867 865 1998 916 1psius
2015 865 2097 903 voti
2117 822 2269 910 adeo:

1279 926 1438 967 neralia
1458 929 1570 973 sunt,
1591 925 1666 965 sed
1679 925 1734 965 ad
1748 925 1948 975 praedicta
1975 925 2147 965 consilia
2165 904 2285 999 limi-2

1278 991 1343 1036 ta3
1381 999 1472 1038 qnae
1494 987 1619 1027 etiam
1653 986 1714 1026 sic
1743 986 1956 1028 moderata
1981 998 2066 1026 non
2100 990 2162 1026 est
2187 998 2229 1038 p

1281 1048 1493 1099 obligatio,
1514 1051 1554 1087 et
1571 1047 1692 1086 ideo
1681 1059 1723 1085 ln
1743 1046 1984 1098 hujusmodi
2003 1047 2185 1087 consiliis
2213 1059 2238 1099 p
2268 1063 2272 1067 ·
2292 1089 2294 1093 f

1281 1110 1437 1149 standis
1454 1113 1495 1148 et
1513 1120 1603 1147 non
1618 1108 1938 1159 multiplicandis
1958 1119 2111 1160 magna
2135 1120 2233 1160 pru·
2252 1107 2289 1143 w*
2326 1155 2327 1158 Ἴ

1278 1171 1336 1210 tia
1353 1175 1393 1210 et
1416 1169 1691 1209 consideratio
1712 1169 1951 1209 necessaria
1972 1173 2058 1217 est;
2080 1181 2176 1208 raro
2202 1169 2282 1209 e'
2309 1184 2311 1187 ·
2332 1191 2333 1196 =

1279 1231 1371 1271 fieri
1391 1232 1532 1278 debet,
1553 1232 1631 1270 nisi
1653 1232 1694 1270 in
1711 1231 1776 1270 his
1792 1231 1919 1270 rebus
1938 1240 2030 1282 quae
2057 1230 2110 1270 ad
2129 1230 2295 1271 divinu

1280 1293 1542 1343 obsequium,
1561 1293 1626 1331 vel
1653 1304 1855 1344 magnum
1877 1292 2111 1333 animarum
2132 1292 2242 1334 fruct
2281 1310 2309 1346 ι,
2327 1311 2329 1339 j

1279 1354 1531 1393 videbuntur
1547 1354 1812 1394 necessariae.
2292 1391 2298 1399 ,

1335 1418 1400 1455 10.
1435 1415 1614 1455 Dubium
1630 1417 1823 1466 primum,
1842 1426 1897 1455 an
1912 1416 2037 1459 otiam
2053 1427 2074 1456 e
2094 1418 2252 1456 contra.
2295 1403 2325 1413 ”

1280 1482 1426 1519 matur
1448 1476 1635 1517 Societas
1665 1477 1914 1528 Episcopum
1938 1488 2056 1518 suum
2076 1488 2242 1518 monere.

1281 1538 1417 1585 Quaeri
1433 1549 1531 1576 vero
1548 1542 1684 1588 potest
1698 1538 1831 1577 obiter
1857 1550 1926 1585 an,
1946 1539 2053 1579 sicut
2082 1539 2246 1590 ‘profess

1278 1599 1412 1639 factus
1433 1599 1676 1650 Episcopus,
1695 1603 1860 1638 tenetur
1879 1600 2025 1640 audire
2052 1600 2222 1639 consilia
2240 1600 2267 1640 S

1281 1661 1454 1707 (aetatis,
1490 1660 1548 1699 ita
1579 1661 1704 1699 etiam
1745 1664 1938 1700 teneatur
1973 1661 2158 1701 Societas
2197 1661 2268 1700 illu
2302 1667 2307 1669 ⁴

1279 1722 1522 1770 admonere,
1553 1725 1594 1761 et
1630 1722 1738 1760 hanc
1758 1721 1883 1761 veluti
1913 1732 2055 1760 curam
2086 1721 2239 1761 animae

1278 1784 1464 1824 muneris
1478 1783 1586 1822 illius
1604 1784 1826 1834 suscipere.
1843 1783 2089 1835 Respondeo
2106 1796 2189 1822 non
2202 1788 2245 1822 te

1278 1846 1314 1885 ri
1327 1844 1499 1896 speciali
1516 1845 1658 1895 aliqua
1670 1845 1937 1896 obligatione,
1950 1849 2205 1913 praeteream
2221 1856 2291 1896 q

1279 1910 1459 1958 pertinet
1476 1906 1530 1944 ad
1546 1906 1684 1957 legem
1699 1906 1924 1952 charitatis,
1942 1918 2032 1957 quae
2046 1906 2193 1959 majori
2215 1917 2308 1958 qua

1279 1967 1376 2006 dam
1387 1967 1564 2014 ratione,
1575 1979 1648 2005 seu
1659 1967 1809 2017 potiori
1823 1967 1967 2005 ordine
1983 1967 2167 2018 obligare
2181 1970 2298 2018 pote:

1277 2028 1386 2067 circa
1413 2028 1541 2067 talem
1570 2039 1808 2078 personam,
1840 2031 1983 2078 utpote
2018 2028 2151 2079 magis
2179 2028 2293 2067 Soci=

1277 2089 1350 2129 tati
1368 2090 1649 2140 conjunctam.
1670 2088 1788 2134 Quod
1811 2093 1951 2128 autem
1968 2090 2083 2127 nulla
2090 2058 2323 2163 &obligati

1278 2150 1449 2189 alterius
1481 2150 1654 2188 rationis
1685 2150 1930 2196 intercedat,
1963 2151 2176 2200 probatur,
2216 2162 2311 2200 qu

1277 2223 1362 2250 non
1385 2211 1580 2250 convenit
1598 2210 1820 2262 Praeposito
1837 2210 2027 2250 Generali
2055 2212 2213 2250 ratione
2249 2224 2267 2250 s
2321 2222 2325 2232 *

1278 2272 1417 2321 officii,
1436 2272 1536 2322 quia
1551 2274 1640 2322 jam
1655 2273 1748 2310 talis
1761 2283 1940 2323 persona
1958 2285 2044 2312 non
2061 2277 2124 2312 est
2143 2273 2236 2311 illis
2276 2266 2318 2305 ι’

1274 2333 1379 2382 dita,
1394 2345 1472 2372 nec
1506 2333 1665 2372 ratione
1685 2333 1862 2384 alicujus
1892 2334 1989 2382 voti,
2020 2333 2132 2385 -quia
2152 2333 2239 2388 null
2279 2349 2309 2390 υΙ
2340 2378 2343 2379 ,

1278 2395 1442 2442 emittit,
1466 2395 1561 2434 etin
1582 2394 1716 2433 forma
1745 2394 1922 2434 vovendi
1947 2407 2071 2447 supra
2099 2396 2246 2446 posita,
2270 2395 2279 2402 ”
2314 2412 2319 2434 s
2343 2422 2347 2423 ν

1275 2468 1392 2495 num.
1432 2458 1472 2503 1,
1509 2456 1645 2494 solum
1681 2455 1892 2507 professus
1930 2457 2131 2507 promittit
2164 2455 2261 2495 audi

1276 2517 1562 2568 Praepositum,
1584 2521 1680 2566 etc„
1704 2517 1755 2556 de
1770 2517 2021 2568 obligatione
2041 2521 2182 2556 autem
2201 2517 2290 2556 Prae
2305 2516 2321 2566 'J

1275 2579 1396 2629 positi
1414 2578 1516 2617 nihil
1536 2578 1698 2617 dicitur.
1723 2579 1868 2630 Neque
1900 2578 2024 2618 etiam
2055 2581 2221 2617 tenetur
2244 2589 2285 2630 ι’.Ι

1273 2640 1386 2679 tione
1414 2640 1592 2691 alicujus
1622 2639 1931 2679 Constitutionis
1959 2638 2191 2685 SocietatiS,
2213 2649 2239 2689 q
2271 2638 2296 2681 ”,
2316 2650 2328 2683 ,ι

1274 2695 1574 2752 ᾶΒοίιιιᾶΡῑιι-ἰθ
1598 2700 1961 2747 constitutionum,
1981 2699 2048 2750 §6
2066 2699 2152 2748 (ubi
2173 2698 2234 2737 sol
2276 2715 2297 2746 ιγ

1274 2761 1328 2802 de
1347 2763 1425 2801 hac
1440 2774 1487 2801 re
1504 2763 1736 2810 tractatur),
1756 2761 1871 2799 nulla
1903 2760 2098 2812 obligatio
2120 2761 2157 2798 ei
2177 2759 2305 2813 ιιιιριζ
2323 2768 2326 2779 ’

1274 2822 1399 2862 nitur.
1414 2823 1504 2862 Imo
1529 2822 1570 2860 in
1592 2822 1874 2862 declaratione
1901 2822 1961 2862 lit.
1986 2823 2020 2861 Α
2037 2832 2234 2872 expresso
2257 2821 2298 2857 ·‘-
2323 2821 2327 2844 '¹

1275 2884 1380 2924 citur
1400 2894 1414 2922 ι
1433 2884 1531 2925 Non.
1557 2886 1690 2924 tamen
1708 2883 1909 2935 oblinatur
1931 2882 2128 2926 Societas
2162 2883 2232 2924 ad2
2271 2900 2277 2914 ι

1272 2954 1416 2985 vannus
1433 2944 2232 2996 stoscipiendum,quandocumque-alicui
2266 2972 2271 2976 -·
2322 2959 2325 2979 ·.

1273 3016 1318 3046 ea
1339 3006 1612 3058 Episcopatus
1628 3010 1728 3047 esset
1750 3006 2022 3047 multandus·
2034 3019 2055 3051 ,·
2083 3005 2163 3045 imo
2324 3030 2325 3060 3

1271 3071 1417 3116 manet,
1450 3072 1496 3108 ut
1522 3068 1566 3107 id
1583 3068 1715 3108 oneris
1730 3071 1767 3108 et
1793 3067 2013 3119 relinquere
2036 3069 2079 3108 et
2109 3077 2222 3108 assu

1267 3129 1408 3181 possit,
1430 3129 1497 3169 ubi
1523 3129 1694 3171 multum
1715 3129 1870 3179 referre
1891 3130 1949 3169 ad
1972 3129 2050 3169 Dei
2081 3125 2270 3180 obsequi

1262 3190 1482 3242 judicaret.
1521 3191 1615 3231 Fuit
1644 3192 1789 3231 autem
1819 3191 1908 3231 haec
1932 3189 2157 3231 declaratio
2193 3189 2277 3237 fa

1271 3252 1491 3293 occasione
1525 3251 1831 3293 patriarchatus
1859 3251 2105 3303 AEffiiopiae,
2141 3250 2187 3293 in
2228 3268 2233 3278 =
2268 3258 2277 3262 ’“

1269 3324 1385 3363 casu,
1421 3317 1468 3354 et
1498 3312 1720 3361 similibus,
1750 3313 1932 3354 multum
1965 3312 2173 3353 referebat
2197 3322 2241 3352 s
2323 3304 2325 3312 ’

1268 3375 1446 3428 gradum
1476 3374 1602 3426 hujus
1631 3373 1896 3426 obligationis
1917 3384 1968 3415 ex
1983 3377 2100 3426 parte
2119 3369 2269 3430 Sosi

1268 3436 1349 3476 tis·
1336 3467 1350 3488 ,
1371 3436 1470 3488 quia
1500 3435 1592 3475 haec
1611 3434 1839 3476 admonitio
1866 3434 1958 3477 fieri
1982 3434 2110 3477 debet
2142 3423 2264 3499 νοῒ,Ι

1268 3498 1494 3550 ipsummet
1533 3496 1800 3549 Praepositum
1830 3496 2099 3566 Generalem,
2127 3504 2178 3542 ιτ
2186 3509 2227 3544 ·s

1269 3559 1397 3599 alium
1409 3557 1465 3600 de
1480 3557 1690 3600 societate
1708 3556 1866 3614 abipso
1876 3555 1991 3602 udo-¹.
2162 3571 2163 3574 ¹

2250 539 2334 612 l

2267 947 2334 1052 l

2289 1861 2333 2083 l
