<?xml version="1.0" encoding="UTF-8"?>
<!DOCTYPE html PUBLIC "-//W3C//DTD XHTML 1.0 Transitional//EN"
    "http://www.w3.org/TR/xhtml1/DTD/xhtml1-transitional.dtd">
<html xmlns="http://www.w3.org/1999/xhtml" xml:lang="en" lang="en">
 <head>
  <title>
</title>
<meta http-equiv="Content-Type" content="text/html;charset=utf-8" />
  <meta name='ocr-system' content='tesseract 3.04.00' />
  <meta name='ocr-capabilities' content='ocr_page ocr_carea ocr_par ocr_line ocrx_word'/>
</head>
<body>
  <div class='ocr_page' id='page_1' title='image "./operaomnia16suaauoft_0063.png"; bbox 0 0 2352 3880; ppageno 0'>
   <div class='ocr_carea' id='block_1_1' title="bbox 0 0 301 436">
    <p class='ocr_par' dir='ltr' id='par_1_1' title="bbox 0 0 301 436">
     <span class='ocr_line' id='line_1_1' title="bbox 0 0 301 323; baseline 0 -188"><span class='ocrx_word' id='word_1_1' title='bbox 0 0 301 323; x_wconf 95' lang='lat' dir='ltr'>     </span> 
     </span>
     <span class='ocr_line' id='line_1_2' title="bbox 59 350 60 436; baseline 0 3444"><span class='ocrx_word' id='word_1_2' title='bbox 59 350 60 436; x_wconf 95' lang='lat' dir='ltr'> </span> 
     </span>
    </p>
   </div>
   <div class='ocr_carea' id='block_1_2' title="bbox 0 378 59 471">
    <p class='ocr_par' dir='ltr' id='par_1_2' title="bbox 0 378 59 471">
     <span class='ocr_line' id='line_1_3' title="bbox 0 378 57 407; baseline 0 -8"><span class='ocrx_word' id='word_1_3' title='bbox 0 378 57 407; x_wconf 47' lang='lat'>²2*</span> 
     </span>
     <span class='ocr_line' id='line_1_4' title="bbox 5 411 55 437; baseline 0 -13"><span class='ocrx_word' id='word_1_4' title='bbox 5 421 11 424; x_wconf 92' lang='lat'>.</span> <span class='ocrx_word' id='word_1_5' title='bbox 28 411 55 437; x_wconf 24' lang='lat'>13¹</span> 
     </span>
     <span class='ocr_line' id='line_1_5' title="bbox 0 443 59 471; baseline 0 -6"><span class='ocrx_word' id='word_1_6' title='bbox 0 458 10 465; x_wconf 67' lang='lat'>-</span> <span class='ocrx_word' id='word_1_7' title='bbox 29 443 59 471; x_wconf 65' lang='grc' dir='ltr'>ζ’,</span> 
     </span>
    </p>
   </div>
   <div class='ocr_carea' id='block_1_3' title="bbox 318 61 657 96">
    <p class='ocr_par' dir='ltr' id='par_1_3' title="bbox 318 61 657 96">
     <span class='ocr_line' id='line_1_6' title="bbox 318 61 657 96; baseline 0.009 -6"><span class='ocrx_word' id='word_1_8' title='bbox 318 70 334 90; x_wconf 46' lang='grc' dir='ltr'><em>ἢ</em></span> <span class='ocrx_word' id='word_1_9' title='bbox 394 63 430 72; x_wconf 80' lang='grc'><em>”</em></span> <span class='ocrx_word' id='word_1_10' title='bbox 503 62 525 96; x_wconf 57' lang='grc' dir='ltr'><strong>ἱ</strong></span> <span class='ocrx_word' id='word_1_11' title='bbox 579 61 584 68; x_wconf 86' lang='grc'><em>“</em></span> <span class='ocrx_word' id='word_1_12' title='bbox 655 63 657 66; x_wconf 58' lang='lat'><em>⁴</em></span> 
     </span>
    </p>
   </div>
   <div class='ocr_carea' id='block_1_4' title="bbox 93 122 192 163">
    <p class='ocr_par' dir='ltr' id='par_1_4' title="bbox 93 122 192 163">
     <span class='ocr_line' id='line_1_7' title="bbox 106 122 192 148; baseline -0.012 0"><span class='ocrx_word' id='word_1_13' title='bbox 106 122 192 148; x_wconf 42' lang='lat' dir='ltr'>ass*</span> 
     </span>
     <span class='ocr_line' id='line_1_8' title="bbox 93 146 151 163; baseline 0 0"><span class='ocrx_word' id='word_1_14' title='bbox 93 146 151 163; x_wconf 66' lang='grc'>--1</span> 
     </span>
    </p>
   </div>
   <div class='ocr_carea' id='block_1_5' title="bbox 91 225 1125 283">
    <p class='ocr_par' dir='ltr' id='par_1_5' title="bbox 91 225 1125 283">
     <span class='ocr_line' id='line_1_9' title="bbox 91 225 1125 283; baseline -0.011 -5"><span class='ocrx_word' id='word_1_15' title='bbox 91 233 221 283; x_wconf 62' lang='lat' dir='ltr'>voluit</span> <span class='ocrx_word' id='word_1_16' title='bbox 237 231 474 274; x_wconf 83' lang='lat' dir='ltr'>Bonifacius</span> <span class='ocrx_word' id='word_1_17' title='bbox 494 225 735 283; x_wconf 78' lang='lat' dir='ltr'>hujusmodi</span> <span class='ocrx_word' id='word_1_18' title='bbox 760 229 966 282; x_wconf 80' lang='lat' dir='ltr'>parochos</span> <span class='ocrx_word' id='word_1_19' title='bbox 988 227 1125 268; x_wconf 83' lang='lat' dir='ltr'>statim</span> 
     </span>
    </p>
   </div>
   <div class='ocr_carea' id='block_1_6' title="bbox 0 287 1125 408">
    <p class='ocr_par' dir='ltr' id='par_1_6' title="bbox 0 287 1125 408">
     <span class='ocr_line' id='line_1_10' title="bbox 20 287 1125 342; baseline -0.011 -3"><span class='ocrx_word' id='word_1_20' title='bbox 20 287 24 342; x_wconf 57' lang='lat' dir='ltr'>J</span> <span class='ocrx_word' id='word_1_21' title='bbox 89 287 183 340; x_wconf 77' lang='lat' dir='ltr'>fieri</span> <span class='ocrx_word' id='word_1_22' title='bbox 204 295 408 335; x_wconf 86' lang='lat' dir='ltr'>inhabiles</span> <span class='ocrx_word' id='word_1_23' title='bbox 426 292 480 333; x_wconf 91' lang='lat' dir='ltr'>ad</span> <span class='ocrx_word' id='word_1_24' title='bbox 497 291 823 339; x_wconf 71' lang='lat' dir='ltr'>matrimonium,</span> <span class='ocrx_word' id='word_1_25' title='bbox 853 290 1125 330; x_wconf 87' lang='lat' dir='ltr'>subdiacona-</span> 
     </span>
     <span class='ocr_line' id='line_1_11' title="bbox 0 351 1124 408; baseline -0.01 -9"><span class='ocrx_word' id='word_1_26' title='bbox 0 355 26 376; x_wconf 74' lang='grc'>·’</span> <span class='ocrx_word' id='word_1_27' title='bbox 60 355 138 398; x_wconf 57' lang='lat' dir='ltr'>‘itu</span> <span class='ocrx_word' id='word_1_28' title='bbox 155 359 360 408; x_wconf 87' lang='lat' dir='ltr'>suscepto.</span> <span class='ocrx_word' id='word_1_29' title='bbox 387 354 586 394; x_wconf 89' lang='lat' dir='ltr'>Eamdem</span> <span class='ocrx_word' id='word_1_30' title='bbox 619 364 719 403; x_wconf 83' lang='lat' dir='ltr'>ergo</span> <span class='ocrx_word' id='word_1_31' title='bbox 737 351 1036 406; x_wconf 82' lang='lat' dir='ltr'>providentiam</span> <span class='ocrx_word' id='word_1_32' title='bbox 1052 351 1124 388; x_wconf 86' lang='lat' dir='ltr'>ha-</span> 
     </span>
    </p>
   </div>
   <div class='ocr_carea' id='block_1_7' title="bbox 73 394 1122 469">
    <p class='ocr_par' dir='ltr' id='par_1_7' title="bbox 73 394 1122 469">
     <span class='ocr_line' id='line_1_12' title="bbox 73 394 1122 469; baseline -0.005 -14"><span class='ocrx_word' id='word_1_33' title='bbox 73 394 179 460; x_wconf 64' lang='lat' dir='ltr'>ibuit</span> <span class='ocrx_word' id='word_1_34' title='bbox 202 417 428 469; x_wconf 76' lang='lat' dir='ltr'>Gregorius</span> <span class='ocrx_word' id='word_1_35' title='bbox 460 415 548 455; x_wconf 83' lang='lat' dir='ltr'>xm</span> <span class='ocrx_word' id='word_1_36' title='bbox 575 415 620 454; x_wconf 86' lang='lat' dir='ltr'>in</span> <span class='ocrx_word' id='word_1_37' title='bbox 649 413 921 463; x_wconf 82' lang='lat' dir='ltr'><strong>Societatem,</strong></span> <span class='ocrx_word' id='word_1_38' title='bbox 953 416 994 452; x_wconf 87' lang='lat' dir='ltr'>et</span> <span class='ocrx_word' id='word_1_39' title='bbox 1023 410 1122 451; x_wconf 85' lang='lat' dir='ltr'>ideo</span> 
     </span>
    </p>
   </div>
   <div class='ocr_carea' id='block_1_8' title="bbox 39 472 1123 528">
    <p class='ocr_par' dir='ltr' id='par_1_8' title="bbox 39 472 1123 528">
     <span class='ocr_line' id='line_1_13' title="bbox 39 472 1123 528; baseline -0.008 -8"><span class='ocrx_word' id='word_1_40' title='bbox 39 493 42 514; x_wconf 75' lang='grc' dir='ltr'><em>τ</em></span> <span class='ocrx_word' id='word_1_41' title='bbox 59 488 61 490; x_wconf 84' lang='grc'><em>“</em></span> <span class='ocrx_word' id='word_1_42' title='bbox 89 480 158 520; x_wconf 87' lang='lat' dir='ltr'>illa</span> <span class='ocrx_word' id='word_1_43' title='bbox 177 491 260 518; x_wconf 92' lang='lat' dir='ltr'>non</span> <span class='ocrx_word' id='word_1_44' title='bbox 288 478 364 517; x_wconf 84' lang='lat' dir='ltr'>t&#39;nit</span> <span class='ocrx_word' id='word_1_45' title='bbox 385 475 723 528; x_wconf 80' lang='lat' dir='ltr'>reprehensibilis</span> <span class='ocrx_word' id='word_1_46' title='bbox 738 475 927 523; x_wconf 87' lang='lat' dir='ltr'>mutatio,</span> <span class='ocrx_word' id='word_1_47' title='bbox 950 473 1025 513; x_wconf 85' lang='lat' dir='ltr'>sed</span> <span class='ocrx_word' id='word_1_48' title='bbox 1040 472 1123 512; x_wconf 83' lang='lat' dir='ltr'>uti-</span> 
     </span>
    </p>
   </div>
   <div class='ocr_carea' id='block_1_9' title="bbox 73 535 1130 2910">
    <p class='ocr_par' dir='ltr' id='par_1_9' title="bbox 73 535 1122 2047">
     <span class='ocr_line' id='line_1_14' title="bbox 86 535 1122 590; baseline -0.008 -9"><span class='ocrx_word' id='word_1_49' title='bbox 86 540 323 586; x_wconf 76' lang='lat' dir='ltr'>lis-additio,</span> <span class='ocrx_word' id='word_1_50' title='bbox 342 538 439 590; x_wconf 85' lang='lat' dir='ltr'>quia</span> <span class='ocrx_word' id='word_1_51' title='bbox 459 538 548 576; x_wconf 82' lang='lat' dir='ltr'>haec</span> <span class='ocrx_word' id='word_1_52' title='bbox 570 539 634 576; x_wconf 90' lang='lat' dir='ltr'>est</span> <span class='ocrx_word' id='word_1_53' title='bbox 651 536 834 574; x_wconf 86' lang='lat' dir='ltr'>humana</span> <span class='ocrx_word' id='word_1_54' title='bbox 860 535 1054 583; x_wconf 87' lang='lat' dir='ltr'>conditio,</span> <span class='ocrx_word' id='word_1_55' title='bbox 1076 536 1122 573; x_wconf 84' lang='lat' dir='ltr'>ut</span> 
     </span>
     <span class='ocr_line' id='line_1_15' title="bbox 86 594 1121 647; baseline -0.01 -4"><span class='ocrx_word' id='word_1_56' title='bbox 86 614 172 643; x_wconf 86' lang='lat' dir='ltr'>non</span> <span class='ocrx_word' id='word_1_57' title='bbox 200 600 337 640; x_wconf 80' lang='lat' dir='ltr'>statim</span> <span class='ocrx_word' id='word_1_58' title='bbox 367 598 503 638; x_wconf 78' lang='lat' dir='ltr'>valeat</span> <span class='ocrx_word' id='word_1_59' title='bbox 530 596 909 647; x_wconf 82' lang='lat' dir='ltr'>comprehendere,</span> <span class='ocrx_word' id='word_1_60' title='bbox 942 595 1044 647; x_wconf 89' lang='lat' dir='ltr'>quid</span> <span class='ocrx_word' id='word_1_61' title='bbox 1077 594 1121 633; x_wconf 91' lang='lat' dir='ltr'>in</span> 
     </span>
     <span class='ocr_line' id='line_1_16' title="bbox 73 656 1114 710; baseline -0.008 -7"><span class='ocrx_word' id='word_1_62' title='bbox 73 657 279 710; x_wconf 70' lang='lat' dir='ltr'>{omnihus</span> <span class='ocrx_word' id='word_1_63' title='bbox 299 663 339 700; x_wconf 88' lang='lat' dir='ltr'>et</span> <span class='ocrx_word' id='word_1_64' title='bbox 369 658 540 710; x_wconf 88' lang='lat' dir='ltr'>singulis</span> <span class='ocrx_word' id='word_1_65' title='bbox 573 657 699 696; x_wconf 84' lang='lat' dir='ltr'>rebus</span> <span class='ocrx_word' id='word_1_66' title='bbox 733 658 867 708; x_wconf 86' lang='lat' dir='ltr'>magis</span> <span class='ocrx_word' id='word_1_67' title='bbox 897 656 1114 709; x_wconf 76' lang='lat' dir='ltr'>expediat3</span> 
     </span>
     <span class='ocr_line' id='line_1_17' title="bbox 86 718 1120 764; baseline -0.007 0"><span class='ocrx_word' id='word_1_68' title='bbox 86 724 198 764; x_wconf 89' lang='lat' dir='ltr'>unde</span> <span class='ocrx_word' id='word_1_69' title='bbox 217 726 281 762; x_wconf 85' lang='lat' dir='ltr'>est</span> <span class='ocrx_word' id='word_1_70' title='bbox 306 721 405 761; x_wconf 88' lang='lat' dir='ltr'>illud</span> <span class='ocrx_word' id='word_1_71' title='bbox 437 720 630 759; x_wconf 89' lang='lat' dir='ltr'>Proverb.</span> <span class='ocrx_word' id='word_1_72' title='bbox 653 720 705 758; x_wconf 78' lang='lat'>4:</span> <span class='ocrx_word' id='word_1_73' title='bbox 728 719 762 758; x_wconf 88' lang='lat' dir='ltr'><strong><em>J</em></strong></span> <span class='ocrx_word' id='word_1_74' title='bbox 765 722 948 758; x_wconf 76' lang='lat' dir='ltr'>ustorum</span> <span class='ocrx_word' id='word_1_75' title='bbox 975 718 1120 758; x_wconf 76' lang='lat' dir='ltr'>semita</span> 
     </span>
     <span class='ocr_line' id='line_1_18' title="bbox 82 779 1121 838; baseline -0.006 -12"><span class='ocrx_word' id='word_1_76' title='bbox 82 784 199 838; x_wconf 74' lang='lat' dir='ltr'>quasi</span> <span class='ocrx_word' id='word_1_77' title='bbox 227 784 298 823; x_wconf 71' lang='lat' dir='ltr'>lux</span> <span class='ocrx_word' id='word_1_78' title='bbox 334 781 541 835; x_wconf 74' lang='lat' dir='ltr'>splendens</span> <span class='ocrx_word' id='word_1_79' title='bbox 558 779 749 832; x_wconf 75' lang='lat' dir='ltr'><em>procedit,</em></span> <span class='ocrx_word' id='word_1_80' title='bbox 772 784 808 821; x_wconf 78' lang='lat' dir='ltr'>et</span> <span class='ocrx_word' id='word_1_81' title='bbox 833 781 971 820; x_wconf 75' lang='lat' dir='ltr'>crescit</span> <span class='ocrx_word' id='word_1_82' title='bbox 998 787 1121 831; x_wconf 69' lang='lat' dir='ltr'>usqua</span> 
     </span>
     <span class='ocr_line' id='line_1_19' title="bbox 84 840 1118 896; baseline -0.007 -9"><span class='ocrx_word' id='word_1_83' title='bbox 84 846 138 887; x_wconf 83' lang='lat' dir='ltr'>ad</span> <span class='ocrx_word' id='word_1_84' title='bbox 164 848 380 896; x_wconf 75' lang='lat' dir='ltr'>perfectum</span> <span class='ocrx_word' id='word_1_85' title='bbox 406 842 520 883; x_wconf 79' lang='lat' dir='ltr'>diem.</span> <span class='ocrx_word' id='word_1_86' title='bbox 558 841 751 880; x_wconf 81' lang='lat' dir='ltr'>Similiter</span> <span class='ocrx_word' id='word_1_87' title='bbox 782 841 823 878; x_wconf 90' lang='lat' dir='ltr'>in</span> <span class='ocrx_word' id='word_1_88' title='bbox 857 840 1061 880; x_wconf 85' lang='lat' dir='ltr'>Societate</span> <span class='ocrx_word' id='word_1_89' title='bbox 1091 851 1118 880; x_wconf 85' lang='lat' dir='ltr'>a</span> 
     </span>
     <span class='ocr_line' id='line_1_20' title="bbox 83 901 1119 959; baseline -0.007 -13"><span class='ocrx_word' id='word_1_90' title='bbox 83 906 298 959; x_wconf 82' lang='lat' dir='ltr'>principio,</span> <span class='ocrx_word' id='word_1_91' title='bbox 318 905 388 956; x_wconf 84' lang='lat' dir='ltr'>qui</span> <span class='ocrx_word' id='word_1_92' title='bbox 409 904 452 942; x_wconf 91' lang='lat' dir='ltr'>in</span> <span class='ocrx_word' id='word_1_93' title='bbox 475 915 525 942; x_wconf 88' lang='lat' dir='ltr'>ea</span> <span class='ocrx_word' id='word_1_94' title='bbox 541 907 638 942; x_wconf 85' lang='lat' dir='ltr'>vota</span> <span class='ocrx_word' id='word_1_95' title='bbox 660 902 918 949; x_wconf 86' lang='lat' dir='ltr'>emittebant,</span> <span class='ocrx_word' id='word_1_96' title='bbox 938 913 1022 940; x_wconf 91' lang='lat' dir='ltr'>non</span> <span class='ocrx_word' id='word_1_97' title='bbox 1044 901 1119 939; x_wconf 87' lang='lat' dir='ltr'>fie-</span> 
     </span>
     <span class='ocr_line' id='line_1_21' title="bbox 83 961 1119 1013; baseline -0.008 -5"><span class='ocrx_word' id='word_1_98' title='bbox 83 969 182 1010; x_wconf 85' lang='lat' dir='ltr'>bant</span> <span class='ocrx_word' id='word_1_99' title='bbox 197 966 418 1013; x_wconf 75' lang='lat' dir='ltr'>inhabiles,</span> <span class='ocrx_word' id='word_1_100' title='bbox 438 965 586 1004; x_wconf 87' lang='lat' dir='ltr'>saltem</span> <span class='ocrx_word' id='word_1_101' title='bbox 603 976 654 1002; x_wconf 80' lang='lat' dir='ltr'>ex</span> <span class='ocrx_word' id='word_1_102' title='bbox 675 967 825 1002; x_wconf 88' lang='lat' dir='ltr'>statuto</span> <span class='ocrx_word' id='word_1_103' title='bbox 837 962 1044 1008; x_wconf 65' lang='lat' dir='ltr'>Ecclesiae,</span> <span class='ocrx_word' id='word_1_104' title='bbox 1063 961 1119 1001; x_wconf 86' lang='lat' dir='ltr'>ad</span> 
     </span>
     <span class='ocr_line' id='line_1_22' title="bbox 83 1025 1118 1082; baseline -0.005 -15"><span class='ocrx_word' id='word_1_105' title='bbox 83 1028 383 1082; x_wconf 80' lang='lat' dir='ltr'>professionem</span> <span class='ocrx_word' id='word_1_106' title='bbox 405 1025 671 1065; x_wconf 78' lang='lat' dir='ltr'>emittendam</span> <span class='ocrx_word' id='word_1_107' title='bbox 701 1025 743 1062; x_wconf 89' lang='lat' dir='ltr'>in</span> <span class='ocrx_word' id='word_1_108' title='bbox 773 1034 1035 1074; x_wconf 86' lang='lat' dir='ltr'>quacumque</span> <span class='ocrx_word' id='word_1_109' title='bbox 1053 1034 1118 1062; x_wconf 90' lang='lat' dir='ltr'>re-</span> 
     </span>
     <span class='ocr_line' id='line_1_23' title="bbox 83 1085 1117 1141; baseline -0.007 -12"><span class='ocrx_word' id='word_1_110' title='bbox 83 1090 260 1141; x_wconf 79' lang='lat' dir='ltr'>ligione3</span> <span class='ocrx_word' id='word_1_111' title='bbox 281 1093 423 1140; x_wconf 87' lang='lat' dir='ltr'>postea</span> <span class='ocrx_word' id='word_1_112' title='bbox 440 1098 538 1125; x_wconf 88' lang='lat' dir='ltr'>vero</span> <span class='ocrx_word' id='word_1_113' title='bbox 556 1085 837 1136; x_wconf 88' lang='lat' dir='ltr'>experimento</span> <span class='ocrx_word' id='word_1_114' title='bbox 857 1086 1117 1134; x_wconf 86' lang='lat' dir='ltr'>compertum</span> 
     </span>
     <span class='ocr_line' id='line_1_24' title="bbox 86 1145 1118 1201; baseline -0.007 -11"><span class='ocrx_word' id='word_1_115' title='bbox 86 1154 162 1196; x_wconf 82' lang='lat' dir='ltr'>est,</span> <span class='ocrx_word' id='word_1_116' title='bbox 185 1150 378 1201; x_wconf 73' lang='lat' dir='ltr'>expedire</span> <span class='ocrx_word' id='word_1_117' title='bbox 411 1149 517 1186; x_wconf 83' lang='lat' dir='ltr'>hanc</span> <span class='ocrx_word' id='word_1_118' title='bbox 537 1145 837 1184; x_wconf 81' lang='lat' dir='ltr'>inhabilitatem</span> <span class='ocrx_word' id='word_1_119' title='bbox 869 1145 1025 1184; x_wconf 82' lang='lat' dir='ltr'>addere</span> <span class='ocrx_word' id='word_1_120' title='bbox 1046 1149 1118 1184; x_wconf 87' lang='lat' dir='ltr'>aut</span> 
     </span>
     <span class='ocr_line' id='line_1_25' title="bbox 85 1206 1117 1260; baseline -0.008 -7"><span class='ocrx_word' id='word_1_121' title='bbox 85 1212 311 1255; x_wconf 83' lang='lat' dir='ltr'>declarare,</span> <span class='ocrx_word' id='word_1_122' title='bbox 326 1210 603 1260; x_wconf 77' lang='lat' dir='ltr'>praeterquam</span> <span class='ocrx_word' id='word_1_123' title='bbox 613 1208 804 1255; x_wconf 87' lang='lat' dir='ltr'>respectu</span> <span class='ocrx_word' id='word_1_124' title='bbox 819 1206 1117 1255; x_wconf 84' lang='lat' dir='ltr'>Carthusiae,ut</span> 
     </span>
     <span class='ocr_line' id='line_1_26' title="bbox 87 1266 1117 1317; baseline -0.007 -4"><span class='ocrx_word' id='word_1_125' title='bbox 87 1274 146 1314; x_wconf 89' lang='lat' dir='ltr'>sic</span> <span class='ocrx_word' id='word_1_126' title='bbox 161 1269 433 1315; x_wconf 79' lang='lat' dir='ltr'>indemnitati,</span> <span class='ocrx_word' id='word_1_127' title='bbox 445 1266 733 1317; x_wconf 79' lang='lat' dir='ltr'>tranquillitati</span> <span class='ocrx_word' id='word_1_128' title='bbox 753 1270 793 1304; x_wconf 90' lang='lat' dir='ltr'>et</span> <span class='ocrx_word' id='word_1_129' title='bbox 811 1266 1117 1306; x_wconf 81' lang='lat' dir='ltr'>conservationi</span> 
     </span>
     <span class='ocr_line' id='line_1_27' title="bbox 85 1327 1118 1377; baseline -0.009 -1"><span class='ocrx_word' id='word_1_130' title='bbox 85 1333 296 1376; x_wconf 81' lang='lat' dir='ltr'>Societatis</span> <span class='ocrx_word' id='word_1_131' title='bbox 324 1329 625 1377; x_wconf 85' lang='lat' dir='ltr'>consuleretur,</span> <span class='ocrx_word' id='word_1_132' title='bbox 648 1332 694 1367; x_wconf 88' lang='lat' dir='ltr'>ut</span> <span class='ocrx_word' id='word_1_133' title='bbox 719 1328 813 1369; x_wconf 87' lang='lat' dir='ltr'>Pius</span> <span class='ocrx_word' id='word_1_134' title='bbox 829 1328 882 1366; x_wconf 94' lang='lat' dir='ltr'>IV</span> <span class='ocrx_word' id='word_1_135' title='bbox 899 1331 939 1367; x_wconf 89' lang='lat' dir='ltr'>et</span> <span class='ocrx_word' id='word_1_136' title='bbox 966 1327 1061 1367; x_wconf 90' lang='lat' dir='ltr'>Pius</span> <span class='ocrx_word' id='word_1_137' title='bbox 1085 1328 1118 1367; x_wconf 92' lang='lat' dir='ltr'>V</span> 
     </span>
     <span class='ocr_line' id='line_1_28' title="bbox 83 1389 1119 1440; baseline -0.007 -6"><span class='ocrx_word' id='word_1_138' title='bbox 83 1396 126 1435; x_wconf 85' lang='lat' dir='ltr'>in</span> <span class='ocrx_word' id='word_1_139' title='bbox 141 1406 214 1434; x_wconf 82' lang='lat' dir='ltr'>sua</span> <span class='ocrx_word' id='word_1_140' title='bbox 234 1392 346 1432; x_wconf 86' lang='lat' dir='ltr'>bulla</span> <span class='ocrx_word' id='word_1_141' title='bbox 361 1393 604 1430; x_wconf 86' lang='lat' dir='ltr'>statuerunt.</span> <span class='ocrx_word' id='word_1_142' title='bbox 619 1390 677 1428; x_wconf 85' lang='lat' dir='ltr'>Ita</span> <span class='ocrx_word' id='word_1_143' title='bbox 690 1401 804 1440; x_wconf 86' lang='lat' dir='ltr'>ergo,</span> <span class='ocrx_word' id='word_1_144' title='bbox 818 1389 885 1427; x_wconf 90' lang='lat' dir='ltr'>vel</span> <span class='ocrx_word' id='word_1_145' title='bbox 906 1392 1016 1428; x_wconf 88' lang='lat' dir='ltr'>certe</span> <span class='ocrx_word' id='word_1_146' title='bbox 1031 1401 1119 1428; x_wconf 91' lang='lat' dir='ltr'>ma-</span> 
     </span>
     <span class='ocr_line' id='line_1_29' title="bbox 79 1450 1119 1508; baseline -0.006 -13"><span class='ocrx_word' id='word_1_147' title='bbox 79 1456 161 1508; x_wconf 79' lang='lat' dir='ltr'>J&#39;ori</span> <span class='ocrx_word' id='word_1_148' title='bbox 192 1455 351 1493; x_wconf 87' lang='lat' dir='ltr'>ratione</span> <span class='ocrx_word' id='word_1_149' title='bbox 388 1451 613 1503; x_wconf 86' lang='lat' dir='ltr'>expediens</span> <span class='ocrx_word' id='word_1_150' title='bbox 646 1451 724 1490; x_wconf 89' lang='lat' dir='ltr'>fuit</span> <span class='ocrx_word' id='word_1_151' title='bbox 748 1451 856 1489; x_wconf 88' lang='lat' dir='ltr'>hanc</span> <span class='ocrx_word' id='word_1_152' title='bbox 882 1450 1119 1489; x_wconf 86' lang='lat' dir='ltr'>inhabilita-</span> 
     </span>
     <span class='ocr_line' id='line_1_30' title="bbox 84 1511 1118 1562; baseline -0.007 -6"><span class='ocrx_word' id='word_1_153' title='bbox 84 1520 167 1556; x_wconf 81' lang='lat' dir='ltr'>tem</span> <span class='ocrx_word' id='word_1_154' title='bbox 184 1515 237 1554; x_wconf 86' lang='lat' dir='ltr'>ad</span> <span class='ocrx_word' id='word_1_155' title='bbox 255 1513 565 1553; x_wconf 81' lang='lat' dir='ltr'>matrimonium</span> <span class='ocrx_word' id='word_1_156' title='bbox 595 1511 763 1559; x_wconf 80' lang='lat' dir='ltr'>addere,</span> <span class='ocrx_word' id='word_1_157' title='bbox 786 1512 882 1561; x_wconf 83' lang='lat' dir='ltr'>quia</span> <span class='ocrx_word' id='word_1_158' title='bbox 902 1512 1036 1562; x_wconf 86' lang='lat' dir='ltr'>magis</span> <span class='ocrx_word' id='word_1_159' title='bbox 1054 1512 1118 1549; x_wconf 91' lang='lat' dir='ltr'>in-</span> 
     </span>
     <span class='ocr_line' id='line_1_31' title="bbox 83 1573 1119 1624; baseline -0.008 -6"><span class='ocrx_word' id='word_1_160' title='bbox 83 1577 237 1619; x_wconf 77' lang='lat' dir='ltr'>decens</span> <span class='ocrx_word' id='word_1_161' title='bbox 253 1580 315 1616; x_wconf 82' lang='lat' dir='ltr'>est</span> <span class='ocrx_word' id='word_1_162' title='bbox 341 1587 366 1614; x_wconf 85' lang='lat' dir='ltr'>a</span> <span class='ocrx_word' id='word_1_163' title='bbox 385 1579 493 1614; x_wconf 85' lang='lat' dir='ltr'>statu</span> <span class='ocrx_word' id='word_1_164' title='bbox 513 1574 706 1624; x_wconf 88' lang='lat' dir='ltr'>religioso</span> <span class='ocrx_word' id='word_1_165' title='bbox 731 1573 785 1612; x_wconf 89' lang='lat' dir='ltr'>ad</span> <span class='ocrx_word' id='word_1_166' title='bbox 803 1573 1119 1611; x_wconf 76' lang='lat' dir='ltr'>matrimonium</span> 
     </span>
     <span class='ocr_line' id='line_1_32' title="bbox 83 1634 1120 1686; baseline -0.006 -9"><span class='ocrx_word' id='word_1_167' title='bbox 83 1638 273 1686; x_wconf 83' lang='lat' dir='ltr'>transire,</span> <span class='ocrx_word' id='word_1_168' title='bbox 307 1639 346 1675; x_wconf 86' lang='lat' dir='ltr'>et</span> <span class='ocrx_word' id='word_1_169' title='bbox 364 1637 498 1686; x_wconf 88' lang='lat' dir='ltr'>majus</span> <span class='ocrx_word' id='word_1_170' title='bbox 522 1634 762 1673; x_wconf 87' lang='lat' dir='ltr'>scandalum</span> <span class='ocrx_word' id='word_1_171' title='bbox 781 1639 968 1685; x_wconf 85' lang='lat' dir='ltr'>generat,</span> <span class='ocrx_word' id='word_1_172' title='bbox 991 1638 1031 1672; x_wconf 87' lang='lat' dir='ltr'>et</span> <span class='ocrx_word' id='word_1_173' title='bbox 1062 1634 1120 1672; x_wconf 86' lang='lat' dir='ltr'>fa-</span> 
     </span>
     <span class='ocr_line' id='line_1_33' title="bbox 84 1695 1116 1750; baseline -0.003 -11"><span class='ocrx_word' id='word_1_174' title='bbox 84 1699 202 1739; x_wconf 87' lang='lat' dir='ltr'>cilius</span> <span class='ocrx_word' id='word_1_175' title='bbox 222 1702 357 1750; x_wconf 88' lang='lat' dir='ltr'>potest</span> <span class='ocrx_word' id='word_1_176' title='bbox 377 1697 662 1749; x_wconf 88' lang='lat' dir='ltr'>religiosorum</span> <span class='ocrx_word' id='word_1_177' title='bbox 683 1695 843 1734; x_wconf 89' lang='lat' dir='ltr'>animos</span> <span class='ocrx_word' id='word_1_178' title='bbox 857 1696 1116 1747; x_wconf 85' lang='lat' dir='ltr'>perturbare.</span> 
     </span>
     <span class='ocr_line' id='line_1_34' title="bbox 83 1756 1121 1812; baseline -0.007 -11"><span class='ocrx_word' id='word_1_179' title='bbox 83 1761 285 1812; x_wconf 88' lang='lat' dir='ltr'>Denique,</span> <span class='ocrx_word' id='word_1_180' title='bbox 306 1771 399 1798; x_wconf 90' lang='lat' dir='ltr'>cum</span> <span class='ocrx_word' id='word_1_181' title='bbox 432 1758 640 1797; x_wconf 90' lang='lat' dir='ltr'>vinculum</span> <span class='ocrx_word' id='word_1_182' title='bbox 661 1759 739 1796; x_wconf 97' lang='grc'>1100</span> <span class='ocrx_word' id='word_1_183' title='bbox 776 1761 905 1795; x_wconf 88' lang='lat' dir='ltr'>status</span> <span class='ocrx_word' id='word_1_184' title='bbox 937 1756 1121 1807; x_wconf 83' lang='lat' dir='ltr'>religiosi</span> 
     </span>
     <span class='ocr_line' id='line_1_35' title="bbox 83 1818 1120 1872; baseline -0.008 -10"><span class='ocrx_word' id='word_1_185' title='bbox 83 1822 135 1862; x_wconf 81' lang='lat' dir='ltr'>sit</span> <span class='ocrx_word' id='word_1_186' title='bbox 176 1820 384 1872; x_wconf 84' lang='lat' dir='ltr'>quoddam</span> <span class='ocrx_word' id='word_1_187' title='bbox 423 1819 732 1858; x_wconf 82' lang='lat' dir='ltr'>matrimonium</span> <span class='ocrx_word' id='word_1_188' title='bbox 769 1818 981 1869; x_wconf 79' lang='lat' dir='ltr'>spirituale</span> <span class='ocrx_word' id='word_1_189' title='bbox 1025 1828 1120 1855; x_wconf 88' lang='lat' dir='ltr'>cum</span> 
     </span>
     <span class='ocr_line' id='line_1_36' title="bbox 82 1881 1121 1930; baseline -0.007 -7"><span class='ocrx_word' id='word_1_190' title='bbox 82 1882 254 1930; x_wconf 84' lang='lat' dir='ltr'>Christo,</span> <span class='ocrx_word' id='word_1_191' title='bbox 277 1882 437 1927; x_wconf 90' lang='lat' dir='ltr'>merito,</span> <span class='ocrx_word' id='word_1_192' title='bbox 460 1881 559 1919; x_wconf 89' lang='lat' dir='ltr'>dum</span> <span class='ocrx_word' id='word_1_193' title='bbox 590 1881 631 1918; x_wconf 90' lang='lat' dir='ltr'>in</span> <span class='ocrx_word' id='word_1_194' title='bbox 670 1892 720 1918; x_wconf 91' lang='lat' dir='ltr'>eo</span> <span class='ocrx_word' id='word_1_195' title='bbox 747 1883 857 1918; x_wconf 83' lang='lat' dir='ltr'>statu</span> <span class='ocrx_word' id='word_1_196' title='bbox 880 1882 1121 1930; x_wconf 85' lang='lat' dir='ltr'>perseverat</span> 
     </span>
     <span class='ocr_line' id='line_1_37' title="bbox 82 1939 1122 1996; baseline -0.006 -13"><span class='ocrx_word' id='word_1_197' title='bbox 82 1945 190 1996; x_wconf 86' lang='lat' dir='ltr'>quis,</span> <span class='ocrx_word' id='word_1_198' title='bbox 206 1943 262 1982; x_wconf 87' lang='lat' dir='ltr'>ad</span> <span class='ocrx_word' id='word_1_199' title='bbox 287 1942 597 1982; x_wconf 82' lang='lat' dir='ltr'>matrimonium</span> <span class='ocrx_word' id='word_1_200' title='bbox 615 1940 786 1979; x_wconf 84' lang='lat' dir='ltr'>inferius</span> <span class='ocrx_word' id='word_1_201' title='bbox 805 1940 1001 1979; x_wconf 88' lang='lat' dir='ltr'>inhabilis</span> <span class='ocrx_word' id='word_1_202' title='bbox 1030 1939 1122 1978; x_wconf 85' lang='lat' dir='ltr'>red·</span> 
     </span>
     <span class='ocr_line' id='line_1_38' title="bbox 83 2005 207 2047; baseline -0.032 0"><span class='ocrx_word' id='word_1_203' title='bbox 83 2005 207 2047; x_wconf 83' lang='lat' dir='ltr'>ditur.</span> 
     </span>
    </p>

    <p class='ocr_par' dir='ltr' id='par_1_10' title="bbox 85 2063 1130 2910">
     <span class='ocr_line' id='line_1_39' title="bbox 138 2063 1121 2116; baseline -0.006 -8"><span class='ocrx_word' id='word_1_204' title='bbox 138 2070 202 2108; x_wconf 82' lang='grc'>11.</span> <span class='ocrx_word' id='word_1_205' title='bbox 221 2067 394 2107; x_wconf 75' lang='lat' dir='ltr'>Dubium</span> <span class='ocrx_word' id='word_1_206' title='bbox 411 2066 596 2113; x_wconf 80' lang='lat' dir='ltr'>alterum,</span> <span class='ocrx_word' id='word_1_207' title='bbox 610 2076 663 2104; x_wconf 81' lang='lat' dir='ltr'>au</span> <span class='ocrx_word' id='word_1_208' title='bbox 674 2063 805 2116; x_wconf 71' lang='lat' dir='ltr'>proedi</span> <span class='ocrx_word' id='word_1_209' title='bbox 810 2067 912 2103; x_wconf 83' lang='lat' dir='ltr'>ctum</span> <span class='ocrx_word' id='word_1_210' title='bbox 923 2063 1121 2103; x_wconf 80' lang='lat' dir='ltr'>decretum</span> 
     </span>
     <span class='ocr_line' id='line_1_40' title="bbox 85 2124 1124 2179; baseline -0.008 -9"><span class='ocrx_word' id='word_1_211' title='bbox 85 2126 412 2179; x_wconf 70' lang='lat' dir='ltr'>comprehenderit</span> <span class='ocrx_word' id='word_1_212' title='bbox 426 2137 616 2178; x_wconf 71' lang='lat' dir='ltr'>personas</span> <span class='ocrx_word' id='word_1_213' title='bbox 631 2124 723 2177; x_wconf 76' lang='lat' dir='ltr'>jam</span> <span class='ocrx_word' id='word_1_214' title='bbox 742 2127 837 2164; x_wconf 76' lang='lat' dir='ltr'>tunc</span> <span class='ocrx_word' id='word_1_215' title='bbox 856 2125 1068 2164; x_wconf 74' lang='lat' dir='ltr'>existentes</span> <span class='ocrx_word' id='word_1_216' title='bbox 1080 2124 1124 2162; x_wconf 78' lang='lat' dir='ltr'>in</span> 
     </span>
     <span class='ocr_line' id='line_1_41' title="bbox 90 2185 1127 2239; baseline -0.006 -8"><span class='ocrx_word' id='word_1_217' title='bbox 90 2188 599 2231; x_wconf 56' lang='lat' dir='ltr'>Secutum—Resolvitur</span> <span class='ocrx_word' id='word_1_218' title='bbox 614 2198 715 2239; x_wconf 71' lang='lat' dir='ltr'>pars</span> <span class='ocrx_word' id='word_1_219' title='bbox 736 2186 1009 2235; x_wconf 74' lang='lat' dir='ltr'>affirmativa,</span> <span class='ocrx_word' id='word_1_220' title='bbox 1022 2185 1127 2238; x_wconf 80' lang='lat' dir='ltr'>quod</span> 
     </span>
     <span class='ocr_line' id='line_1_42' title="bbox 85 2247 1123 2303; baseline -0.005 -13"><span class='ocrx_word' id='word_1_221' title='bbox 85 2250 239 2303; x_wconf 73' lang='lat' dir='ltr'>potueri</span> <span class='ocrx_word' id='word_1_222' title='bbox 244 2250 389 2290; x_wconf 71' lang='lat' dir='ltr'>tPonti</span> <span class='ocrx_word' id='word_1_223' title='bbox 392 2251 461 2299; x_wconf 72' lang='lat' dir='ltr'>fea:</span> <span class='ocrx_word' id='word_1_224' title='bbox 473 2261 537 2289; x_wconf 76' lang='lat' dir='ltr'>eas</span> <span class='ocrx_word' id='word_1_225' title='bbox 549 2247 1014 2300; x_wconf 45' lang='lat' dir='ltr'>conprehendere—Hic</span> <span class='ocrx_word' id='word_1_226' title='bbox 1026 2258 1123 2285; x_wconf 90' lang='lat' dir='ltr'>vero</span> 
     </span>
     <span class='ocr_line' id='line_1_43' title="bbox 89 2307 1124 2362; baseline -0.005 -11"><span class='ocrx_word' id='word_1_227' title='bbox 89 2310 266 2362; x_wconf 87' lang='lat' dir='ltr'>inquiret</span> <span class='ocrx_word' id='word_1_228' title='bbox 286 2310 449 2361; x_wconf 88' lang='lat' dir='ltr'>aliquis,</span> <span class='ocrx_word' id='word_1_229' title='bbox 475 2322 528 2348; x_wconf 87' lang='lat' dir='ltr'>an</span> <span class='ocrx_word' id='word_1_230' title='bbox 549 2322 623 2360; x_wconf 87' lang='lat' dir='ltr'>per</span> <span class='ocrx_word' id='word_1_231' title='bbox 646 2309 747 2348; x_wconf 91' lang='lat' dir='ltr'>illud</span> <span class='ocrx_word' id='word_1_232' title='bbox 766 2309 952 2360; x_wconf 84' lang='lat' dir='ltr'>Gregorii</span> <span class='ocrx_word' id='word_1_233' title='bbox 982 2307 1124 2347; x_wconf 88' lang='lat' dir='ltr'>decre-</span> 
     </span>
     <span class='ocr_line' id='line_1_44' title="bbox 87 2370 1125 2422; baseline -0.006 -9"><span class='ocrx_word' id='word_1_234' title='bbox 87 2376 178 2413; x_wconf 87' lang='lat' dir='ltr'>tum</span> <span class='ocrx_word' id='word_1_235' title='bbox 194 2371 287 2410; x_wconf 86' lang='lat' dir='ltr'>facti</span> <span class='ocrx_word' id='word_1_236' title='bbox 310 2371 389 2410; x_wconf 88' lang='lat' dir='ltr'>sint</span> <span class='ocrx_word' id='word_1_237' title='bbox 405 2371 599 2422; x_wconf 89' lang='lat' dir='ltr'>ipsojure</span> <span class='ocrx_word' id='word_1_238' title='bbox 618 2370 823 2409; x_wconf 88' lang='lat' dir='ltr'>inhabiles</span> <span class='ocrx_word' id='word_1_239' title='bbox 841 2370 893 2408; x_wconf 88' lang='lat' dir='ltr'>ad</span> <span class='ocrx_word' id='word_1_240' title='bbox 909 2370 1125 2408; x_wconf 89' lang='lat' dir='ltr'>matrimo-</span> 
     </span>
     <span class='ocr_line' id='line_1_45' title="bbox 88 2430 1125 2482; baseline -0.003 -11"><span class='ocrx_word' id='word_1_241' title='bbox 88 2434 205 2472; x_wconf 85' lang='lat' dir='ltr'>nium</span> <span class='ocrx_word' id='word_1_242' title='bbox 242 2432 463 2479; x_wconf 87' lang='lat' dir='ltr'>scholares,</span> <span class='ocrx_word' id='word_1_243' title='bbox 485 2432 554 2482; x_wconf 89' lang='lat' dir='ltr'>qui</span> <span class='ocrx_word' id='word_1_244' title='bbox 580 2432 667 2481; x_wconf 88' lang='lat' dir='ltr'>jam</span> <span class='ocrx_word' id='word_1_245' title='bbox 706 2435 801 2470; x_wconf 88' lang='lat' dir='ltr'>vota</span> <span class='ocrx_word' id='word_1_246' title='bbox 841 2431 883 2469; x_wconf 89' lang='lat' dir='ltr'>in</span> <span class='ocrx_word' id='word_1_247' title='bbox 920 2430 1125 2469; x_wconf 86' lang='lat' dir='ltr'>Societate</span> 
     </span>
     <span class='ocr_line' id='line_1_46' title="bbox 91 2491 1123 2542; baseline -0.005 -9"><span class='ocrx_word' id='word_1_248' title='bbox 91 2493 326 2533; x_wconf 85' lang='lat' dir='ltr'>emiserant.</span> <span class='ocrx_word' id='word_1_249' title='bbox 350 2494 466 2539; x_wconf 85' lang='lat' dir='ltr'>Nam,</span> <span class='ocrx_word' id='word_1_250' title='bbox 493 2503 588 2531; x_wconf 88' lang='lat' dir='ltr'>cum</span> <span class='ocrx_word' id='word_1_251' title='bbox 616 2491 692 2542; x_wconf 88' lang='lat' dir='ltr'>ipsi</span> <span class='ocrx_word' id='word_1_252' title='bbox 711 2491 791 2529; x_wconf 87' lang='grc'>1100</span> <span class='ocrx_word' id='word_1_253' title='bbox 811 2503 894 2528; x_wconf 91' lang='lat' dir='ltr'>non</span> <span class='ocrx_word' id='word_1_254' title='bbox 914 2491 1123 2537; x_wconf 85' lang='lat' dir='ltr'>voverint,</span> 
     </span>
     <span class='ocr_line' id='line_1_47' title="bbox 89 2551 1124 2606; baseline -0.004 -13"><span class='ocrx_word' id='word_1_255' title='bbox 89 2567 224 2606; x_wconf 86' lang='lat' dir='ltr'>neque</span> <span class='ocrx_word' id='word_1_256' title='bbox 244 2553 509 2600; x_wconf 87' lang='lat' dir='ltr'>intenderint,</span> <span class='ocrx_word' id='word_1_257' title='bbox 527 2553 695 2604; x_wconf 90' lang='lat' dir='ltr'>quando</span> <span class='ocrx_word' id='word_1_258' title='bbox 713 2552 928 2603; x_wconf 85' lang='lat' dir='ltr'>approbati</span> <span class='ocrx_word' id='word_1_259' title='bbox 943 2551 1124 2597; x_wconf 84' lang='lat' dir='ltr'>fuerunt,</span> 
     </span>
     <span class='ocr_line' id='line_1_48' title="bbox 90 2613 1126 2661; baseline -0.005 -6"><span class='ocrx_word' id='word_1_260' title='bbox 90 2615 167 2656; x_wconf 87' lang='lat' dir='ltr'>nisi</span> <span class='ocrx_word' id='word_1_261' title='bbox 203 2615 254 2654; x_wconf 89' lang='lat' dir='ltr'>de</span> <span class='ocrx_word' id='word_1_262' title='bbox 275 2626 380 2653; x_wconf 89' lang='lat' dir='ltr'>novo</span> <span class='ocrx_word' id='word_1_263' title='bbox 416 2614 710 2661; x_wconf 78' lang='lat' dir='ltr'>consentirent,</span> <span class='ocrx_word' id='word_1_264' title='bbox 734 2618 774 2651; x_wconf 87' lang='lat' dir='ltr'>et</span> <span class='ocrx_word' id='word_1_265' title='bbox 793 2617 887 2651; x_wconf 88' lang='lat' dir='ltr'>vota</span> <span class='ocrx_word' id='word_1_266' title='bbox 909 2625 984 2651; x_wconf 88' lang='lat' dir='ltr'>sua</span> <span class='ocrx_word' id='word_1_267' title='bbox 1015 2613 1057 2650; x_wconf 92' lang='lat' dir='ltr'>in</span> <span class='ocrx_word' id='word_1_268' title='bbox 1078 2624 1126 2651; x_wconf 92' lang='lat' dir='ltr'>eo</span> 
     </span>
     <span class='ocr_line' id='line_1_49' title="bbox 91 2675 1127 2730; baseline -0.003 -13"><span class='ocrx_word' id='word_1_269' title='bbox 91 2677 221 2730; x_wconf 85' lang='lat' dir='ltr'>gradu</span> <span class='ocrx_word' id='word_1_270' title='bbox 235 2684 323 2715; x_wconf 86' lang='lat' dir='ltr'>rata</span> <span class='ocrx_word' id='word_1_271' title='bbox 343 2676 560 2724; x_wconf 86' lang='lat' dir='ltr'>haberent,</span> <span class='ocrx_word' id='word_1_272' title='bbox 580 2688 663 2714; x_wconf 89' lang='lat' dir='ltr'>non</span> <span class='ocrx_word' id='word_1_273' title='bbox 693 2675 934 2713; x_wconf 87' lang='lat' dir='ltr'>viderentur</span> <span class='ocrx_word' id='word_1_274' title='bbox 944 2675 1127 2725; x_wconf 86' lang='lat' dir='ltr'>potuisse</span> 
     </span>
     <span class='ocr_line' id='line_1_50' title="bbox 90 2734 1126 2788; baseline -0.006 -9"><span class='ocrx_word' id='word_1_275' title='bbox 90 2740 239 2780; x_wconf 84' lang='lat' dir='ltr'>virtute</span> <span class='ocrx_word' id='word_1_276' title='bbox 257 2734 382 2778; x_wconf 83' lang='lat' dir='ltr'>soiius</span> <span class='ocrx_word' id='word_1_277' title='bbox 395 2738 633 2777; x_wconf 78' lang='lat' dir='ltr'>extrinsecae</span> <span class='ocrx_word' id='word_1_278' title='bbox 647 2737 751 2788; x_wconf 88' lang='lat' dir='ltr'>legis</span> <span class='ocrx_word' id='word_1_279' title='bbox 769 2736 975 2774; x_wconf 86' lang='lat' dir='ltr'>inhabiles</span> <span class='ocrx_word' id='word_1_280' title='bbox 992 2735 1126 2787; x_wconf 80' lang='lat' dir='ltr'>reddi3</span> 
     </span>
     <span class='ocr_line' id='line_1_51' title="bbox 92 2797 1128 2854; baseline -0.006 -13"><span class='ocrx_word' id='word_1_281' title='bbox 92 2801 317 2854; x_wconf 83' lang='lat' dir='ltr'>praesertim</span> <span class='ocrx_word' id='word_1_282' title='bbox 330 2800 426 2850; x_wconf 89' lang='lat' dir='ltr'>quia</span> <span class='ocrx_word' id='word_1_283' title='bbox 449 2800 563 2850; x_wconf 89' lang='lat' dir='ltr'>leges</span> <span class='ocrx_word' id='word_1_284' title='bbox 585 2811 666 2837; x_wconf 90' lang='lat' dir='ltr'>non</span> <span class='ocrx_word' id='word_1_285' title='bbox 688 2797 916 2848; x_wconf 86' lang='lat' dir='ltr'>respiciunt</span> <span class='ocrx_word' id='word_1_286' title='bbox 945 2798 1128 2848; x_wconf 81' lang='lat' dir='ltr'>praeteri-</span> 
     </span>
     <span class='ocr_line' id='line_1_52' title="bbox 94 2858 1130 2910; baseline -0.004 -9"><span class='ocrx_word' id='word_1_287' title='bbox 94 2865 152 2910; x_wconf 85' lang='lat' dir='ltr'>ta,</span> <span class='ocrx_word' id='word_1_288' title='bbox 174 2861 247 2900; x_wconf 87' lang='lat' dir='ltr'>sed</span> <span class='ocrx_word' id='word_1_289' title='bbox 274 2861 426 2910; x_wconf 82' lang='lat' dir='ltr'>futura,</span> <span class='ocrx_word' id='word_1_290' title='bbox 450 2873 485 2900; x_wconf 92' lang='lat' dir='ltr'>c.</span> <span class='ocrx_word' id='word_1_291' title='bbox 509 2863 548 2908; x_wconf 66' lang='grc' dir='ltr'>Ξ,</span> <span class='ocrx_word' id='word_1_292' title='bbox 567 2859 618 2900; x_wconf 88' lang='lat' dir='ltr'>de</span> <span class='ocrx_word' id='word_1_293' title='bbox 639 2859 826 2905; x_wconf 85' lang='lat' dir='ltr'>Constit.,</span> <span class='ocrx_word' id='word_1_294' title='bbox 845 2858 957 2897; x_wconf 90' lang='lat' dir='ltr'>unde</span> <span class='ocrx_word' id='word_1_295' title='bbox 991 2859 1130 2909; x_wconf 88' lang='lat' dir='ltr'>(quid-</span> 
     </span>
    </p>
   </div>
   <div class='ocr_carea' id='block_1_10' title="bbox 23 2921 1129 3040">
    <p class='ocr_par' dir='ltr' id='par_1_11' title="bbox 23 2921 1129 3040">
     <span class='ocr_line' id='line_1_53' title="bbox 95 2921 1129 2976; baseline -0.006 -13"><span class='ocrx_word' id='word_1_296' title='bbox 95 2921 196 2976; x_wconf 86' lang='lat' dir='ltr'>quid</span> <span class='ocrx_word' id='word_1_297' title='bbox 233 2923 282 2963; x_wconf 81' lang='lat' dir='ltr'>sit</span> <span class='ocrx_word' id='word_1_298' title='bbox 317 2923 368 2962; x_wconf 87' lang='lat' dir='ltr'>de</span> <span class='ocrx_word' id='word_1_299' title='bbox 402 2923 633 2974; x_wconf 85' lang='lat' dir='ltr'>potestate)</span> <span class='ocrx_word' id='word_1_300' title='bbox 667 2921 718 2960; x_wconf 88' lang='lat' dir='ltr'>de</span> <span class='ocrx_word' id='word_1_301' title='bbox 753 2921 860 2959; x_wconf 86' lang='lat' dir='ltr'>facto</span> <span class='ocrx_word' id='word_1_302' title='bbox 896 2933 977 2959; x_wconf 91' lang='lat' dir='ltr'>non</span> <span class='ocrx_word' id='word_1_303' title='bbox 1015 2921 1129 2958; x_wconf 86' lang='lat' dir='ltr'>vide-</span> 
     </span>
     <span class='ocr_line' id='line_1_54' title="bbox 23 2970 1129 3040; baseline 0 -18"><span class='ocrx_word' id='word_1_304' title='bbox 23 2970 165 3040; x_wconf 48' lang='lat' dir='ltr'>&#39;‘⁸er</span> <span class='ocrx_word' id='word_1_305' title='bbox 186 2985 266 3023; x_wconf 88' lang='lat' dir='ltr'>hoc</span> <span class='ocrx_word' id='word_1_306' title='bbox 301 2984 511 3024; x_wconf 88' lang='lat' dir='ltr'>decretum</span> <span class='ocrx_word' id='word_1_307' title='bbox 539 2984 633 3023; x_wconf 80' lang='lat' dir='ltr'>illas</span> <span class='ocrx_word' id='word_1_308' title='bbox 666 2994 867 3035; x_wconf 86' lang='lat' dir='ltr'>personas</span> <span class='ocrx_word' id='word_1_309' title='bbox 896 2981 1129 3022; x_wconf 88' lang='lat' dir='ltr'>reddidisse</span> 
     </span>
    </p>
   </div>
   <div class='ocr_carea' id='block_1_11' title="bbox 70 3037 1141 3401">
    <p class='ocr_par' dir='ltr' id='par_1_12' title="bbox 70 3037 1141 3401">
     <span class='ocr_line' id='line_1_55' title="bbox 70 3037 1131 3094; baseline -0.003 -9"><span class='ocrx_word' id='word_1_310' title='bbox 70 3037 315 3085; x_wconf 37' lang='lat' dir='ltr'>&#39;stiuhabites</span> <span class='ocrx_word' id='word_1_311' title='bbox 336 3045 454 3092; x_wconf 84' lang='lat' dir='ltr'>Quod</span> <span class='ocrx_word' id='word_1_312' title='bbox 481 3045 605 3085; x_wconf 89' lang='lat' dir='ltr'>etiam</span> <span class='ocrx_word' id='word_1_313' title='bbox 637 3044 919 3091; x_wconf 88' lang='lat' dir='ltr'>confirmatur,</span> <span class='ocrx_word' id='word_1_314' title='bbox 942 3043 1038 3094; x_wconf 87' lang='lat' dir='ltr'>quia</span> <span class='ocrx_word' id='word_1_315' title='bbox 1063 3044 1131 3083; x_wconf 83' lang='lat' dir='ltr'>lex</span> 
     </span>
     <span class='ocr_line' id='line_1_56' title="bbox 103 3104 1132 3158; baseline -0.002 -12"><span class='ocrx_word' id='word_1_316' title='bbox 103 3104 412 3146; x_wconf 80' lang='lat' dir='ltr'>irritans-habet</span> <span class='ocrx_word' id='word_1_317' title='bbox 431 3106 514 3147; x_wconf 83' lang='lat' dir='ltr'>vim</span> <span class='ocrx_word' id='word_1_318' title='bbox 540 3106 643 3158; x_wconf 86' lang='lat' dir='ltr'>legis</span> <span class='ocrx_word' id='word_1_319' title='bbox 671 3105 863 3157; x_wconf 74' lang='lat' dir='ltr'>poenalis,</span> <span class='ocrx_word' id='word_1_320' title='bbox 883 3105 1002 3156; x_wconf 88' lang='lat' dir='ltr'>juxta</span> <span class='ocrx_word' id='word_1_321' title='bbox 1022 3104 1132 3156; x_wconf 86' lang='lat' dir='ltr'>glos-</span> 
     </span>
     <span class='ocr_line' id='line_1_57' title="bbox 106 3166 1131 3218; baseline 0 -14"><span class='ocrx_word' id='word_1_322' title='bbox 106 3177 196 3205; x_wconf 85' lang='lat' dir='ltr'>sam</span> <span class='ocrx_word' id='word_1_323' title='bbox 220 3166 264 3204; x_wconf 88' lang='lat' dir='ltr'>in</span> <span class='ocrx_word' id='word_1_324' title='bbox 280 3178 369 3218; x_wconf 85' lang='lat' dir='ltr'>cap.</span> <span class='ocrx_word' id='word_1_325' title='bbox 391 3168 522 3216; x_wconf 78' lang='lat' dir='ltr'>Decet,</span> <span class='ocrx_word' id='word_1_326' title='bbox 541 3167 592 3207; x_wconf 84' lang='lat' dir='ltr'>de</span> <span class='ocrx_word' id='word_1_327' title='bbox 611 3167 820 3207; x_wconf 87' lang='lat' dir='ltr'>Immunit.</span> <span class='ocrx_word' id='word_1_328' title='bbox 840 3166 1014 3214; x_wconf 70' lang='lat' dir='ltr'>Eccles,</span> <span class='ocrx_word' id='word_1_329' title='bbox 1029 3166 1071 3204; x_wconf 93' lang='lat' dir='ltr'>in</span> <span class='ocrx_word' id='word_1_330' title='bbox 1090 3167 1131 3213; x_wconf 86' lang='grc'>6,</span> 
     </span>
     <span class='ocr_line' id='line_1_58' title="bbox 107 3226 1136 3281; baseline 0.001 -16"><span class='ocrx_word' id='word_1_331' title='bbox 107 3226 234 3266; x_wconf 89' lang='lat' dir='ltr'>verbo</span> <span class='ocrx_word' id='word_1_332' title='bbox 263 3227 491 3276; x_wconf 73' lang='lat' dir='ltr'>Processus,</span> <span class='ocrx_word' id='word_1_333' title='bbox 512 3229 566 3268; x_wconf 86' lang='lat' dir='ltr'>de</span> <span class='ocrx_word' id='word_1_334' title='bbox 586 3241 668 3281; x_wconf 89' lang='lat' dir='ltr'>quo</span> <span class='ocrx_word' id='word_1_335' title='bbox 695 3229 825 3268; x_wconf 90' lang='lat' dir='ltr'>multa</span> <span class='ocrx_word' id='word_1_336' title='bbox 855 3228 1042 3279; x_wconf 85' lang='lat' dir='ltr'>congerit</span> <span class='ocrx_word' id='word_1_337' title='bbox 1059 3229 1136 3267; x_wconf 83' lang='lat' dir='ltr'>Pa-</span> 
     </span>
     <span class='ocr_line' id='line_1_59' title="bbox 107 3287 1138 3340; baseline 0.001 -13"><span class='ocrx_word' id='word_1_338' title='bbox 107 3287 382 3334; x_wconf 77' lang='lat' dir='ltr'>normitanus,</span> <span class='ocrx_word' id='word_1_339' title='bbox 409 3288 452 3326; x_wconf 87' lang='lat' dir='ltr'>iu</span> <span class='ocrx_word' id='word_1_340' title='bbox 477 3300 570 3340; x_wconf 86' lang='lat' dir='ltr'>cap.</span> <span class='ocrx_word' id='word_1_341' title='bbox 600 3291 641 3338; x_wconf 75' lang='lat'>2,</span> <span class='ocrx_word' id='word_1_342' title='bbox 664 3291 715 3330; x_wconf 89' lang='lat' dir='ltr'>de</span> <span class='ocrx_word' id='word_1_343' title='bbox 735 3289 904 3330; x_wconf 88' lang='lat' dir='ltr'>Constit.</span> <span class='ocrx_word' id='word_1_344' title='bbox 920 3319 932 3337; x_wconf 92' lang='lat'>,</span> <span class='ocrx_word' id='word_1_345' title='bbox 962 3301 1138 3328; x_wconf 89' lang='lat' dir='ltr'>numero</span> 
     </span>
     <span class='ocr_line' id='line_1_60' title="bbox 111 3347 1141 3401; baseline 0.001 -13"><span class='ocrx_word' id='word_1_346' title='bbox 111 3349 272 3400; x_wconf 58' lang='lat' dir='ltr'>Quinto,</span> <span class='ocrx_word' id='word_1_347' title='bbox 296 3352 336 3389; x_wconf 86' lang='lat' dir='ltr'>et</span> <span class='ocrx_word' id='word_1_348' title='bbox 361 3347 417 3387; x_wconf 89' lang='lat' dir='ltr'>ibi</span> <span class='ocrx_word' id='word_1_349' title='bbox 437 3347 588 3388; x_wconf 86' lang='lat' dir='ltr'>additio</span> <span class='ocrx_word' id='word_1_350' title='bbox 606 3351 718 3401; x_wconf 73' lang='lat' dir='ltr'>eius,</span> <span class='ocrx_word' id='word_1_351' title='bbox 746 3352 861 3391; x_wconf 83' lang='lat' dir='ltr'>verb.</span> <span class='ocrx_word' id='word_1_352' title='bbox 890 3350 1141 3391; x_wconf 78' lang='lat' dir='ltr'>Retractatio</span> 
     </span>
    </p>
   </div>
   <div class='ocr_carea' id='block_1_12' title="bbox 64 3409 1142 3464">
    <p class='ocr_par' dir='ltr' id='par_1_13' title="bbox 64 3409 1142 3464">
     <span class='ocr_line' id='line_1_61' title="bbox 64 3409 1142 3464; baseline -0.001 -13"><span class='ocrx_word' id='word_1_353' title='bbox 64 3410 68 3411; x_wconf 46' lang='lat'><em>⁷</em></span> <span class='ocrx_word' id='word_1_354' title='bbox 110 3413 239 3451; x_wconf 76' lang='lat' dir='ltr'>actus.</span> <span class='ocrx_word' id='word_1_355' title='bbox 261 3409 482 3461; x_wconf 81' lang='lat' dir='ltr'>viderique</span> <span class='ocrx_word' id='word_1_356' title='bbox 503 3417 673 3461; x_wconf 84' lang='lat' dir='ltr'>possunt</span> <span class='ocrx_word' id='word_1_357' title='bbox 701 3412 770 3451; x_wconf 86' lang='lat' dir='ltr'>alii</span> <span class='ocrx_word' id='word_1_358' title='bbox 795 3412 906 3464; x_wconf 86' lang='lat' dir='ltr'>apud</span> <span class='ocrx_word' id='word_1_359' title='bbox 930 3412 1142 3460; x_wconf 75' lang='lat' dir='ltr'>Saunium,</span> 
     </span>
    </p>
   </div>
   <div class='ocr_carea' id='block_1_13' title="bbox 110 3468 1148 3586">
    <p class='ocr_par' dir='ltr' id='par_1_14' title="bbox 110 3468 1148 3586">
     <span class='ocr_line' id='line_1_62' title="bbox 110 3468 1145 3522; baseline -0.002 -10"><span class='ocrx_word' id='word_1_360' title='bbox 110 3468 184 3512; x_wconf 64' lang='lat' dir='ltr'>ln).</span> <span class='ocrx_word' id='word_1_361' title='bbox 213 3472 238 3511; x_wconf 86' lang='lat'><strong>3</strong></span> <span class='ocrx_word' id='word_1_362' title='bbox 265 3471 317 3511; x_wconf 86' lang='lat' dir='ltr'>de</span> <span class='ocrx_word' id='word_1_363' title='bbox 346 3471 542 3518; x_wconf 64' lang='lat' dir='ltr'>Matr-im„</span> <span class='ocrx_word' id='word_1_364' title='bbox 559 3470 708 3522; x_wconf 81' lang='lat' dir='ltr'>disput.</span> <span class='ocrx_word' id='word_1_365' title='bbox 736 3474 774 3520; x_wconf 77' lang='lat'>4,</span> <span class='ocrx_word' id='word_1_366' title='bbox 792 3484 817 3511; x_wconf 84' lang='lat' dir='ltr'>a</span> <span class='ocrx_word' id='word_1_367' title='bbox 841 3485 958 3512; x_wconf 90' lang='lat' dir='ltr'>num.</span> <span class='ocrx_word' id='word_1_368' title='bbox 982 3471 1021 3517; x_wconf 87' lang='lat'>8,</span> <span class='ocrx_word' id='word_1_369' title='bbox 1036 3475 1078 3511; x_wconf 87' lang='lat' dir='ltr'>et</span> <span class='ocrx_word' id='word_1_370' title='bbox 1100 3471 1145 3510; x_wconf 89' lang='lat' dir='ltr'>in</span> 
     </span>
     <span class='ocr_line' id='line_1_63' title="bbox 115 3530 1148 3586; baseline -0.002 -12"><span class='ocrx_word' id='word_1_371' title='bbox 115 3542 242 3584; x_wconf 78' lang='lat' dir='ltr'>opere</span> <span class='ocrx_word' id='word_1_372' title='bbox 258 3535 402 3573; x_wconf 89' lang='lat' dir='ltr'>nostro</span> <span class='ocrx_word' id='word_1_373' title='bbox 422 3532 475 3572; x_wconf 89' lang='lat' dir='ltr'>de</span> <span class='ocrx_word' id='word_1_374' title='bbox 495 3531 641 3583; x_wconf 73' lang='lat' dir='ltr'>legib„</span> <span class='ocrx_word' id='word_1_375' title='bbox 660 3530 766 3571; x_wconf 83' lang='lat' dir='ltr'>libro</span> <span class='ocrx_word' id='word_1_376' title='bbox 787 3532 946 3583; x_wconf 80' lang='lat' dir='ltr'>quinto,</span> <span class='ocrx_word' id='word_1_377' title='bbox 959 3544 1051 3586; x_wconf 87' lang='lat' dir='ltr'>cap.</span> <span class='ocrx_word' id='word_1_378' title='bbox 1070 3531 1148 3572; x_wconf 88' lang='lat' dir='ltr'>de-</span> 
     </span>
    </p>
   </div>
   <div class='ocr_carea' id='block_1_14' title="bbox 0 3671 110 3880">
    <p class='ocr_par' dir='ltr' id='par_1_15' title="bbox 0 3671 102 3880">
     <span class='ocr_line' id='line_1_64' title="bbox 13 3679 67 3722; baseline 0 -38"><span class='ocrx_word' id='word_1_379' title='bbox 13 3679 17 3684; x_wconf 76' lang='grc'><strong>.</strong></span> <span class='ocrx_word' id='word_1_380' title='bbox 46 3686 67 3722; x_wconf 41' lang='grc' dir='ltr'>ἔ</span> 
     </span>
     <span class='ocr_line' id='line_1_65' title="bbox 0 3671 102 3880; baseline 0 0"><span class='ocrx_word' id='word_1_381' title='bbox 0 3671 102 3880; x_wconf 54' lang='lat'>¹-</span> 
     </span>
     <span class='ocr_line' id='line_1_66' title="bbox 0 3819 97 3841; baseline 0 0"><span class='ocrx_word' id='word_1_382' title='bbox 0 3819 3 3837; x_wconf 76' lang='grc' dir='ltr'><strong>Ῑ</strong></span> <span class='ocrx_word' id='word_1_383' title='bbox 95 3839 97 3841; x_wconf 96' lang='grc'>.</span> 
     </span>
    </p>

    <p class='ocr_par' dir='ltr' id='par_1_16' title="bbox 106 3866 110 3880">
     <span class='ocr_line' id='line_1_67' title="bbox 106 3866 110 3880; baseline 0 0"><span class='ocrx_word' id='word_1_384' title='bbox 106 3866 110 3880; x_wconf 95' lang='grc'>1</span> 
     </span>
    </p>
   </div>
   <div class='ocr_carea' id='block_1_15' title="bbox 405 158 1900 211">
    <p class='ocr_par' dir='ltr' id='par_1_17' title="bbox 405 140 1900 211">
     <span class='ocr_line' id='line_1_68' title="bbox 405 158 1900 211; baseline 0.001 -8"><span class='ocrx_word' id='word_1_385' title='bbox 405 166 503 204; x_wconf 68' lang='lat' dir='ltr'>cu).</span> <span class='ocrx_word' id='word_1_386' title='bbox 518 166 547 202; x_wconf 78' lang='grc' dir='ltr'>Ι.</span> <span class='ocrx_word' id='word_1_387' title='bbox 563 165 625 200; x_wconf 76' lang='grc' dir='ltr'>ΑΝ</span> <span class='ocrx_word' id='word_1_388' title='bbox 645 164 823 201; x_wconf 70' lang='lat' dir='ltr'>sturm</span> <span class='ocrx_word' id='word_1_389' title='bbox 842 161 1082 199; x_wconf 58' lang='lat' dir='ltr'>munins</span> <span class='ocrx_word' id='word_1_390' title='bbox 1101 161 1246 198; x_wconf 64' lang='lat' dir='ltr'>Vfl&#39;l&#39;ffl</span> <span class='ocrx_word' id='word_1_391' title='bbox 1264 158 1693 209; x_wconf 51' lang='lat' dir='ltr'>Quen-insectatus</span> <span class='ocrx_word' id='word_1_392' title='bbox 1704 168 1787 211; x_wconf 69' lang='grc' dir='ltr'>ΠΤ.</span> <span class='ocrx_word' id='word_1_393' title='bbox 1808 159 1900 206; x_wconf 73' lang='lat' dir='ltr'>1·ch</span> 
     </span>
    </p>
   </div>
   <div class='ocr_carea' id='block_1_16' title="bbox 1173 228 2230 344">
    <p class='ocr_par' dir='ltr' id='par_1_18' title="bbox 1173 228 2230 344">
     <span class='ocr_line' id='line_1_69' title="bbox 1173 228 2211 284; baseline 0.011 -17"><span class='ocrx_word' id='word_1_394' title='bbox 1173 228 1287 273; x_wconf 65' lang='lat' dir='ltr'>nimo</span> <span class='ocrx_word' id='word_1_395' title='bbox 1305 241 1433 269; x_wconf 79' lang='lat' dir='ltr'>nono.</span> <span class='ocrx_word' id='word_1_396' title='bbox 1447 231 1679 273; x_wconf 72' lang='lat' dir='ltr'>‘Dicendum</span> <span class='ocrx_word' id='word_1_397' title='bbox 1708 234 1979 275; x_wconf 72' lang='lat' dir='ltr'>nihilmnimis</span> <span class='ocrx_word' id='word_1_398' title='bbox 2006 239 2088 284; x_wconf 70' lang='lat' dir='ltr'>ent,</span> <span class='ocrx_word' id='word_1_399' title='bbox 2106 237 2211 279; x_wconf 70' lang='lat' dir='ltr'>illud</span> 
     </span>
     <span class='ocr_line' id='line_1_70' title="bbox 1177 288 2230 344; baseline 0.01 -16"><span class='ocrx_word' id='word_1_400' title='bbox 1177 288 1392 330; x_wconf 77' lang='lat' dir='ltr'>decretum</span> <span class='ocrx_word' id='word_1_401' title='bbox 1411 291 1549 330; x_wconf 72' lang='lat' dir='ltr'>statim</span> <span class='ocrx_word' id='word_1_402' title='bbox 1571 294 1770 336; x_wconf 77' lang='lat' dir='ltr'>habuisse</span> <span class='ocrx_word' id='word_1_403' title='bbox 1797 296 1991 337; x_wconf 79' lang='lat' dir='ltr'>effectum</span> <span class='ocrx_word' id='word_1_404' title='bbox 2012 297 2060 337; x_wconf 81' lang='grc'>1111</span> <span class='ocrx_word' id='word_1_405' title='bbox 2082 297 2230 344; x_wconf 78' lang='grc'>11111111-,</span> 
     </span>
    </p>
   </div>
   <div class='ocr_carea' id='block_1_17' title="bbox 1176 349 2214 472">
    <p class='ocr_par' dir='ltr' id='par_1_19' title="bbox 1176 349 2214 472">
     <span class='ocr_line' id='line_1_71' title="bbox 1176 349 2211 408; baseline 0.011 -19"><span class='ocrx_word' id='word_1_406' title='bbox 1176 349 1256 392; x_wconf 88' lang='lat' dir='ltr'>bus</span> <span class='ocrx_word' id='word_1_407' title='bbox 1275 351 1466 402; x_wconf 86' lang='lat' dir='ltr'>personis</span> <span class='ocrx_word' id='word_1_408' title='bbox 1488 352 1721 403; x_wconf 78' lang='lat' dir='ltr'>societatis,</span> <span class='ocrx_word' id='word_1_409' title='bbox 1740 358 1856 408; x_wconf 85' lang='lat' dir='ltr'>quod</span> <span class='ocrx_word' id='word_1_410' title='bbox 1871 363 1941 398; x_wconf 75' lang='lat' dir='ltr'>est</span> <span class='ocrx_word' id='word_1_411' title='bbox 1973 363 2147 408; x_wconf 78' lang='lat' dir='ltr'>certum,</span> <span class='ocrx_word' id='word_1_412' title='bbox 2170 365 2211 401; x_wconf 79' lang='lat' dir='ltr'>et</span> 
     </span>
     <span class='ocr_line' id='line_1_72' title="bbox 1177 411 2214 472; baseline 0.011 -22"><span class='ocrx_word' id='word_1_413' title='bbox 1177 411 1234 451; x_wconf 87' lang='lat' dir='ltr'>ita</span> <span class='ocrx_word' id='word_1_414' title='bbox 1246 412 1300 451; x_wconf 87' lang='lat' dir='ltr'>ab</span> <span class='ocrx_word' id='word_1_415' title='bbox 1317 412 1511 451; x_wconf 90' lang='lat' dir='ltr'>omnibus</span> <span class='ocrx_word' id='word_1_416' title='bbox 1523 412 1852 458; x_wconf 85' lang='lat' dir='ltr'>intellectum.Et</span> <span class='ocrx_word' id='word_1_417' title='bbox 1865 419 2082 471; x_wconf 83' lang='lat' dir='ltr'>imprimis,</span> <span class='ocrx_word' id='word_1_418' title='bbox 2099 421 2214 472; x_wconf 85' lang='lat' dir='ltr'>quod</span> 
     </span>
    </p>
   </div>
   <div class='ocr_carea' id='block_1_18' title="bbox 1170 472 2226 2907">
    <p class='ocr_par' dir='ltr' id='par_1_20' title="bbox 1170 472 2226 2907">
     <span class='ocr_line' id='line_1_73' title="bbox 1175 472 2217 539; baseline 0.013 -28"><span class='ocrx_word' id='word_1_419' title='bbox 1175 472 1232 512; x_wconf 87' lang='lat' dir='ltr'>ita</span> <span class='ocrx_word' id='word_1_420' title='bbox 1260 473 1352 512; x_wconf 86' lang='lat' dir='ltr'>fieri</span> <span class='ocrx_word' id='word_1_421' title='bbox 1381 474 1563 524; x_wconf 88' lang='lat' dir='ltr'>potuerit</span> <span class='ocrx_word' id='word_1_422' title='bbox 1582 486 1606 512; x_wconf 88' lang='lat' dir='ltr'>a</span> <span class='ocrx_word' id='word_1_423' title='bbox 1635 475 1846 525; x_wconf 85' lang='lat' dir='ltr'>Pontifice,</span> <span class='ocrx_word' id='word_1_424' title='bbox 1868 485 2000 530; x_wconf 78' lang='lat' dir='ltr'>patet,</span> <span class='ocrx_word' id='word_1_425' title='bbox 2019 482 2118 534; x_wconf 82' lang='lat' dir='ltr'>quia</span> <span class='ocrx_word' id='word_1_426' title='bbox 2136 473 2217 539; x_wconf 50' lang='lat' dir='ltr'>por}</span> 
     </span>
     <span class='ocr_line' id='line_1_74' title="bbox 1174 533 2216 589; baseline 0.004 -17"><span class='ocrx_word' id='word_1_427' title='bbox 1174 533 1290 573; x_wconf 86' lang='lat' dir='ltr'>illam</span> <span class='ocrx_word' id='word_1_428' title='bbox 1305 534 1443 586; x_wconf 88' lang='lat' dir='ltr'>legem</span> <span class='ocrx_word' id='word_1_429' title='bbox 1463 547 1548 572; x_wconf 92' lang='lat' dir='ltr'>non</span> <span class='ocrx_word' id='word_1_430' title='bbox 1564 535 1848 577; x_wconf 84' lang='lat' dir='ltr'>inhabilitatur</span> <span class='ocrx_word' id='word_1_431' title='bbox 1864 552 2043 589; x_wconf 80' lang='lat' dir='ltr'>persona</span> <span class='ocrx_word' id='word_1_432' title='bbox 2063 543 2117 584; x_wconf 80' lang='lat' dir='ltr'>ad</span> <span class='ocrx_word' id='word_1_433' title='bbox 2135 544 2216 584; x_wconf 75' lang='lat' dir='ltr'>ali-l</span> 
     </span>
     <span class='ocr_line' id='line_1_75' title="bbox 1175 585 2216 646; baseline 0.013 -14"><span class='ocrx_word' id='word_1_434' title='bbox 1175 595 1276 646; x_wconf 89' lang='lat' dir='ltr'>quid</span> <span class='ocrx_word' id='word_1_435' title='bbox 1305 596 1559 646; x_wconf 65' lang='lat' dir='ltr'>praeteritum</span> <span class='ocrx_word' id='word_1_436' title='bbox 1578 595 1674 646; x_wconf 87' lang='lat' dir='ltr'>(hoc</span> <span class='ocrx_word' id='word_1_437' title='bbox 1693 598 1806 637; x_wconf 89' lang='lat' dir='ltr'>enim</span> <span class='ocrx_word' id='word_1_438' title='bbox 1825 611 1951 640; x_wconf 90' lang='lat' dir='ltr'>sensu</span> <span class='ocrx_word' id='word_1_439' title='bbox 1969 615 2116 644; x_wconf 91' lang='lat' dir='ltr'>verum</span> <span class='ocrx_word' id='word_1_440' title='bbox 2147 585 2216 646; x_wconf 54' lang='lat' dir='ltr'>esti</span> 
     </span>
     <span class='ocr_line' id='line_1_76' title="bbox 1174 656 2212 710; baseline 0.013 -17"><span class='ocrx_word' id='word_1_441' title='bbox 1174 659 1373 695; x_wconf 85' lang='lat' dir='ltr'>statutum</span> <span class='ocrx_word' id='word_1_442' title='bbox 1393 668 1478 695; x_wconf 91' lang='lat' dir='ltr'>non</span> <span class='ocrx_word' id='word_1_443' title='bbox 1494 656 1700 707; x_wconf 74' lang='lat' dir='ltr'>respicere</span> <span class='ocrx_word' id='word_1_444' title='bbox 1714 661 1951 710; x_wconf 84' lang='lat' dir='ltr'>praeterita),</span> <span class='ocrx_word' id='word_1_445' title='bbox 1969 664 2043 702; x_wconf 86' lang='lat' dir='ltr'>sed</span> <span class='ocrx_word' id='word_1_446' title='bbox 2054 666 2107 704; x_wconf 86' lang='lat' dir='ltr'>ad</span> <span class='ocrx_word' id='word_1_447' title='bbox 2122 678 2212 706; x_wconf 82' lang='lat' dir='ltr'>ma-</span> 
     </span>
     <span class='ocr_line' id='line_1_77' title="bbox 1172 717 2210 778; baseline 0.009 -23"><span class='ocrx_word' id='word_1_448' title='bbox 1172 717 1414 756; x_wconf 85' lang='lat' dir='ltr'>trimonium</span> <span class='ocrx_word' id='word_1_449' title='bbox 1443 717 1488 755; x_wconf 89' lang='lat' dir='ltr'>in</span> <span class='ocrx_word' id='word_1_450' title='bbox 1509 719 1695 756; x_wconf 83' lang='lat' dir='ltr'>futurum</span> <span class='ocrx_word' id='word_1_451' title='bbox 1728 721 2084 773; x_wconf 80' lang='lat' dir='ltr'>contrahendum3</span> <span class='ocrx_word' id='word_1_452' title='bbox 2111 738 2210 778; x_wconf 86' lang='lat' dir='ltr'>ergo</span> 
     </span>
     <span class='ocr_line' id='line_1_78' title="bbox 1173 778 2212 830; baseline 0.011 -16"><span class='ocrx_word' id='word_1_453' title='bbox 1173 790 1225 816; x_wconf 83' lang='lat' dir='ltr'>ex</span> <span class='ocrx_word' id='word_1_454' title='bbox 1243 779 1321 816; x_wconf 87' lang='lat' dir='ltr'>hac</span> <span class='ocrx_word' id='word_1_455' title='bbox 1336 782 1452 828; x_wconf 85' lang='lat' dir='ltr'>parte</span> <span class='ocrx_word' id='word_1_456' title='bbox 1467 778 1622 829; x_wconf 85' lang='lat' dir='ltr'>optime</span> <span class='ocrx_word' id='word_1_457' title='bbox 1640 780 1773 830; x_wconf 88' lang='lat' dir='ltr'>potuit</span> <span class='ocrx_word' id='word_1_458' title='bbox 1790 782 1866 820; x_wconf 89' lang='lat' dir='ltr'>hoc</span> <span class='ocrx_word' id='word_1_459' title='bbox 1875 782 2087 822; x_wconf 88' lang='lat' dir='ltr'>decretum</span> <span class='ocrx_word' id='word_1_460' title='bbox 2103 797 2212 826; x_wconf 82' lang='lat' dir='ltr'>com-</span> 
     </span>
     <span class='ocr_line' id='line_1_79' title="bbox 1174 839 2212 892; baseline 0.008 -16"><span class='ocrx_word' id='word_1_461' title='bbox 1174 839 1434 889; x_wconf 83' lang='lat' dir='ltr'>prehendere</span> <span class='ocrx_word' id='word_1_462' title='bbox 1469 851 1552 877; x_wconf 90' lang='lat' dir='ltr'>non</span> <span class='ocrx_word' id='word_1_463' title='bbox 1581 840 1716 878; x_wconf 86' lang='lat' dir='ltr'>solum</span> <span class='ocrx_word' id='word_1_464' title='bbox 1739 853 1941 892; x_wconf 80' lang='lat' dir='ltr'>personas</span> <span class='ocrx_word' id='word_1_465' title='bbox 1971 843 2132 883; x_wconf 84' lang='lat' dir='ltr'>futuras</span> <span class='ocrx_word' id='word_1_466' title='bbox 2167 846 2212 885; x_wconf 90' lang='lat' dir='ltr'>in</span> 
     </span>
     <span class='ocr_line' id='line_1_80' title="bbox 1175 899 2218 959; baseline 0.005 -20"><span class='ocrx_word' id='word_1_467' title='bbox 1175 899 1403 945; x_wconf 82' lang='lat' dir='ltr'>Societate‚</span> <span class='ocrx_word' id='word_1_468' title='bbox 1431 900 1507 938; x_wconf 89' lang='lat' dir='ltr'>sed</span> <span class='ocrx_word' id='word_1_469' title='bbox 1542 901 1668 940; x_wconf 91' lang='lat' dir='ltr'>etiam</span> <span class='ocrx_word' id='word_1_470' title='bbox 1706 902 1930 942; x_wconf 75' lang='lat' dir='ltr'>existentes</span> <span class='ocrx_word' id='word_1_471' title='bbox 1958 905 2081 955; x_wconf 81' lang='lat' dir='ltr'>jam3</span> <span class='ocrx_word' id='word_1_472' title='bbox 2111 917 2218 959; x_wconf 81' lang='lat' dir='ltr'>nam¹</span> 
     </span>
     <span class='ocr_line' id='line_1_81' title="bbox 1173 960 2220 1016; baseline 0.007 -18"><span class='ocrx_word' id='word_1_473' title='bbox 1173 961 1409 999; x_wconf 87' lang='lat' dir='ltr'>constitutio</span> <span class='ocrx_word' id='word_1_474' title='bbox 1429 960 1472 999; x_wconf 86' lang='lat' dir='ltr'>in</span> <span class='ocrx_word' id='word_1_475' title='bbox 1496 960 1652 1013; x_wconf 87' lang='lat' dir='ltr'>aliqua,</span> <span class='ocrx_word' id='word_1_476' title='bbox 1675 963 1741 1001; x_wconf 83' lang='lat' dir='ltr'>vel</span> <span class='ocrx_word' id='word_1_477' title='bbox 1767 976 1843 1014; x_wconf 92' lang='lat' dir='ltr'>pro</span> <span class='ocrx_word' id='word_1_478' title='bbox 1869 965 2008 1016; x_wconf 81' lang='lat' dir='ltr'>aliqua</span> <span class='ocrx_word' id='word_1_479' title='bbox 2029 962 2220 1004; x_wconf 68' lang='lat' dir='ltr'>commu-⁹</span> 
     </span>
     <span class='ocr_line' id='line_1_82' title="bbox 1175 1010 2221 1078; baseline 0.009 -20"><span class='ocrx_word' id='word_1_480' title='bbox 1175 1021 1302 1060; x_wconf 80' lang='lat' dir='ltr'>nitate</span> <span class='ocrx_word' id='word_1_481' title='bbox 1327 1021 1449 1069; x_wconf 85' lang='lat' dir='ltr'>facta,</span> <span class='ocrx_word' id='word_1_482' title='bbox 1471 1034 1556 1061; x_wconf 90' lang='lat' dir='ltr'>non</span> <span class='ocrx_word' id='word_1_483' title='bbox 1583 1023 1716 1062; x_wconf 88' lang='lat' dir='ltr'>solum</span> <span class='ocrx_word' id='word_1_484' title='bbox 1739 1025 1895 1076; x_wconf 87' lang='lat' dir='ltr'>obligat</span> <span class='ocrx_word' id='word_1_485' title='bbox 1921 1023 1989 1065; x_wconf 89' lang='lat' dir='ltr'>vel</span> <span class='ocrx_word' id='word_1_486' title='bbox 2025 1010 2221 1078; x_wconf 34' lang='lat' dir='ltr'>compre-i</span> 
     </span>
     <span class='ocr_line' id='line_1_83' title="bbox 1174 1083 2219 1141; baseline 0.009 -21"><span class='ocrx_word' id='word_1_487' title='bbox 1174 1083 1317 1122; x_wconf 87' lang='lat' dir='ltr'>hendit</span> <span class='ocrx_word' id='word_1_488' title='bbox 1336 1095 1537 1133; x_wconf 84' lang='lat' dir='ltr'>personas</span> <span class='ocrx_word' id='word_1_489' title='bbox 1561 1084 1724 1124; x_wconf 85' lang='lat' dir='ltr'>futuras</span> <span class='ocrx_word' id='word_1_490' title='bbox 1740 1087 1785 1125; x_wconf 89' lang='lat' dir='ltr'>in</span> <span class='ocrx_word' id='word_1_491' title='bbox 1804 1088 1874 1126; x_wconf 87' lang='lat' dir='ltr'>tali</span> <span class='ocrx_word' id='word_1_492' title='bbox 1898 1086 2219 1141; x_wconf 82' lang='lat' dir='ltr'>communitate,¹</span> 
     </span>
     <span class='ocr_line' id='line_1_84' title="bbox 1173 1144 2214 1202; baseline 0.009 -20"><span class='ocrx_word' id='word_1_493' title='bbox 1173 1144 1247 1183; x_wconf 89' lang='lat' dir='ltr'>sed</span> <span class='ocrx_word' id='word_1_494' title='bbox 1266 1145 1390 1184; x_wconf 86' lang='lat' dir='ltr'>etiam</span> <span class='ocrx_word' id='word_1_495' title='bbox 1408 1146 1498 1195; x_wconf 69' lang='lat' dir='ltr'>Jam</span> <span class='ocrx_word' id='word_1_496' title='bbox 1531 1146 1753 1186; x_wconf 81' lang='lat' dir='ltr'>existentes</span> <span class='ocrx_word' id='word_1_497' title='bbox 1779 1149 1822 1186; x_wconf 90' lang='lat' dir='ltr'>in</span> <span class='ocrx_word' id='word_1_498' title='bbox 1847 1149 1932 1188; x_wconf 89' lang='lat' dir='ltr'>illa.</span> <span class='ocrx_word' id='word_1_499' title='bbox 1954 1150 2044 1188; x_wconf 91' lang='lat' dir='ltr'>Imo</span> <span class='ocrx_word' id='word_1_500' title='bbox 2063 1164 2139 1202; x_wconf 91' lang='lat' dir='ltr'>per</span> <span class='ocrx_word' id='word_1_501' title='bbox 2169 1163 2214 1192; x_wconf 88' lang='lat' dir='ltr'>se</span> 
     </span>
     <span class='ocr_line' id='line_1_85' title="bbox 1172 1206 2215 1260; baseline 0.009 -16"><span class='ocrx_word' id='word_1_502' title='bbox 1172 1206 1305 1258; x_wconf 89' lang='lat' dir='ltr'>primo</span> <span class='ocrx_word' id='word_1_503' title='bbox 1318 1207 1473 1258; x_wconf 86' lang='lat' dir='ltr'>obligat</span> <span class='ocrx_word' id='word_1_504' title='bbox 1483 1213 1723 1258; x_wconf 77' lang='lat' dir='ltr'>praesentes,</span> <span class='ocrx_word' id='word_1_505' title='bbox 1738 1214 1945 1260; x_wconf 88' lang='lat' dir='ltr'>quatenus</span> <span class='ocrx_word' id='word_1_506' title='bbox 1958 1213 2215 1253; x_wconf 83' lang='lat' dir='ltr'>constituunt</span> 
     </span>
     <span class='ocr_line' id='line_1_86' title="bbox 1174 1269 2219 1326; baseline 0.008 -20"><span class='ocrx_word' id='word_1_507' title='bbox 1174 1272 1268 1307; x_wconf 83' lang='lat' dir='ltr'>actu</span> <span class='ocrx_word' id='word_1_508' title='bbox 1289 1269 1368 1307; x_wconf 89' lang='grc'>1100</span> <span class='ocrx_word' id='word_1_509' title='bbox 1386 1281 1558 1320; x_wconf 87' lang='lat' dir='ltr'>co1·pus·,</span> <span class='ocrx_word' id='word_1_510' title='bbox 1579 1274 1703 1320; x_wconf 84' lang='lat' dir='ltr'>atque</span> <span class='ocrx_word' id='word_1_511' title='bbox 1723 1271 1802 1310; x_wconf 89' lang='lat' dir='ltr'>hoc</span> <span class='ocrx_word' id='word_1_512' title='bbox 1821 1273 1946 1311; x_wconf 91' lang='lat' dir='ltr'>modo</span> <span class='ocrx_word' id='word_1_513' title='bbox 1965 1274 2031 1312; x_wconf 84' lang='lat' dir='ltr'>lex</span> <span class='ocrx_word' id='word_1_514' title='bbox 2050 1287 2219 1326; x_wconf 51' lang='lat' dir='ltr'>respec-¹</span> 
     </span>
     <span class='ocr_line' id='line_1_87' title="bbox 1173 1331 2221 1383; baseline 0.009 -18"><span class='ocrx_word' id='word_1_515' title='bbox 1173 1332 1218 1366; x_wconf 89' lang='lat' dir='ltr'>tu</span> <span class='ocrx_word' id='word_1_516' title='bbox 1229 1341 1502 1378; x_wconf 83' lang='lat' dir='ltr'>personarum</span> <span class='ocrx_word' id='word_1_517' title='bbox 1514 1342 1598 1368; x_wconf 90' lang='lat' dir='ltr'>non</span> <span class='ocrx_word' id='word_1_518' title='bbox 1614 1331 1747 1369; x_wconf 88' lang='lat' dir='ltr'>solum</span> <span class='ocrx_word' id='word_1_519' title='bbox 1760 1333 1930 1383; x_wconf 84' lang='lat' dir='ltr'>respicit</span> <span class='ocrx_word' id='word_1_520' title='bbox 1949 1333 2124 1383; x_wconf 86' lang='lat' dir='ltr'>futuras,</span> <span class='ocrx_word' id='word_1_521' title='bbox 2141 1331 2221 1374; x_wconf 32' lang='lat' dir='ltr'>sed*</span> 
     </span>
     <span class='ocr_line' id='line_1_88' title="bbox 1170 1384 2221 1444; baseline 0.009 -18"><span class='ocrx_word' id='word_1_522' title='bbox 1170 1389 1299 1427; x_wconf 82' lang='lat' dir='ltr'>etiam</span> <span class='ocrx_word' id='word_1_523' title='bbox 1318 1392 1568 1439; x_wconf 64' lang='lat' dir='ltr'>praetentas,</span> <span class='ocrx_word' id='word_1_524' title='bbox 1590 1392 1658 1429; x_wconf 83' lang='lat' dir='ltr'>vel</span> <span class='ocrx_word' id='word_1_525' title='bbox 1681 1393 1824 1442; x_wconf 80' lang='lat' dir='ltr'>potius</span> <span class='ocrx_word' id='word_1_526' title='bbox 1854 1400 2096 1444; x_wconf 79' lang='lat' dir='ltr'>praesentes,</span> <span class='ocrx_word' id='word_1_527' title='bbox 2119 1384 2221 1435; x_wconf 66' lang='lat' dir='ltr'>licet</span> 
     </span>
     <span class='ocr_line' id='line_1_89' title="bbox 1174 1442 2223 1501; baseline 0.008 -14"><span class='ocrx_word' id='word_1_528' title='bbox 1174 1462 1248 1500; x_wconf 86' lang='lat' dir='ltr'>per</span> <span class='ocrx_word' id='word_1_529' title='bbox 1266 1454 1404 1488; x_wconf 86' lang='lat' dir='ltr'>actum</span> <span class='ocrx_word' id='word_1_530' title='bbox 1417 1451 1669 1501; x_wconf 82' lang='lat' dir='ltr'>praeteritum</span> <span class='ocrx_word' id='word_1_531' title='bbox 1689 1453 1759 1491; x_wconf 87' lang='lat' dir='ltr'>tali</span> <span class='ocrx_word' id='word_1_532' title='bbox 1780 1456 2066 1495; x_wconf 83' lang='lat' dir='ltr'>communitati</span> <span class='ocrx_word' id='word_1_533' title='bbox 2087 1442 2223 1495; x_wconf 37' lang='lat' dir='ltr'>unitae*</span> 
     </span>
     <span class='ocr_line' id='line_1_90' title="bbox 1174 1500 2223 1569; baseline 0.007 -20"><span class='ocrx_word' id='word_1_534' title='bbox 1174 1511 1341 1550; x_wconf 86' lang='lat' dir='ltr'>fuerint.</span> <span class='ocrx_word' id='word_1_535' title='bbox 1361 1511 1515 1550; x_wconf 81' lang='lat' dir='ltr'>Deinde</span> <span class='ocrx_word' id='word_1_536' title='bbox 1536 1524 1612 1550; x_wconf 90' lang='lat' dir='ltr'>nec</span> <span class='ocrx_word' id='word_1_537' title='bbox 1631 1514 1789 1553; x_wconf 87' lang='lat' dir='ltr'>ratione</span> <span class='ocrx_word' id='word_1_538' title='bbox 1802 1516 1986 1554; x_wconf 79' lang='lat' dir='ltr'>materiae</span> <span class='ocrx_word' id='word_1_539' title='bbox 2009 1500 2223 1569; x_wconf 65' lang='lat' dir='ltr'>repugnat</span> 
     </span>
     <span class='ocr_line' id='line_1_91' title="bbox 1176 1572 2216 1617; baseline 0.007 -7"><span class='ocrx_word' id='word_1_540' title='bbox 1176 1573 1252 1610; x_wconf 91' lang='grc'>1100</span> <span class='ocrx_word' id='word_1_541' title='bbox 1275 1572 1490 1611; x_wconf 85' lang='lat' dir='ltr'>decretum</span> <span class='ocrx_word' id='word_1_542' title='bbox 1509 1573 1703 1612; x_wconf 84' lang='lat' dir='ltr'>habuisse</span> <span class='ocrx_word' id='word_1_543' title='bbox 1717 1588 1835 1614; x_wconf 89' lang='lat' dir='ltr'>suam</span> <span class='ocrx_word' id='word_1_544' title='bbox 1856 1577 2087 1616; x_wconf 85' lang='lat' dir='ltr'>efficaciam</span> <span class='ocrx_word' id='word_1_545' title='bbox 2109 1579 2216 1617; x_wconf 90' lang='grc'>01100</span> 
     </span>
     <span class='ocr_line' id='line_1_92' title="bbox 1176 1634 2218 1684; baseline 0.009 -14"><span class='ocrx_word' id='word_1_546' title='bbox 1176 1645 1376 1683; x_wconf 83' lang='lat' dir='ltr'>personas</span> <span class='ocrx_word' id='word_1_547' title='bbox 1392 1634 1585 1684; x_wconf 78' lang='lat' dir='ltr'>quaejam</span> <span class='ocrx_word' id='word_1_548' title='bbox 1602 1642 1801 1675; x_wconf 66' lang='lat' dir='ltr'>voverant</span> <span class='ocrx_word' id='word_1_549' title='bbox 1816 1637 1857 1675; x_wconf 90' lang='lat' dir='ltr'>in</span> <span class='ocrx_word' id='word_1_550' title='bbox 1876 1639 2080 1678; x_wconf 87' lang='lat' dir='ltr'>Societate</span> <span class='ocrx_word' id='word_1_551' title='bbox 2098 1640 2218 1678; x_wconf 86' lang='lat' dir='ltr'>casti-</span> 
     </span>
     <span class='ocr_line' id='line_1_93' title="bbox 1179 1695 2220 1750; baseline 0.008 -18"><span class='ocrx_word' id='word_1_552' title='bbox 1179 1699 1331 1742; x_wconf 73' lang='lat' dir='ltr'>tatem,</span> <span class='ocrx_word' id='word_1_553' title='bbox 1362 1695 1457 1743; x_wconf 86' lang='lat' dir='ltr'>quia</span> <span class='ocrx_word' id='word_1_554' title='bbox 1482 1695 1666 1734; x_wconf 80' lang='lat' dir='ltr'>Pontifex</span> <span class='ocrx_word' id='word_1_555' title='bbox 1692 1710 1778 1735; x_wconf 91' lang='lat' dir='ltr'>non</span> <span class='ocrx_word' id='word_1_556' title='bbox 1815 1699 1949 1737; x_wconf 89' lang='lat' dir='ltr'>solum</span> <span class='ocrx_word' id='word_1_557' title='bbox 1987 1705 2122 1750; x_wconf 87' lang='lat' dir='ltr'>potest</span> <span class='ocrx_word' id='word_1_558' title='bbox 2147 1701 2220 1740; x_wconf 88' lang='lat' dir='ltr'>ad-</span> 
     </span>
     <span class='ocr_line' id='line_1_94' title="bbox 1171 1756 2220 1807; baseline 0.009 -15"><span class='ocrx_word' id='word_1_559' title='bbox 1171 1756 1348 1806; x_wconf 82' lang='lat' dir='ltr'>jungere</span> <span class='ocrx_word' id='word_1_560' title='bbox 1371 1757 1449 1794; x_wconf 92' lang='lat' dir='ltr'>hoc</span> <span class='ocrx_word' id='word_1_561' title='bbox 1481 1757 1827 1807; x_wconf 83' lang='lat' dir='ltr'>impedimentum</span> <span class='ocrx_word' id='word_1_562' title='bbox 1855 1765 1950 1798; x_wconf 84' lang='lat' dir='ltr'>voto</span> <span class='ocrx_word' id='word_1_563' title='bbox 1970 1761 2011 1799; x_wconf 90' lang='lat' dir='ltr'>in</span> <span class='ocrx_word' id='word_1_564' title='bbox 2031 1762 2220 1801; x_wconf 80' lang='lat' dir='ltr'>futurum</span> 
     </span>
     <span class='ocr_line' id='line_1_95' title="bbox 1176 1817 2220 1872; baseline 0.008 -18"><span class='ocrx_word' id='word_1_565' title='bbox 1176 1817 1417 1863; x_wconf 83' lang='lat' dir='ltr'>emittendo,</span> <span class='ocrx_word' id='word_1_566' title='bbox 1440 1818 1514 1855; x_wconf 87' lang='lat' dir='ltr'>sed</span> <span class='ocrx_word' id='word_1_567' title='bbox 1548 1818 1672 1856; x_wconf 90' lang='lat' dir='ltr'>etiam</span> <span class='ocrx_word' id='word_1_568' title='bbox 1696 1820 1782 1869; x_wconf 87' lang='lat' dir='ltr'>jam</span> <span class='ocrx_word' id='word_1_569' title='bbox 1820 1822 1987 1868; x_wconf 88' lang='lat' dir='ltr'>emisso,</span> <span class='ocrx_word' id='word_1_570' title='bbox 2011 1826 2220 1872; x_wconf 86' lang='lat' dir='ltr'>quatenus</span> 
     </span>
     <span class='ocr_line' id='line_1_96' title="bbox 1176 1878 2222 1929; baseline 0.008 -14"><span class='ocrx_word' id='word_1_571' title='bbox 1176 1878 1218 1916; x_wconf 91' lang='lat' dir='ltr'>in</span> <span class='ocrx_word' id='word_1_572' title='bbox 1233 1890 1414 1928; x_wconf 84' lang='lat' dir='ltr'>praesens</span> <span class='ocrx_word' id='word_1_573' title='bbox 1429 1878 1643 1916; x_wconf 84' lang='lat' dir='ltr'>moraliter</span> <span class='ocrx_word' id='word_1_574' title='bbox 1660 1879 1781 1918; x_wconf 86' lang='lat' dir='ltr'>durat</span> <span class='ocrx_word' id='word_1_575' title='bbox 1799 1883 1838 1919; x_wconf 90' lang='lat' dir='ltr'>et</span> <span class='ocrx_word' id='word_1_576' title='bbox 1858 1881 1917 1920; x_wconf 87' lang='lat' dir='ltr'>fit.</span> <span class='ocrx_word' id='word_1_577' title='bbox 1933 1883 2033 1929; x_wconf 84' lang='lat' dir='ltr'>Quia</span> <span class='ocrx_word' id='word_1_578' title='bbox 2056 1897 2140 1922; x_wconf 92' lang='lat' dir='ltr'>non</span> <span class='ocrx_word' id='word_1_579' title='bbox 2158 1889 2222 1923; x_wconf 87' lang='lat' dir='ltr'>est</span> 
     </span>
     <span class='ocr_line' id='line_1_97' title="bbox 1175 1939 2222 1994; baseline 0.008 -19"><span class='ocrx_word' id='word_1_580' title='bbox 1175 1939 1309 1989; x_wconf 89' lang='lat' dir='ltr'>major</span> <span class='ocrx_word' id='word_1_581' title='bbox 1337 1939 1440 1976; x_wconf 88' lang='lat' dir='ltr'>ratio</span> <span class='ocrx_word' id='word_1_582' title='bbox 1479 1939 1602 1976; x_wconf 89' lang='lat' dir='ltr'>unius</span> <span class='ocrx_word' id='word_1_583' title='bbox 1630 1951 1755 1989; x_wconf 87' lang='lat' dir='ltr'>quam</span> <span class='ocrx_word' id='word_1_584' title='bbox 1779 1940 1964 1981; x_wconf 87' lang='lat' dir='ltr'>alterius.</span> <span class='ocrx_word' id='word_1_585' title='bbox 1990 1944 2134 1994; x_wconf 84' lang='lat' dir='ltr'>Neque</span> <span class='ocrx_word' id='word_1_586' title='bbox 2167 1945 2222 1983; x_wconf 88' lang='lat' dir='ltr'>ad</span> 
     </span>
     <span class='ocr_line' id='line_1_98' title="bbox 1175 2000 2222 2044; baseline 0.007 -6"><span class='ocrx_word' id='word_1_587' title='bbox 1175 2001 1287 2038; x_wconf 88' lang='grc'>110110</span> <span class='ocrx_word' id='word_1_588' title='bbox 1308 2000 1501 2038; x_wconf 85' lang='lat' dir='ltr'>effectum</span> <span class='ocrx_word' id='word_1_589' title='bbox 1527 2002 1790 2039; x_wconf 88' lang='lat' dir='ltr'>necessarius</span> <span class='ocrx_word' id='word_1_590' title='bbox 1809 2002 1888 2041; x_wconf 89' lang='lat' dir='ltr'>fuit</span> <span class='ocrx_word' id='word_1_591' title='bbox 1909 2016 2139 2044; x_wconf 87' lang='lat' dir='ltr'>consensus</span> <span class='ocrx_word' id='word_1_592' title='bbox 2161 2008 2222 2044; x_wconf 87' lang='lat' dir='ltr'>ta-</span> 
     </span>
     <span class='ocr_line' id='line_1_99' title="bbox 1175 2062 2223 2115; baseline 0.008 -17"><span class='ocrx_word' id='word_1_593' title='bbox 1175 2062 1278 2099; x_wconf 87' lang='lat' dir='ltr'>lium</span> <span class='ocrx_word' id='word_1_594' title='bbox 1299 2073 1600 2111; x_wconf 83' lang='lat' dir='ltr'>personarum3</span> <span class='ocrx_word' id='word_1_595' title='bbox 1625 2062 1698 2100; x_wconf 90' lang='lat' dir='ltr'>sed</span> <span class='ocrx_word' id='word_1_596' title='bbox 1721 2063 1907 2101; x_wconf 82' lang='lat' dir='ltr'>Pontifex</span> <span class='ocrx_word' id='word_1_597' title='bbox 1931 2065 2018 2113; x_wconf 82' lang='lat' dir='ltr'>ipse</span> <span class='ocrx_word' id='word_1_598' title='bbox 2041 2078 2114 2115; x_wconf 84' lang='lat' dir='ltr'>per</span> <span class='ocrx_word' id='word_1_599' title='bbox 2134 2068 2223 2106; x_wconf 88' lang='lat' dir='ltr'>effi-</span> 
     </span>
     <span class='ocr_line' id='line_1_100' title="bbox 1178 2122 2222 2172; baseline 0.006 -11"><span class='ocrx_word' id='word_1_600' title='bbox 1178 2123 1334 2161; x_wconf 85' lang='lat' dir='ltr'>caciam</span> <span class='ocrx_word' id='word_1_601' title='bbox 1370 2134 1453 2160; x_wconf 61' lang='lat' dir='ltr'>suae</span> <span class='ocrx_word' id='word_1_602' title='bbox 1474 2122 1578 2171; x_wconf 65' lang='lat' dir='ltr'>legis</span> <span class='ocrx_word' id='word_1_603' title='bbox 1608 2123 1741 2172; x_wconf 88' lang='lat' dir='ltr'>potuit</span> <span class='ocrx_word' id='word_1_604' title='bbox 1765 2124 1889 2162; x_wconf 89' lang='lat' dir='ltr'>talem</span> <span class='ocrx_word' id='word_1_605' title='bbox 1916 2125 2222 2167; x_wconf 78' lang='lat' dir='ltr'>inhabilitatem</span> 
     </span>
     <span class='ocr_line' id='line_1_101' title="bbox 1177 2183 2220 2236; baseline 0.005 -14"><span class='ocrx_word' id='word_1_606' title='bbox 1177 2184 1392 2230; x_wconf 84' lang='lat' dir='ltr'>inducere,</span> <span class='ocrx_word' id='word_1_607' title='bbox 1411 2187 1450 2221; x_wconf 87' lang='lat' dir='ltr'>et</span> <span class='ocrx_word' id='word_1_608' title='bbox 1466 2183 1772 2233; x_wconf 82' lang='lat' dir='ltr'>subsequentes</span> <span class='ocrx_word' id='word_1_609' title='bbox 1792 2190 2028 2225; x_wconf 85' lang='lat' dir='ltr'>contractus</span> <span class='ocrx_word' id='word_1_610' title='bbox 2042 2187 2220 2236; x_wconf 88' lang='lat' dir='ltr'>irritare,</span> 
     </span>
     <span class='ocr_line' id='line_1_102' title="bbox 1175 2244 2222 2299; baseline 0.007 -17"><span class='ocrx_word' id='word_1_611' title='bbox 1175 2245 1277 2296; x_wconf 82' lang='lat' dir='ltr'>quia</span> <span class='ocrx_word' id='word_1_612' title='bbox 1297 2257 1373 2296; x_wconf 91' lang='lat' dir='ltr'>per</span> <span class='ocrx_word' id='word_1_613' title='bbox 1396 2245 1474 2282; x_wconf 87' lang='lat' dir='ltr'>hoc</span> <span class='ocrx_word' id='word_1_614' title='bbox 1500 2244 1714 2283; x_wconf 87' lang='lat' dir='ltr'>decretum</span> <span class='ocrx_word' id='word_1_615' title='bbox 1735 2246 1894 2284; x_wconf 87' lang='lat' dir='ltr'>nullam</span> <span class='ocrx_word' id='word_1_616' title='bbox 1923 2249 2222 2299; x_wconf 82' lang='lat' dir='ltr'>obligationem</span> 
     </span>
     <span class='ocr_line' id='line_1_103' title="bbox 1180 2306 2223 2362; baseline 0.006 -17"><span class='ocrx_word' id='word_1_617' title='bbox 1180 2319 1331 2345; x_wconf 90' lang='lat' dir='ltr'>novam</span> <span class='ocrx_word' id='word_1_618' title='bbox 1352 2306 1404 2344; x_wconf 85' lang='lat' dir='ltr'>ad</span> <span class='ocrx_word' id='word_1_619' title='bbox 1424 2306 1593 2356; x_wconf 86' lang='lat' dir='ltr'>aliquod</span> <span class='ocrx_word' id='word_1_620' title='bbox 1615 2319 1718 2358; x_wconf 88' lang='lat' dir='ltr'>opus</span> <span class='ocrx_word' id='word_1_621' title='bbox 1736 2309 1896 2346; x_wconf 86' lang='lat' dir='ltr'>consilii</span> <span class='ocrx_word' id='word_1_622' title='bbox 1910 2311 2063 2349; x_wconf 77' lang='lat' dir='ltr'>talibus</span> <span class='ocrx_word' id='word_1_623' title='bbox 2080 2324 2223 2362; x_wconf 88' lang='lat' dir='ltr'>perso-</span> 
     </span>
     <span class='ocr_line' id='line_1_104' title="bbox 1179 2367 2223 2420; baseline 0.004 -13"><span class='ocrx_word' id='word_1_624' title='bbox 1179 2369 1243 2407; x_wconf 89' lang='lat' dir='ltr'>nis</span> <span class='ocrx_word' id='word_1_625' title='bbox 1278 2367 1488 2419; x_wconf 87' lang='lat' dir='ltr'>imposuit,</span> <span class='ocrx_word' id='word_1_626' title='bbox 1508 2379 1645 2418; x_wconf 87' lang='lat' dir='ltr'>neque</span> <span class='ocrx_word' id='word_1_627' title='bbox 1679 2368 1734 2407; x_wconf 86' lang='lat' dir='ltr'>ad</span> <span class='ocrx_word' id='word_1_628' title='bbox 1754 2369 1935 2420; x_wconf 86' lang='lat' dir='ltr'>aliquem</span> <span class='ocrx_word' id='word_1_629' title='bbox 1967 2374 2121 2411; x_wconf 87' lang='lat' dir='ltr'>statum</span> <span class='ocrx_word' id='word_1_630' title='bbox 2151 2385 2223 2412; x_wconf 90' lang='lat' dir='ltr'>eos</span> 
     </span>
     <span class='ocr_line' id='line_1_105' title="bbox 1181 2428 2223 2480; baseline 0.005 -12"><span class='ocrx_word' id='word_1_631' title='bbox 1181 2428 1377 2480; x_wconf 86' lang='lat' dir='ltr'>obligavit</span> <span class='ocrx_word' id='word_1_632' title='bbox 1396 2439 1407 2477; x_wconf 81' lang='lat'><em>3</em></span> <span class='ocrx_word' id='word_1_633' title='bbox 1426 2429 1514 2478; x_wconf 84' lang='lat' dir='ltr'>jam</span> <span class='ocrx_word' id='word_1_634' title='bbox 1540 2429 1650 2467; x_wconf 90' lang='lat' dir='ltr'>enim</span> <span class='ocrx_word' id='word_1_635' title='bbox 1677 2430 1836 2468; x_wconf 88' lang='lat' dir='ltr'>ratione</span> <span class='ocrx_word' id='word_1_636' title='bbox 1859 2432 1942 2470; x_wconf 84' lang='lat' dir='ltr'>voti</span> <span class='ocrx_word' id='word_1_637' title='bbox 1974 2433 2223 2474; x_wconf 89' lang='lat' dir='ltr'>tenebantur</span> 
     </span>
     <span class='ocr_line' id='line_1_106' title="bbox 1182 2490 2223 2545; baseline 0.007 -18"><span class='ocrx_word' id='word_1_638' title='bbox 1182 2502 1266 2527; x_wconf 92' lang='lat' dir='ltr'>non</span> <span class='ocrx_word' id='word_1_639' title='bbox 1287 2490 1532 2528; x_wconf 88' lang='lat' dir='ltr'>contrahere</span> <span class='ocrx_word' id='word_1_640' title='bbox 1544 2491 1874 2538; x_wconf 87' lang='lat' dir='ltr'>matrimonium,</span> <span class='ocrx_word' id='word_1_641' title='bbox 1889 2493 1986 2531; x_wconf 88' lang='lat' dir='ltr'>etin</span> <span class='ocrx_word' id='word_1_642' title='bbox 2005 2498 2111 2532; x_wconf 87' lang='lat' dir='ltr'>statu</span> <span class='ocrx_word' id='word_1_643' title='bbox 2132 2507 2223 2545; x_wconf 88' lang='lat' dir='ltr'>per-</span> 
     </span>
     <span class='ocr_line' id='line_1_107' title="bbox 1183 2550 2224 2604; baseline 0.006 -15"><span class='ocrx_word' id='word_1_644' title='bbox 1183 2550 1368 2589; x_wconf 86' lang='lat' dir='ltr'>fectionis</span> <span class='ocrx_word' id='word_1_645' title='bbox 1387 2562 1682 2600; x_wconf 81' lang='lat' dir='ltr'>perseverare3</span> <span class='ocrx_word' id='word_1_646' title='bbox 1707 2552 1780 2590; x_wconf 92' lang='lat' dir='ltr'>sed</span> <span class='ocrx_word' id='word_1_647' title='bbox 1803 2553 1935 2590; x_wconf 86' lang='lat' dir='ltr'>solum</span> <span class='ocrx_word' id='word_1_648' title='bbox 1956 2566 2030 2604; x_wconf 85' lang='lat' dir='ltr'>per</span> <span class='ocrx_word' id='word_1_649' title='bbox 2052 2567 2144 2593; x_wconf 84' lang='lat' dir='ltr'>eam</span> <span class='ocrx_word' id='word_1_650' title='bbox 2168 2556 2224 2595; x_wconf 83' lang='lat' dir='ltr'>le-</span> 
     </span>
     <span class='ocr_line' id='line_1_108' title="bbox 1184 2611 2224 2665; baseline 0.006 -16"><span class='ocrx_word' id='word_1_651' title='bbox 1184 2624 1275 2663; x_wconf 86' lang='lat' dir='ltr'>gem</span> <span class='ocrx_word' id='word_1_652' title='bbox 1297 2613 1465 2650; x_wconf 89' lang='lat' dir='ltr'>cautum</span> <span class='ocrx_word' id='word_1_653' title='bbox 1480 2615 1543 2650; x_wconf 70' lang='lat' dir='ltr'>est</span> <span class='ocrx_word' id='word_1_654' title='bbox 1560 2623 1614 2649; x_wconf 92' lang='lat' dir='ltr'>ne</span> <span class='ocrx_word' id='word_1_655' title='bbox 1633 2611 1691 2649; x_wconf 91' lang='lat' dir='ltr'>illi</span> <span class='ocrx_word' id='word_1_656' title='bbox 1714 2613 1838 2651; x_wconf 87' lang='lat' dir='ltr'>statui</span> <span class='ocrx_word' id='word_1_657' title='bbox 1868 2614 1960 2651; x_wconf 87' lang='lat' dir='ltr'>talis</span> <span class='ocrx_word' id='word_1_658' title='bbox 1979 2614 2131 2665; x_wconf 85' lang='lat' dir='ltr'>injuria</span> <span class='ocrx_word' id='word_1_659' title='bbox 2152 2615 2224 2655; x_wconf 89' lang='lat' dir='ltr'>fie-</span> 
     </span>
     <span class='ocr_line' id='line_1_109' title="bbox 1182 2672 2221 2726; baseline 0.004 -15"><span class='ocrx_word' id='word_1_660' title='bbox 1182 2677 1260 2720; x_wconf 90' lang='lat' dir='ltr'>ret,</span> <span class='ocrx_word' id='word_1_661' title='bbox 1280 2677 1320 2711; x_wconf 90' lang='lat' dir='ltr'>et</span> <span class='ocrx_word' id='word_1_662' title='bbox 1340 2672 1524 2710; x_wconf 89' lang='lat' dir='ltr'>medium</span> <span class='ocrx_word' id='word_1_663' title='bbox 1557 2672 1743 2723; x_wconf 82' lang='lat' dir='ltr'>prudens</span> <span class='ocrx_word' id='word_1_664' title='bbox 1776 2674 2022 2722; x_wconf 87' lang='lat' dir='ltr'>adhibitum,</span> <span class='ocrx_word' id='word_1_665' title='bbox 2044 2688 2126 2726; x_wconf 87' lang='lat' dir='ltr'>quo</span> <span class='ocrx_word' id='word_1_666' title='bbox 2153 2677 2221 2716; x_wconf 86' lang='lat' dir='ltr'>illa</span> 
     </span>
     <span class='ocr_line' id='line_1_110' title="bbox 1184 2733 2223 2788; baseline 0.004 -15"><span class='ocrx_word' id='word_1_667' title='bbox 1184 2733 1380 2784; x_wconf 87' lang='lat' dir='ltr'>obligatio</span> <span class='ocrx_word' id='word_1_668' title='bbox 1397 2733 1547 2772; x_wconf 91' lang='lat' dir='ltr'>melius</span> <span class='ocrx_word' id='word_1_669' title='bbox 1567 2733 1810 2784; x_wconf 89' lang='lat' dir='ltr'>impleretur</span> <span class='ocrx_word' id='word_1_670' title='bbox 1831 2750 1841 2783; x_wconf 84' lang='lat'>3</span> <span class='ocrx_word' id='word_1_671' title='bbox 1861 2735 1964 2774; x_wconf 83' lang='lat' dir='ltr'>nihil</span> <span class='ocrx_word' id='word_1_672' title='bbox 1982 2749 2080 2788; x_wconf 86' lang='lat' dir='ltr'>ergo</span> <span class='ocrx_word' id='word_1_673' title='bbox 2103 2737 2223 2777; x_wconf 85' lang='lat' dir='ltr'>estin</span> 
     </span>
     <span class='ocr_line' id='line_1_111' title="bbox 1185 2795 2222 2849; baseline 0.004 -15"><span class='ocrx_word' id='word_1_674' title='bbox 1185 2807 1234 2834; x_wconf 88' lang='lat' dir='ltr'>ea</span> <span class='ocrx_word' id='word_1_675' title='bbox 1251 2795 1360 2846; x_wconf 88' lang='lat' dir='ltr'>lege,</span> <span class='ocrx_word' id='word_1_676' title='bbox 1384 2795 1496 2846; x_wconf 87' lang='lat' dir='ltr'>quod</span> <span class='ocrx_word' id='word_1_677' title='bbox 1526 2795 1700 2834; x_wconf 83' lang='lat' dir='ltr'>excedat</span> <span class='ocrx_word' id='word_1_678' title='bbox 1721 2797 1927 2836; x_wconf 85' lang='lat' dir='ltr'>Pontificis</span> <span class='ocrx_word' id='word_1_679' title='bbox 1957 2802 2222 2849; x_wconf 87' lang='lat' dir='ltr'>potestatem,</span> 
     </span>
     <span class='ocr_line' id='line_1_112' title="bbox 1186 2856 2226 2907; baseline 0.003 -12"><span class='ocrx_word' id='word_1_680' title='bbox 1186 2860 1254 2895; x_wconf 87' lang='lat' dir='ltr'>aut</span> <span class='ocrx_word' id='word_1_681' title='bbox 1278 2860 1448 2907; x_wconf 88' lang='lat' dir='ltr'>propter</span> <span class='ocrx_word' id='word_1_682' title='bbox 1470 2856 1583 2907; x_wconf 91' lang='lat' dir='ltr'>quod</span> <span class='ocrx_word' id='word_1_683' title='bbox 1607 2856 1851 2896; x_wconf 84' lang='lat' dir='ltr'>inferiorum</span> <span class='ocrx_word' id='word_1_684' title='bbox 1878 2870 2131 2899; x_wconf 88' lang='lat' dir='ltr'>consensum</span> <span class='ocrx_word' id='word_1_685' title='bbox 2157 2870 2226 2898; x_wconf 90' lang='lat' dir='ltr'>re-</span> 
     </span>
    </p>
   </div>
   <div class='ocr_carea' id='block_1_19' title="bbox 1160 2914 1332 2969">
    <p class='ocr_par' dir='ltr' id='par_1_21' title="bbox 1160 2914 1332 2969">
     <span class='ocr_line' id='line_1_113' title="bbox 1160 2914 1332 2969; baseline -0.006 -13"><span class='ocrx_word' id='word_1_686' title='bbox 1160 2914 1165 2923; x_wconf 62' lang='lat'><em>*</em></span> <span class='ocrx_word' id='word_1_687' title='bbox 1185 2918 1332 2969; x_wconf 86' lang='lat' dir='ltr'>quirat.</span> 
     </span>
    </p>
   </div>
   <div class='ocr_carea' id='block_1_20' title="bbox 1187 2978 2233 3578">
    <p class='ocr_par' dir='ltr' id='par_1_22' title="bbox 1187 2978 2233 3578">
     <span class='ocr_line' id='line_1_114' title="bbox 1240 2978 2226 3030; baseline 0.002 -13"><span class='ocrx_word' id='word_1_688' title='bbox 1240 2980 1303 3017; x_wconf 71' lang='lat'>12.</span> <span class='ocrx_word' id='word_1_689' title='bbox 1321 2979 1532 3017; x_wconf 76' lang='lat' dir='ltr'>[nstantia</span> <span class='ocrx_word' id='word_1_690' title='bbox 1549 2981 1685 3017; x_wconf 78' lang='lat' dir='ltr'>contra</span> <span class='ocrx_word' id='word_1_691' title='bbox 1699 2978 1927 3030; x_wconf 66' lang='lat' dir='ltr'>proximam</span> <span class='ocrx_word' id='word_1_692' title='bbox 1947 2978 2226 3019; x_wconf 74' lang='lat' dir='ltr'>resolutionem</span> 
     </span>
     <span class='ocr_line' id='line_1_115' title="bbox 1187 3038 2226 3090; baseline -0.003 -11"><span class='ocrx_word' id='word_1_693' title='bbox 1187 3039 1372 3080; x_wconf 77' lang='lat' dir='ltr'>diluitur.</span> <span class='ocrx_word' id='word_1_694' title='bbox 1387 3059 1440 3067; x_wconf 93' lang='lat'>—</span> <span class='ocrx_word' id='word_1_695' title='bbox 1455 3038 1601 3077; x_wconf 89' lang='lat' dir='ltr'>Dices:</span> <span class='ocrx_word' id='word_1_696' title='bbox 1626 3038 1695 3089; x_wconf 90' lang='lat' dir='ltr'>qui</span> <span class='ocrx_word' id='word_1_697' title='bbox 1711 3038 1953 3090; x_wconf 84' lang='lat' dir='ltr'>priusquam</span> <span class='ocrx_word' id='word_1_698' title='bbox 1965 3039 2149 3078; x_wconf 86' lang='lat' dir='ltr'>Ecclesia</span> <span class='ocrx_word' id='word_1_699' title='bbox 2165 3038 2226 3077; x_wconf 85' lang='lat' dir='ltr'>in-</span> 
     </span>
     <span class='ocr_line' id='line_1_116' title="bbox 1188 3100 2226 3148; baseline -0.001 -9"><span class='ocrx_word' id='word_1_700' title='bbox 1188 3101 1422 3140; x_wconf 84' lang='lat' dir='ltr'>habilitaret</span> <span class='ocrx_word' id='word_1_701' title='bbox 1441 3100 1679 3139; x_wconf 87' lang='lat' dir='ltr'>sacerdotes</span> <span class='ocrx_word' id='word_1_702' title='bbox 1691 3101 1745 3138; x_wconf 89' lang='lat' dir='ltr'>ad</span> <span class='ocrx_word' id='word_1_703' title='bbox 1763 3101 2090 3148; x_wconf 85' lang='lat' dir='ltr'>matrimonium,</span> <span class='ocrx_word' id='word_1_704' title='bbox 2111 3103 2226 3139; x_wconf 90' lang='lat' dir='ltr'>erant</span> 
     </span>
     <span class='ocr_line' id='line_1_117' title="bbox 1189 3161 2224 3213; baseline -0.005 -11"><span class='ocrx_word' id='word_1_705' title='bbox 1189 3165 1232 3202; x_wconf 91' lang='lat' dir='ltr'>in</span> <span class='ocrx_word' id='word_1_706' title='bbox 1262 3162 1391 3201; x_wconf 89' lang='lat' dir='ltr'>sacris</span> <span class='ocrx_word' id='word_1_707' title='bbox 1422 3161 1616 3210; x_wconf 88' lang='lat' dir='ltr'>ordinati,</span> <span class='ocrx_word' id='word_1_708' title='bbox 1636 3174 1720 3200; x_wconf 92' lang='lat' dir='ltr'>non</span> <span class='ocrx_word' id='word_1_709' title='bbox 1749 3166 1975 3213; x_wconf 89' lang='lat' dir='ltr'>potuerunt</span> <span class='ocrx_word' id='word_1_710' title='bbox 1995 3173 2070 3213; x_wconf 87' lang='lat' dir='ltr'>per</span> <span class='ocrx_word' id='word_1_711' title='bbox 2090 3161 2224 3212; x_wconf 87' lang='lat' dir='ltr'>legem</span> 
     </span>
     <span class='ocr_line' id='line_1_118' title="bbox 1192 3219 2224 3276; baseline -0.007 -12"><span class='ocrx_word' id='word_1_712' title='bbox 1192 3223 1397 3276; x_wconf 82' lang='lat' dir='ltr'>posterius</span> <span class='ocrx_word' id='word_1_713' title='bbox 1423 3223 1551 3261; x_wconf 87' lang='lat' dir='ltr'>latam</span> <span class='ocrx_word' id='word_1_714' title='bbox 1580 3222 1833 3262; x_wconf 87' lang='lat' dir='ltr'>inhabilitari</span> <span class='ocrx_word' id='word_1_715' title='bbox 1851 3253 1860 3271; x_wconf 96' lang='lat'>‚</span> <span class='ocrx_word' id='word_1_716' title='bbox 1887 3223 1990 3261; x_wconf 87' lang='lat' dir='ltr'>utin</span> <span class='ocrx_word' id='word_1_717' title='bbox 2025 3219 2224 3273; x_wconf 89' lang='lat' dir='ltr'>superiori</span> 
     </span>
     <span class='ocr_line' id='line_1_119' title="bbox 1193 3282 2228 3336; baseline -0.007 -12"><span class='ocrx_word' id='word_1_718' title='bbox 1193 3290 1306 3325; x_wconf 88' lang='lat' dir='ltr'>tomo</span> <span class='ocrx_word' id='word_1_719' title='bbox 1324 3285 1560 3336; x_wconf 86' lang='lat' dir='ltr'>tetigimus;</span> <span class='ocrx_word' id='word_1_720' title='bbox 1584 3296 1685 3336; x_wconf 91' lang='lat' dir='ltr'>ergo</span> <span class='ocrx_word' id='word_1_721' title='bbox 1705 3296 1842 3335; x_wconf 87' lang='lat' dir='ltr'>neque</span> <span class='ocrx_word' id='word_1_722' title='bbox 1863 3284 1905 3322; x_wconf 89' lang='lat' dir='ltr'>in</span> <span class='ocrx_word' id='word_1_723' title='bbox 1927 3283 2132 3335; x_wconf 82' lang='lat' dir='ltr'>praesenti.</span> <span class='ocrx_word' id='word_1_724' title='bbox 2150 3282 2228 3318; x_wconf 89' lang='lat' dir='ltr'>Re-</span> 
     </span>
     <span class='ocr_line' id='line_1_120' title="bbox 1197 3339 2229 3399; baseline -0.008 -13"><span class='ocrx_word' id='word_1_725' title='bbox 1197 3346 1382 3399; x_wconf 89' lang='lat' dir='ltr'>spondeo</span> <span class='ocrx_word' id='word_1_726' title='bbox 1399 3346 1451 3385; x_wconf 89' lang='lat' dir='ltr'>ad</span> <span class='ocrx_word' id='word_1_727' title='bbox 1467 3346 1734 3394; x_wconf 87' lang='lat' dir='ltr'>antecedens,</span> <span class='ocrx_word' id='word_1_728' title='bbox 1753 3345 1971 3397; x_wconf 78' lang='lat' dir='ltr'>dupliciter</span> <span class='ocrx_word' id='word_1_729' title='bbox 1986 3345 2027 3382; x_wconf 90' lang='lat' dir='ltr'>id</span> <span class='ocrx_word' id='word_1_730' title='bbox 2048 3339 2229 3392; x_wconf 80' lang='lat' dir='ltr'>potuisse</span> 
     </span>
     <span class='ocr_line' id='line_1_121' title="bbox 1198 3392 2233 3459; baseline -0.01 -11"><span class='ocrx_word' id='word_1_731' title='bbox 1198 3409 1440 3457; x_wconf 85' lang='lat' dir='ltr'>contingere</span> <span class='ocrx_word' id='word_1_732' title='bbox 1459 3419 1471 3446; x_wconf 89' lang='lat'>:</span> <span class='ocrx_word' id='word_1_733' title='bbox 1494 3407 1628 3459; x_wconf 89' lang='lat' dir='ltr'>primo</span> <span class='ocrx_word' id='word_1_734' title='bbox 1650 3407 1764 3459; x_wconf 87' lang='lat' dir='ltr'>quod</span> <span class='ocrx_word' id='word_1_735' title='bbox 1798 3407 1856 3445; x_wconf 91' lang='lat' dir='ltr'>illi</span> <span class='ocrx_word' id='word_1_736' title='bbox 1881 3404 2116 3444; x_wconf 85' lang='lat' dir='ltr'>sacerdotes</span> <span class='ocrx_word' id='word_1_737' title='bbox 2139 3392 2233 3439; x_wconf 74' lang='lat' dir='ltr'>nu&#39;l&#39;-</span> 
     </span>
     <span class='ocr_line' id='line_1_122' title="bbox 1197 3460 2230 3519; baseline -0.01 -10"><span class='ocrx_word' id='word_1_738' title='bbox 1197 3470 1285 3509; x_wconf 88' lang='lat' dir='ltr'>lum</span> <span class='ocrx_word' id='word_1_739' title='bbox 1306 3469 1510 3508; x_wconf 85' lang='lat' dir='ltr'>haberent</span> <span class='ocrx_word' id='word_1_740' title='bbox 1543 3472 1686 3509; x_wconf 85' lang='lat' dir='ltr'>votum</span> <span class='ocrx_word' id='word_1_741' title='bbox 1718 3468 1894 3519; x_wconf 82' lang='lat' dir='ltr'>simplex</span> <span class='ocrx_word' id='word_1_742' title='bbox 1914 3465 2084 3514; x_wconf 82' lang='lat' dir='ltr'>integrae</span> <span class='ocrx_word' id='word_1_743' title='bbox 2113 3460 2230 3513; x_wconf 73' lang='grc' dir='ltr'>005τί-</span> 
     </span>
     <span class='ocr_line' id='line_1_123' title="bbox 1198 3527 2232 3578; baseline -0.008 -8"><span class='ocrx_word' id='word_1_744' title='bbox 1198 3530 1316 3578; x_wconf 85' lang='lat' dir='ltr'>tatis;</span> <span class='ocrx_word' id='word_1_745' title='bbox 1337 3533 1380 3570; x_wconf 83' lang='lat' dir='ltr'>et</span> <span class='ocrx_word' id='word_1_746' title='bbox 1399 3531 1457 3572; x_wconf 85' lang='lat' dir='ltr'>sic</span> <span class='ocrx_word' id='word_1_747' title='bbox 1483 3530 1580 3572; x_wconf 85' lang='lat' dir='ltr'>dato</span> <span class='ocrx_word' id='word_1_748' title='bbox 1612 3529 1907 3573; x_wconf 86' lang='lat' dir='ltr'>antecedente,</span> <span class='ocrx_word' id='word_1_749' title='bbox 1934 3527 2112 3576; x_wconf 82' lang='lat' dir='ltr'>negatur</span> <span class='ocrx_word' id='word_1_750' title='bbox 2138 3532 2232 3564; x_wconf 84' lang='lat' dir='ltr'>con·</span> 
     </span>
    </p>
   </div>
   <div class='ocr_carea' id='block_1_21' title="bbox 2308 0 2352 106">
    <p class='ocr_par' dir='ltr' id='par_1_23' title="bbox 2308 0 2352 106">
     <span class='ocr_line' id='line_1_124' title="bbox 2308 0 2352 106; textangle 90"><span class='ocrx_word' id='word_1_751' title='bbox 2308 0 2352 106; x_wconf 43' lang='lat' dir='ltr'>*aaa</span> 
     </span>
    </p>
   </div>
   <div class='ocr_carea' id='block_1_22' title="bbox 2129 140 2314 212">
    <p class='ocr_par' dir='ltr' id='par_1_24' title="bbox 2129 140 2314 212">
     <span class='ocr_line' id='line_1_125' title="bbox 2129 140 2314 212; baseline -0.005 0"><span class='ocrx_word' id='word_1_752' title='bbox 2129 140 2314 212; x_wconf 65' lang='lat' dir='ltr'>roa.</span> 
     </span>
    </p>
   </div>
  </div>
 </body>
</html>
