2352 3880
423 148 426 149 .
464 139 472 148 .
503 131 513 151 ’,
542 131 543 135 ’

286 172 301 196 «.
314 151 406 193 ,ἶΛΨιῘ
429 155 441 159 '
455 148 499 178 '⁵¹1
533 145 554 164 ³⁴
566 138 583 153 F

207 213 209 217 ι
272 196 274 198 “
292 190 351 221 ‘Ab'
399 199 422 214 ³2—
462 189 466 193 ’

198 251 207 269 ι’
223 245 256 270 “¹⁸¹3
267 235 299 274 «ἔ
310 229 329 258 ρ
467 240 473 246 ⁴

118 291 127 310 ⁶
97 275 210 374 ³²75³2⁵³
244 299 253 313 ³
342 295 344 298 ’
398 320 401 321 ⁷
451 305 542 343 ω..
560 304 607 343 ιι.
628 303 686 341 ιιι
704 295 924 345 rmssmo
942 302 1217 342 conveniam-1
1237 303 1351 339 nono
1370 304 1414 339 m
1432 305 1661 350 socinum
1676 307 1785 345 riu.

195 370 276 412 'et
302 374 447 410 valore
471 368 601 421 hujus
634 366 938 436 pmfessiouisg
954 365 1087 408 multa

123 377 393 489 &ponuntur
405 429 465 471 ad
479 431 687 478 ornatum,
700 423 768 468 vbi
785 428 991 479 majorem
1010 426 1088 469 de·-

175 502 232 530 m
251 503 301 532 ac
321 491 599 539 devotionem,
617 493 664 531 ut
681 489 796 543 quod
822 491 897 529 fiat
914 489 1086 559 promis-

98 553 392 605 cmmpotentz
409 552 506 600 Deo,
529 549 642 604 quod
660 561 795 591 coram
811 550 972 604 virgine
998 560 1085 591 ma-

65 661 69 665 <
103 615 215 653 etc.
203 642 235 662 .‚
248 613 440 666 quodque
449 611 520 652 fiat
528 611 715 655 Gener-ali
729 611 1084 658 &successor-ibim

83 696 98 704 ’ν
74 671 256 727 rigore
283 674 397 715 enim
423 673 523 714 satis
543 676 606 712 est
619 672 823 725 profiteri,
845 677 887 712 et
904 676 1084 724 quatuor

35 738 146 813 ‘ttae
170 745 362 787 expresse
381 734 589 782 emittere3
611 734 692 774 hoc
711 733 823 774 enim
838 734 1002 774 videtur
1020 745 1086 775 es-

84 795 159 839 ¹-in
174 796 253 837 hac
264 795 465 848 religione
483 795 766 835 necessarium
780 799 820 835 et
838 795 1085 835 substantia-

77 867 168 900 .ex
181 861 324 899 mente
341 856 685 897 constitutionum
699 857 804 908 eJus.
826 856 1083 910 Quapropter

0 947 4 988 '1
0 914 204 984 &adverti
218 918 343 959 etiam
362 921 511 970 potest,
529 917 669 958 omnia
683 918 774 958 haec
792 919 937 967 verba,
953 930 1084 970 quan-

0 1003 5 1043 ι
147 978 364 1019 addictam
382 978 698 1032 expressionem
713 982 903 1019 votorum
929 982 970 1018 et
989 990 1084 1029 pro-

0 1047 20 1072 t
18 1044 21 1045 ’
38 1035 43 1044 ’
147 1050 288 1088 onem,
306 1040 412 1079 sumi
427 1051 503 1091 per
514 1039 685 1080 modum
699 1040 822 1079 unius
833 1039 1083 1080 continuatae

0 1081 262 1159 Ιριέιιίοιιιε,,
279 1112 373 1152 quae
389 1112 474 1140 non
493 1100 618 1141 habet
644 1100 875 1152 perfectum
895 1111 1081 1149 sensum,

0 1188 5 1191 -
32 1161 182 1218 '‘flonec
195 1166 282 1201 tota
297 1161 550 1213 proferatur;
572 1161 630 1200 ita
649 1165 695 1200 ut
710 1162 743 1200 si
755 1162 848 1212 quis
867 1161 1002 1200 solum
1020 1160 1084 1200 di-

0 1227 185 1294 sceret.
209 1224 294 1274 Ego
313 1223 539 1275 profiteor
527 1235 570 1263 ιιι
585 1221 790 1263 Societate
800 1223 823 1262 J
828 1235 916 1270 esu
934 1226 975 1262 et
986 1234 1082 1274 pro-

35 1285 287 1333 missionem
307 1295 542 1336 expressam
558 1289 729 1332 taceret,
748 1297 832 1324 non
847 1285 966 1324 fieret
987 1296 1083 1335 pro-

0 1335 191 1401 ssessus.
210 1346 322 1386 Idem
341 1358 492 1386 censeo
507 1346 559 1385 de
579 1346 753 1397 singulis
772 1345 876 1386 votis
893 1346 1084 1385 substan-

36 1407 226 1459 fidibus,
250 1407 364 1460 quod
393 1408 438 1448 in
460 1407 592 1447 tribus
618 1407 763 1459 primis
797 1411 860 1447 est
884 1407 1082 1447 manifes-

42 1472 158 1516 tnm3
181 1469 277 1520 quia
313 1473 410 1509 sunt
437 1468 492 1509 de
516 1469 747 1508 substantia
778 1470 1080 1520 cujuscumque

35 1530 325 1587 professionis,
338 1534 381 1570 et
398 1530 443 1571 in
462 1531 542 1570 hac
557 1530 772 1583 religione,
788 1531 868 1570 nisi
890 1530 1080 1582 explicite

31 1591 160 1642 fiant,
179 1604 265 1631 non
302 1596 524 1632 censentur
563 1592 667 1640 fieri,
688 1592 803 1631 unde
837 1592 907 1642 qui
945 1603 1078 1631 unum

39 1653 264 1702 omitteret,
286 1654 586 1705 professionem
620 1665 706 1691 non
731 1653 902 1701 faceret,
924 1658 965 1693 et
982 1653 1076 1693 ideo

41 1723 123 1755 nec
139 1715 297 1766 reliqua
318 1715 399 1755 duo
419 1715 556 1753 valida
577 1718 731 1763 essent,
751 1715 850 1766 quia
869 1726 954 1754 non
970 1714 1077 1755 fiunt

42 1775 125 1818 nisi
141 1780 186 1815 ut
204 1788 366 1816 annexa
384 1776 645 1828 professioni.

93 1836 138 1878 3.
152 1837 222 1878 An
235 1838 365 1880 valeat
377 1839 526 1886 forma,
536 1839 574 1877 si
587 1838 704 1878 verba
718 1839 854 1889 quarti
867 1837 950 1878 voti
963 1836 1081 1878 omit·

35 1901 196 1943 tantur.
213 1919 267 1929 —
281 1899 338 1938 De
359 1902 504 1949 quarto
525 1903 664 1937 autem
679 1903 819 1948 posset
837 1911 928 1936 esse
946 1899 1080 1948 major

39 1960 258 2007 dubitatio,
281 1960 314 1999 si
335 1959 426 2010 quis
436 1963 529 2010 post
540 1959 743 2010 prolatam
759 1959 871 1997 illam
882 1958 1074 2007 formam,

37 2031 174 2073 mque
195 2021 247 2060 ad
266 2020 334 2060 illa
360 2020 502 2069 verba,
515 2020 644 2071 jueta
661 2022 834 2068 sormam
856 2021 898 2059 in
920 2019 1077 2060 Consti-

34 2082 262 2129 tutionibus
287 2085 527 2129 contentam,
558 2082 684 2120 nollet
706 2082 814 2121 ultra
843 2080 1073 2132 progredi,

38 2152 122 2187 aec
135 2148 327 2196 quartum
343 2147 484 2183 votum
506 2143 708 2191 emittere,
726 2155 781 2182 an
801 2147 990 2182 maneret
1007 2154 1077 2181 ve-

39 2217 89 2250 te
101 2205 313 2257 professus
332 2205 457 2243 trium
474 2209 662 2244 votorum
683 2205 909 2244 Societatis.
931 2206 974 2243 In
991 2216 1075 2254 quo

12 2295 14 2297 »
35 2267 144 2315 mihi
162 2266 343 2307 breviter
364 2266 587 2305 dicendum
610 2266 774 2305 videtur
794 2278 844 2305 ex
862 2269 980 2316 parte
1000 2278 1076 2304 sua

35 2340 212 2372 manere
230 2328 477 2379 professum,
497 2329 596 2379 quia
616 2328 890 2379 supponimus
920 2327 1079 2366 habere

14 2389 317 2439 ‘tintentionem
339 2389 557 2440 profitendi
587 2389 656 2428 illo
681 2389 822 2436 modo,
845 2389 915 2439 qui
935 2401 1010 2439 per
1031 2401 1080 2428 se

14 2477 18 2487 2
36 2455 233 2503 ,sumptus
244 2452 392 2491 sufficit
401 2451 455 2490 ad
471 2451 695 2502 quamdam
709 2463 847 2490 veram
860 2451 1078 2501 professio-

14 2522 141 2560 »nem
159 2513 414 2559 faciendam
437 2525 487 2552 ex
506 2517 621 2563 parte
645 2524 743 2551 vero
771 2512 986 2551 Societatis
1008 2512 1079 2551 de-

98 2575 230 2616 ndere
247 2575 363 2614 hunc
392 2575 577 2613 valorem
612 2585 663 2612 ex
685 2573 911 2611 intentione
937 2584 1080 2624 accep-

3 2583 116 2692 iffi}
119 2637 202 2683 tis;
223 2648 322 2677 nam
341 2635 374 2674 si
393 2635 462 2674 ille
493 2625 676 2686 legitime
699 2634 826 2672 talem
857 2633 1028 2702 profess
1019 2646 1079 2672 10—

0 2686 142 2746 Ἰῇειιι
161 2702 361 2748 acceptet,
385 2696 519 2736 valida
540 2696 644 2745 erit3
668 2695 770 2734 alias
788 2707 885 2735 vero
905 2695 1076 2744 minine,

0 2771 2 2792 ι
18 2772 23 2797 ι
14 2751 149 2877 ξιιιι
166 2761 357 2810 sequenti
372 2762 526 2810 puncto
548 2757 841 2797 declarabitur.

69 2822 139 2870 4.
169 2821 365 2872 Exparte
383 2818 622 2870 acceptantis
643 2818 865 2870 requiritur
885 2819 1074 2869 potestas.

44 2888 45 2891 ’
107 2882 164 2923 In
181 2893 255 2934 quo
274 2879 328 2922 sit
342 2881 565 2922 ordinaria.
579 2900 630 2909 —
643 2879 836 2932 Deleyata
854 2891 931 2918 non.
950 2880 1001 2931 fit
1013 2891 1076 2932 ye-

4 2967 16 2982 .
54 2945 71 2995 j‘
118 2944 217 2984 atim
231 2944 316 2984 nisi
340 2946 445 2993 forte
458 2954 532 2994 pro
551 2942 702 2982 Indiis.
721 2962 776 2971 —
790 2942 849 2980 Ex
866 2944 982 2992 parte
1001 2940 1078 2992 igi-

7 3033 16 3055 ,
51 3012 102 3056 ’,ᾖί
132 3004 358 3052 Societatis,
381 3003 434 3043 de
454 3003 683 3043 substantia
710 3002 837 3053 hujus
855 3001 1078 3054 professio-

9 3105 19 3119 ,
43 3061 110 3112 '2²20-
130 3070 191 3106 est
214 3070 260 3106 ut
279 3066 320 3105 in
356 3065 549 3104 manibus
573 3064 747 3115 alicujus
767 3064 854 3111 fiat,
876 3064 945 3114 qui
966 3063 1078 3102 illam

211 3130 443 3178 acceptare,
465 3131 505 3167 et
524 3130 709 3177 acceptet
730 3140 742 3174 ;
772 3125 850 3164 hoc
888 3125 1000 3163 enim
1020 3128 1082 3164 est

10 3186 16 3190 ’
71 3181 99 3221 ss
129 3188 358 3228 substantia
373 3189 672 3239 cujuscumque
690 3186 970 3239 professionis,
986 3186 1082 3238 quia

133 3249 260 3288 veluti
273 3253 508 3289 contractus
525 3250 775 3301 reciprocus,
798 3252 842 3287 ut
858 3252 970 3286 tomo
982 3258 1083 3298 prae·

53 3316 57 3322 ’
88 3339 94 3356 ,
112 3310 217 3350 enti
229 3314 448 3350 tractatum
464 3310 508 3350 in
527 3311 736 3350 communi
757 3313 831 3350 est.
858 3310 926 3348 Est
946 3312 1085 3347 autem

90 3423 91 3426 Ἴ
153 3372 364 3421 singulare
384 3371 427 3409 in
445 3370 663 3419 Societate,
679 3375 727 3411 ut
752 3371 849 3422 jure
878 3369 1085 3408 ordmario

103 3438 117 3475 j
144 3450 172 3467 ,2
202 3444 240 3470 .s
273 3431 518 3472 admittendi
543 3431 596 3470 ad
614 3431 912 3501 professionem
932 3431 976 3469 in
1001 3430 1086 3469 solo

61 3496 64 3499 '
108 3493 281 3547 ,posito
313 3492 505 3533 Generali
540 3492 627 3539 sit,
659 3493 717 3532 ita
749 3493 861 3533 enim
899 3491 1090 3532 statuitur

37 3576 48 3584 ›
116 3602 130 3609 Q
150 3557 210 3595 ta
226 3557 346 3605 parte
378 3552 738 3602 Constitutionum,
761 3565 852 3604 cap.
879 3555 898 3592 1
916 3582 928 3601 ,
949 3552 974 3603 ξ
993 3554 1032 3600 2,
1052 3555 1093 3592 et

101 3608 111 3628 ³
204 3613 436 3669 principio.
452 3614 554 3662 Quia
563 3625 660 3654 vero
676 3614 719 3653 in
726 3613 790 3653 his
807 3613 908 3653 locis
922 3624 1094 3665 genera—

1139 365 1444 419 professionem
1454 366 1581 419 quam
1593 369 1763 411 adalios
1776 380 2065 428 qaaecumque
2080 356 2180 426 gra-
2319 349 2352 366 ⁶

1139 427 1234 476 dus,
1257 427 1384 470 etiam
1401 427 1667 479 novitiorum,
1686 435 1729 471 et
1747 431 1799 473 de
1813 432 2010 473 omnibus
2029 433 2180 476 dicitur

1138 493 1388 541 potestatem
1397 489 1630 542 recipiendi
1661 503 1752 532 esse
1771 494 1887 544 apud
1913 494 2174 551 Generalem,

1137 561 1262 602 posse
1272 553 1415 590 tamen
1424 562 1499 601 per
1509 562 1574 599 se,
1590 550 1658 590 vel
1669 564 1744 604 per
1756 554 1862 593 alios
1878 555 1992 594 illam
2009 567 2180 599 exerce-

1135 623 1196 657 re,
1210 611 1427 651 ideoaliis'
1415 611 1576 652 inlocis
1587 611 1932 663 declaratumest,
1950 616 2178 660 hanceom-

1136 672 1379 713 missionem
1395 672 1646 713 admittendi
1663 673 1717 713 ad
1735 674 2038 725 professionem
2067 678 2177 719 ordi-

1137 734 1254 774 narie
1274 746 1360 774 non
1377 733 1530 774 dehere
1550 721 1782 786 generatim
1801 735 1895 776 fieri
1914 737 2169 778 Provinciali

1137 794 1217 835 hus
1244 808 1270 835 a
1288 795 1509 847 Praeposito
1537 795 1744 843 Gener-ali,
1765 796 1871 836 sed
1861 807 1906 836 m
1938 797 2171 848 particulari

1137 856 1192 896 ad
1211 857 1303 901 has,
1324 857 1391 896 vel
1425 857 1516 896 illas
1551 868 1758 909 personas
1789 856 1842 896 ad
1873 857 2176 908 professionem

1138 917 1417 958 admittendas
1446 921 1540 970 post
1562 918 1807 970 diligentem
1834 917 2144 969 inquisitionem
2161 949 2174 966 ,

1138 981 1181 1019 et
1212 977 1367 1018 honam
1386 991 1437 1018 ac
1464 979 1738 1019 sufficientem
1760 979 2099 1018 informationem
2123 979 2177 1019 de

1139 1051 1286 1080 eorum
1302 1040 1387 1081 vita
1404 1042 1444 1080 et
1463 1040 1667 1089 doctrina,
1680 1045 1725 1080 ut
1738 1044 1853 1092 patet
1869 1052 1920 1079 ex
1932 1039 2177 1080 declaratio-

1135 1112 1192 1142 ne
1210 1101 1306 1141 dict.
1326 1114 1363 1142 c.
1388 1103 1428 1150 3,
1449 1114 1491 1154 p.
1509 1103 1551 1150 9,
1570 1102 1612 1140 ιιι
1631 1102 1692 1141 lit.
1714 1103 1763 1150 A,
1785 1105 1827 1141 et
1846 1113 1897 1141 ex
1911 1114 1947 1141 c.
1974 1101 2174 1148 secundo,

1134 1163 1282 1214 quinta
1298 1167 1414 1215 parte
1435 1164 1797 1212 Constitutionum,
1810 1163 1854 1201 in
1871 1162 2088 1214 principio,
2105 1162 2178 1202 ubi

1136 1225 1180 1265 in
1197 1225 1476 1266 declaratione
1490 1225 1672 1272 addit-ur,
1686 1225 1729 1263 in
1742 1224 2028 1264 remotissimis
2038 1223 2177 1263 India-

1135 1298 1230 1326 rum
1245 1287 1487 1338 regionibus
1499 1297 1622 1338 posse
1632 1285 1794 1325 facilius
1810 1285 2050 1336 generalem
2066 1296 2177 1324 com-

1136 1348 1380 1387 missionem
1399 1347 1507 1396 fieri,
1528 1348 1571 1385 in
1597 1346 1754 1386 oaeteris
1772 1357 1871 1384 vero
1894 1346 1996 1384 locis
2009 1357 2097 1385 non
2114 1345 2178 1384 fa-

1135 1409 1230 1450 cile.
1257 1410 1316 1448 Ex
1337 1409 1490 1460 quibus
1510 1408 1647 1448 verbis
1668 1406 1899 1458 intelligere
1921 1406 2031 1455 licet,
2053 1417 2178 1457 posse

1135 1470 1359 1522 aliquando
1379 1470 1470 1509 fieri
1487 1470 1598 1509 hanc
1630 1468 1968 1508 commissionem
2003 1467 2176 1507 confuse

1134 1536 1176 1572 et
1193 1532 1237 1571 in
1251 1532 1476 1578 communi,
1498 1543 1573 1582 pro
1591 1530 1761 1569 arbitrio
1781 1529 1977 1580 prudenti
1996 1528 2176 1568 Genera-

1131 1592 1197 1640 lis,
1227 1597 1268 1632 et
1289 1593 1384 1632 ideo
1406 1593 1486 1631 hoc
1509 1604 1594 1630 non
1620 1590 1862 1643 pertinetad
1885 1590 2174 1639 substantiam,

1132 1654 1207 1693 sed
1227 1654 1361 1693 solum
1372 1653 1486 1704 quod
1505 1656 1688 1704 potestas
1706 1653 1757 1692 sit
1769 1652 1978 1703 Praepositi
1994 1652 2175 1691 Genera-

1131 1715 1195 1763 lis,
1212 1716 1314 1755 vela
1329 1715 1523 1754 Generali
1534 1714 1767 1753 commissa.
1787 1714 1858 1753 Est
1876 1716 2016 1752 autem
2031 1715 2175 1751 notan-

1130 1776 1186 1816 da
1203 1776 1441 1816 differentia
1461 1777 1570 1814 inter
1585 1775 1906 1826 professionem,
1918 1785 2010 1824 quae
2030 1773 2176 1812 imme·

1135 1837 1247 1877 diate
1279 1838 1333 1877 ab
1364 1837 1455 1888 ipso
1495 1836 1686 1876 Generali
1724 1838 1981 1886 acceptatur,
1998 1834 2066 1873 vel
2101 1842 2163 1885 pe*

1134 1899 1289 1945 alium;
1312 1910 1411 1937 nam
1432 1899 1521 1949 ipse
1547 1900 1685 1948 potest
1713 1896 1843 1935 libere
1881 1899 2111 1946 acceptare,
2129 1902 2175 1934 ut

1131 1960 1308 1999 voluerit
1325 1972 1336 2006 ;
1359 1959 1429 1999 alii
1446 1959 1581 1997 solum
1596 1959 1715 2008 juxta
1730 1960 1982 2008 potestatem
2001 1957 2080 1995 sibi
2099 1956 2173 1995 de-

1130 2021 1339 2071 legatam
1378 2020 1474 2070 quia
1495 2020 1538 2058 in
1557 2018 1749 2057 Generali
1782 2022 1843 2057 est
1866 2018 1954 2057 haec
1984 2022 2168 2068 potestas

1131 2085 1215 2121 tota
1230 2084 1385 2131 quanta
1399 2082 1487 2132 ipsa
1500 2084 1579 2129 est,
1596 2080 1642 2119 in
1657 2080 1749 2119 aliis
1768 2091 1868 2119 vero
1886 2079 2023 2118 solum
2037 2091 2172 2130 quan-

1130 2147 1173 2182 ta
1195 2143 1331 2182 datur.

1184 2206 1224 2243 5.
1257 2202 1460 2243 Resoluta
1481 2201 1655 2253 amplior
1689 2200 1802 2240 dubii
1827 2203 1954 2251 positi
1988 2213 2097 2242 num.
2129 2205 2170 2249 3,

1130 2265 1259 2317 quoad
1268 2262 1571 2314 acceptationem
1590 2261 1988 2303 Generalis—Unde
2008 2263 2049 2301 in
2068 2276 2169 2303 casu

1132 2338 1257 2378 supra
1283 2325 1433 2377 posito,
1454 2323 1506 2363 de
1528 2324 1598 2363 illo
1618 2324 1689 2375 qui
1708 2335 1758 2363 ex
1782 2324 2010 2363 intentione
2041 2325 2172 2364 Gene-

1131 2388 1229 2428 ralis
1265 2385 1426 2426 accedit
1466 2385 1519 2424 ad
1555 2385 1826 2425 emittendam
1867 2385 2170 2436 professionem

1133 2452 1311 2501 quatuor
1326 2451 1530 2494 votorum,
1548 2451 1590 2485 et
1609 2450 1753 2498 postea
1767 2447 1810 2484 in
1831 2446 1920 2498 ipso
1937 2451 2033 2486 actu
2050 2447 2166 2495 sistit,

1134 2515 1175 2550 et
1202 2521 1287 2549 non
1311 2509 1398 2548 vult
1419 2509 1608 2547 emittere
1635 2511 1828 2559 quartum
1848 2511 2006 2555 votum,
2033 2508 2170 2547 dicen-

1131 2572 1232 2611 dum
1253 2574 1328 2618 est,
1340 2571 1375 2609 si
1394 2570 1595 2622 professio
1611 2570 1684 2608 fiat
1701 2581 1840 2608 coram
1852 2569 1942 2620 ipso
1960 2569 2166 2616 Generali,

1131 2634 1175 2673 in
1194 2633 1404 2672 voluntate
1418 2632 1506 2682 ejus
1519 2642 1609 2670 esse
1631 2630 1744 2669 illam
1764 2634 1995 2679 acceptare,
2011 2642 2164 2677 necne;

1132 2698 1173 2735 et
1196 2694 1231 2734 si
1249 2696 1450 2745 acceptat,
1468 2692 1649 2732 validam
1673 2703 1788 2739 esse,
1809 2691 1905 2742 quia
1936 2691 2038 2729 nihil
2056 2692 2170 2731 aliud

1131 2756 1453 2807 expectabatur3
1491 2755 1524 2793 si
1544 2765 1642 2792 vero
1663 2752 1767 2792 nolit
1789 2756 2020 2803 acceptare,
2045 2765 2169 2803 posse

1130 2818 1175 2858 id
1193 2818 1354 2864 facere,
1387 2820 1428 2856 et
1452 2815 1756 2867 professionem
1781 2826 1954 2853 manere
1977 2814 2163 2861 nullam;

1131 2879 1228 2930 quia
1245 2876 1518 2929 supponimus
1533 2875 1780 2916 Generalem
1796 2874 2018 2915 accessisse
2030 2875 2168 2914 animo

1132 2940 1373 2992 acceptandi
1405 2938 1706 2990 professionem
1735 2939 1914 2988 quatuor
1945 2940 2166 2984 votorum;

1131 3015 1216 3042 non
1237 3015 1336 3054 ergo
1357 3005 1551 3041 censetur
1570 3003 1804 3051 acceptare,
1826 2998 1960 3038 donec
1976 3002 2062 3037 tota
2078 3008 2169 3049 pro·

1135 3063 1259 3104 fessio
1287 3063 1471 3110 finiatur,
1502 3065 1542 3100 et
1570 3062 1674 3113 ipsa,
1695 3060 1763 3100 vel
1786 3060 1997 3110 scriptum,
2025 3060 2067 3097 in
2087 3069 2169 3109 quo

1137 3125 1383 3172 continetur,
1418 3122 1654 3174 recipiatur,
1689 3121 1753 3160 vel
1785 3121 1932 3159 saltem
1968 3123 2103 3158 taceat
2130 3120 2169 3158 et

1136 3185 1367 3227 consentiat
1387 3197 1397 3232 ;
1429 3196 1528 3236 ergo
1563 3182 1763 3235 quamdiu
1803 3185 1999 3234 quartum
2028 3183 2169 3220 votum

1138 3259 1223 3287 non
1258 3247 1488 3293 emittatur,
1521 3245 1658 3285 adhuc
1685 3247 1827 3283 manet
1856 3254 1924 3283 res
1953 3251 2168 3292 suspensa,

1140 3309 1273 3350 donec
1292 3308 1504 3348 Generalis
1525 3307 1702 3358 explicet
1716 3308 1899 3344 mentem
1918 3315 2050 3342 suam.

1195 3373 1235 3411 6.
1264 3369 1412 3411 Deinde
1439 3369 1567 3421 quoad
1586 3367 1890 3419 acceptationem
1917 3361 2098 3415 deleqati.
2117 3377 2172 3390 -

1142 3432 1196 3472 At
1208 3443 1306 3471 vero
1323 3431 1356 3471 si
1375 3429 1578 3481 professio
1593 3426 1849 3468 admittenda
1869 3425 1922 3463 sit
1939 3435 2012 3474 per
2028 3421 2171 3466 alium,

1143 3492 1211 3532 cui
1231 3491 1483 3532 demandata
1504 3489 1637 3530 solum
1655 3492 1718 3528 est
1732 3490 1914 3538 potestas
1930 3477 2175 3522 admittendi

1145 3554 1270 3594 talem
1284 3564 1507 3605 personam
1525 3551 1581 3590 ad
1599 3548 1898 3602 professionem
1915 3546 2092 3594 quatuor
2105 3550 2175 3580 vo-

1148 3618 1300 3661 torum,
1328 3625 1414 3653 non
1433 3615 1570 3665 potest
1588 3610 1715 3651 talem
1739 3604 2039 3658 professionem
2059 3610 2176 3642 acce·

131 3691 155 3726 f.
172 3676 249 3725 ‘nst
271 3686 409 3721 sermo
427 3674 482 3717 de
497 3676 609 3717 omni
637 3674 903 3724 admissione,
925 3679 1011 3715 tam
1039 3673 1098 3716 ad
1149 3678 1286 3728 piare,
1300 3675 1399 3726 quia
1418 3683 1505 3713 non
1518 3674 1586 3712 est
1601 3669 1663 3711 illi
1675 3669 1859 3721 potestas
1873 3662 2097 3706 commissa
2112 3668 2178 3702 80-
