2352 3880
53 304 62 312 ,
100 280 102 285 ·
143 255 388 308 *tosseim
411 244 492 300 nei:
524 259 730 301 haberent
760 260 1047 302 auctoritatem
1064 259 1133 302 vel

52 342 55 343 ν
95 352 104 358 ..
141 324 340 365 uitatem
372 321 642 373 praedicandi.
666 321 788 363 Unde
819 321 948 372 addit,
970 321 1048 362 sub
1065 332 1132 362 sa-

63 426 73 438 .
91 391 131 414 -’
170 383 334 427 dotibus
371 383 728 434 comprehendere
765 382 945 423 Leonem
986 394 1130 424 omnes

59 438 199 507 issffs
216 444 404 493 clericos,
417 444 486 498 qui
503 443 557 484 ab
573 445 672 496 ipsis
685 443 912 495 Episcopis‚
930 457 1005 484 seu
1021 445 1128 485 Prae-

59 507 97 546 l?
157 507 169 519 ⁹
205 507 398 546 Ecclesiae
416 505 639 546 habuerint
666 505 919 557 praedicandi
959 506 1127 547 faculta-

59 560 69 604 ἓ
121 575 133 613 f
192 581 203 615 ;
227 568 279 608 de
308 567 493 608 diaconis
520 579 619 606 vero
640 567 710 613 ait,
740 568 909 618 quando
931 569 990 608 eis
1015 567 1125 608 attri-

59 622 236 740 lssnitur
272 640 427 668 munus
451 627 722 680 praedicandi,
742 629 911 668 nomine
932 629 1125 681 praedica-

58 696 93 729 ’·.-”
125 692 218 733 onis
232 690 406 742 intelligi
424 690 646 730 lectionem
664 692 895 743 Evangelii,
915 704 1008 745 quae
1025 691 1125 744 ipsis

53 774 62 779 ·
76 749 148 798 <ex
163 753 298 793 officio
314 752 522 791 convenit.
544 751 677 798 Quam
693 752 925 792 doctrinam
945 765 1127 806 sequun-

52 818 160 873 tur
189 816 465 854 communiter
497 813 728 853 Canonistae
748 819 999 861 asserentes,
1029 816 1124 867 jure

55 912 58 914 .
80 876 301 918 γτιῡῐηῐῃιιηί
320 879 360 915 et
379 875 535 927 absque
553 875 863 927 dispensatione
876 889 998 929 posse
1012 888 1125 916 com-

79 933 195 978 tmitii
223 937 348 976 etiam
384 937 448 976 his
474 937 544 988 qui
575 937 620 976 in
645 939 773 978 sacris
793 951 879 978 non
905 943 999 978 sunt
1019 937 1125 978 ordi-

75 1000 201 1039 -matiz
225 999 556 1046 Panormitanus‚
574 999 617 1038 in
634 1012 670 1039 c.
691 1001 965 1046 Decernimus,
981 999 1034 1038 de
1051 999 1124 1038 Ju-

71 1060 222 1108 vdiciis,
259 1074 302 1101 n.
342 1063 415 1108 14;
449 1061 594 1101 Decius
634 1062 706 1111 ibi,
747 1072 923 1101 numero
961 1061 1123 1101 decimo

85 1131 222 1173 non03
257 1126 298 1163 et
333 1123 469 1170 Alex„
505 1122 648 1163 consil.
683 1124 787 1171 216;
814 1122 982 1174 Angel„
1003 1123 1118 1162 verb.

86 1184 247 1232 laicus,
270 1196 447 1223 numero
467 1186 636 1235 quarto;
659 1185 780 1233 Tab.‚
812 1183 928 1223 verb.
962 1184 1121 1224 Proedz'-

87 1257 190 1292 care,
212 1244 236 1297 ξ
256 1246 294 1294 5,
314 1250 355 1285 et
373 1246 457 1293 alii,
477 1257 582 1297 quos
618 1245 745 1284 refert
772 1250 814 1285 et
836 1245 1024 1295 sequitur
1053 1245 1121 1284 Di-

86 1305 179 1347 dac.
203 1307 343 1356 Perez,
365 1306 471 1347 libro
492 1310 636 1348 octavo
663 1307 977 1356 ordinamenti,
1000 1307 1118 1349 titulo

86 1372 251 1421 quarto.

139 1431 203 1470 13.
238 1429 344 1478 Quid
361 1431 407 1471 de
438 1443 540 1484 pure
576 1430 700 1473 laicis
734 1442 780 1472 ac
797 1429 1048 1474 mulieribus.
1069 1455 1122 1464 —

84 1489 166 1532 Sed
182 1490 224 1529 in
247 1492 312 1530 his
334 1494 574 1533 auctoribus
592 1494 808 1533 advertere
843 1498 1018 1545 oportet,
1049 1507 1120 1534 eos

83 1554 368 1595 indifferenter
420 1556 559 1596 dicere
574 1586 588 1606 ,
620 1557 735 1596 laicis
776 1570 899 1607 posse
938 1558 1120 1608 delegari

83 1616 205 1657 etiam
228 1618 279 1656 ab
300 1618 503 1669 Episcopo
541 1631 694 1657 munus
733 1618 1014 1669 praedicandi,
1038 1620 1121 1659 imo

84 1679 224 1730 glossa
243 1680 366 1719 citata
392 1680 504 1718 idem
524 1680 621 1719 dicit
641 1680 694 1719 de
719 1680 907 1727 muliere,
931 1692 1055 1730 quam
1076 1693 1120 1720 111

82 1740 164 1781 hoc
197 1741 345 1780 merito
377 1742 604 1792 reprobant
641 1743 953 1781 Panormitanus
979 1746 1018 1781 et
1039 1743 1121 1781 An·-

82 1803 227 1854 gelus;
250 1807 456 1853 repugnat
476 1804 586 1843 enim
615 1803 740 1844 Paulo
768 1803 922 1842 dicenti
942 1815 950 1842 :
975 1805 1121 1844 Mulie—

79 1874 145 1906 res
163 1866 209 1903 in
240 1865 440 1904 Ecclesiis
472 1868 646 1913 tar-eant,
680 1867 698 1903 1
742 1865 793 1903 ad
823 1866 911 1902 Cor.
939 1867 1013 1913 143
1044 1869 1118 1904 et:

80 1924 227 1966 Docere
250 1926 409 1964 mulieri
427 1937 504 1965 non
522 1928 726 1978 permitto.
752 1926 808 1963 Ex
830 1925 980 1976 quibus
1018 1926 1120 1965 locis

60 1999 61 2002 ’
82 1986 237 2039 colligit
258 1987 307 2026 D.
335 1988 515 2026 Thomas
534 1990 573 2026 ⁶2.
607 1988 648 2034 2,
683 1997 723 2038 q.
751 1989 841 2035 177,
863 1991 939 2026 art.
966 1989 1005 2035 l,
1027 2000 1119 2027 mu-

79 2061 160 2089 nus
174 2049 338 2101 publice
361 2049 612 2101 praedicandi
650 2061 742 2088 esse
779 2049 1033 2100 prohibitum
1057 2050 1118 2089 fe—

79 2110 216 2158 minis,
239 2111 411 2161 ejusque
432 2111 722 2163 prohibitionis
741 2108 917 2161 optimas
938 2123 1117 2159 congru-

81 2173 214 2213 entias
230 2172 412 2212 adducit.
435 2174 485 2212 Et
505 2172 693 2224 quamvis
707 2171 886 2211 dubitari
913 2173 1043 2223 possit
1062 2184 1117 2212 an

78 2233 149 2275 illa
170 2235 391 2286 prohibitio
408 2235 515 2286 juris
535 2234 663 2273 divini
687 2234 754 2282 sit,
774 2232 1039 2274 verisimilius
1055 2238 1117 2273 ta-

79 2307 177 2337 men
196 2300 271 2337 est,
294 2296 446 2335 factam
476 2295 606 2336 fuisse
625 2309 651 2336 a
672 2295 813 2343 Paulo,
835 2300 876 2334 et
894 2296 950 2334 ab
982 2296 1118 2336 Eccle-

79 2356 142 2407 sja
175 2363 404 2409 receptam,
430 2369 515 2399 non
535 2358 635 2408 quia
671 2357 774 2397 illud
808 2356 862 2396 sit
893 2357 1116 2396 intrinsece

78 2419 252 2466 malum,
284 2419 358 2459 sed
389 2419 492 2470 quia
516 2419 663 2459 minus
694 2418 853 2459 decens
893 2423 935 2458 et
967 2432 1116 2459 conve·

78 2481 214 2521 niens.
241 2479 337 2525 Quae
372 2480 596 2531 prohibitio
619 2481 850 2519 canonibus
871 2481 1118 2520 ecclesiasti-

80 2541 138 2584 cis
158 2541 400 2581 confirmata
421 2545 497 2590 est,
520 2554 556 2580 c.
596 2543 824 2590 Mulierem,
846 2543 911 2590 33,
941 2554 981 2593 q.
1006 2545 1046 2591 5,
1067 2555 1118 2583 ex

78 2603 328 2655 Augustino,
351 2615 390 2654 q.
409 2605 463 2644 45
485 2603 588 2642 Novi
606 2607 647 2642 et
662 2604 824 2642 Veteris
841 2605 1114 2653 Testamenti,

80 2670 122 2707 et
143 2678 237 2716 cap.
268 2665 436 2713 Mulier,
463 2665 515 2705 23
547 2664 606 2711 d.,
626 2677 676 2704 ex
698 2664 880 2704 Concilio
906 2666 1117 2716 Carthagi-

79 2728 199 2768 nensi
222 2727 288 2776 IV,
310 2738 345 2766 c.
368 2728 445 2776 983
466 2727 577 2766 idem
597 2727 640 2764 in
662 2738 696 2765 c.
725 2727 860 2774 Not-a,
889 2726 939 2767 de
968 2728 1112 2767 Poenit.

46 2834 47 2837 Ἴ
81 2792 125 2829 et
140 2788 323 2833 remiss,
344 2788 396 2826 de
416 2800 500 2839 quo
522 2787 616 2827 vide
634 2787 823 2834 Gerson„
856 2790 876 2828 1
898 2801 959 2840 p.,
993 2793 1109 2828 tract.

57 2850 132 2891 ‘de
147 2850 458 2889 Examinatione
475 2850 770 2890 doctrinarum.
786 2853 811 2891 2
825 2863 866 2902 p.
888 2851 994 2901 ejus,
1018 2863 1116 2890 con-

47 2909 249 2953 ‘⁸··siderat.
271 2914 313 2960 2,
334 2912 503 2963 alphab.
530 2914 593 2958 ⁴8,
614 2913 672 2950 lit.
694 2912 740 2952 G.
765 2913 818 2950 De
840 2913 956 2951 laicis
972 2918 1112 2952 autem

48 2976 61 2990 ’·“
81 2973 319 3025 simpliciter
338 2974 603 3013 consentiunt
623 2973 720 3014 dicti
739 2978 946 3020 auctores,
962 2979 1003 3013 et
1022 2987 1114 3014 esse

48 3034 260 3086 '‘tapeciale
298 3034 351 3074 de
381 3035 677 3086 praedicatione
698 3035 796 3074 dicit
834 3036 971 3086 glossa
1010 3036 1051 3074 in
1074 3049 1112 3076 c.

53 3086 188 3177 J'Bene
214 3095 394 3149 quidem.
434 3095 480 3140 d.
516 3097 584 3145 96,
615 3095 731 3136 verb.
781 3096 939 3137 Praeter
969 3097 1117 3139 Roma-

43 3214 80 3247 η’·
102 3235 103 3238 ’
137 3219 203 3259 14.
232 3217 472 3272 Neyandum
491 3218 691 3270 plane.—
712 3218 937 3260 Corollaria
973 3220 1048 3260 duo
1067 3229 1116 3260 etv

8 3314 12 3315 γ
48 3278 179 3325 ’.””ἅαίιι
196 3281 449 3320 resolutione.
463 3301 515 3309 —
536 3281 623 3319 Hoc
644 3285 783 3320 autem
814 3280 903 3318 aliis
926 3292 1008 3318 non
1027 3282 1114 3332 pla-

50 3338 166 3391 Μῦες
187 3343 256 3394 qui
277 3341 516 3393 simpliciter
534 3348 689 3394 negant
707 3343 859 3381 laicum
880 3354 972 3382 esse
991 3354 1114 3394 capa-

7 3430 10 3431 ν
51 3389 178 3445 “cem
202 3403 410 3442 facultatis
440 3402 718 3455 praedicandi:
740 3404 962 3455 Sylvester,
998 3403 1111 3444 verb.

19 3514 23 3517 .
45 3452 351 3512 &Praedia-acor,
368 3473 411 3514 q.
449 3464 489 3512 1,
521 3473 617 3503 cum
654 3463 962 3510 Panormitano,
1000 3464 1041 3503 in
1076 3476 1113 3505 c.

47 3513 211 3578 &Sient
237 3527 284 3565 in
301 3537 395 3571 uno,
418 3521 473 3564 de
496 3521 726 3572 Haereticis,
748 3536 799 3563 ex
821 3529 932 3564 textu
959 3523 1039 3575 ihi3
1056 3524 1118 3566 Si·

51 3580 275 3634 {maneam
286 3585 340 3626 de
358 3584 579 3628 Catholicis
595 3586 742 3636 instit„
753 3585 870 3627 titulo
886 3586 1119 3639 quadrage-

0 3732 127 3880 {i-

157 230 162 240 ,
201 165 218 229 ‚⁴
295 157 303 172 ³
335 192 338 193 ⁷
361 195 455 232 ω.
473 195 503 233 Ι.
523 195 622 237 Qum
642 196 811 232 Posslm·
829 197 885 233 AG
906 195 1096 232 uultum
1115 197 1319 233 autemst
1340 200 1578 236 soctss'rATts
1597 201 1836 243 PRAESTARE,
1858 201 1955 239 ΕἸὮ.

1187 260 1290 301 simo
1309 274 1438 312 nono,
1449 276 1626 305 numero
1645 266 1959 320 secund03quia
1977 265 2110 310 lateus
2131 283 2219 314 non

1186 325 1250 362 est
1279 335 1411 376 capax
1435 326 1733 377 jurisdictionis
1768 329 2010 380 spiritualim
2032 331 2216 374 officium

1185 387 1323 424 autem
1339 386 1594 438 praedicandi
1603 389 1931 440 jurisdictionem
1946 391 2119 444 requirit
2133 393 2218 445 spi-

1182 446 1392 494 ritualem,
1413 451 1459 487 ut
1482 448 1606 498 paulo
1623 454 1761 499 antea,
1776 463 1802 490 a
1820 464 1995 493 numero
2016 455 2214 504 secundo,

1183 506 1446 553 dicebamus;
1468 508 1564 548 ideo
1601 510 1714 550 enim
1749 515 1931 552 exerceri
1964 527 2048 554 non
2079 519 2217 567 potest

1181 567 1270 607 sine.
1287 569 1532 608 auctoritate
1553 569 1832 612 Praelatorum.
1859 574 1906 612 Et
1930 575 2107 616 fortasse
2135 572 2221 620 hoe‘

1180 641 1307 669 sensu
1345 630 1446 670 dixit
1475 631 1791 671 Panormitanus
1813 645 1954 684 supra,
1989 639 2216 687 praedicam

1181 703 1272 732 esse
1294 692 1476 731 officium
1495 697 1708 739 curatu'm3
1730 698 1774 732 at
1789 706 1888 734 vero
1916 697 2010 736 laici
2037 704 2128 739 sunt
2151 702 2216 740 in-

1180 765 1354 806 capaces
1360 753 1658 805 jurisdictionis
1671 755 1940 807 Episcopalis‚
1964 759 2108 799 saltem
2119 762 2217 812 jure

1179 817 1415 863 communi;
1442 828 1541 868 ergo
1563 817 1688 856 etiam
1718 821 1816 855 sunt
1848 818 2070 868 incapaces
2090 821 2215 872 hujus

1179 877 1466 926 delegationis.
1486 878 1605 917 Unde
1640 878 1685 917 fit
1707 879 1842 930 primo
1863 880 2086 931 Episcopos
2107 883 2215 921 ordi-

1179 938 1319 978 narios
1335 951 1419 978 non
1434 951 1556 990 posse
1578 939 1656 978 illis
1669 939 1746 978 hoc
1763 952 1916 979 munus
1937 942 2212 992 committere,

1180 1001 1277 1051 quia
1293 1013 1376 1039 non
1395 1004 1570 1052 possunt
1584 1002 1626 1040 in
1644 1003 1855 1040 communi
1875 1002 1971 1053 jure
1998 1002 2216 1055 dispensa-

1178 1074 1239 1102 re.
1274 1062 1468 1112 Sequitur
1508 1063 1708 1112 secundo,
1730 1063 1970 1103 facultatem
2006 1065 2215 1104 Pontificis

1178 1123 1418 1174 simpliciter
1455 1125 1607 1164 nostris
1642 1124 1850 1176 religiosis
1887 1138 2126 1165 concessam
2162 1126 2217 1166 ad

1176 1186 1503 1236 praedicandum,
1527 1185 1843 1237 intelligendam
1862 1199 1952 1226 esse
1971 1187 2022 1226 de
2049 1188 2216 1237 religio-

1177 1247 1231 1286 sis
1263 1247 1437 1296 clericis,
1465 1247 1614 1287 saltem
1649 1248 1783 1298 prima
1816 1252 1987 1287 tonsura
2017 1249 2212 1296 initiatis;

1178 1307 1290 1359 quia,
1311 1307 1407 1348 licet
1425 1309 1613 1348 Pontifex
1641 1309 1771 1360 possit
1804 1309 1847 1347 in
1868 1310 1964 1359 jure
2003 1309 2216 1348 communi

1179 1369 1438 1420 dispensare,
1458 1372 1499 1408 et
1523 1370 1616 1408 ideo
1647 1370 1778 1421 possit
1813 1370 2072 1421 spiritualem
2090 1371 2217 1421 juris-

1177 1430 1402 1470 dictionem
1423 1431 1618 1482 delegare
1656 1431 1777 1477 laico,
1800 1434 1845 1470 ut
1865 1432 1967 1470 alias
1995 1432 2092 1477 dixi,
2113 1438 2213 1470 tom.

1178 1494 1214 1541 5,
1240 1493 1358 1531 tertia
1378 1497 1511 1544 parte,
1531 1493 1637 1543 disp.
1660 1495 1699 1539 2,
1720 1496 1819 1531 sect.
1859 1495 1899 1540 3,
1918 1506 2094 1532 numero
2116 1494 2216 1532 duo-

1177 1553 1353 1600 decimo,
1379 1559 1524 1605 estque
1546 1554 1778 1592 communis
1799 1555 1939 1605 opinio
1971 1555 2081 1605 apud
2110 1556 2217 1593 Hen-

1175 1615 1270 1665 riq.,
1290 1615 1361 1653 lib.
1385 1619 1423 1662 3,
1442 1628 1477 1654 c.
1509 1616 1589 1680 243
1609 1616 1784 1663 Avilam,
1811 1617 1824 1655 l
1850 1628 1910 1666 p.,
1926 1616 2024 1654 dub.
2051 1617 2096 1663 6;
2118 1617 2217 1667 Say-

1174 1688 1284 1721 rum,
1307 1676 1358 1715 de
1380 1677 1569 1721 Censur„
1594 1677 1663 1715 lib.
1684 1678 1719 1723 1,
1738 1689 1773 1715 c.
1791 1678 1830 1725 5,
1855 1689 2030 1716 numero
2051 1677 2214 1716 decimo

1175 1738 1336 1789 quinto,
1361 1743 1453 1788 post
1476 1738 1831 1783 Panormitanum,
1863 1739 2025 1777 Covarr.
2059 1744 2099 1777 et
2137 1740 2216 1778 Na-

1176 1811 1356 1847 varrum,
1379 1799 1648 1837 nihilominus
1671 1799 1839 1850 quando
1861 1800 2099 1850 simpliciter
2120 1812 2216 1838 con-

1175 1861 1299 1907 cedit,
1336 1861 1580 1911 intelligitur
1622 1861 1852 1898 secundum
1884 1862 1954 1911 jus
1991 1873 2214 1900 commune

1176 1923 1407 1960 concedere
1427 1922 1564 1972 quoad
1577 1918 1679 1960 alias
1696 1921 1952 1960 conditione-s
1970 1922 2211 1972 requisitas3

1176 1994 1275 2034 ergo
1293 1984 1335 2021 in
1354 1984 1550 2033 praesenti
1576 1983 1709 2021 solum
1731 1983 1920 2021 concedit
1952 1983 2067 2021 illam
2084 1983 2215 2022 facul-

1173 2049 1301 2083 tatem
1319 2045 1491 2083 clericis.
1510 2045 1641 2091 Quam
1662 2045 2048 2095 interpretationem
2068 2046 2214 2084 confir-

1174 2110 1259 2145 mat
1294 2105 1521 2157 Gregorius
1553 2106 1657 2152 XIIl,
1679 2105 1722 2143 in
1754 2106 1973 2155 posteriori
2003 2106 2134 2152 Bulla,
2155 2106 2214 2145 di-

1174 2179 1273 2206 cens
1293 2178 1302 2207 z
1335 2168 1450 2210 Vobis
1468 2170 1634 2217 insuper
1652 2168 1911 2212 concedentes,
1935 2171 1979 2206 ut
2003 2170 2123 2205 ellum
2139 2168 2213 2207 cle-

1172 2230 1255 2269 rici
1284 2230 1423 2276 vestri,
1443 2230 1578 2280 prima
1614 2231 1773 2268 tantum
1801 2232 1966 2266 tonsura
2002 2229 2209 2278 insigniti,

1170 2293 1292 2341 prout
1304 2290 1378 2328 lzuc
1386 2301 1507 2340 usque
1519 2291 1700 2338 fecsrunt
1717 2289 1874 2329 valeant
1888 2290 2068 2338 deinceps
2079 2293 2210 2338 ipsum

1172 2351 1249 2391 Dei
1270 2351 1426 2390 verbum
1447 2351 1590 2402 ubique
1606 2351 1749 2403 populo
1764 2352 1997 2403 predum-e,
2015 2350 2092 2389 Ubi
2115 2350 2212 2391 licet

1174 2416 1314 2451 utatur
1331 2412 1456 2451 verbo
1476 2414 1720 2460 concedendi,
1741 2425 1787 2451 re
1807 2418 1950 2450 tamen
1990 2424 2089 2450 vera
2126 2425 2210 2451 non

1174 2479 1235 2514 est
1255 2487 1362 2512 nova
1378 2475 1608 2521 concessio,
1625 2474 1698 2512 sed
1717 2475 1900 2524 antiquae
1922 2474 2146 2512 declaratio
2169 2477 2210 2513 et

1173 2536 1449 2582 confirmatio,
1471 2539 1516 2574 ut
1536 2547 1587 2573 ex
1606 2535 1732 2585 priori
1767 2535 1954 2574 clausula
1969 2539 2144 2582 constat,
2169 2539 2209 2575 et

1171 2608 1223 2636 ex
1240 2597 1308 2637 illo
1328 2596 1469 2641 verbo,
1487 2601 1607 2647 prout
1628 2597 1703 2635 leuc
1720 2607 1843 2648 usque
1860 2598 2065 2645 fecerunc;
2087 2595 2208 2635 intel-

1171 2657 1259 2707 ligit
1277 2658 1401 2702 enim,
1416 2670 1499 2695 non
1515 2656 1725 2702 male,sed
1740 2663 1853 2695 recte
1871 2669 1918 2695 ac
1930 2658 2024 2708 jure
2042 2657 2204 2706 fecisse,

1171 2723 1256 2758 tam
1282 2719 1541 2758 extendendo
1567 2718 1681 2756 illam
1702 2719 1938 2757 facultatem
1972 2718 2025 2756 ad
2062 2730 2207 2758 omnes

1173 2781 1358 2828 clericos,
1395 2793 1522 2831 quam
1556 2780 1805 2819 coarctando
1852 2781 1904 2818 ad
1934 2781 2043 2818 solos
2082 2781 2174 2819 illos
2190 2794 2206 2823 ς

1171 2843 1283 2894 quod
1299 2843 1421 2881 etiam
1443 2844 1532 2893 ipse
1552 2843 1673 2881 tacite
1694 2841 1806 2889 facit,
1830 2842 1930 2880 dum
1951 2842 2049 2880 solis
2074 2841 2207 2880 initia-

1169 2905 1220 2944 tis
1238 2906 1385 2943 saltem
1403 2905 1535 2955 prima
1555 2908 1729 2943 tonsura
1747 2903 1980 2946 usrumitalis
2000 2903 2206 2942 facultatis

1170 2967 1372 3007 concedit.
1486 3000 1490 3009 ,

1225 3030 1289 3067 15.
1324 3028 1496 3079 Objeclio
1535 3027 1732 3079 bipartita
1776 3030 1915 3068 contra
1944 3025 2204 3066 corollarium

1168 3091 1455 3133 secundum.—
1472 3089 1617 3129 Prima
1633 3102 1732 3142 pars
1754 3088 1980 3140 objectionis
1995 3088 2201 3137 probatur.

1169 3152 1440 3191 -Probacar
1462 3152 1709 3190 secunda.—
1728 3151 1876 3189 Contra
1900 3150 2005 3186 lianc
2026 3159 2121 3184 vero
2142 3146 2204 3183 in-

1168 3216 1509 3265 terpretationem
1531 3212 1652 3263 objici
1674 3216 1821 3263 potest,
1845 3210 1940 3259 quia
1970 3208 2137 3254 laicum,
2162 3204 2205 3245 id

1171 3280 1248 3324 est,
1268 3288 1348 3314 non
1371 3276 1572 3313 initiatum
1595 3275 1719 3312 etiam
1739 3273 1871 3323 prima
1892 3277 2078 3314 tonsuia,
2100 3277 2203 3316 prae·

1171 3337 1432 3387 dicare,jure
1448 3335 1658 3374 communi
1671 3334 1833 3386 prohibi
1853 3345 1922 3370 um
1939 3332 2108 3370 nonest,
2125 3336 2203 3364 neo

1174 3412 1224 3440 ex
1249 3412 1298 3439 eo
1324 3398 1435 3450 quod
1455 3399 1507 3436 sit
1527 3402 1643 3436 actus
1658 3394 1975 3446 jurisdictionis,
1998 3389 2089 3428 talis
2111 3398 2204 3438 pro-

1170 3461 1316 3501 hibitio
1349 3459 1604 3498 sufficienter
1631 3456 1855 3507 colligitur3
1887 3463 1986 3499 ert-'0
2008 3448 2121 3499 qUOd
2143 3446 2203 3486 iffi

1175 3525 1297 3564 etiam
1318 3520 1755 3562 concedaturfacultas
1772 3511 2037 3566 praedicandi,
2060 3514 2203 3550 contra

1173 3584 1336 3624 nullum
1349 3584 1422 3635 jus
1440 3588 1526 3631 est;
1562 3591 1662 3632 ergo
1693 3577 1952 3630 privilegium
1972 3572 2200 3618 Pontiticis,
