2352 3880
149 304 229 351 oto

147 379 322 420 Summo
351 375 555 426 Pontifici,
575 377 629 419 ad
655 379 892 432 cogendum
918 385 964 421 ut
981 379 1054 421 illa
1084 382 1180 422 vota

146 441 445 492 compleantur.
475 439 579 479 Hinc
601 440 726 480 etiam
753 442 883 482 multa
915 447 1066 483 statuta
1086 447 1181 483 sunt

145 513 171 541 a
190 500 385 541 Romanis
410 498 676 542 Pontificibus
695 502 748 543 de
772 507 866 543 voto
887 504 1182 556 Hierosolymi-

146 566 257 610 tano,
279 573 354 601 seu
373 561 502 602 Cruce
518 562 776 614 signatorum
793 565 836 604 in
859 565 1004 605 ordine
1030 565 1082 604 ad
1110 563 1182 606 ob-

144 622 421 664 servationem
438 623 542 675 ejus,
563 629 609 663 ut
630 630 790 665 constat
805 629 890 666 toto
905 626 1023 666 titulo
1044 627 1096 666 de
1112 639 1180 666 vo-

143 689 199 733 to,
232 691 327 725 cum
346 686 488 725 tamen
507 688 650 726 votum
676 687 779 727 illud
813 689 989 740 simplex
1019 693 1182 730 tantum

141 745 209 784 sit.
233 745 282 786 Et
301 746 448 785 eadem
465 748 625 787 ratione
640 780 650 796 ‚
672 748 705 787 si
727 750 817 800 quis
830 750 995 801 publice
1012 754 1180 790 voveret

141 805 333 858 hospitali
367 812 570 859 perpetuo
606 809 776 858 servire,
812 814 954 861 posset
977 811 1177 861 Pontifex,

140 879 216 908 suo
230 867 329 921 jure
346 873 482 917 utens,
506 868 623 908 illum
641 870 893 922 compellere
914 872 967 910 ad
995 872 1077 911 tale
1107 884 1179 911 vo-

142 931 232 968 tum
257 929 529 977 servandum
553 943 653 982 ergo
675 943 750 982 per
768 935 864 971 vota
884 931 1085 983 simplicia
1104 945 1180 985 po-

142 993 223 1030 test
257 1003 436 1042 persona
475 991 709 1043 specialiter
744 994 934 1032 constitui
970 994 1047 1033 sub
1083 995 1180 1045 jure

142 1052 364 1099 Pontificis‚
391 1053 463 1106 qui
478 1053 603 1094 etiarn
624 1052 773 1105 poterit
789 1054 858 1106 jus
875 1055 975 1095 illud
991 1056 1035 1094 in
1055 1056 1178 1096 aliam

139 1125 363 1166 personam
410 1114 478 1154 vel
527 1115 897 1167 congregationem
936 1117 1175 1158 transferre.

139 1177 356 1226 Praeterea,
393 1179 606 1217 nonnullae
636 1183 732 1218 sunt
761 1180 1105 1230 congregationes
1135 1181 1178 1220 in

139 1238 337 1288 Ecclesia,
358 1250 450 1289 quae
474 1252 557 1280 non
590 1240 796 1292 attingunt
820 1245 971 1281 statum
1006 1254 1103 1282 vere
1130 1253 1178 1281 ac

137 1299 303 1352 proprie
322 1301 587 1352 religiosum,
609 1302 678 1341 vel
698 1302 796 1353 quia
815 1315 899 1342 non
916 1303 1086 1350 faciunt,
1111 1303 1178 1343 vel

139 1362 235 1411 quia
252 1362 296 1402 in
314 1362 393 1402 illis
408 1375 494 1402 non
508 1363 615 1402 fiunt
632 1368 730 1402 vota
747 1369 964 1417 perpetua,
981 1364 1105 1403 etiam
1127 1376 1178 1405 ex

138 1424 254 1474 parte
279 1425 535 1474 voventium,
551 1424 617 1465 *vel
637 1430 807 1476 propter
827 1426 927 1464 alias
948 1438 1118 1473 causas;
1136 1429 1178 1465 et

137 1485 405 1525 nihilominus
438 1486 678 1537 approbatae
707 1490 803 1526 sunt
835 1499 858 1527 a
888 1486 1174 1536 Pontificibus,

137 1550 183 1586 ut
202 1543 324 1586 utiles
343 1551 383 1586 et
405 1548 570 1587 honesti
589 1548 754 1587 vivendi
776 1548 906 1596 modi,
928 1553 968 1587 et
988 1549 1176 1587 eximun-

135 1611 203 1647 tur
222 1619 297 1660 per
311 1609 480 1649 eosdem
498 1609 715 1651 Pontifices
729 1623 753 1650 a
769 1615 971 1662 potestate
984 1611 1173 1661 judicum

135 1669 457 1719 ordinariorum,
476 1675 630 1710 utsunt
644 1671 685 1709 in
698 1672 906 1711 Lusitania
926 1673 1059 1712 clerici
1076 1685 1174 1712 con·

134 1732 388 1783 gregationis
406 1731 544 1772 Sancti
557 1731 579 1771 J
584 1733 730 1772 oannis
744 1733 1030 1784 Evangelistaa‚
1047 1735 1171 1786 vulgo

133 1805 158 1832 a
177 1794 327 1834 Sancto
358 1796 470 1846 Loyo
499 1796 745 1845 nuncupati,
771 1800 812 1834 et
841 1796 908 1834 alii
936 1798 1031 1835 sunt
1053 1797 1170 1836 multi

133 1854 302 1895 similes.
325 1856 371 1894 In
395 1868 467 1895 eos
488 1867 587 1907 ergo
608 1856 735 1895 habet
755 1856 940 1896 Pontifex
962 1858 1171 1907 peculiare

132 1916 212 1969 jus,
246 1918 406 1957 ratione
440 1918 559 1968 cujus
581 1929 652 1957 eos
673 1918 751 1956 sibi
783 1922 982 1965 reservat,
1006 1923 1047 1957 et
1075 1931 1172 1958 con-

132 1979 319 2031 gregatio
346 1990 608 2030 unaquaeque
635 1979 762 2018 habet
777 1980 847 2030 jus
877 1980 921 2019 in
953 1992 1168 2031 personas,

132 2040 330 2092 quamdiu
340 2042 383 2081 in
395 2041 466 2080 illa
480 2046 590 2087 sunt,
601 2046 802 2093 tanquam
817 2041 860 2080 in
874 2043 1063 2081 membra
1078 2054 1170 2093 sua,

131 2113 223 2154 quae
239 2103 475 2155 gubernare
491 2107 627 2157 potest
647 2107 689 2143 et
705 2103 929 2155 corripere,
947 2108 987 2143 et
1006 2103 1059 2143 ad
1075 2108 1170 2144 vota

132 2165 335 2205 servanda
350 2176 499 2218 cogere
509 2175 522 2215 ;
538 2177 637 2217 ergo
653 2165 779 2205 etiam
799 2169 915 2206 extra
934 2170 1086 2205 statum
1105 2178 1171 2206 re·

131 2223 324 2277 ligiosum
345 2231 406 2268 est
422 2227 525 2266 falsa
548 2227 618 2265 illa
637 2226 840 2274 doctrina,
864 2231 907 2268 et
929 2232 1071 2268 contra
1098 2229 1169 2269 Ec·

130 2287 266 2329 clesiae
296 2288 656 2329 consuetudinem.

186 2351 250 2390 16.
273 2352 471 2403 Ejusdem
489 2352 596 2390 ratio
614 2362 640 2390 a
652 2347 800 2401 priori.
816 2371 869 2382 —-
887 2352 1004 2391 Ratio
1028 2355 1168 2393 autem

131 2425 155 2453 a
175 2414 302 2465 priori
333 2415 410 2461 est,
441 2413 537 2463 quia
558 2414 684 2453 etiam
703 2423 779 2463 per
797 2412 875 2453 hos
895 2412 1057 2453 vivendi
1081 2426 1169 2454 mo-

131 2475 221 2521 dos,
242 2477 283 2513 et
302 2485 377 2525 per
393 2473 491 2514 talia
508 2477 604 2512 vota
620 2472 812 2513 dicantur
828 2486 1019 2526 personae
1039 2476 1168 2516 cultui

131 2536 285 2583 divino,
307 2547 383 2587 pro
402 2535 473 2574 illo
499 2538 710 2587 tempore,
733 2548 806 2577 seu
825 2535 1025 2588 quamdiu
1041 2537 1083 2575 in
1115 2549 1167 2577 eo

131 2597 296 2637 vivendi
326 2593 451 2636 modo
485 2602 771 2648 perseverant,
800 2601 843 2638 et
874 2598 927 2636 ad
948 2598 1063 2637 illum
1085 2598 1170 2637 cul-

131 2662 219 2700 tum
239 2658 471 2711 specialiter
489 2659 738 2709 obligantur.
753 2661 886 2710 Atque
899 2660 976 2699 hoc
991 2660 1089 2699 satis
1102 2664 1167 2701 est

131 2725 177 2760 ut
197 2721 275 2760 sub
301 2720 514 2760 Pontificio
535 2721 631 2770 jure
651 2720 883 2771 specialiter
913 2721 1165 2760 constituan-

131 2786 221 2830 tur,
259 2787 300 2822 et
320 2784 626 2832 consequenter
659 2785 705 2819 ut
738 2781 817 2821 sub
839 2782 931 2832 ejus
966 2782 1164 2832 peculiari

131 2843 386 2895 protectione
397 2855 447 2882 ac
459 2841 663 2892 regimine
679 2842 806 2893 recipi
818 2843 990 2892 possint,
1006 2854 1055 2883 ac
1069 2843 1165 2882 sub-

132 2903 228 2944 inde
248 2905 370 2944 eximi
390 2916 415 2943 a
429 2902 715 2955 jurisdictione
743 2903 1057 2952 ordinariorum,
1079 2916 1164 2944 non

132 2971 292 3007 tantum
310 2965 600 3018 spiritualium,
618 2965 692 3004 sed
711 2965 835 3004 etiam
855 2967 1161 3017 temporalium,

133 3029 258 3071 etiam
275 3027 415 3079 quoad
432 3038 634 3077 personas
650 3038 734 3066 non
754 3027 955 3066 habentes
976 3027 1164 3066 ordinem

132 3090 380 3132 clericalem.
416 3088 520 3135 Quia
552 3088 805 3139 quicumque
831 3088 974 3128 titulus
1002 3089 1164 3129 divinus

133 3151 202 3207 (ut
219 3151 279 3192 sic
293 3151 470 3202 dicam),
493 3161 567 3190 seu
582 3149 817 3201 spiritualis,
836 3150 986 3189 sufficit
999 3154 1043 3190 ut
1062 3151 1165 3190 Pon-

132 3213 231 3255 tifex
245 3212 376 3266 possit
391 3212 573 3253 eximere
585 3223 609 3255 a
624 3215 826 3263 potestate
839 3211 1055 3263 temporali
1071 3223 1163 3263 per-

133 3287 258 3317 sonas
279 3274 430 3322 laioas3
455 3285 554 3313 nam
572 3273 649 3314 sub
669 3284 718 3313 ea
737 3273 898 3312 ratione
917 3273 1164 3313 ecclesiasti-

133 3348 191 3377 cae
203 3338 462 3389 reputantur.
483 3335 549 3376 Sic
565 3334 678 3374 enim
695 3335 901 3386 exemptio
918 3331 1163 3375 clericorum

131 3399 225 3451 jure
246 3397 458 3439 Pontificio
474 3396 583 3438 facta
602 3400 665 3436 est
692 3397 810 3448 juxta
841 3390 1162 3448 probabiliorem

134 3461 398 3510 sententiam,
418 3469 547 3512 quam
562 3458 635 3498 lib.
654 3459 683 3498 4
703 3458 961 3498 Defensionis
980 3457 1079 3498 fidei
1095 3470 1163 3499 os-

133 3522 356 3571 tendimus,
379 3525 423 3564 et
444 3520 575 3562 videri
590 3523 726 3572 potest
740 3520 903 3569 Govar„
923 3520 968 3560 in
986 3520 1158 3562 Practic.

134 3587 295 3635 quoest'„
314 3594 404 3636 cap.
425 3583 636 3636 trigesimo
655 3582 803 3635 primo.
824 3582 876 3623 Et
901 3581 1050 3624 eodem
1063 3583 1161 3634 jure

134 3643 243 3684 facta
271 3647 336 3685 est
365 3644 572 3696 exemptio
589 3643 859 3695 religionum,
880 3643 1005 3684 etiam
1022 3643 1161 3694 quoad

136 3705 329 3757 novitios,
359 3706 448 3747 sive
481 3719 508 3747 a
535 3706 823 3759 jurisdictione
849 3706 1040 3756 seculari,
1075 3706 1164 3747 sive

1895 4 1908 22 z
1980 2 1991 11 a
2023 7 2025 10 .
2072 4 2123 38 ‚²4
2144 0 2352 93 '²⁴2²‘³⁷³33{{

533 306 600 347 LIB
635 306 691 347 ΙῘῘ.
713 307 767 348 ΒΕ
786 310 1032 351 AnmssmNF.
1050 309 1312 352 scfloLAmuu
1332 317 1388 351 Ao
1411 316 1521 352 VOTA
1541 316 1757 360 SIMPLICIA,
1782 316 1871 353 ETC.

1236 378 1375 434 (quod
1401 381 1560 424 facilius
1581 384 1664 436 est)
1684 396 1710 424 a
1735 381 2024 435 jurisdictione
2047 378 2269 440 Episcopo-

1235 456 1351 491 rum;
1375 456 1448 484 cur
1467 457 1565 498 ergo
1587 457 1672 485 non
1692 444 1825 497 potuit
1835 444 1914 485 hoc
1929 443 2066 484 facere
2083 445 2268 489 Pontifex

1236 505 1358 544 etiam
1376 505 1420 544 ln
1438 505 1502 546 his
1522 507 1720 546 membris
1740 505 1954 546 Societatis
1966 508 1982 544 Τ
1994 506 2132 546 Potuit
2151 518 2267 561 ergo.

1236 571 1277 606 et
1296 566 1425 606 multo
1450 571 1544 608 ante
1561 568 1657 609 fecit
1675 568 1826 607 Paulus
1844 568 1912 616 ΙΙΙ,
1935 567 2103 607 dicens:
2131 560 2270 611 Socie-

1235 632 1370 676 tatem,
1388 632 1426 669 et
1444 630 1645 671 universos
1663 630 1778 671 illius
1797 630 1938 677 socios,
1957 633 1992 670 et
2010 641 2202 681 personas
2218 628 2270 671 il-

1234 690 1364 731 lorum
1392 691 1439 731 ab
1459 692 1564 732 omni
1590 691 1887 744 superioritate‚
1909 691 2213 743 Jurisdiotione‚
2228 693 2270 733 et

1235 752 1468 792 correctione
1494 763 1820 806 quorumcumque
1846 751 2158 794 Ordinariorum
2186 752 2270 795 emi-

1233 813 1380 854 mimus
1401 818 1439 854 et
1456 813 1682 855 liberamu&
1714 815 1762 854 Et
1781 819 1920 854 tamen
1955 815 2023 855 hic
2050 813 2269 855 adverten-

1234 871 1348 920 dum,
1374 873 1582 925 duplicem
1601 878 1847 925 potestatem
1867 876 2024 916 habere
2047 875 2269 916 Praelatum

1233 935 1443 987 religionis
1470 936 1513 976 in
1533 936 1735 985 subditos,
1756 936 1924 985 scilicet,
1952 937 2265 989 jurisdictionis,

1234 1001 1275 1037 et
1294 996 1603 1036 dominativam.
1630 998 1812 1036 Priorem
1831 996 1957 1037 habet
1981 997 2103 1039 hodie
2124 1011 2147 1038 a
2166 1000 2268 1039 Pon-

1233 1057 1358 1107 tifice,
1379 1059 1444 1098 vel
1464 1059 1561 1098 olim
1581 1059 1633 1098 ab
1653 1059 1878 1110 Episcopis.
1908 1058 2182 1100 Posteriorem
2195 1061 2268 1099 ha-

1232 1121 1303 1159 bet
1322 1133 1373 1159 ex
1394 1120 1432 1159 vi
1454 1120 1670 1170 ipsiusmet
1688 1120 1958 1170 professionis
1978 1121 2031 1160 ab
2058 1121 2148 1172 ipso
2174 1132 2269 1172 pro-

1234 1181 1390 1220 fitente.
1413 1182 1472 1220 De
1486 1182 1563 1220 hac
1576 1193 1674 1233 ergo
1692 1182 1910 1233 posteriori
1928 1183 2159 1234 procedunt
2178 1194 2270 1234 quae

1233 1242 1438 1293 diximus;
1476 1255 1574 1282 nam
1594 1243 1732 1293 quoad
1765 1244 1878 1283 illam
1911 1246 1997 1283 tam
2028 1244 2174 1284 efficax
2207 1248 2271 1286 est

1232 1304 1412 1353 traditio,
1435 1316 1527 1355 quae
1556 1316 1631 1355 per
1651 1305 1759 1344 dicta
1777 1309 1873 1344 vota
1901 1306 1944 1347 in
1975 1306 2178 1347 Societate
2205 1306 2266 1355 fit,

1233 1377 1359 1415 quam
1380 1365 1575 1419 quaelibet
1595 1365 1811 1417 professio.
1834 1368 1894 1406 De
1925 1366 2051 1417 priori
2072 1380 2169 1407 vero
2200 1379 2268 1408 res

1235 1430 1296 1467 est
1315 1427 1532 1466 manifesta
1550 1439 1600 1466 ex
1616 1427 1739 1465 bullis
1760 1427 1982 1466 Pontificiis
1995 1438 2009 1477 ;
2028 1428 2101 1468 sed
2120 1429 2171 1468 de
2198 1429 2268 1469 illa

1226 1488 1511 1540 jurisdictione
1532 1492 1572 1528 et
1593 1488 1752 1528 actibus
1778 1489 1869 1539 ejus
1899 1489 2005 1528 infra
2034 1501 2084 1530 ex
2113 1490 2269 1541 profes-

1232 1562 1277 1589 so
1297 1550 1590 1601 disputandum
1608 1549 1805 1589 estinlib.
1824 1552 1890 1599 10,
1907 1563 1931 1590 a
1949 1552 2082 1601 capite
2101 1551 2262 1602 quinto.

1285 1614 1350 1652 17.
1369 1612 1594 1653 Secundum
1615 1611 1789 1652 illatum.
1816 1633 1867 1640 —
1888 1612 2067 1653 Tertium
2089 1613 2263 1654 illatum.

1232 1695 1284 1703 —
1298 1673 1447 1716 Contra
1473 1673 1682 1714 secundum
1702 1672 1860 1713 illatum
1880 1674 2071 1724 arquitur
2090 1685 2137 1713 ea>
2157 1674 2267 1715 bulla

1228 1736 1454 1787 Pontificis,
1471 1738 1587 1787 atque
1600 1739 1789 1787 tanquam
1807 1745 1919 1775 error
1934 1735 2267 1788 impuqnatur.-

1230 1797 1504 1847 Confirmatur
1539 1798 1788 1849 impugnatio
1822 1808 1869 1836 exo
1903 1796 2031 1836 altera
2068 1797 2191 1837 bulla.
2212 1818 2266 1828 --

1228 1859 1319 1898 Alia
1338 1859 1466 1897 illatio
1490 1858 1599 1896 illius
1625 1857 1805 1897 auctoris
1823 1861 1925 1904 erat,
1963 1869 2048 1896 non
2065 1857 2266 1898 obstanti-

1226 1921 1305 1959 bus
1324 1920 1389 1959 his
1408 1921 1512 1960 votis
1540 1920 1773 1967 Societatis,
1798 1931 1920 1971 posse
1956 1920 2164 1960 scholares
2194 1932 2265 1971 ap-

1227 1982 1423 2033 probatos
1437 1981 1491 2020 ad
1505 1993 1810 2032 quemcumque
1822 1981 2058 2032 regularem
2073 1982 2263 2022 ordinem

1226 2043 1357 2085 libere
1374 2044 1563 2090 transire,
1584 2042 1722 2082 invitis
1739 2043 1825 2082 suis
1850 2043 2045 2082 Praelatis.
2066 2043 2115 2082 Et
2130 2043 2263 2084 altera

1224 2106 1322 2144 huic
1339 2117 1503 2147 annexa
1525 2108 1628 2152 erat,
1647 2104 1807 2144 etiamsi
1825 2103 1994 2143 omnino
2011 2116 2035 2144 a
2058 2104 2263 2156 religione

1225 2167 1432 2214 deficiant,
1453 2171 1494 2206 et
1507 2167 1561 2207 ad
1589 2167 1778 2206 seculum
1808 2169 2049 2213 transeant,
2079 2178 2202 2217 posse
2235 2177 2261 2207 0

1224 2239 1488 2280 quocumque
1513 2228 1763 2268 confessario
1784 2239 1859 2279 per
1874 2227 2031 2266 bullam
2062 2227 2262 2269 Cruciatoe

1223 2290 1383 2331 absolvi
1402 2294 1442 2331 et
1461 2289 1514 2329 ab
1529 2290 1741 2342 Episcopis
1755 2290 1850 2340 Jure
1870 2287 2079 2328 ordinario
2095 2288 2260 2340 dispen-

1224 2353 1320 2399 sari,
1350 2356 1396 2391 ut
1426 2353 1468 2390 in
1497 2352 1636 2391 seculo
1659 2355 1872 2398 maneant,
1894 2350 1959 2390 vel
1981 2362 2155 2390 uxorem
2185 2350 2260 2390 du·

1223 2418 1341 2463 cant3
1363 2425 1441 2453 nec
1459 2425 1536 2465 per
1559 2415 1648 2453 haec
1669 2414 1809 2452 omnia
1829 2412 1918 2452 fieri
1937 2412 2120 2463 aliquam
2150 2411 2259 2463 inju-

1223 2477 1326 2515 riam
1349 2475 1558 2523 Societati,
1579 2475 1704 2515 etiam
1727 2486 1800 2525 per
1820 2474 2070 2526 apostasiam
2095 2474 2148 2514 ab
2169 2474 2253 2515 illa.

1224 2537 1305 2579 Sed
1325 2538 1415 2577 haec
1434 2538 1589 2586 omnia,
1611 2539 1819 2590 quatenus
1835 2546 1886 2575 ex
1898 2535 2093 2587 praedicto
2108 2535 2259 2575 funda-

1222 2603 1363 2639 mento
1394 2599 1651 2650 procedunt,
1689 2598 1878 2637 eamdem
1916 2597 2002 2635 fere
2037 2607 2257 2636 censuram

1222 2664 1449 2706 merentur,
1478 2660 1594 2698 etita
1613 2659 1666 2698 ab
1699 2658 1847 2698 eodem
1879 2656 2074 2696 Pontifice
2105 2658 2255 2697 eodem

1220 2722 1343 2761 modo
1367 2720 1655 2770 reprobantur,
1680 2722 1720 2756 et
1750 2718 1805 2758 ab
1828 2718 1918 2756 aliis
1949 2719 2255 2769 antiquioribus

1221 2781 1486 2821 Pontificibus
1517 2783 1614 2819 sunt
1644 2780 1708 2819 vel
1742 2791 1962 2830 expresse,
2000 2780 2065 2819 vel
2101 2780 2253 2823 virtute

1219 2842 1428 2881 damnata.
1450 2842 1554 2881 Nam
1574 2840 1778 2891 imprimis
1796 2841 1945 2879 Paulus
1963 2841 2030 2889 III,
2048 2842 2091 2880 in
2108 2843 2254 2892 quinta

1219 2915 1294 2942 sua
1313 2903 1426 2943 bulla
1458 2902 1557 2942 anni
1579 2904 1697 2951 1549,
1731 2902 1965 2953 specialiter
1982 2903 2185 2954 prohibet,
2207 2916 2254 2945 ne

1217 2966 1319 3017 quis.
1340 2967 1433 3016 post
1451 2965 1596 3006 emissa
1613 2968 1704 3005 vota
1729 2965 1937 3005 secundum
1959 2965 2254 3005 constitutiones

1214 3027 1447 3081 praedictas,
1468 3027 1550 3067 eive
1564 3028 1794 3078 professus,
1826 3027 1908 3066 sive
1926 3025 2140 3072 scholaris,
2170 3026 2253 3066 sive

1219 3090 1425 3141 coadjutor
1452 3088 1671 3130 Societatis·
1696 3088 1769 3135 sit,
1804 3088 1858 3127 ad
1880 3087 2056 3139 quemvis
2075 3086 2251 3127 ordinem

1217 3151 1340 3192 etiam
1355 3161 1426 3201 per
1446 3149 1587 3191 Sodem
1601 3149 1836 3200 praedictam
1856 3148 2131 3199 approbatum,
2151 3147 2252 3188 Car-

1217 3211 1483 3253 thasiomium
1501 3211 1711 3252 dumtawat
1723 3212 1894 3262 esocept0,
1906 3210 1989 3250 nisi
2004 3210 2049 3249 de
2063 3219 2252 3262 empreua

1216 3274 1347 3325 ipsiu
1353 3271 1585 3325 Proepositi,
1599 3275 1670 3312 aut
1683 3272 1797 3313 dictoe
1810 3270 1932 3314 Sedis
1942 3271 2102 3312 licentia
2115 3275 2250 3314 trane-

1215 3335 1276 3376 iro
1299 3334 1445 3377 valeat.
1475 3335 1558 3374 Aut
1583 3345 1681 3385 ergo
1703 3327 1781 3373 hoc
1808 3333 1942 3385 potuit
1958 3332 2144 3373 Pontifex
2161 3336 2240 3372 ste-

1215 3401 1347 3446 tuere,
1369 3400 1441 3438 aut
1461 3408 1546 3436 non
1577 3396 1723 3448 potuit.
1755 3397 1842 3435 Hoc
1874 3395 2081 3448 posterius
2105 3394 2250 3439 dicem

1214 3459 1305 3499 sine
1323 3458 1450 3499 dubio
1475 3461 1587 3498 esset
1612 3469 1835 3498 erroneum
1866 3460 2009 3498 contra
2037 3453 2244 3501 pontificia

1214 3524 1459 3573 potestatem
1487 3523 1529 3560 et
1558 3520 1830 3568 sententiam,
1862 3518 1952 3558 sine
1978 3516 2062 3557 ullo
2088 3515 2252 3567 funda-¹

1214 3585 1356 3623 mento
1375 3594 1386 3624 ι
1412 3581 1450 3622 si
1467 3585 1607 3622 autem
1630 3581 1779 3634 potuit,
1797 3591 1897 3632 ergo
1924 3581 2019 3630 post
2040 3577 2145 3618 illud
2171 3577 2245 3618 de·

1215 3647 1374 3684 cretum
1391 3644 1558 3684 omnino
1576 3643 1682 3683 falsa
1704 3643 1781 3684 erit
1796 3642 1866 3684 illa
1881 3639 2081 3687 doctrina,
2101 3639 2187 3679 imo
2202 3642 2245 3681 et
2263 3667 2266 3669 -

1214 3718 1405 3754 erronea,
1426 3706 1459 3745 si
1480 3716 1627 3745 sensus
1644 3708 1745 3753 erat,
1773 3713 1859 3743 non
1876 3701 2064 3742 obstante
2082 3699 2152 3740 illo
2170 3699 2251 3762 de·-⁴

2255 3820 2292 3869 Q
2317 3874 2322 3875 a
