<?xml version="1.0" encoding="UTF-8"?>
<!DOCTYPE html PUBLIC "-//W3C//DTD XHTML 1.0 Transitional//EN"
    "http://www.w3.org/TR/xhtml1/DTD/xhtml1-transitional.dtd">
<html xmlns="http://www.w3.org/1999/xhtml" xml:lang="en" lang="en">
 <head>
  <title>
</title>
<meta http-equiv="Content-Type" content="text/html;charset=utf-8" />
  <meta name='ocr-system' content='tesseract 3.04.00' />
  <meta name='ocr-capabilities' content='ocr_page ocr_carea ocr_par ocr_line ocrx_word'/>
</head>
<body>
  <div class='ocr_page' id='page_1' title='image "./operaomnia16suaauoft_0171.png"; bbox 0 0 2352 3880; ppageno 0'>
   <div class='ocr_carea' id='block_1_1' title="bbox 0 0 438 406">
    <p class='ocr_par' dir='ltr' id='par_1_1' title="bbox 0 0 438 406">
     <span class='ocr_line' id='line_1_1' title="bbox 0 0 438 406; baseline 0 0"><span class='ocrx_word' id='word_1_1' title='bbox 0 0 438 406; x_wconf 95' lang='lat' dir='ltr'>  </span> 
     </span>
    </p>
   </div>
   <div class='ocr_carea' id='block_1_2' title="bbox 20 496 98 569">
    <p class='ocr_par' dir='ltr' id='par_1_2' title="bbox 20 496 98 569">
     <span class='ocr_line' id='line_1_2' title="bbox 20 496 33 509; baseline 0 -4"><span class='ocrx_word' id='word_1_2' title='bbox 20 496 33 509; x_wconf 71' lang='lat' dir='ltr'>«a</span> 
     </span>
     <span class='ocr_line' id='line_1_3' title="bbox 22 499 98 558; baseline 0 -28"><span class='ocrx_word' id='word_1_3' title='bbox 22 499 98 558; x_wconf 45' lang='grc' dir='ltr'>μ’</span> 
     </span>
     <span class='ocr_line' id='line_1_4' title="bbox 20 553 29 569; baseline 0 -10"><span class='ocrx_word' id='word_1_4' title='bbox 20 553 29 569; x_wconf 47' lang='grc' dir='ltr'><strong><em>Γ</em></strong></span> 
     </span>
    </p>
   </div>
   <div class='ocr_carea' id='block_1_3' title="bbox 16 220 1770 478">
    <p class='ocr_par' dir='ltr' id='par_1_3' title="bbox 16 220 1770 478">
     <span class='ocr_line' id='line_1_5' title="bbox 35 220 1770 271; baseline -0.001 -7"><span class='ocrx_word' id='word_1_5' title='bbox 35 268 38 271; x_wconf 56' lang='grc'>,</span> <span class='ocrx_word' id='word_1_6' title='bbox 124 244 126 246; x_wconf 32' lang='lat' dir='ltr'>v</span> <span class='ocrx_word' id='word_1_7' title='bbox 621 227 714 264; x_wconf 72' lang='lat' dir='ltr'>mr.</span> <span class='ocrx_word' id='word_1_8' title='bbox 735 227 791 263; x_wconf 88' lang='lat'>111.</span> <span class='ocrx_word' id='word_1_9' title='bbox 813 225 956 262; x_wconf 69' lang='lat' dir='ltr'>uranu</span> <span class='ocrx_word' id='word_1_10' title='bbox 973 225 1099 262; x_wconf 72' lang='lat' dir='ltr'>luno</span> <span class='ocrx_word' id='word_1_11' title='bbox 1116 220 1382 263; x_wconf 65' lang='lat' dir='ltr'>vacuamur</span> <span class='ocrx_word' id='word_1_12' title='bbox 1394 227 1439 264; x_wconf 80' lang='lat' dir='ltr'>m</span> <span class='ocrx_word' id='word_1_13' title='bbox 1458 229 1656 271; x_wconf 62' lang='lat' dir='ltr'>unceis,</span> <span class='ocrx_word' id='word_1_14' title='bbox 1677 230 1770 265; x_wconf 74' lang='lat' dir='ltr'>ure.</span> 
     </span>
     <span class='ocr_line' id='line_1_6' title="bbox 20 281 1163 352; baseline -0.006 -12"><span class='ocrx_word' id='word_1_15' title='bbox 20 281 38 352; x_wconf 51' lang='lat' dir='ltr'>i,</span> <span class='ocrx_word' id='word_1_16' title='bbox 63 285 68 292; x_wconf 43' lang='lat'><strong><em>⁵</em></strong></span> <span class='ocrx_word' id='word_1_17' title='bbox 86 281 275 350; x_wconf 35' lang='lat' dir='ltr'>§sfffflm</span> <span class='ocrx_word' id='word_1_18' title='bbox 284 295 410 338; x_wconf 77' lang='lat' dir='ltr'>etiam</span> <span class='ocrx_word' id='word_1_19' title='bbox 421 294 624 347; x_wconf 78' lang='lat' dir='ltr'>Episcopo</span> <span class='ocrx_word' id='word_1_20' title='bbox 634 295 776 347; x_wconf 76' lang='lat' dir='ltr'>legero</span> <span class='ocrx_word' id='word_1_21' title='bbox 788 293 1012 335; x_wconf 86' lang='lat' dir='ltr'>Gentilium</span> <span class='ocrx_word' id='word_1_22' title='bbox 1023 294 1163 334; x_wconf 83' lang='lat' dir='ltr'>libros.</span> 
     </span>
     <span class='ocr_line' id='line_1_7' title="bbox 23 348 1166 415; baseline -0.004 -17"><span class='ocrx_word' id='word_1_23' title='bbox 23 361 37 415; x_wconf 60' lang='grc' dir='ltr'>ξ</span> <span class='ocrx_word' id='word_1_24' title='bbox 70 348 355 414; x_wconf 42' lang='grc' dir='ltr'>»λῇψοψοᾶο</span> <span class='ocrx_word' id='word_1_25' title='bbox 381 357 482 397; x_wconf 83' lang='lat' dir='ltr'>dixit</span> <span class='ocrx_word' id='word_1_26' title='bbox 506 357 694 409; x_wconf 80' lang='lat' dir='ltr'>Cyrinus,</span> <span class='ocrx_word' id='word_1_27' title='bbox 724 355 797 395; x_wconf 78' lang='lat' dir='ltr'>lib.</span> <span class='ocrx_word' id='word_1_28' title='bbox 820 355 847 396; x_wconf 85' lang='lat'><strong>7</strong></span> <span class='ocrx_word' id='word_1_29' title='bbox 877 355 1166 407; x_wconf 46' lang='lat' dir='ltr'>contrat-tulia-</span> 
     </span>
     <span class='ocr_line' id='line_1_8' title="bbox 16 386 1166 478; baseline -0.003 -18"><span class='ocrx_word' id='word_1_30' title='bbox 16 427 34 477; x_wconf 63' lang='lat' dir='ltr'>j,</span> <span class='ocrx_word' id='word_1_31' title='bbox 72 386 256 478; x_wconf 46' lang='lat' dir='ltr'>ptum,</span> <span class='ocrx_word' id='word_1_32' title='bbox 276 418 350 458; x_wconf 85' lang='lat' dir='ltr'>ubi</span> <span class='ocrx_word' id='word_1_33' title='bbox 367 430 519 470; x_wconf 85' lang='lat' dir='ltr'>supra:</span> <span class='ocrx_word' id='word_1_34' title='bbox 542 418 714 471; x_wconf 76' lang='lat' dir='ltr'>Sufficit</span> <span class='ocrx_word' id='word_1_35' title='bbox 727 416 880 470; x_wconf 70' lang='lat' dir='ltr'>quidem</span> <span class='ocrx_word' id='word_1_36' title='bbox 897 418 1035 458; x_wconf 84' lang='lat' dir='ltr'>divina</span> <span class='ocrx_word' id='word_1_37' title='bbox 1051 416 1166 458; x_wconf 78' lang='lat' dir='ltr'>Scri·</span> 
     </span>
    </p>
   </div>
   <div class='ocr_carea' id='block_1_4' title="bbox 132 478 1166 1451">
    <p class='ocr_par' dir='ltr' id='par_1_4' title="bbox 132 478 1166 1451">
     <span class='ocr_line' id='line_1_9' title="bbox 135 478 1161 537; baseline -0.003 -16"><span class='ocrx_word' id='word_1_38' title='bbox 135 483 261 537; x_wconf 59' lang='lat' dir='ltr'>ptura</span> <span class='ocrx_word' id='word_1_39' title='bbox 270 481 326 521; x_wconf 85' lang='lat' dir='ltr'>ad</span> <span class='ocrx_word' id='word_1_40' title='bbox 333 480 552 531; x_wconf 76' lang='lat' dir='ltr'>faciendum</span> <span class='ocrx_word' id='word_1_41' title='bbox 564 490 642 527; x_wconf 75' lang='lat' dir='ltr'>coe,</span> <span class='ocrx_word' id='word_1_42' title='bbox 661 479 729 531; x_wconf 63' lang='lat' dir='ltr'>qui</span> <span class='ocrx_word' id='word_1_43' title='bbox 743 478 788 518; x_wconf 79' lang='lat' dir='ltr'>in</span> <span class='ocrx_word' id='word_1_44' title='bbox 801 478 876 519; x_wconf 82' lang='lat' dir='ltr'>illa</span> <span class='ocrx_word' id='word_1_45' title='bbox 888 480 1041 521; x_wconf 82' lang='lat' dir='ltr'>educati</span> <span class='ocrx_word' id='word_1_46' title='bbox 1051 483 1161 528; x_wconf 79' lang='lat' dir='ltr'>sunt,</span> 
     </span>
     <span class='ocr_line' id='line_1_10' title="bbox 137 538 1162 594; baseline -0.004 -11"><span class='ocrx_word' id='word_1_47' title='bbox 137 543 355 594; x_wconf 62' lang='lat' dir='ltr'>capientes,</span> <span class='ocrx_word' id='word_1_48' title='bbox 385 544 423 582; x_wconf 77' lang='lat' dir='ltr'>et</span> <span class='ocrx_word' id='word_1_49' title='bbox 443 541 769 592; x_wconf 80' lang='lat' dir='ltr'>probatissimos,</span> <span class='ocrx_word' id='word_1_50' title='bbox 793 542 832 581; x_wconf 81' lang='lat' dir='ltr'>et</span> <span class='ocrx_word' id='word_1_51' title='bbox 864 538 1162 591; x_wconf 76' lang='lat' dir='ltr'>sufficientissi-</span> 
     </span>
     <span class='ocr_line' id='line_1_11' title="bbox 136 601 1166 655; baseline -0.003 -11"><span class='ocrx_word' id='word_1_52' title='bbox 136 614 244 644; x_wconf 74' lang='lat' dir='ltr'>mm</span> <span class='ocrx_word' id='word_1_53' title='bbox 259 603 441 644; x_wconf 73' lang='lat' dir='ltr'>habentes</span> <span class='ocrx_word' id='word_1_54' title='bbox 458 601 781 653; x_wconf 73' lang='lat' dir='ltr'>intelliyentiam,</span> <span class='ocrx_word' id='word_1_55' title='bbox 801 601 1098 655; x_wconf 61' lang='lat' dir='ltr'>indigemusque</span> <span class='ocrx_word' id='word_1_56' title='bbox 1111 601 1166 641; x_wconf 85' lang='lat' dir='ltr'>ad</span> 
     </span>
     <span class='ocr_line' id='line_1_12' title="bbox 137 662 1162 716; baseline -0.004 -10"><span class='ocrx_word' id='word_1_57' title='bbox 137 663 213 706; x_wconf 66' lang='lat' dir='ltr'>boc</span> <span class='ocrx_word' id='word_1_58' title='bbox 222 662 332 704; x_wconf 66' lang='lat' dir='ltr'>auehit</span> <span class='ocrx_word' id='word_1_59' title='bbox 335 673 504 715; x_wconf 81' lang='lat' dir='ltr'>prorsus</span> <span class='ocrx_word' id='word_1_60' title='bbox 517 662 692 702; x_wconf 73' lang='lat' dir='ltr'>eoeternis</span> <span class='ocrx_word' id='word_1_61' title='bbox 710 663 936 716; x_wconf 73' lang='lat' dir='ltr'>maqistris.</span> <span class='ocrx_word' id='word_1_62' title='bbox 971 662 1162 710; x_wconf 76' lang='lat' dir='ltr'><em>Quoniam</em></span> 
     </span>
     <span class='ocr_line' id='line_1_13' title="bbox 134 722 1158 771; baseline -0.001 -6"><span class='ocrx_word' id='word_1_63' title='bbox 134 727 264 766; x_wconf 72' lang='lat' dir='ltr'>autem</span> <span class='ocrx_word' id='word_1_64' title='bbox 294 723 406 763; x_wconf 84' lang='lat' dir='ltr'>dulce</span> <span class='ocrx_word' id='word_1_65' title='bbox 437 725 496 763; x_wconf 79' lang='lat' dir='ltr'>est</span> <span class='ocrx_word' id='word_1_66' title='bbox 527 722 658 764; x_wconf 85' lang='lat' dir='ltr'>omnia</span> <span class='ocrx_word' id='word_1_67' title='bbox 676 723 800 771; x_wconf 82' lang='lat' dir='ltr'>scire,</span> <span class='ocrx_word' id='word_1_68' title='bbox 822 724 969 764; x_wconf 86' lang='lat' dir='ltr'>idcirco</span> <span class='ocrx_word' id='word_1_69' title='bbox 988 725 1062 764; x_wconf 74' lang='lat' dir='ltr'>liae</span> <span class='ocrx_word' id='word_1_70' title='bbox 1089 734 1158 764; x_wconf 89' lang='lat' dir='ltr'>ra-</span> 
     </span>
     <span class='ocr_line' id='line_1_14' title="bbox 135 784 1159 835; baseline 0.001 -10"><span class='ocrx_word' id='word_1_71' title='bbox 135 784 250 830; x_wconf 81' lang='lat' dir='ltr'>tione,</span> <span class='ocrx_word' id='word_1_72' title='bbox 273 787 310 823; x_wconf 90' lang='lat' dir='ltr'>et</span> <span class='ocrx_word' id='word_1_73' title='bbox 327 784 438 823; x_wconf 71' lang='lat' dir='ltr'>valde</span> <span class='ocrx_word' id='word_1_74' title='bbox 452 784 668 835; x_wconf 75' lang='lat' dir='ltr'>prudenter</span> <span class='ocrx_word' id='word_1_75' title='bbox 686 786 805 825; x_wconf 84' lang='lat' dir='ltr'>etiam</span> <span class='ocrx_word' id='word_1_76' title='bbox 826 784 1056 828; x_wconf 69' lang='lat' dir='ltr'>Graecorum</span> <span class='ocrx_word' id='word_1_77' title='bbox 1070 796 1159 826; x_wconf 87' lang='lat' dir='ltr'>sen-</span> 
     </span>
     <span class='ocr_line' id='line_1_15' title="bbox 134 844 1158 900; baseline 0.002 -15"><span class='ocrx_word' id='word_1_78' title='bbox 134 845 278 885; x_wconf 70' lang='lat' dir='ltr'>tentias</span> <span class='ocrx_word' id='word_1_79' title='bbox 304 844 513 898; x_wconf 73' lang='lat' dir='ltr'>diliqenter</span> <span class='ocrx_word' id='word_1_80' title='bbox 530 846 781 895; x_wconf 79' lang='lat' dir='ltr'><strong><em>discutimus,</em></strong></span> <span class='ocrx_word' id='word_1_81' title='bbox 801 859 902 900; x_wconf 81' lang='lat' dir='ltr'>quas</span> <span class='ocrx_word' id='word_1_82' title='bbox 917 848 961 887; x_wconf 87' lang='lat' dir='ltr'>de</span> <span class='ocrx_word' id='word_1_83' title='bbox 979 858 1158 899; x_wconf 83' lang='lat' dir='ltr'>unaqua-</span> 
     </span>
     <span class='ocr_line' id='line_1_16' title="bbox 134 905 1160 958; baseline 0.004 -13"><span class='ocrx_word' id='word_1_84' title='bbox 134 917 205 958; x_wconf 79' lang='lat' dir='ltr'>que</span> <span class='ocrx_word' id='word_1_85' title='bbox 220 917 264 945; x_wconf 85' lang='lat' dir='ltr'>re</span> <span class='ocrx_word' id='word_1_86' title='bbox 282 905 515 956; x_wconf 75' lang='lat' dir='ltr'><em>habuerint,</em></span> <span class='ocrx_word' id='word_1_87' title='bbox 546 910 583 947; x_wconf 89' lang='lat' dir='ltr'>et</span> <span class='ocrx_word' id='word_1_88' title='bbox 603 912 693 949; x_wconf 89' lang='lat' dir='ltr'>ante</span> <span class='ocrx_word' id='word_1_89' title='bbox 708 908 792 948; x_wconf 88' lang='lat' dir='ltr'>alia</span> <span class='ocrx_word' id='word_1_90' title='bbox 810 909 855 948; x_wconf 85' lang='lat' dir='ltr'>de</span> <span class='ocrx_word' id='word_1_91' title='bbox 872 909 954 948; x_wconf 90' lang='lat' dir='ltr'>Deo</span> <span class='ocrx_word' id='word_1_92' title='bbox 967 938 981 956; x_wconf 90' lang='lat'>,</span> <span class='ocrx_word' id='word_1_93' title='bbox 1009 911 1047 949; x_wconf 88' lang='lat' dir='ltr'>et</span> <span class='ocrx_word' id='word_1_94' title='bbox 1068 908 1160 949; x_wconf 82' lang='lat' dir='ltr'>inde</span> 
     </span>
     <span class='ocr_line' id='line_1_17' title="bbox 133 967 1160 1022; baseline 0.001 -15"><span class='ocrx_word' id='word_1_95' title='bbox 133 967 288 1008; x_wconf 77' lang='lat' dir='ltr'>ridendi</span> <span class='ocrx_word' id='word_1_96' title='bbox 304 969 542 1011; x_wconf 74' lang='lat' dir='ltr'><em>occasionem</em></span> <span class='ocrx_word' id='word_1_97' title='bbox 560 970 796 1021; x_wconf 74' lang='lat' dir='ltr'><em>accipimus,</em></span> <span class='ocrx_word' id='word_1_98' title='bbox 827 970 932 1022; x_wconf 83' lang='lat' dir='ltr'>quod</span> <span class='ocrx_word' id='word_1_99' title='bbox 946 969 1082 1009; x_wconf 79' lang='lat' dir='ltr'>volunt</span> <span class='ocrx_word' id='word_1_100' title='bbox 1099 969 1160 1008; x_wconf 88' lang='lat' dir='ltr'>in-</span> 
     </span>
     <span class='ocr_line' id='line_1_18' title="bbox 132 1031 1159 1072; baseline 0.003 -4"><span class='ocrx_word' id='word_1_101' title='bbox 132 1040 312 1070; x_wconf 70' lang='lat' dir='ltr'>numeros</span> <span class='ocrx_word' id='word_1_102' title='bbox 344 1031 446 1071; x_wconf 86' lang='lat' dir='ltr'>Deos</span> <span class='ocrx_word' id='word_1_103' title='bbox 481 1036 518 1072; x_wconf 90' lang='lat' dir='ltr'>et</span> <span class='ocrx_word' id='word_1_104' title='bbox 543 1032 837 1072; x_wconf 87' lang='lat' dir='ltr'>immundorum</span> <span class='ocrx_word' id='word_1_105' title='bbox 877 1032 1159 1071; x_wconf 71' lang='lat' dir='ltr'>daemoniorum</span> 
     </span>
     <span class='ocr_line' id='line_1_19' title="bbox 132 1091 1160 1143; baseline 0.001 -13"><span class='ocrx_word' id='word_1_106' title='bbox 132 1091 424 1132; x_wconf 71' lang='lat' dir='ltr'>multitudinem</span> <span class='ocrx_word' id='word_1_107' title='bbox 447 1093 650 1133; x_wconf 71' lang='lat' dir='ltr'>honorare.</span> <span class='ocrx_word' id='word_1_108' title='bbox 687 1093 778 1132; x_wconf 82' lang='lat' dir='ltr'>Alia</span> <span class='ocrx_word' id='word_1_109' title='bbox 803 1104 901 1143; x_wconf 85' lang='lat' dir='ltr'>ergo</span> <span class='ocrx_word' id='word_1_110' title='bbox 925 1092 1092 1131; x_wconf 83' lang='lat' dir='ltr'>decreta</span> <span class='ocrx_word' id='word_1_111' title='bbox 1115 1093 1160 1131; x_wconf 91' lang='lat' dir='ltr'>il-</span> 
     </span>
     <span class='ocr_line' id='line_1_20' title="bbox 133 1151 1159 1204; baseline 0.002 -13"><span class='ocrx_word' id='word_1_112' title='bbox 133 1151 212 1191; x_wconf 91' lang='lat' dir='ltr'>lius</span> <span class='ocrx_word' id='word_1_113' title='bbox 228 1153 405 1192; x_wconf 75' lang='lat' dir='ltr'>distinct.</span> <span class='ocrx_word' id='word_1_114' title='bbox 425 1155 474 1193; x_wconf 85' lang='lat'>37</span> <span class='ocrx_word' id='word_1_115' title='bbox 492 1154 708 1193; x_wconf 84' lang='lat' dir='ltr'>manifeste</span> <span class='ocrx_word' id='word_1_116' title='bbox 723 1153 951 1204; x_wconf 82' lang='lat' dir='ltr'>loquuntur</span> <span class='ocrx_word' id='word_1_117' title='bbox 963 1153 1015 1192; x_wconf 90' lang='lat' dir='ltr'>de</span> <span class='ocrx_word' id='word_1_118' title='bbox 1031 1154 1159 1193; x_wconf 89' lang='lat' dir='ltr'>nimio</span> 
     </span>
     <span class='ocr_line' id='line_1_21' title="bbox 133 1215 1159 1262; baseline 0.001 -9"><span class='ocrx_word' id='word_1_119' title='bbox 133 1226 304 1254; x_wconf 83' lang='lat' dir='ltr'>excessu</span> <span class='ocrx_word' id='word_1_120' title='bbox 341 1216 383 1253; x_wconf 92' lang='lat' dir='ltr'>in</span> <span class='ocrx_word' id='word_1_121' title='bbox 421 1215 555 1254; x_wconf 83' lang='lat' dir='ltr'>studio</span> <span class='ocrx_word' id='word_1_122' title='bbox 581 1216 726 1255; x_wconf 90' lang='lat' dir='ltr'>talium</span> <span class='ocrx_word' id='word_1_123' title='bbox 754 1215 983 1253; x_wconf 86' lang='lat' dir='ltr'>litterarum</span> <span class='ocrx_word' id='word_1_124' title='bbox 1003 1245 1012 1262; x_wconf 92' lang='lat'>,</span> <span class='ocrx_word' id='word_1_125' title='bbox 1042 1219 1083 1254; x_wconf 87' lang='lat' dir='ltr'>et</span> <span class='ocrx_word' id='word_1_126' title='bbox 1108 1215 1159 1254; x_wconf 86' lang='lat' dir='ltr'>de</span> 
     </span>
     <span class='ocr_line' id='line_1_22' title="bbox 134 1276 1161 1327; baseline 0 -12"><span class='ocrx_word' id='word_1_127' title='bbox 134 1288 260 1327; x_wconf 83' lang='lat' dir='ltr'>pravo</span> <span class='ocrx_word' id='word_1_128' title='bbox 282 1289 358 1315; x_wconf 87' lang='lat' dir='ltr'>usu</span> <span class='ocrx_word' id='word_1_129' title='bbox 372 1276 491 1325; x_wconf 87' lang='lat' dir='ltr'>illius,</span> <span class='ocrx_word' id='word_1_130' title='bbox 511 1276 577 1316; x_wconf 87' lang='lat' dir='ltr'>vel</span> <span class='ocrx_word' id='word_1_131' title='bbox 592 1277 635 1315; x_wconf 90' lang='lat' dir='ltr'>in</span> <span class='ocrx_word' id='word_1_132' title='bbox 651 1276 877 1315; x_wconf 80' lang='lat' dir='ltr'>moralibus</span> <span class='ocrx_word' id='word_1_133' title='bbox 894 1276 1012 1323; x_wconf 87' lang='lat' dir='ltr'>vitiis,</span> <span class='ocrx_word' id='word_1_134' title='bbox 1033 1276 1099 1314; x_wconf 87' lang='lat' dir='ltr'>vel</span> <span class='ocrx_word' id='word_1_135' title='bbox 1118 1276 1161 1315; x_wconf 91' lang='lat' dir='ltr'>in</span> 
     </span>
     <span class='ocr_line' id='line_1_23' title="bbox 133 1337 1162 1389; baseline 0.002 -13"><span class='ocrx_word' id='word_1_136' title='bbox 133 1338 338 1376; x_wconf 87' lang='lat' dir='ltr'>erroribus</span> <span class='ocrx_word' id='word_1_137' title='bbox 358 1341 499 1377; x_wconf 83' lang='lat' dir='ltr'>contra</span> <span class='ocrx_word' id='word_1_138' title='bbox 518 1338 670 1388; x_wconf 68' lang='lat' dir='ltr'>fidem,</span> <span class='ocrx_word' id='word_1_139' title='bbox 696 1350 777 1389; x_wconf 89' lang='lat' dir='ltr'>quo</span> <span class='ocrx_word' id='word_1_140' title='bbox 798 1350 923 1377; x_wconf 90' lang='lat' dir='ltr'>sensu</span> <span class='ocrx_word' id='word_1_141' title='bbox 943 1337 1162 1378; x_wconf 82' lang='lat' dir='ltr'>manifeste</span> 
     </span>
     <span class='ocr_line' id='line_1_24' title="bbox 133 1398 1029 1451; baseline -0.001 -13"><span class='ocrx_word' id='word_1_142' title='bbox 133 1399 313 1450; x_wconf 86' lang='lat' dir='ltr'>loquitur</span> <span class='ocrx_word' id='word_1_143' title='bbox 329 1399 606 1451; x_wconf 85' lang='lat' dir='ltr'>Hieronymus</span> <span class='ocrx_word' id='word_1_144' title='bbox 625 1399 669 1438; x_wconf 90' lang='lat' dir='ltr'>in</span> <span class='ocrx_word' id='word_1_145' title='bbox 685 1399 787 1438; x_wconf 85' lang='lat' dir='ltr'>locis</span> <span class='ocrx_word' id='word_1_146' title='bbox 805 1398 862 1438; x_wconf 92' lang='lat' dir='ltr'>ibi</span> <span class='ocrx_word' id='word_1_147' title='bbox 882 1398 1029 1438; x_wconf 83' lang='lat' dir='ltr'>citatis.</span> 
     </span>
    </p>
   </div>
   <div class='ocr_carea' id='block_1_5' title="bbox 514 1535 771 1577">
    <p class='ocr_par' dir='ltr' id='par_1_5' title="bbox 514 1535 771 1577">
     <span class='ocr_line' id='line_1_25' title="bbox 514 1535 771 1577; baseline 0 0"><span class='ocrx_word' id='word_1_148' title='bbox 514 1535 678 1577; x_wconf 83' lang='lat' dir='ltr'>CAPUT</span> <span class='ocrx_word' id='word_1_149' title='bbox 704 1537 771 1577; x_wconf 88' lang='lat' dir='ltr'>III.</span> 
     </span>
    </p>
   </div>
   <div class='ocr_carea' id='block_1_6' title="bbox 134 1661 1165 1814">
    <p class='ocr_par' dir='ltr' id='par_1_6' title="bbox 134 1661 1165 1814">
     <span class='ocr_line' id='line_1_26' title="bbox 134 1661 1163 1691; baseline -0.002 -1"><span class='ocrx_word' id='word_1_150' title='bbox 134 1661 267 1691; x_wconf 74' lang='lat' dir='ltr'><strong>UTRUM</strong></span> <span class='ocrx_word' id='word_1_151' title='bbox 302 1661 422 1690; x_wconf 80' lang='lat' dir='ltr'>RATIO</span> <span class='ocrx_word' id='word_1_152' title='bbox 454 1662 694 1691; x_wconf 79' lang='lat' dir='ltr'>PROFIGIENDI</span> <span class='ocrx_word' id='word_1_153' title='bbox 733 1661 774 1691; x_wconf 88' lang='lat' dir='ltr'>IN</span> <span class='ocrx_word' id='word_1_154' title='bbox 808 1661 981 1691; x_wconf 74' lang='lat' dir='ltr'>LITTERIS</span> <span class='ocrx_word' id='word_1_155' title='bbox 1018 1661 1163 1690; x_wconf 79' lang='lat' dir='ltr'>CONVE-</span> 
     </span>
     <span class='ocr_line' id='line_1_27' title="bbox 185 1721 1165 1762; baseline -0.003 -9"><span class='ocrx_word' id='word_1_156' title='bbox 185 1723 319 1753; x_wconf 72' lang='lat' dir='ltr'><strong>MENTI</strong></span> <span class='ocrx_word' id='word_1_157' title='bbox 347 1723 470 1762; x_wconf 82' lang='lat' dir='ltr'>MODO,</span> <span class='ocrx_word' id='word_1_158' title='bbox 497 1724 546 1752; x_wconf 87' lang='lat' dir='ltr'>ET</span> <span class='ocrx_word' id='word_1_159' title='bbox 575 1725 650 1752; x_wconf 77' lang='lat' dir='ltr'>PER</span> <span class='ocrx_word' id='word_1_160' title='bbox 679 1723 782 1752; x_wconf 80' lang='lat' dir='ltr'>APTA</span> <span class='ocrx_word' id='word_1_161' title='bbox 807 1724 946 1760; x_wconf 78' lang='lat' dir='ltr'>MEDIA,</span> <span class='ocrx_word' id='word_1_162' title='bbox 968 1723 1008 1751; x_wconf 94' lang='lat' dir='ltr'>IN</span> <span class='ocrx_word' id='word_1_163' title='bbox 1037 1721 1165 1751; x_wconf 82' lang='lat' dir='ltr'>SOGIE-</span> 
     </span>
     <span class='ocr_line' id='line_1_28' title="bbox 185 1784 630 1814; baseline -0.002 0"><span class='ocrx_word' id='word_1_164' title='bbox 185 1784 292 1814; x_wconf 77' lang='lat' dir='ltr'><strong>TATE</strong></span> <span class='ocrx_word' id='word_1_165' title='bbox 318 1785 530 1814; x_wconf 83' lang='lat' dir='ltr'>INSTITUTA</span> <span class='ocrx_word' id='word_1_166' title='bbox 558 1786 630 1814; x_wconf 88' lang='lat' dir='ltr'><strong>SIT.</strong></span> 
     </span>
    </p>
   </div>
   <div class='ocr_carea' id='block_1_7' title="bbox 132 1896 1173 3549">
    <p class='ocr_par' dir='ltr' id='par_1_7' title="bbox 134 1896 1165 2618">
     <span class='ocr_line' id='line_1_29' title="bbox 188 1896 1162 1947; baseline -0.003 -10"><span class='ocrx_word' id='word_1_167' title='bbox 188 1897 273 1938; x_wconf 79' lang='lat' dir='ltr'>Lib.</span> <span class='ocrx_word' id='word_1_168' title='bbox 309 1898 354 1938; x_wconf 82' lang='lat' dir='ltr'>cle</span> <span class='ocrx_word' id='word_1_169' title='bbox 386 1897 558 1938; x_wconf 80' lang='lat' dir='ltr'>Ratione</span> <span class='ocrx_word' id='word_1_170' title='bbox 586 1898 823 1937; x_wconf 85' lang='lat' dir='ltr'>studiorum.</span> <span class='ocrx_word' id='word_1_171' title='bbox 854 1917 908 1925; x_wconf 95' lang='lat'>—</span> <span class='ocrx_word' id='word_1_172' title='bbox 942 1896 1162 1947; x_wconf 76' lang='lat' dir='ltr'>supposita</span> 
     </span>
     <span class='ocr_line' id='line_1_30' title="bbox 134 1957 1160 2011; baseline -0.004 -13"><span class='ocrx_word' id='word_1_173' title='bbox 134 1959 334 2011; x_wconf 74' lang='lat' dir='ltr'>probitate</span> <span class='ocrx_word' id='word_1_174' title='bbox 368 1962 406 1997; x_wconf 85' lang='lat' dir='ltr'>et</span> <span class='ocrx_word' id='word_1_175' title='bbox 440 1958 655 1997; x_wconf 82' lang='lat' dir='ltr'>honestate</span> <span class='ocrx_word' id='word_1_176' title='bbox 693 1958 902 2004; x_wconf 69' lang='lat' dir='ltr'>docti-inte,</span> <span class='ocrx_word' id='word_1_177' title='bbox 936 1957 1019 1996; x_wconf 86' lang='lat' dir='ltr'>duo</span> <span class='ocrx_word' id='word_1_178' title='bbox 1052 1961 1160 2003; x_wconf 85' lang='lat' dir='ltr'>sunt,</span> 
     </span>
     <span class='ocr_line' id='line_1_31' title="bbox 135 2019 1162 2071; baseline -0.002 -12"><span class='ocrx_word' id='word_1_179' title='bbox 135 2032 226 2071; x_wconf 80' lang='lat' dir='ltr'>quae</span> <span class='ocrx_word' id='word_1_180' title='bbox 261 2020 314 2060; x_wconf 85' lang='lat' dir='ltr'>ad</span> <span class='ocrx_word' id='word_1_181' title='bbox 351 2020 459 2059; x_wconf 90' lang='lat' dir='ltr'>illius</span> <span class='ocrx_word' id='word_1_182' title='bbox 495 2019 725 2071; x_wconf 85' lang='lat' dir='ltr'>profectum</span> <span class='ocrx_word' id='word_1_183' title='bbox 767 2019 947 2058; x_wconf 73' lang='lat' dir='ltr'>maxime</span> <span class='ocrx_word' id='word_1_184' title='bbox 978 2019 1162 2070; x_wconf 86' lang='lat' dir='ltr'>juvant:</span> 
     </span>
     <span class='ocr_line' id='line_1_32' title="bbox 134 2079 1162 2121; baseline -0.003 0"><span class='ocrx_word' id='word_1_185' title='bbox 134 2094 263 2121; x_wconf 91' lang='lat' dir='ltr'>unum</span> <span class='ocrx_word' id='word_1_186' title='bbox 283 2086 345 2121; x_wconf 87' lang='lat' dir='ltr'>est</span> <span class='ocrx_word' id='word_1_187' title='bbox 364 2082 617 2121; x_wconf 86' lang='lat' dir='ltr'>conveniens</span> <span class='ocrx_word' id='word_1_188' title='bbox 636 2081 785 2119; x_wconf 87' lang='lat' dir='ltr'>modus</span> <span class='ocrx_word' id='word_1_189' title='bbox 807 2084 846 2119; x_wconf 88' lang='lat' dir='ltr'>et</span> <span class='ocrx_word' id='word_1_190' title='bbox 867 2081 967 2120; x_wconf 88' lang='lat' dir='ltr'>ordo</span> <span class='ocrx_word' id='word_1_191' title='bbox 988 2079 1162 2120; x_wconf 81' lang='lat' dir='ltr'>vacandi</span> 
     </span>
     <span class='ocr_line' id='line_1_33' title="bbox 137 2142 1162 2193; baseline -0.004 -9"><span class='ocrx_word' id='word_1_192' title='bbox 137 2144 268 2184; x_wconf 83' lang='lat' dir='ltr'>studio</span> <span class='ocrx_word' id='word_1_193' title='bbox 284 2143 536 2191; x_wconf 85' lang='lat' dir='ltr'>litterarum3</span> <span class='ocrx_word' id='word_1_194' title='bbox 559 2143 750 2190; x_wconf 84' lang='lat' dir='ltr'>alterum,</span> <span class='ocrx_word' id='word_1_195' title='bbox 769 2153 916 2181; x_wconf 84' lang='lat' dir='ltr'>vacare</span> <span class='ocrx_word' id='word_1_196' title='bbox 936 2154 1011 2193; x_wconf 86' lang='lat' dir='ltr'>per</span> <span class='ocrx_word' id='word_1_197' title='bbox 1026 2142 1162 2181; x_wconf 83' lang='lat' dir='ltr'>media</span> 
     </span>
     <span class='ocr_line' id='line_1_34' title="bbox 138 2204 1162 2258; baseline -0.005 -12"><span class='ocrx_word' id='word_1_198' title='bbox 138 2210 231 2258; x_wconf 83' lang='lat' dir='ltr'>apta</span> <span class='ocrx_word' id='word_1_199' title='bbox 258 2209 298 2245; x_wconf 86' lang='lat' dir='ltr'>et</span> <span class='ocrx_word' id='word_1_200' title='bbox 324 2205 453 2244; x_wconf 85' lang='lat' dir='ltr'>utilia.</span> <span class='ocrx_word' id='word_1_201' title='bbox 486 2205 558 2243; x_wconf 88' lang='lat' dir='ltr'>Hic</span> <span class='ocrx_word' id='word_1_202' title='bbox 588 2209 728 2244; x_wconf 83' lang='lat' dir='ltr'>autem</span> <span class='ocrx_word' id='word_1_203' title='bbox 753 2204 961 2254; x_wconf 84' lang='lat' dir='ltr'>profectus</span> <span class='ocrx_word' id='word_1_204' title='bbox 982 2204 1024 2242; x_wconf 88' lang='lat' dir='ltr'>in</span> <span class='ocrx_word' id='word_1_205' title='bbox 1054 2207 1162 2242; x_wconf 81' lang='lat' dir='ltr'>statu</span> 
     </span>
     <span class='ocr_line' id='line_1_35' title="bbox 138 2267 1163 2320; baseline -0.004 -12"><span class='ocrx_word' id='word_1_206' title='bbox 138 2269 326 2320; x_wconf 86' lang='lat' dir='ltr'>religioso</span> <span class='ocrx_word' id='word_1_207' title='bbox 347 2280 430 2307; x_wconf 90' lang='lat' dir='ltr'>non</span> <span class='ocrx_word' id='word_1_208' title='bbox 448 2271 508 2306; x_wconf 86' lang='lat' dir='ltr'>est</span> <span class='ocrx_word' id='word_1_209' title='bbox 527 2267 635 2306; x_wconf 89' lang='lat' dir='ltr'>nude</span> <span class='ocrx_word' id='word_1_210' title='bbox 659 2267 718 2317; x_wconf 91' lang='lat' dir='ltr'>(ut</span> <span class='ocrx_word' id='word_1_211' title='bbox 738 2267 791 2305; x_wconf 84' lang='lat' dir='ltr'>ita</span> <span class='ocrx_word' id='word_1_212' title='bbox 807 2267 955 2315; x_wconf 80' lang='lat' dir='ltr'>dicam)</span> <span class='ocrx_word' id='word_1_213' title='bbox 978 2270 1163 2317; x_wconf 82' lang='lat' dir='ltr'>spectau-</span> 
     </span>
     <span class='ocr_line' id='line_1_36' title="bbox 137 2327 1163 2379; baseline -0.005 -9"><span class='ocrx_word' id='word_1_214' title='bbox 137 2330 228 2379; x_wconf 85' lang='lat' dir='ltr'>dus,</span> <span class='ocrx_word' id='word_1_215' title='bbox 255 2330 298 2370; x_wconf 89' lang='lat' dir='ltr'>id</span> <span class='ocrx_word' id='word_1_216' title='bbox 320 2333 392 2377; x_wconf 86' lang='lat' dir='ltr'>est,</span> <span class='ocrx_word' id='word_1_217' title='bbox 422 2329 547 2368; x_wconf 87' lang='lat' dir='ltr'>solius</span> <span class='ocrx_word' id='word_1_218' title='bbox 567 2329 746 2368; x_wconf 82' lang='lat' dir='ltr'>scientiae</span> <span class='ocrx_word' id='word_1_219' title='bbox 764 2332 1009 2379; x_wconf 77' lang='lat' dir='ltr'>argumento</span> <span class='ocrx_word' id='word_1_220' title='bbox 1030 2327 1163 2366; x_wconf 84' lang='lat' dir='ltr'>consi-</span> 
     </span>
     <span class='ocr_line' id='line_1_37' title="bbox 136 2389 1163 2441; baseline -0.005 -9"><span class='ocrx_word' id='word_1_221' title='bbox 136 2392 294 2440; x_wconf 86' lang='lat' dir='ltr'>derato,</span> <span class='ocrx_word' id='word_1_222' title='bbox 316 2391 389 2430; x_wconf 87' lang='lat' dir='ltr'>sed</span> <span class='ocrx_word' id='word_1_223' title='bbox 406 2391 599 2441; x_wconf 79' lang='lat' dir='ltr'>adJ&#39;uncta</span> <span class='ocrx_word' id='word_1_224' title='bbox 615 2402 778 2441; x_wconf 82' lang='lat' dir='ltr'>semper</span> <span class='ocrx_word' id='word_1_225' title='bbox 793 2389 952 2428; x_wconf 85' lang='lat' dir='ltr'>ratione</span> <span class='ocrx_word' id='word_1_226' title='bbox 969 2389 1163 2439; x_wconf 73' lang='lat' dir='ltr'>religiosa</span> 
     </span>
     <span class='ocr_line' id='line_1_38' title="bbox 139 2451 1163 2502; baseline -0.005 -9"><span class='ocrx_word' id='word_1_227' title='bbox 139 2453 316 2494; x_wconf 73' lang='lat' dir='ltr'>scientiae</span> <span class='ocrx_word' id='word_1_228' title='bbox 335 2463 348 2502; x_wconf 80' lang='lat'><em>3</em></span> <span class='ocrx_word' id='word_1_229' title='bbox 383 2456 424 2491; x_wconf 90' lang='lat' dir='ltr'>et</span> <span class='ocrx_word' id='word_1_230' title='bbox 443 2452 535 2491; x_wconf 86' lang='lat' dir='ltr'>ideo</span> <span class='ocrx_word' id='word_1_231' title='bbox 560 2451 639 2490; x_wconf 88' lang='lat' dir='ltr'>hoc</span> <span class='ocrx_word' id='word_1_232' title='bbox 666 2456 798 2490; x_wconf 88' lang='lat' dir='ltr'>totum</span> <span class='ocrx_word' id='word_1_233' title='bbox 820 2451 864 2489; x_wconf 89' lang='lat' dir='ltr'>in</span> <span class='ocrx_word' id='word_1_234' title='bbox 882 2451 973 2501; x_wconf 82' lang='lat' dir='ltr'>ipsa</span> <span class='ocrx_word' id='word_1_235' title='bbox 1002 2451 1163 2489; x_wconf 81' lang='lat' dir='ltr'>ratione</span> 
     </span>
     <span class='ocr_line' id='line_1_39' title="bbox 139 2511 1165 2555; baseline -0.004 0"><span class='ocrx_word' id='word_1_236' title='bbox 139 2519 178 2555; x_wconf 89' lang='lat' dir='ltr'>et</span> <span class='ocrx_word' id='word_1_237' title='bbox 202 2514 459 2554; x_wconf 82' lang='lat' dir='ltr'>institutione</span> <span class='ocrx_word' id='word_1_238' title='bbox 492 2512 706 2554; x_wconf 88' lang='lat' dir='ltr'>Societatis</span> <span class='ocrx_word' id='word_1_239' title='bbox 728 2512 957 2552; x_wconf 88' lang='lat' dir='ltr'>studiorum</span> <span class='ocrx_word' id='word_1_240' title='bbox 977 2511 1165 2551; x_wconf 85' lang='lat' dir='ltr'>conside-</span> 
     </span>
     <span class='ocr_line' id='line_1_40' title="bbox 137 2580 367 2618; baseline -0.013 0"><span class='ocrx_word' id='word_1_241' title='bbox 137 2582 271 2618; x_wconf 86' lang='lat' dir='ltr'>ratum</span> <span class='ocrx_word' id='word_1_242' title='bbox 291 2580 367 2616; x_wconf 87' lang='lat' dir='ltr'>est.</span> 
     </span>
    </p>

    <p class='ocr_par' dir='ltr' id='par_1_8' title="bbox 132 2636 1173 3549">
     <span class='ocr_line' id='line_1_41' title="bbox 189 2636 1162 2688; baseline -0.002 -10"><span class='ocrx_word' id='word_1_243' title='bbox 189 2640 227 2679; x_wconf 82' lang='lat'>1.</span> <span class='ocrx_word' id='word_1_244' title='bbox 262 2638 364 2678; x_wconf 78' lang='lat' dir='ltr'>Tria</span> <span class='ocrx_word' id='word_1_245' title='bbox 390 2649 438 2678; x_wconf 71' lang='lat' dir='ltr'>ex</span> <span class='ocrx_word' id='word_1_246' title='bbox 454 2636 662 2677; x_wconf 82' lang='lat' dir='ltr'>Bernardo</span> <span class='ocrx_word' id='word_1_247' title='bbox 677 2647 753 2688; x_wconf 78' lang='lat' dir='ltr'>pro</span> <span class='ocrx_word' id='word_1_248' title='bbox 777 2636 887 2676; x_wconf 82' lang='lat' dir='ltr'>modo</span> <span class='ocrx_word' id='word_1_249' title='bbox 908 2636 1084 2677; x_wconf 85' lang='lat' dir='ltr'>discendi</span> <span class='ocrx_word' id='word_1_250' title='bbox 1099 2647 1162 2676; x_wconf 67' lang='lat' dir='ltr'>etc-</span> 
     </span>
     <span class='ocr_line' id='line_1_42' title="bbox 132 2697 1163 2755; baseline -0.007 -14"><span class='ocrx_word' id='word_1_251' title='bbox 132 2700 352 2755; x_wconf 81' lang='lat' dir='ltr'>plicantur.</span> <span class='ocrx_word' id='word_1_252' title='bbox 377 2722 423 2728; x_wconf 91' lang='grc'>-</span> <span class='ocrx_word' id='word_1_253' title='bbox 450 2699 637 2738; x_wconf 87' lang='lat' dir='ltr'>Primum</span> <span class='ocrx_word' id='word_1_254' title='bbox 654 2701 712 2738; x_wconf 87' lang='lat' dir='ltr'>est</span> <span class='ocrx_word' id='word_1_255' title='bbox 729 2698 820 2737; x_wconf 86' lang='lat' dir='ltr'>ordo</span> <span class='ocrx_word' id='word_1_256' title='bbox 839 2697 882 2736; x_wconf 90' lang='lat' dir='ltr'>in</span> <span class='ocrx_word' id='word_1_257' title='bbox 899 2697 1091 2737; x_wconf 81' lang='lat' dir='ltr'>discendo.</span> <span class='ocrx_word' id='word_1_258' title='bbox 1110 2719 1163 2724; x_wconf 79' lang='lat'><em>—</em></span> 
     </span>
     <span class='ocr_line' id='line_1_43' title="bbox 138 2757 1164 2814; baseline -0.008 -11"><span class='ocrx_word' id='word_1_259' title='bbox 138 2761 310 2814; x_wconf 69' lang='lat' dir='ltr'>Obsectio</span> <span class='ocrx_word' id='word_1_260' title='bbox 324 2761 510 2801; x_wconf 75' lang='lat' dir='ltr'>diluitur.</span> <span class='ocrx_word' id='word_1_261' title='bbox 546 2780 597 2789; x_wconf 92' lang='lat'>—-</span> <span class='ocrx_word' id='word_1_262' title='bbox 628 2759 728 2798; x_wconf 88' lang='lat' dir='ltr'>Dico</span> <span class='ocrx_word' id='word_1_263' title='bbox 749 2758 872 2810; x_wconf 85' lang='lat' dir='ltr'>igitur</span> <span class='ocrx_word' id='word_1_264' title='bbox 889 2758 1022 2809; x_wconf 88' lang='lat' dir='ltr'>primo</span> <span class='ocrx_word' id='word_1_265' title='bbox 1039 2757 1164 2798; x_wconf 86' lang='lat' dir='ltr'>ratio-</span> 
     </span>
     <span class='ocr_line' id='line_1_44' title="bbox 135 2818 1165 2873; baseline -0.006 -10"><span class='ocrx_word' id='word_1_266' title='bbox 135 2834 233 2865; x_wconf 83' lang='lat' dir='ltr'>nem</span> <span class='ocrx_word' id='word_1_267' title='bbox 251 2823 358 2861; x_wconf 84' lang='lat' dir='ltr'>hanc</span> <span class='ocrx_word' id='word_1_268' title='bbox 378 2820 618 2873; x_wconf 77' lang='lat' dir='ltr'>proficiendi</span> <span class='ocrx_word' id='word_1_269' title='bbox 639 2820 684 2859; x_wconf 90' lang='lat' dir='ltr'>in</span> <span class='ocrx_word' id='word_1_270' title='bbox 703 2820 864 2868; x_wconf 88' lang='lat' dir='ltr'>studiis,</span> <span class='ocrx_word' id='word_1_271' title='bbox 887 2827 1091 2871; x_wconf 85' lang='lat' dir='ltr'>quatenus</span> <span class='ocrx_word' id='word_1_272' title='bbox 1112 2818 1165 2858; x_wconf 87' lang='lat' dir='ltr'>ad</span> 
     </span>
     <span class='ocr_line' id='line_1_45' title="bbox 135 2882 1163 2938; baseline -0.004 -13"><span class='ocrx_word' id='word_1_273' title='bbox 135 2884 335 2938; x_wconf 82' lang='lat' dir='ltr'>ipsosmet</span> <span class='ocrx_word' id='word_1_274' title='bbox 354 2884 569 2935; x_wconf 79' lang='lat' dir='ltr'>religiosos</span> <span class='ocrx_word' id='word_1_275' title='bbox 587 2882 801 2922; x_wconf 82' lang='lat' dir='ltr'>Societatis</span> <span class='ocrx_word' id='word_1_276' title='bbox 822 2885 994 2933; x_wconf 83' lang='lat' dir='ltr'>spectat,</span> <span class='ocrx_word' id='word_1_277' title='bbox 1018 2893 1163 2921; x_wconf 85' lang='lat' dir='ltr'>conve-</span> 
     </span>
     <span class='ocr_line' id='line_1_46' title="bbox 136 2943 1165 2994; baseline -0.004 -8"><span class='ocrx_word' id='word_1_278' title='bbox 136 2946 391 2987; x_wconf 73' lang='lat' dir='ltr'>nientissime</span> <span class='ocrx_word' id='word_1_279' title='bbox 405 2946 448 2984; x_wconf 91' lang='lat' dir='ltr'>in</span> <span class='ocrx_word' id='word_1_280' title='bbox 459 2944 824 2984; x_wconf 84' lang='lat' dir='ltr'>Constitutionibus</span> <span class='ocrx_word' id='word_1_281' title='bbox 837 2944 1023 2994; x_wconf 85' lang='lat' dir='ltr'>ejusdem</span> <span class='ocrx_word' id='word_1_282' title='bbox 1031 2943 1165 2983; x_wconf 87' lang='lat' dir='ltr'>Socie-</span> 
     </span>
     <span class='ocr_line' id='line_1_47' title="bbox 135 3005 1164 3050; baseline -0.006 -1"><span class='ocrx_word' id='word_1_283' title='bbox 135 3009 233 3050; x_wconf 66' lang='lat' dir='ltr'>tatis</span> <span class='ocrx_word' id='word_1_284' title='bbox 251 3019 340 3048; x_wconf 86' lang='lat' dir='ltr'>esse</span> <span class='ocrx_word' id='word_1_285' title='bbox 361 3011 568 3047; x_wconf 86' lang='lat' dir='ltr'>statutam.</span> <span class='ocrx_word' id='word_1_286' title='bbox 587 3006 767 3046; x_wconf 84' lang='lat' dir='ltr'>Assertio</span> <span class='ocrx_word' id='word_1_287' title='bbox 784 3006 872 3044; x_wconf 84' lang='lat' dir='ltr'>haec</span> <span class='ocrx_word' id='word_1_288' title='bbox 889 3010 1078 3044; x_wconf 80' lang='lat' dir='ltr'>constare</span> <span class='ocrx_word' id='word_1_289' title='bbox 1095 3005 1164 3044; x_wconf 89' lang='lat' dir='ltr'>de-</span> 
     </span>
     <span class='ocr_line' id='line_1_48' title="bbox 138 3067 1165 3122; baseline -0.005 -12"><span class='ocrx_word' id='word_1_290' title='bbox 138 3069 209 3110; x_wconf 83' lang='lat' dir='ltr'>bet</span> <span class='ocrx_word' id='word_1_291' title='bbox 223 3071 419 3122; x_wconf 77' lang='lat' dir='ltr'>ipsasmet</span> <span class='ocrx_word' id='word_1_292' title='bbox 437 3068 755 3110; x_wconf 82' lang='lat' dir='ltr'>constitutiones</span> <span class='ocrx_word' id='word_1_293' title='bbox 774 3067 950 3120; x_wconf 84' lang='lat' dir='ltr'>legendo</span> <span class='ocrx_word' id='word_1_294' title='bbox 971 3071 1011 3107; x_wconf 88' lang='lat' dir='ltr'>et</span> <span class='ocrx_word' id='word_1_295' title='bbox 1030 3067 1165 3106; x_wconf 88' lang='lat' dir='ltr'>consi-</span> 
     </span>
     <span class='ocr_line' id='line_1_49' title="bbox 132 3124 1165 3184; baseline -0.004 -13"><span class='ocrx_word' id='word_1_296' title='bbox 132 3124 353 3177; x_wconf 60' lang='lat' dir='ltr'>‘derand03</span> <span class='ocrx_word' id='word_1_297' title='bbox 386 3130 486 3170; x_wconf 88' lang='lat' dir='ltr'>libet</span> <span class='ocrx_word' id='word_1_298' title='bbox 519 3134 659 3170; x_wconf 85' lang='lat' dir='ltr'>autem</span> <span class='ocrx_word' id='word_1_299' title='bbox 693 3142 786 3169; x_wconf 88' lang='lat' dir='ltr'>eam</span> <span class='ocrx_word' id='word_1_300' title='bbox 820 3129 1026 3184; x_wconf 82' lang='lat' dir='ltr'>explicare</span> <span class='ocrx_word' id='word_1_301' title='bbox 1059 3141 1165 3180; x_wconf 81' lang='lat' dir='ltr'>prae-</span> 
     </span>
     <span class='ocr_line' id='line_1_50' title="bbox 142 3190 1166 3242; baseline -0.001 -12"><span class='ocrx_word' id='word_1_302' title='bbox 142 3192 268 3231; x_wconf 81' lang='lat' dir='ltr'>missa</span> <span class='ocrx_word' id='word_1_303' title='bbox 294 3192 495 3232; x_wconf 82' lang='lat' dir='ltr'>sententia</span> <span class='ocrx_word' id='word_1_304' title='bbox 509 3191 725 3240; x_wconf 71' lang='lat' dir='ltr'>Bet-nardi,</span> <span class='ocrx_word' id='word_1_305' title='bbox 759 3191 844 3242; x_wconf 86' lang='lat' dir='ltr'>qui,</span> <span class='ocrx_word' id='word_1_306' title='bbox 873 3202 1063 3230; x_wconf 87' lang='lat' dir='ltr'>sermone</span> <span class='ocrx_word' id='word_1_307' title='bbox 1096 3190 1166 3229; x_wconf 89' lang='lat' dir='ltr'>tri-</span> 
     </span>
     <span class='ocr_line' id='line_1_51' title="bbox 145 3250 1168 3304; baseline -0.001 -12"><span class='ocrx_word' id='word_1_308' title='bbox 145 3252 301 3304; x_wconf 86' lang='lat' dir='ltr'>gesimo</span> <span class='ocrx_word' id='word_1_309' title='bbox 335 3255 448 3292; x_wconf 80' lang='lat' dir='ltr'>sexto</span> <span class='ocrx_word' id='word_1_310' title='bbox 479 3252 523 3292; x_wconf 86' lang='lat' dir='ltr'>iu</span> <span class='ocrx_word' id='word_1_311' title='bbox 554 3254 687 3302; x_wconf 70' lang='lat' dir='ltr'>Cant„</span> <span class='ocrx_word' id='word_1_312' title='bbox 720 3256 901 3292; x_wconf 84' lang='lat' dir='ltr'>tractans</span> <span class='ocrx_word' id='word_1_313' title='bbox 933 3251 1036 3291; x_wconf 91' lang='lat' dir='ltr'>illud</span> <span class='ocrx_word' id='word_1_314' title='bbox 1065 3253 1085 3291; x_wconf 82' lang='lat'><strong>1</strong></span> <span class='ocrx_word' id='word_1_315' title='bbox 1114 3250 1168 3291; x_wconf 83' lang='lat' dir='ltr'>ad</span> 
     </span>
     <span class='ocr_line' id='line_1_52' title="bbox 144 3313 1169 3367; baseline -0.001 -13"><span class='ocrx_word' id='word_1_316' title='bbox 144 3314 325 3354; x_wconf 87' lang='lat' dir='ltr'>Corinth.</span> <span class='ocrx_word' id='word_1_317' title='bbox 344 3314 370 3353; x_wconf 89' lang='lat'>8</span> <span class='ocrx_word' id='word_1_318' title='bbox 390 3326 400 3352; x_wconf 76' lang='lat' dir='ltr'>t</span> <span class='ocrx_word' id='word_1_319' title='bbox 424 3313 502 3362; x_wconf 77' lang='lat' dir='ltr'>Qui</span> <span class='ocrx_word' id='word_1_320' title='bbox 530 3326 568 3355; x_wconf 82' lang='lat' dir='ltr'>se</span> <span class='ocrx_word' id='word_1_321' title='bbox 591 3317 711 3367; x_wconf 79' lang='lat' dir='ltr'>putat</span> <span class='ocrx_word' id='word_1_322' title='bbox 744 3313 902 3367; x_wconf 80' lang='lat' dir='ltr'>aliquid</span> <span class='ocrx_word' id='word_1_323' title='bbox 931 3314 1045 3362; x_wconf 84' lang='lat' dir='ltr'>scire,</span> <span class='ocrx_word' id='word_1_324' title='bbox 1075 3324 1169 3353; x_wconf 87' lang='lat' dir='ltr'>non-</span> 
     </span>
     <span class='ocr_line' id='line_1_53' title="bbox 145 3375 1170 3429; baseline -0.003 -12"><span class='ocrx_word' id='word_1_325' title='bbox 145 3376 238 3417; x_wconf 84' lang='lat' dir='ltr'>dum</span> <span class='ocrx_word' id='word_1_326' title='bbox 262 3375 339 3417; x_wconf 85' lang='lat' dir='ltr'>scit</span> <span class='ocrx_word' id='word_1_327' title='bbox 360 3375 541 3428; x_wconf 82' lang='lat' dir='ltr'>quomodo</span> <span class='ocrx_word' id='word_1_328' title='bbox 571 3379 746 3429; x_wconf 76' lang='lat' dir='ltr'>oporteat</span> <span class='ocrx_word' id='word_1_329' title='bbox 773 3388 859 3418; x_wconf 87' lang='lat' dir='ltr'>eum</span> <span class='ocrx_word' id='word_1_330' title='bbox 881 3375 998 3423; x_wconf 84' lang='lat' dir='ltr'>scire,</span> <span class='ocrx_word' id='word_1_331' title='bbox 1032 3375 1089 3414; x_wconf 82' lang='lat' dir='ltr'>sie</span> <span class='ocrx_word' id='word_1_332' title='bbox 1108 3376 1170 3415; x_wconf 92' lang='lat' dir='ltr'>in-</span> 
     </span>
     <span class='ocr_line' id='line_1_54' title="bbox 145 3435 1171 3488; baseline 0 -13"><span class='ocrx_word' id='word_1_333' title='bbox 145 3435 235 3488; x_wconf 84' lang='lat' dir='ltr'>quit</span> <span class='ocrx_word' id='word_1_334' title='bbox 265 3447 277 3478; x_wconf 87' lang='lat'><strong>:</strong></span> <span class='ocrx_word' id='word_1_335' title='bbox 319 3437 487 3478; x_wconf 73' lang='lat' dir='ltr'><em>Utilitas</em></span> <span class='ocrx_word' id='word_1_336' title='bbox 517 3439 551 3476; x_wconf 83' lang='lat' dir='ltr'>et</span> <span class='ocrx_word' id='word_1_337' title='bbox 588 3438 748 3485; x_wconf 80' lang='lat' dir='ltr'>fructus</span> <span class='ocrx_word' id='word_1_338' title='bbox 778 3436 954 3478; x_wconf 84' lang='lat' dir='ltr'>scientioe</span> <span class='ocrx_word' id='word_1_339' title='bbox 987 3435 1030 3475; x_wconf 87' lang='lat' dir='ltr'>in</span> <span class='ocrx_word' id='word_1_340' title='bbox 1062 3437 1171 3476; x_wconf 84' lang='lat' dir='ltr'>modo</span> 
     </span>
     <span class='ocr_line' id='line_1_55' title="bbox 143 3492 1173 3549; baseline 0.001 -11"><span class='ocrx_word' id='word_1_341' title='bbox 143 3492 296 3539; x_wconf 68' lang='lat' dir='ltr'>sciendi</span> <span class='ocrx_word' id='word_1_342' title='bbox 311 3497 465 3549; x_wconf 77' lang='lat' dir='ltr'>positus</span> <span class='ocrx_word' id='word_1_343' title='bbox 482 3499 552 3538; x_wconf 83' lang='lat' dir='ltr'>est.</span> <span class='ocrx_word' id='word_1_344' title='bbox 571 3497 717 3538; x_wconf 81' lang='lat' dir='ltr'>Modus</span> <span class='ocrx_word' id='word_1_345' title='bbox 735 3501 863 3539; x_wconf 83' lang='lat' dir='ltr'>autem</span> <span class='ocrx_word' id='word_1_346' title='bbox 879 3497 1026 3538; x_wconf 83' lang='lat' dir='ltr'>sciendi</span> <span class='ocrx_word' id='word_1_347' title='bbox 1041 3501 1112 3545; x_wconf 85' lang='lat' dir='ltr'>est,</span> <span class='ocrx_word' id='word_1_348' title='bbox 1129 3502 1173 3539; x_wconf 78' lang='lat' dir='ltr'>ut</span> 
     </span>
    </p>
   </div>
   <div class='ocr_carea' id='block_1_8' title="bbox 1213 295 2258 2438">
    <p class='ocr_par' dir='ltr' id='par_1_9' title="bbox 1213 295 2258 2375">
     <span class='ocr_line' id='line_1_56' title="bbox 1222 295 2247 354; baseline 0.008 -19"><span class='ocrx_word' id='word_1_349' title='bbox 1222 295 1456 337; x_wconf 81' lang='lat' dir='ltr'>observavit</span> <span class='ocrx_word' id='word_1_350' title='bbox 1477 298 1524 337; x_wconf 93' lang='grc' dir='ltr'>Β.</span> <span class='ocrx_word' id='word_1_351' title='bbox 1541 298 1750 349; x_wconf 53' lang='lat' dir='ltr'>ignatium</span> <span class='ocrx_word' id='word_1_352' title='bbox 1769 309 1870 340; x_wconf 80' lang='lat' dir='ltr'>nam</span> <span class='ocrx_word' id='word_1_353' title='bbox 1887 298 2028 352; x_wconf 72' lang='lat' dir='ltr'>quoad</span> <span class='ocrx_word' id='word_1_354' title='bbox 2043 298 2247 354; x_wconf 82' lang='lat' dir='ltr'>ordinem,</span> 
     </span>
     <span class='ocr_line' id='line_1_57' title="bbox 1221 357 2250 414; baseline 0.009 -18"><span class='ocrx_word' id='word_1_355' title='bbox 1221 357 1355 407; x_wconf 88' lang='lat' dir='ltr'>primo</span> <span class='ocrx_word' id='word_1_356' title='bbox 1385 369 1434 397; x_wconf 86' lang='lat' dir='ltr'>ac</span> <span class='ocrx_word' id='word_1_357' title='bbox 1463 358 1669 410; x_wconf 72' lang='lat' dir='ltr'>praecipue</span> <span class='ocrx_word' id='word_1_358' title='bbox 1698 360 1853 401; x_wconf 81' lang='lat' dir='ltr'>servari</span> <span class='ocrx_word' id='word_1_359' title='bbox 1881 361 2004 414; x_wconf 78' lang='lat' dir='ltr'>jubet</span> <span class='ocrx_word' id='word_1_360' title='bbox 2030 361 2139 403; x_wconf 85' lang='lat' dir='ltr'>inter</span> <span class='ocrx_word' id='word_1_361' title='bbox 2167 368 2250 404; x_wconf 85' lang='lat' dir='ltr'>stu-</span> 
     </span>
     <span class='ocr_line' id='line_1_58' title="bbox 1221 418 2248 471; baseline 0.009 -14"><span class='ocrx_word' id='word_1_362' title='bbox 1221 419 1336 458; x_wconf 85' lang='lat' dir='ltr'>dium</span> <span class='ocrx_word' id='word_1_363' title='bbox 1366 418 1528 458; x_wconf 82' lang='lat' dir='ltr'>virtutis</span> <span class='ocrx_word' id='word_1_364' title='bbox 1557 422 1601 459; x_wconf 82' lang='lat' dir='ltr'>et</span> <span class='ocrx_word' id='word_1_365' title='bbox 1626 420 1835 471; x_wconf 78' lang='lat' dir='ltr'>doctrinae,</span> <span class='ocrx_word' id='word_1_366' title='bbox 1865 426 1908 463; x_wconf 83' lang='lat' dir='ltr'>et</span> <span class='ocrx_word' id='word_1_367' title='bbox 1931 423 2026 464; x_wconf 88' lang='lat' dir='ltr'>ideo</span> <span class='ocrx_word' id='word_1_368' title='bbox 2048 425 2187 466; x_wconf 81' lang='lat' dir='ltr'>statim</span> <span class='ocrx_word' id='word_1_369' title='bbox 2205 425 2248 467; x_wconf 82' lang='lat' dir='ltr'>in</span> 
     </span>
     <span class='ocr_line' id='line_1_59' title="bbox 1221 481 2249 533; baseline 0.008 -14"><span class='ocrx_word' id='word_1_370' title='bbox 1221 481 1425 532; x_wconf 86' lang='lat' dir='ltr'>prooemio</span> <span class='ocrx_word' id='word_1_371' title='bbox 1459 485 1616 532; x_wconf 72' lang='lat' dir='ltr'>quurtae</span> <span class='ocrx_word' id='word_1_372' title='bbox 1648 482 1777 533; x_wconf 80' lang='lat' dir='ltr'>partis</span> <span class='ocrx_word' id='word_1_373' title='bbox 1811 483 2157 526; x_wconf 76' lang='lat' dir='ltr'>constitutionum</span> <span class='ocrx_word' id='word_1_374' title='bbox 2185 486 2249 528; x_wconf 88' lang='lat' dir='ltr'>in-</span> 
     </span>
     <span class='ocr_line' id='line_1_60' title="bbox 1219 542 2250 600; baseline 0.007 -18"><span class='ocrx_word' id='word_1_375' title='bbox 1219 543 1328 594; x_wconf 88' lang='lat' dir='ltr'>quit:</span> <span class='ocrx_word' id='word_1_376' title='bbox 1342 543 1562 595; x_wconf 83' lang='lat' dir='ltr'>Postquam</span> <span class='ocrx_word' id='word_1_377' title='bbox 1580 542 1695 583; x_wconf 79' lang='lat' dir='ltr'>iniis</span> <span class='ocrx_word' id='word_1_378' title='bbox 1713 544 1782 595; x_wconf 81' lang='lat' dir='ltr'>qui</span> <span class='ocrx_word' id='word_1_379' title='bbox 1796 545 1962 586; x_wconf 86' lang='lat' dir='ltr'>admissi</span> <span class='ocrx_word' id='word_1_380' title='bbox 1980 548 2143 588; x_wconf 76' lang='lat' dir='ltr'>suntad</span> <span class='ocrx_word' id='word_1_381' title='bbox 2157 560 2250 600; x_wconf 75' lang='lat' dir='ltr'>pro-</span> 
     </span>
     <span class='ocr_line' id='line_1_61' title="bbox 1218 603 2252 660; baseline 0.007 -16"><span class='ocrx_word' id='word_1_382' title='bbox 1218 603 1426 653; x_wconf 78' lang='lat' dir='ltr'>bationem,</span> <span class='ocrx_word' id='word_1_383' title='bbox 1450 604 1610 655; x_wconf 80' lang='lat' dir='ltr'>jactum</span> <span class='ocrx_word' id='word_1_384' title='bbox 1641 614 1722 644; x_wconf 84' lang='lat' dir='ltr'>esse</span> <span class='ocrx_word' id='word_1_385' title='bbox 1750 604 1944 646; x_wconf 81' lang='lat' dir='ltr'>videbitur</span> <span class='ocrx_word' id='word_1_386' title='bbox 1976 607 2252 660; x_wconf 73' lang='lat' dir='ltr'>abneyationis</span> 
     </span>
     <span class='ocr_line' id='line_1_62' title="bbox 1213 666 2251 718; baseline 0.008 -14"><span class='ocrx_word' id='word_1_387' title='bbox 1213 666 1409 716; x_wconf 78' lang='lat' dir='ltr'>proprioe,</span> <span class='ocrx_word' id='word_1_388' title='bbox 1438 667 1476 706; x_wconf 85' lang='lat' dir='ltr'>et</span> <span class='ocrx_word' id='word_1_389' title='bbox 1490 667 1693 718; x_wconf 69' lang='lat' dir='ltr'>profectus</span> <span class='ocrx_word' id='word_1_390' title='bbox 1714 666 1759 706; x_wconf 85' lang='lat' dir='ltr'>in</span> <span class='ocrx_word' id='word_1_391' title='bbox 1777 666 1995 708; x_wconf 81' lang='lat' dir='ltr'>virtutibus</span> <span class='ocrx_word' id='word_1_392' title='bbox 2013 670 2251 713; x_wconf 74' lang='lat' dir='ltr'>necessariis</span> 
     </span>
     <span class='ocr_line' id='line_1_63' title="bbox 1214 727 2250 780; baseline 0.005 -13"><span class='ocrx_word' id='word_1_393' title='bbox 1214 727 1441 768; x_wconf 76' lang='lat' dir='ltr'><em>couveniens</em></span> <span class='ocrx_word' id='word_1_394' title='bbox 1463 727 1780 776; x_wconf 72' lang='lat' dir='ltr'>fundamentum,</span> <span class='ocrx_word' id='word_1_395' title='bbox 1810 728 1854 767; x_wconf 87' lang='lat' dir='ltr'>de</span> <span class='ocrx_word' id='word_1_396' title='bbox 1871 728 2103 770; x_wconf 82' lang='lat' dir='ltr'>litterarum</span> <span class='ocrx_word' id='word_1_397' title='bbox 2122 732 2250 780; x_wconf 67' lang='lat' dir='ltr'>cediti-</span> 
     </span>
     <span class='ocr_line' id='line_1_64' title="bbox 1213 788 2249 842; baseline 0.004 -14"><span class='ocrx_word' id='word_1_398' title='bbox 1213 789 1271 828; x_wconf 89' lang='lat' dir='ltr'>cio</span> <span class='ocrx_word' id='word_1_399' title='bbox 1288 789 1481 841; x_wconf 73' lang='lat' dir='ltr'>ayendurn</span> <span class='ocrx_word' id='word_1_400' title='bbox 1500 790 1592 829; x_wconf 84' lang='lat' dir='ltr'>erit.</span> <span class='ocrx_word' id='word_1_401' title='bbox 1622 788 1672 827; x_wconf 89' lang='lat' dir='ltr'>Et</span> <span class='ocrx_word' id='word_1_402' title='bbox 1699 800 1789 840; x_wconf 86' lang='lat' dir='ltr'>cap.</span> <span class='ocrx_word' id='word_1_403' title='bbox 1812 792 1961 839; x_wconf 82' lang='lat' dir='ltr'>quarto</span> <span class='ocrx_word' id='word_1_404' title='bbox 1975 819 1985 835; x_wconf 92' lang='lat'>,</span> <span class='ocrx_word' id='word_1_405' title='bbox 2008 789 2031 842; x_wconf 63' lang='grc' dir='ltr'>ξ</span> <span class='ocrx_word' id='word_1_406' title='bbox 2051 792 2088 838; x_wconf 74' lang='lat'>02,</span> <span class='ocrx_word' id='word_1_407' title='bbox 2112 793 2249 832; x_wconf 82' lang='lat' dir='ltr'>statim</span> 
     </span>
     <span class='ocr_line' id='line_1_65' title="bbox 1214 849 2249 900; baseline 0.003 -12"><span class='ocrx_word' id='word_1_408' title='bbox 1214 849 1410 888; x_wconf 83' lang='lat' dir='ltr'>admonet</span> <span class='ocrx_word' id='word_1_409' title='bbox 1427 850 1658 890; x_wconf 89' lang='lat' dir='ltr'>cavendum</span> <span class='ocrx_word' id='word_1_410' title='bbox 1672 862 1779 900; x_wconf 89' lang='lat' dir='ltr'>esse,</span> <span class='ocrx_word' id='word_1_411' title='bbox 1803 861 1851 890; x_wconf 89' lang='lat' dir='ltr'>ne</span> <span class='ocrx_word' id='word_1_412' title='bbox 1863 853 2015 900; x_wconf 75' lang='lat' dir='ltr'>fervore</span> <span class='ocrx_word' id='word_1_413' title='bbox 2027 852 2249 892; x_wconf 80' lang='lat' dir='ltr'>studiorum</span> 
     </span>
     <span class='ocr_line' id='line_1_66' title="bbox 1213 911 2251 964; baseline 0.002 -13"><span class='ocrx_word' id='word_1_414' title='bbox 1213 912 1428 962; x_wconf 72' lang='lat' dir='ltr'><em>intepescat</em></span> <span class='ocrx_word' id='word_1_415' title='bbox 1442 912 1664 952; x_wconf 82' lang='lat' dir='ltr'>solidarum</span> <span class='ocrx_word' id='word_1_416' title='bbox 1677 911 1875 953; x_wconf 86' lang='lat' dir='ltr'>virtutum</span> <span class='ocrx_word' id='word_1_417' title='bbox 1890 915 1927 952; x_wconf 84' lang='lat' dir='ltr'>et</span> <span class='ocrx_word' id='word_1_418' title='bbox 1945 911 2021 952; x_wconf 88' lang='lat' dir='ltr'>reli</span> <span class='ocrx_word' id='word_1_419' title='bbox 2022 914 2144 964; x_wconf 63' lang='grc' dir='ltr'>μίσεα»</span> <span class='ocrx_word' id='word_1_420' title='bbox 2156 915 2251 953; x_wconf 67' lang='lat' dir='ltr'>citae</span> 
     </span>
     <span class='ocr_line' id='line_1_67' title="bbox 1214 973 2248 1025; baseline 0.001 -13"><span class='ocrx_word' id='word_1_421' title='bbox 1214 983 1337 1012; x_wconf 86' lang='lat' dir='ltr'>amor.</span> <span class='ocrx_word' id='word_1_422' title='bbox 1372 973 1525 1012; x_wconf 89' lang='lat' dir='ltr'>Deinde</span> <span class='ocrx_word' id='word_1_423' title='bbox 1542 974 1586 1012; x_wconf 90' lang='lat' dir='ltr'>in</span> <span class='ocrx_word' id='word_1_424' title='bbox 1607 985 1698 1025; x_wconf 88' lang='lat' dir='ltr'>cap.</span> <span class='ocrx_word' id='word_1_425' title='bbox 1718 974 1742 1012; x_wconf 81' lang='lat'>5</span> <span class='ocrx_word' id='word_1_426' title='bbox 1761 973 1946 1024; x_wconf 83' lang='lat' dir='ltr'>praecipit</span> <span class='ocrx_word' id='word_1_427' title='bbox 1965 973 2121 1013; x_wconf 85' lang='lat' dir='ltr'>servari</span> <span class='ocrx_word' id='word_1_428' title='bbox 2142 974 2248 1013; x_wconf 89' lang='lat' dir='ltr'>ordi-</span> 
     </span>
     <span class='ocr_line' id='line_1_68' title="bbox 1213 1034 2250 1086; baseline 0.003 -14"><span class='ocrx_word' id='word_1_429' title='bbox 1213 1045 1310 1073; x_wconf 85' lang='lat' dir='ltr'>nem</span> <span class='ocrx_word' id='word_1_430' title='bbox 1327 1034 1651 1086; x_wconf 83' lang='lat' dir='ltr'>disciplinarum,</span> <span class='ocrx_word' id='word_1_431' title='bbox 1669 1047 1743 1074; x_wconf 86' lang='lat' dir='ltr'>seu</span> <span class='ocrx_word' id='word_1_432' title='bbox 1761 1035 1911 1074; x_wconf 82' lang='lat' dir='ltr'>artium</span> <span class='ocrx_word' id='word_1_433' title='bbox 1926 1035 2034 1074; x_wconf 85' lang='lat' dir='ltr'>inter</span> <span class='ocrx_word' id='word_1_434' title='bbox 2047 1047 2091 1074; x_wconf 89' lang='lat' dir='ltr'>se</span> <span class='ocrx_word' id='word_1_435' title='bbox 2109 1047 2118 1082; x_wconf 93' lang='grc'><strong>;</strong></span> <span class='ocrx_word' id='word_1_436' title='bbox 2139 1036 2250 1086; x_wconf 89' lang='lat' dir='ltr'>quod</span> 
     </span>
     <span class='ocr_line' id='line_1_69' title="bbox 1215 1095 2251 1148; baseline 0.003 -14"><span class='ocrx_word' id='word_1_437' title='bbox 1215 1096 1365 1135; x_wconf 83' lang='lat' dir='ltr'>clarius</span> <span class='ocrx_word' id='word_1_438' title='bbox 1380 1097 1443 1135; x_wconf 89' lang='lat' dir='ltr'>his</span> <span class='ocrx_word' id='word_1_439' title='bbox 1461 1097 1597 1136; x_wconf 89' lang='lat' dir='ltr'>verbis</span> <span class='ocrx_word' id='word_1_440' title='bbox 1618 1097 1796 1148; x_wconf 81' lang='lat' dir='ltr'>explicat</span> <span class='ocrx_word' id='word_1_441' title='bbox 1812 1108 1902 1147; x_wconf 85' lang='lat' dir='ltr'>cap.</span> <span class='ocrx_word' id='word_1_442' title='bbox 1924 1100 2054 1144; x_wconf 83' lang='lat' dir='ltr'>sexto,</span> <span class='ocrx_word' id='word_1_443' title='bbox 2075 1095 2099 1148; x_wconf 66' lang='grc' dir='ltr'><strong>ξ</strong></span> <span class='ocrx_word' id='word_1_444' title='bbox 2117 1097 2142 1135; x_wconf 79' lang='lat'>4</span> <span class='ocrx_word' id='word_1_445' title='bbox 2160 1110 2169 1134; x_wconf 75' lang='grc' dir='ltr'><strong>ε</strong></span> <span class='ocrx_word' id='word_1_446' title='bbox 2193 1097 2251 1137; x_wconf 82' lang='lat' dir='ltr'>In</span> 
     </span>
     <span class='ocr_line' id='line_1_70' title="bbox 1216 1158 2251 1211; baseline 0.001 -13"><span class='ocrx_word' id='word_1_447' title='bbox 1216 1158 1439 1211; x_wconf 75' lang='lat' dir='ltr'>discipulis,</span> <span class='ocrx_word' id='word_1_448' title='bbox 1463 1159 1533 1207; x_wconf 86' lang='lat' dir='ltr'>ait,</span> <span class='ocrx_word' id='word_1_449' title='bbox 1556 1159 1648 1198; x_wconf 86' lang='lat' dir='ltr'>ordo</span> <span class='ocrx_word' id='word_1_450' title='bbox 1673 1159 1892 1199; x_wconf 84' lang='lat' dir='ltr'>servandus</span> <span class='ocrx_word' id='word_1_451' title='bbox 1909 1160 1980 1207; x_wconf 89' lang='lat' dir='ltr'>est,</span> <span class='ocrx_word' id='word_1_452' title='bbox 2000 1161 2045 1198; x_wconf 88' lang='lat' dir='ltr'>ut</span> <span class='ocrx_word' id='word_1_453' title='bbox 2066 1158 2185 1210; x_wconf 78' lang='lat' dir='ltr'>prius</span> <span class='ocrx_word' id='word_1_454' title='bbox 2206 1159 2251 1199; x_wconf 89' lang='lat' dir='ltr'>in</span> 
     </span>
     <span class='ocr_line' id='line_1_71' title="bbox 1215 1219 2248 1271; baseline -0.001 -11"><span class='ocrx_word' id='word_1_455' title='bbox 1215 1219 1362 1260; x_wconf 80' lang='lat' dir='ltr'>Latina</span> <span class='ocrx_word' id='word_1_456' title='bbox 1390 1221 1533 1271; x_wconf 69' lang='lat' dir='ltr'>linqua</span> <span class='ocrx_word' id='word_1_457' title='bbox 1559 1220 1730 1260; x_wconf 81' lang='lat' dir='ltr'>solidum</span> <span class='ocrx_word' id='word_1_458' title='bbox 1748 1220 1911 1271; x_wconf 84' lang='lat' dir='ltr'>jaciant</span> <span class='ocrx_word' id='word_1_459' title='bbox 1929 1221 2248 1269; x_wconf 75' lang='lat' dir='ltr'>fundamentum,</span> 
     </span>
     <span class='ocr_line' id='line_1_72' title="bbox 1214 1281 2251 1333; baseline 0.002 -13"><span class='ocrx_word' id='word_1_460' title='bbox 1214 1293 1334 1333; x_wconf 81' lang='lat' dir='ltr'>quam</span> <span class='ocrx_word' id='word_1_461' title='bbox 1361 1282 1509 1322; x_wconf 82' lang='lat' dir='ltr'>artium</span> <span class='ocrx_word' id='word_1_462' title='bbox 1541 1281 1783 1329; x_wconf 77' lang='lat' dir='ltr'>liberalium,</span> <span class='ocrx_word' id='word_1_463' title='bbox 1815 1282 1918 1321; x_wconf 85' lang='lat' dir='ltr'>etin</span> <span class='ocrx_word' id='word_1_464' title='bbox 1951 1281 2017 1321; x_wconf 75' lang='lat' dir='ltr'>liis</span> <span class='ocrx_word' id='word_1_465' title='bbox 2043 1285 2251 1333; x_wconf 82' lang='lat' dir='ltr'>antequam</span> 
     </span>
     <span class='ocr_line' id='line_1_73' title="bbox 1221 1340 2252 1393; baseline 0.002 -12"><span class='ocrx_word' id='word_1_466' title='bbox 1221 1342 1445 1393; x_wconf 68' lang='lat' dir='ltr'>Theoloqioe</span> <span class='ocrx_word' id='word_1_467' title='bbox 1464 1342 1722 1390; x_wconf 61' lang='lat' dir='ltr'>scholasticae,</span> <span class='ocrx_word' id='word_1_468' title='bbox 1743 1345 1779 1382; x_wconf 90' lang='lat' dir='ltr'>et</span> <span class='ocrx_word' id='word_1_469' title='bbox 1795 1340 1947 1393; x_wconf 80' lang='lat' dir='ltr'>quidem</span> <span class='ocrx_word' id='word_1_470' title='bbox 1966 1343 2010 1382; x_wconf 86' lang='lat' dir='ltr'>in</span> <span class='ocrx_word' id='word_1_471' title='bbox 2031 1343 2119 1389; x_wconf 78' lang='lat' dir='ltr'>lzac,</span> <span class='ocrx_word' id='word_1_472' title='bbox 2144 1347 2252 1383; x_wconf 85' lang='lat' dir='ltr'>ante-</span> 
     </span>
     <span class='ocr_line' id='line_1_74' title="bbox 1218 1402 2253 1456; baseline 0.002 -14"><span class='ocrx_word' id='word_1_473' title='bbox 1218 1415 1336 1455; x_wconf 83' lang='lat' dir='ltr'><em>quam</em></span> <span class='ocrx_word' id='word_1_474' title='bbox 1350 1404 1537 1456; x_wconf 73' lang='lat' dir='ltr'>positi-oce</span> <span class='ocrx_word' id='word_1_475' title='bbox 1564 1402 1710 1443; x_wconf 84' lang='lat' dir='ltr'>studiis</span> <span class='ocrx_word' id='word_1_476' title='bbox 1726 1415 1765 1444; x_wconf 87' lang='lat' dir='ltr'>se</span> <span class='ocrx_word' id='word_1_477' title='bbox 1785 1403 1939 1444; x_wconf 87' lang='lat' dir='ltr'>dedant.</span> <span class='ocrx_word' id='word_1_478' title='bbox 1971 1403 2113 1444; x_wconf 81' lang='lat' dir='ltr'>Sacroe</span> <span class='ocrx_word' id='word_1_479' title='bbox 2132 1404 2253 1444; x_wconf 78' lang='lat' dir='ltr'>Scri-</span> 
     </span>
     <span class='ocr_line' id='line_1_75' title="bbox 1216 1464 2231 1516; baseline 0.001 -12"><span class='ocrx_word' id='word_1_480' title='bbox 1216 1467 1373 1514; x_wconf 73' lang='lat' dir='ltr'>pturoe,</span> <span class='ocrx_word' id='word_1_481' title='bbox 1401 1464 1460 1504; x_wconf 75' lang='lat' dir='ltr'>vel</span> <span class='ocrx_word' id='word_1_482' title='bbox 1480 1465 1605 1504; x_wconf 85' lang='lat' dir='ltr'>eodem</span> <span class='ocrx_word' id='word_1_483' title='bbox 1627 1468 1808 1515; x_wconf 81' lang='lat' dir='ltr'>tempore,</span> <span class='ocrx_word' id='word_1_484' title='bbox 1831 1465 1891 1504; x_wconf 82' lang='lat' dir='ltr'>vel</span> <span class='ocrx_word' id='word_1_485' title='bbox 1912 1468 2048 1516; x_wconf 78' lang='lat' dir='ltr'>postea</span> <span class='ocrx_word' id='word_1_486' title='bbox 2066 1466 2166 1505; x_wconf 80' lang='lat' dir='ltr'>disci</span> <span class='ocrx_word' id='word_1_487' title='bbox 2180 1478 2231 1516; x_wconf 74' lang='lat' dir='ltr'>po</span> 
     </span>
     <span class='ocr_line' id='line_1_76' title="bbox 1220 1525 2231 1578; baseline 0 -12"><span class='ocrx_word' id='word_1_488' title='bbox 1220 1529 1366 1566; x_wconf 80' lang='lat' dir='ltr'>terunt.</span> <span class='ocrx_word' id='word_1_489' title='bbox 1397 1526 1515 1564; x_wconf 87' lang='lat' dir='ltr'>Dices</span> <span class='ocrx_word' id='word_1_490' title='bbox 1533 1556 1542 1571; x_wconf 88' lang='lat'><strong>‚</strong></span> <span class='ocrx_word' id='word_1_491' title='bbox 1570 1525 1828 1564; x_wconf 81' lang='lat' dir='ltr'>Bernardum</span> <span class='ocrx_word' id='word_1_492' title='bbox 1851 1526 1974 1578; x_wconf 79' lang='lat' dir='ltr'>longe</span> <span class='ocrx_word' id='word_1_493' title='bbox 1995 1527 2121 1564; x_wconf 80' lang='lat' dir='ltr'>alium</span> <span class='ocrx_word' id='word_1_494' title='bbox 2142 1528 2231 1566; x_wconf 87' lang='lat' dir='ltr'>ordi</span> 
     </span>
     <span class='ocr_line' id='line_1_77' title="bbox 1218 1587 2224 1635; baseline 0.003 -11"><span class='ocrx_word' id='word_1_495' title='bbox 1218 1598 1314 1626; x_wconf 90' lang='lat' dir='ltr'>nem</span> <span class='ocrx_word' id='word_1_496' title='bbox 1340 1587 1542 1634; x_wconf 82' lang='lat' dir='ltr'>docuisse,</span> <span class='ocrx_word' id='word_1_497' title='bbox 1573 1587 1777 1626; x_wconf 88' lang='lat' dir='ltr'>dicentem</span> <span class='ocrx_word' id='word_1_498' title='bbox 1799 1600 1807 1626; x_wconf 91' lang='lat'>:</span> <span class='ocrx_word' id='word_1_499' title='bbox 1834 1587 1916 1635; x_wconf 76' lang='lat' dir='ltr'>Quo</span> <span class='ocrx_word' id='word_1_500' title='bbox 1942 1589 2077 1628; x_wconf 77' lang='lat' dir='ltr'>ordine</span> <span class='ocrx_word' id='word_1_501' title='bbox 2098 1589 2117 1626; x_wconf 83' lang='lat'><em>?</em></span> <span class='ocrx_word' id='word_1_502' title='bbox 2144 1590 2224 1629; x_wconf 84' lang='lat' dir='ltr'>uti</span> 
     </span>
     <span class='ocr_line' id='line_1_78' title="bbox 1214 1649 2249 1702; baseline 0.001 -14"><span class='ocrx_word' id='word_1_503' title='bbox 1214 1651 1334 1702; x_wconf 75' lang='lat' dir='ltr'>prius</span> <span class='ocrx_word' id='word_1_504' title='bbox 1358 1650 1460 1701; x_wconf 83' lang='lat' dir='ltr'>quod</span> <span class='ocrx_word' id='word_1_505' title='bbox 1476 1653 1679 1690; x_wconf 73' lang='lat' dir='ltr'>maturius</span> <span class='ocrx_word' id='word_1_506' title='bbox 1698 1651 1751 1689; x_wconf 83' lang='lat' dir='ltr'>ad</span> <span class='ocrx_word' id='word_1_507' title='bbox 1770 1649 1949 1689; x_wconf 82' lang='lat' dir='ltr'>salutem.</span> <span class='ocrx_word' id='word_1_508' title='bbox 1987 1650 2249 1700; x_wconf 63' lang='lat' dir='ltr'>Respondes),</span> 
     </span>
     <span class='ocr_line' id='line_1_79' title="bbox 1218 1710 2252 1760; baseline 0.002 -12"><span class='ocrx_word' id='word_1_509' title='bbox 1218 1710 1279 1748; x_wconf 79' lang='lat' dir='ltr'>vel</span> <span class='ocrx_word' id='word_1_510' title='bbox 1311 1723 1395 1748; x_wconf 89' lang='lat' dir='ltr'>non</span> <span class='ocrx_word' id='word_1_511' title='bbox 1426 1711 1537 1760; x_wconf 85' lang='lat' dir='ltr'>loqui</span> <span class='ocrx_word' id='word_1_512' title='bbox 1569 1711 1619 1749; x_wconf 87' lang='lat' dir='ltr'>de</span> <span class='ocrx_word' id='word_1_513' title='bbox 1651 1711 1796 1749; x_wconf 83' lang='lat' dir='ltr'>ordine</span> <span class='ocrx_word' id='word_1_514' title='bbox 1819 1710 1966 1749; x_wconf 82' lang='lat' dir='ltr'>harum</span> <span class='ocrx_word' id='word_1_515' title='bbox 1988 1712 2252 1750; x_wconf 81' lang='lat' dir='ltr'>scientiarum</span> 
     </span>
     <span class='ocr_line' id='line_1_80' title="bbox 1219 1772 2253 1823; baseline 0.003 -14"><span class='ocrx_word' id='word_1_516' title='bbox 1219 1772 1329 1811; x_wconf 88' lang='lat' dir='ltr'>inter</span> <span class='ocrx_word' id='word_1_517' title='bbox 1348 1784 1407 1820; x_wconf 84' lang='lat' dir='ltr'>se,</span> <span class='ocrx_word' id='word_1_518' title='bbox 1428 1772 1501 1811; x_wconf 83' lang='lat' dir='ltr'>sed</span> <span class='ocrx_word' id='word_1_519' title='bbox 1517 1772 1567 1811; x_wconf 88' lang='lat' dir='ltr'>de</span> <span class='ocrx_word' id='word_1_520' title='bbox 1586 1772 1710 1822; x_wconf 81' lang='lat' dir='ltr'>priori</span> <span class='ocrx_word' id='word_1_521' title='bbox 1727 1773 2032 1823; x_wconf 82' lang='lat' dir='ltr'>comparatione</span> <span class='ocrx_word' id='word_1_522' title='bbox 2049 1774 2100 1811; x_wconf 78' lang='lat' dir='ltr'>ad</span> <span class='ocrx_word' id='word_1_523' title='bbox 2119 1774 2253 1812; x_wconf 85' lang='lat' dir='ltr'>scien-</span> 
     </span>
     <span class='ocr_line' id='line_1_81' title="bbox 1219 1834 2252 1885; baseline 0.002 -13"><span class='ocrx_word' id='word_1_524' title='bbox 1219 1835 1318 1872; x_wconf 85' lang='lat' dir='ltr'>tiam</span> <span class='ocrx_word' id='word_1_525' title='bbox 1347 1834 1506 1872; x_wconf 87' lang='lat' dir='ltr'>virtutis</span> <span class='ocrx_word' id='word_1_526' title='bbox 1522 1845 1534 1883; x_wconf 80' lang='lat'><em>3</em></span> <span class='ocrx_word' id='word_1_527' title='bbox 1566 1834 1632 1872; x_wconf 85' lang='lat' dir='ltr'>vel</span> <span class='ocrx_word' id='word_1_528' title='bbox 1661 1837 1770 1872; x_wconf 87' lang='lat' dir='ltr'>certe</span> <span class='ocrx_word' id='word_1_529' title='bbox 1796 1834 1909 1883; x_wconf 86' lang='lat' dir='ltr'>loqui</span> <span class='ocrx_word' id='word_1_530' title='bbox 1939 1834 2178 1885; x_wconf 85' lang='lat' dir='ltr'>simpliciter</span> <span class='ocrx_word' id='word_1_531' title='bbox 2201 1836 2252 1874; x_wconf 73' lang='lat' dir='ltr'>de</span> 
     </span>
     <span class='ocr_line' id='line_1_82' title="bbox 1220 1895 2254 1943; baseline 0 -9"><span class='ocrx_word' id='word_1_532' title='bbox 1220 1895 1379 1943; x_wconf 85' lang='lat' dir='ltr'>ordine,</span> <span class='ocrx_word' id='word_1_533' title='bbox 1414 1899 1458 1933; x_wconf 89' lang='lat' dir='ltr'>ut</span> <span class='ocrx_word' id='word_1_534' title='bbox 1480 1895 1654 1933; x_wconf 88' lang='lat' dir='ltr'>includit</span> <span class='ocrx_word' id='word_1_535' title='bbox 1680 1895 1869 1933; x_wconf 86' lang='lat' dir='ltr'>ordinem</span> <span class='ocrx_word' id='word_1_536' title='bbox 1896 1895 2165 1943; x_wconf 87' lang='lat' dir='ltr'>intentionis;</span> <span class='ocrx_word' id='word_1_537' title='bbox 2194 1897 2254 1934; x_wconf 67' lang='lat' dir='ltr'>sie</span> 
     </span>
     <span class='ocr_line' id='line_1_83' title="bbox 1220 1955 2255 2007; baseline 0 -12"><span class='ocrx_word' id='word_1_538' title='bbox 1220 1957 1329 1995; x_wconf 87' lang='lat' dir='ltr'>enim</span> <span class='ocrx_word' id='word_1_539' title='bbox 1362 1955 1642 1994; x_wconf 76' lang='lat' dir='ltr'>inchoandum</span> <span class='ocrx_word' id='word_1_540' title='bbox 1678 1957 1740 1993; x_wconf 87' lang='lat' dir='ltr'>est</span> <span class='ocrx_word' id='word_1_541' title='bbox 1769 1955 1820 1993; x_wconf 84' lang='lat' dir='ltr'>ab</span> <span class='ocrx_word' id='word_1_542' title='bbox 1856 1967 1904 1994; x_wconf 86' lang='lat' dir='ltr'>ea</span> <span class='ocrx_word' id='word_1_543' title='bbox 1936 1957 2132 2004; x_wconf 83' lang='lat' dir='ltr'>scientia,</span> <span class='ocrx_word' id='word_1_544' title='bbox 2163 1969 2255 2007; x_wconf 62' lang='lat' dir='ltr'>qnae</span> 
     </span>
     <span class='ocr_line' id='line_1_84' title="bbox 1218 2016 2255 2069; baseline 0 -13"><span class='ocrx_word' id='word_1_545' title='bbox 1218 2017 1416 2056; x_wconf 84' lang='lat' dir='ltr'>maturior</span> <span class='ocrx_word' id='word_1_546' title='bbox 1433 2021 1472 2056; x_wconf 83' lang='lat' dir='ltr'>et</span> <span class='ocrx_word' id='word_1_547' title='bbox 1489 2016 1760 2068; x_wconf 85' lang='lat' dir='ltr'>propinquior</span> <span class='ocrx_word' id='word_1_548' title='bbox 1776 2017 1905 2055; x_wconf 87' lang='lat' dir='ltr'>estad</span> <span class='ocrx_word' id='word_1_549' title='bbox 1923 2018 2112 2065; x_wconf 68' lang='lat' dir='ltr'>salutem,</span> <span class='ocrx_word' id='word_1_550' title='bbox 2130 2022 2255 2069; x_wconf 79' lang='lat' dir='ltr'>atque</span> 
     </span>
     <span class='ocr_line' id='line_1_85' title="bbox 1217 2078 2258 2130; baseline -0.001 -11"><span class='ocrx_word' id='word_1_551' title='bbox 1217 2080 1274 2119; x_wconf 87' lang='lat' dir='ltr'>ita</span> <span class='ocrx_word' id='word_1_552' title='bbox 1295 2091 1412 2118; x_wconf 83' lang='lat' dir='ltr'>sacra</span> <span class='ocrx_word' id='word_1_553' title='bbox 1434 2078 1620 2117; x_wconf 84' lang='lat' dir='ltr'>doctrina</span> <span class='ocrx_word' id='word_1_554' title='bbox 1646 2078 1778 2129; x_wconf 76' lang='lat' dir='ltr'>prima</span> <span class='ocrx_word' id='word_1_555' title='bbox 1798 2078 1839 2116; x_wconf 89' lang='lat' dir='ltr'>in</span> <span class='ocrx_word' id='word_1_556' title='bbox 1862 2079 2005 2117; x_wconf 85' lang='lat' dir='ltr'>ordine</span> <span class='ocrx_word' id='word_1_557' title='bbox 2025 2079 2258 2130; x_wconf 27' lang='lat' dir='ltr'>taligfutura</span> 
     </span>
     <span class='ocr_line' id='line_1_86' title="bbox 1219 2139 2256 2181; baseline -0.002 0"><span class='ocrx_word' id='word_1_558' title='bbox 1219 2153 1308 2181; x_wconf 84' lang='lat' dir='ltr'>esse</span> <span class='ocrx_word' id='word_1_559' title='bbox 1342 2141 1480 2180; x_wconf 84' lang='lat' dir='ltr'>debet.</span> <span class='ocrx_word' id='word_1_560' title='bbox 1514 2141 1566 2178; x_wconf 91' lang='lat' dir='ltr'>At</span> <span class='ocrx_word' id='word_1_561' title='bbox 1596 2152 1694 2178; x_wconf 83' lang='lat' dir='ltr'>vero</span> <span class='ocrx_word' id='word_1_562' title='bbox 1722 2139 1866 2178; x_wconf 85' lang='lat' dir='ltr'>ordine</span> <span class='ocrx_word' id='word_1_563' title='bbox 1899 2140 2153 2179; x_wconf 76' lang='lat' dir='ltr'>executionis</span> <span class='ocrx_word' id='word_1_564' title='bbox 2183 2154 2256 2180; x_wconf 81' lang='lat' dir='ltr'>ne-</span> 
     </span>
     <span class='ocr_line' id='line_1_87' title="bbox 1219 2201 2255 2253; baseline -0.002 -11"><span class='ocrx_word' id='word_1_565' title='bbox 1219 2214 1332 2242; x_wconf 84' lang='lat' dir='ltr'>eesse</span> <span class='ocrx_word' id='word_1_566' title='bbox 1354 2206 1415 2242; x_wconf 89' lang='lat' dir='ltr'>est</span> <span class='ocrx_word' id='word_1_567' title='bbox 1436 2215 1460 2240; x_wconf 86' lang='lat' dir='ltr'>a</span> <span class='ocrx_word' id='word_1_568' title='bbox 1479 2201 1723 2240; x_wconf 84' lang='lat' dir='ltr'>rudimentis</span> <span class='ocrx_word' id='word_1_569' title='bbox 1742 2201 1941 2251; x_wconf 86' lang='lat' dir='ltr'>incipere,</span> <span class='ocrx_word' id='word_1_570' title='bbox 1967 2205 2006 2239; x_wconf 83' lang='lat' dir='ltr'>et</span> <span class='ocrx_word' id='word_1_571' title='bbox 2026 2202 2078 2240; x_wconf 77' lang='lat' dir='ltr'>ab</span> <span class='ocrx_word' id='word_1_572' title='bbox 2097 2202 2255 2253; x_wconf 84' lang='lat' dir='ltr'>imper-</span> 
     </span>
     <span class='ocr_line' id='line_1_88' title="bbox 1218 2261 2255 2314; baseline -0.002 -10"><span class='ocrx_word' id='word_1_573' title='bbox 1218 2265 1454 2304; x_wconf 84' lang='lat' dir='ltr'>fectioribus</span> <span class='ocrx_word' id='word_1_574' title='bbox 1479 2263 1533 2302; x_wconf 81' lang='lat' dir='ltr'>ad</span> <span class='ocrx_word' id='word_1_575' title='bbox 1555 2262 1800 2314; x_wconf 79' lang='lat' dir='ltr'>perfectiora</span> <span class='ocrx_word' id='word_1_576' title='bbox 1828 2261 2038 2313; x_wconf 85' lang='lat' dir='ltr'>progredi.</span> <span class='ocrx_word' id='word_1_577' title='bbox 2071 2262 2120 2302; x_wconf 87' lang='lat' dir='ltr'>Et</span> <span class='ocrx_word' id='word_1_578' title='bbox 2140 2263 2255 2303; x_wconf 81' lang='lat' dir='ltr'>hunc</span> 
     </span>
     <span class='ocr_line' id='line_1_89' title="bbox 1220 2323 2062 2375; baseline 0 -13"><span class='ocrx_word' id='word_1_579' title='bbox 1220 2326 1406 2366; x_wconf 87' lang='lat' dir='ltr'>ordinem</span> <span class='ocrx_word' id='word_1_580' title='bbox 1426 2324 1546 2363; x_wconf 89' lang='lat' dir='ltr'>nobis</span> <span class='ocrx_word' id='word_1_581' title='bbox 1565 2324 1779 2375; x_wconf 84' lang='lat' dir='ltr'>proposuit</span> <span class='ocrx_word' id='word_1_582' title='bbox 1799 2324 1844 2361; x_wconf 92' lang='lat' dir='ltr'>B.</span> <span class='ocrx_word' id='word_1_583' title='bbox 1866 2323 2062 2373; x_wconf 79' lang='lat' dir='ltr'>Ignatius.</span> 
     </span>
    </p>

    <p class='ocr_par' dir='ltr' id='par_1_10' title="bbox 1271 2383 2258 2438">
     <span class='ocr_line' id='line_1_90' title="bbox 1271 2383 2258 2438; baseline -0.005 -9"><span class='ocrx_word' id='word_1_584' title='bbox 1271 2391 1312 2429; x_wconf 76' lang='lat'>2.</span> <span class='ocrx_word' id='word_1_585' title='bbox 1345 2388 1426 2436; x_wconf 77' lang='lat' dir='ltr'>Quo</span> <span class='ocrx_word' id='word_1_586' title='bbox 1448 2399 1563 2428; x_wconf 86' lang='lat' dir='ltr'>sensu</span> <span class='ocrx_word' id='word_1_587' title='bbox 1592 2385 1643 2426; x_wconf 75' lang='lat' dir='ltr'>S.</span> <span class='ocrx_word' id='word_1_588' title='bbox 1665 2386 1693 2425; x_wconf 89' lang='lat' dir='ltr'><em>I</em></span> <span class='ocrx_word' id='word_1_589' title='bbox 1692 2386 1855 2438; x_wconf 60' lang='lat' dir='ltr'>citatius</span> <span class='ocrx_word' id='word_1_590' title='bbox 1875 2385 2131 2436; x_wconf 68' lang='lat' dir='ltr'>Z&#39;Izeoloyiam</span> <span class='ocrx_word' id='word_1_591' title='bbox 2149 2383 2258 2436; x_wconf 76' lang='lat' dir='ltr'>posi-</span> 
     </span>
    </p>
   </div>
   <div class='ocr_carea' id='block_1_9' title="bbox 1218 2447 2260 2623">
    <p class='ocr_par' dir='ltr' id='par_1_11' title="bbox 1218 2447 2260 2623">
     <span class='ocr_line' id='line_1_91' title="bbox 1218 2447 2258 2500; baseline -0.006 -8"><span class='ocrx_word' id='word_1_592' title='bbox 1218 2453 1343 2492; x_wconf 77' lang='lat' dir='ltr'>tivam</span> <span class='ocrx_word' id='word_1_593' title='bbox 1375 2451 1421 2491; x_wconf 81' lang='lat' dir='ltr'>ab</span> <span class='ocrx_word' id='word_1_594' title='bbox 1454 2449 1674 2500; x_wconf 75' lang='lat' dir='ltr'>Scriptura</span> <span class='ocrx_word' id='word_1_595' title='bbox 1706 2449 1953 2489; x_wconf 74' lang='lat' dir='ltr'>(listinoeerz&#39;t.</span> <span class='ocrx_word' id='word_1_596' title='bbox 1978 2469 2028 2476; x_wconf 94' lang='lat'><strong>—</strong></span> <span class='ocrx_word' id='word_1_597' title='bbox 2058 2447 2150 2490; x_wconf 85' lang='lat' dir='ltr'>Vide</span> <span class='ocrx_word' id='word_1_598' title='bbox 2174 2451 2258 2498; x_wconf 84' lang='lat' dir='ltr'>for-</span> 
     </span>
     <span class='ocr_line' id='line_1_92' title="bbox 1218 2510 2254 2562; baseline -0.005 -9"><span class='ocrx_word' id='word_1_599' title='bbox 1218 2514 1368 2553; x_wconf 84' lang='lat' dir='ltr'>mulam</span> <span class='ocrx_word' id='word_1_600' title='bbox 1408 2513 1451 2553; x_wconf 85' lang='lat' dir='ltr'>de</span> <span class='ocrx_word' id='word_1_601' title='bbox 1480 2511 1754 2562; x_wconf 68' lang='lat' dir='ltr'>promovendis</span> <span class='ocrx_word' id='word_1_602' title='bbox 1786 2511 1839 2549; x_wconf 79' lang='lat' dir='ltr'>acl</span> <span class='ocrx_word' id='word_1_603' title='bbox 1871 2510 2056 2561; x_wconf 75' lang='lat' dir='ltr'>=oraclum,</span> <span class='ocrx_word' id='word_1_604' title='bbox 2091 2521 2176 2561; x_wconf 75' lang='lat' dir='ltr'>cap.</span> <span class='ocrx_word' id='word_1_605' title='bbox 2212 2511 2254 2557; x_wconf 63' lang='grc' dir='ltr'>Ξ,</span> 
     </span>
     <span class='ocr_line' id='line_1_93' title="bbox 1219 2570 2260 2623; baseline -0.003 -10"><span class='ocrx_word' id='word_1_606' title='bbox 1219 2586 1327 2613; x_wconf 76' lang='lat' dir='ltr'>nuni.</span> <span class='ocrx_word' id='word_1_607' title='bbox 1355 2575 1397 2612; x_wconf 73' lang='lat'>4.</span> <span class='ocrx_word' id='word_1_608' title='bbox 1428 2596 1480 2601; x_wconf 92' lang='lat'>-—</span> <span class='ocrx_word' id='word_1_609' title='bbox 1514 2572 1627 2611; x_wconf 83' lang='lat' dir='ltr'>Ante·</span> <span class='ocrx_word' id='word_1_610' title='bbox 1654 2571 1906 2623; x_wconf 73' lang='lat' dir='ltr'>Theoloqiam</span> <span class='ocrx_word' id='word_1_611' title='bbox 1935 2571 2177 2610; x_wconf 74' lang='lat' dir='ltr'>sermonibus</span> <span class='ocrx_word' id='word_1_612' title='bbox 2206 2570 2260 2610; x_wconf 83' lang='lat' dir='ltr'>ad</span> 
     </span>
    </p>
   </div>
   <div class='ocr_carea' id='block_1_10' title="bbox 1214 2630 2260 3537">
    <p class='ocr_par' dir='ltr' id='par_1_12' title="bbox 1214 2630 2260 3537">
     <span class='ocr_line' id='line_1_94' title="bbox 1214 2630 2257 2687; baseline -0.005 -12"><span class='ocrx_word' id='word_1_613' title='bbox 1214 2635 1406 2687; x_wconf 76' lang='lat' dir='ltr'>populum</span> <span class='ocrx_word' id='word_1_614' title='bbox 1431 2645 1507 2674; x_wconf 89' lang='lat' dir='ltr'>non</span> <span class='ocrx_word' id='word_1_615' title='bbox 1529 2633 1810 2672; x_wconf 81' lang='lat' dir='ltr'>insudandum.</span> <span class='ocrx_word' id='word_1_616' title='bbox 1831 2653 1885 2661; x_wconf 91' lang='lat'>-</span> <span class='ocrx_word' id='word_1_617' title='bbox 1902 2631 1948 2670; x_wconf 93' lang='lat' dir='ltr'>In</span> <span class='ocrx_word' id='word_1_618' title='bbox 1975 2632 2092 2681; x_wconf 83' lang='lat' dir='ltr'>eujus</span> <span class='ocrx_word' id='word_1_619' title='bbox 2118 2630 2257 2670; x_wconf 84' lang='lat' dir='ltr'>verbis</span> 
     </span>
     <span class='ocr_line' id='line_1_95' title="bbox 1218 2691 2256 2744; baseline -0.004 -9"><span class='ocrx_word' id='word_1_620' title='bbox 1218 2696 1318 2735; x_wconf 90' lang='lat' dir='ltr'>illud</span> <span class='ocrx_word' id='word_1_621' title='bbox 1329 2695 1464 2734; x_wconf 89' lang='lat' dir='ltr'>solnm</span> <span class='ocrx_word' id='word_1_622' title='bbox 1479 2693 1769 2744; x_wconf 81' lang='lat' dir='ltr'>explicandum</span> <span class='ocrx_word' id='word_1_623' title='bbox 1784 2692 1975 2739; x_wconf 87' lang='lat' dir='ltr'>occurrit,</span> <span class='ocrx_word' id='word_1_624' title='bbox 1996 2691 2108 2742; x_wconf 83' lang='lat' dir='ltr'>quod</span> <span class='ocrx_word' id='word_1_625' title='bbox 2122 2693 2256 2731; x_wconf 87' lang='lat' dir='ltr'>Theo-</span> 
     </span>
     <span class='ocr_line' id='line_1_96' title="bbox 1218 2752 2256 2809; baseline -0.005 -12"><span class='ocrx_word' id='word_1_626' title='bbox 1218 2758 1372 2809; x_wconf 84' lang='lat' dir='ltr'>logiam</span> <span class='ocrx_word' id='word_1_627' title='bbox 1401 2755 1618 2807; x_wconf 83' lang='lat' dir='ltr'>positivam</span> <span class='ocrx_word' id='word_1_628' title='bbox 1647 2767 1671 2793; x_wconf 85' lang='lat' dir='ltr'>a</span> <span class='ocrx_word' id='word_1_629' title='bbox 1700 2765 1826 2792; x_wconf 84' lang='lat' dir='ltr'>sacrae</span> <span class='ocrx_word' id='word_1_630' title='bbox 1856 2752 2072 2804; x_wconf 77' lang='lat' dir='ltr'>Scripturae</span> <span class='ocrx_word' id='word_1_631' title='bbox 2108 2753 2256 2792; x_wconf 87' lang='lat' dir='ltr'>intelli-</span> 
     </span>
     <span class='ocr_line' id='line_1_97' title="bbox 1220 2814 2259 2872; baseline -0.004 -14"><span class='ocrx_word' id='word_1_632' title='bbox 1220 2818 1357 2872; x_wconf 76' lang='lat' dir='ltr'>gentia</span> <span class='ocrx_word' id='word_1_633' title='bbox 1392 2816 1628 2867; x_wconf 85' lang='lat' dir='ltr'>distinguit,</span> <span class='ocrx_word' id='word_1_634' title='bbox 1666 2826 1760 2854; x_wconf 89' lang='lat' dir='ltr'>cum</span> <span class='ocrx_word' id='word_1_635' title='bbox 1792 2818 1949 2861; x_wconf 85' lang='lat' dir='ltr'>tamen,</span> <span class='ocrx_word' id='word_1_636' title='bbox 1982 2814 2189 2853; x_wconf 82' lang='lat' dir='ltr'>ordinario</span> <span class='ocrx_word' id='word_1_637' title='bbox 2215 2815 2259 2854; x_wconf 77' lang='lat' dir='ltr'>et</span> 
     </span>
     <span class='ocr_line' id='line_1_98' title="bbox 1219 2875 2256 2928; baseline -0.006 -8"><span class='ocrx_word' id='word_1_638' title='bbox 1219 2879 1426 2920; x_wconf 87' lang='lat' dir='ltr'>communi</span> <span class='ocrx_word' id='word_1_639' title='bbox 1442 2877 1640 2928; x_wconf 88' lang='lat' dir='ltr'>loquendi</span> <span class='ocrx_word' id='word_1_640' title='bbox 1657 2876 1796 2924; x_wconf 89' lang='lat' dir='ltr'>modo,</span> <span class='ocrx_word' id='word_1_641' title='bbox 1817 2876 2061 2922; x_wconf 87' lang='lat' dir='ltr'>doctrinam,</span> <span class='ocrx_word' id='word_1_642' title='bbox 2085 2887 2176 2926; x_wconf 65' lang='lat' dir='ltr'>quae</span> <span class='ocrx_word' id='word_1_643' title='bbox 2194 2875 2256 2914; x_wconf 91' lang='lat' dir='ltr'>in-</span> 
     </span>
     <span class='ocr_line' id='line_1_99' title="bbox 1218 2936 2258 2993; baseline -0.006 -12"><span class='ocrx_word' id='word_1_644' title='bbox 1218 2941 1487 2993; x_wconf 85' lang='lat' dir='ltr'>telligentiam</span> <span class='ocrx_word' id='word_1_645' title='bbox 1507 2939 1724 2990; x_wconf 74' lang='lat' dir='ltr'>Scripturas</span> <span class='ocrx_word' id='word_1_646' title='bbox 1743 2937 1881 2985; x_wconf 80' lang='lat' dir='ltr'>tradit,</span> <span class='ocrx_word' id='word_1_647' title='bbox 1904 2937 2072 2976; x_wconf 89' lang='lat' dir='ltr'>nomine</span> <span class='ocrx_word' id='word_1_648' title='bbox 2094 2936 2258 2976; x_wconf 71' lang='lat' dir='ltr'>Theolo-</span> 
     </span>
     <span class='ocr_line' id='line_1_100' title="bbox 1218 2998 2256 3057; baseline -0.009 -12"><span class='ocrx_word' id='word_1_649' title='bbox 1218 3003 1295 3057; x_wconf 53' lang='grc' dir='ltr'>μίας</span> <span class='ocrx_word' id='word_1_650' title='bbox 1328 3004 1512 3055; x_wconf 62' lang='lat' dir='ltr'>positivae</span> <span class='ocrx_word' id='word_1_651' title='bbox 1546 3000 1777 3052; x_wconf 77' lang='lat' dir='ltr'>significare</span> <span class='ocrx_word' id='word_1_652' title='bbox 1815 3000 2037 3039; x_wconf 85' lang='lat' dir='ltr'>soleamus.</span> <span class='ocrx_word' id='word_1_653' title='bbox 2082 2998 2256 3037; x_wconf 82' lang='lat' dir='ltr'>Videtur</span> 
     </span>
     <span class='ocr_line' id='line_1_101' title="bbox 1221 3059 2255 3118; baseline -0.008 -13"><span class='ocrx_word' id='word_1_654' title='bbox 1221 3078 1319 3118; x_wconf 83' lang='lat' dir='ltr'>ergo</span> <span class='ocrx_word' id='word_1_655' title='bbox 1348 3077 1422 3116; x_wconf 90' lang='lat' dir='ltr'>per</span> <span class='ocrx_word' id='word_1_656' title='bbox 1453 3063 1671 3115; x_wconf 84' lang='lat' dir='ltr'>positivam</span> <span class='ocrx_word' id='word_1_657' title='bbox 1702 3061 1969 3113; x_wconf 85' lang='lat' dir='ltr'>Theologiam</span> <span class='ocrx_word' id='word_1_658' title='bbox 2002 3059 2255 3099; x_wconf 83' lang='lat' dir='ltr'>intellexisse</span> 
     </span>
     <span class='ocr_line' id='line_1_102' title="bbox 1219 3123 2257 3180; baseline -0.01 -12"><span class='ocrx_word' id='word_1_659' title='bbox 1219 3127 1403 3180; x_wconf 83' lang='lat' dir='ltr'>Ignatins</span> <span class='ocrx_word' id='word_1_660' title='bbox 1442 3126 1662 3166; x_wconf 88' lang='lat' dir='ltr'>lectionem</span> <span class='ocrx_word' id='word_1_661' title='bbox 1702 3127 1941 3162; x_wconf 84' lang='lat' dir='ltr'>sanctornm</span> <span class='ocrx_word' id='word_1_662' title='bbox 1982 3123 2147 3160; x_wconf 86' lang='lat' dir='ltr'>Patrum</span> <span class='ocrx_word' id='word_1_663' title='bbox 2165 3151 2174 3167; x_wconf 92' lang='lat'>,</span> <span class='ocrx_word' id='word_1_664' title='bbox 2215 3123 2257 3159; x_wconf 84' lang='lat' dir='ltr'>et</span> 
     </span>
     <span class='ocr_line' id='line_1_103' title="bbox 1222 3182 2252 3237; baseline -0.01 -9"><span class='ocrx_word' id='word_1_665' title='bbox 1222 3188 1511 3237; x_wconf 90' lang='lat' dir='ltr'>Conciliorum,</span> <span class='ocrx_word' id='word_1_666' title='bbox 1528 3199 1576 3226; x_wconf 88' lang='lat' dir='ltr'>ac</span> <span class='ocrx_word' id='word_1_667' title='bbox 1587 3186 1850 3226; x_wconf 80' lang='lat' dir='ltr'>decretorum</span> <span class='ocrx_word' id='word_1_668' title='bbox 1865 3182 2252 3227; x_wconf 83' lang='lat' dir='ltr'>ecclesiasticorum,</span> 
     </span>
     <span class='ocr_line' id='line_1_104' title="bbox 1221 3241 2253 3302; baseline -0.012 -12"><span class='ocrx_word' id='word_1_669' title='bbox 1221 3255 1267 3290; x_wconf 89' lang='lat' dir='ltr'>ut</span> <span class='ocrx_word' id='word_1_670' title='bbox 1286 3250 1541 3302; x_wconf 81' lang='lat' dir='ltr'>significatur</span> <span class='ocrx_word' id='word_1_671' title='bbox 1560 3249 1605 3286; x_wconf 87' lang='lat' dir='ltr'>in</span> <span class='ocrx_word' id='word_1_672' title='bbox 1624 3246 1921 3294; x_wconf 82' lang='lat' dir='ltr'>declaratione,</span> <span class='ocrx_word' id='word_1_673' title='bbox 1947 3257 2039 3295; x_wconf 82' lang='lat' dir='ltr'>cap.</span> <span class='ocrx_word' id='word_1_674' title='bbox 2064 3244 2104 3290; x_wconf 81' lang='lat'>5,</span> <span class='ocrx_word' id='word_1_675' title='bbox 2125 3242 2183 3280; x_wconf 90' lang='lat' dir='ltr'>lit.</span> <span class='ocrx_word' id='word_1_676' title='bbox 2207 3241 2253 3278; x_wconf 90' lang='grc' dir='ltr'>Β.</span> 
     </span>
     <span class='ocr_line' id='line_1_105' title="bbox 1225 3301 2254 3363; baseline -0.012 -12"><span class='ocrx_word' id='word_1_677' title='bbox 1225 3311 1322 3351; x_wconf 90' lang='lat' dir='ltr'>etin</span> <span class='ocrx_word' id='word_1_678' title='bbox 1342 3324 1432 3363; x_wconf 81' lang='lat' dir='ltr'>cap.</span> <span class='ocrx_word' id='word_1_679' title='bbox 1454 3311 1518 3358; x_wconf 70' lang='lat'>12,</span> <span class='ocrx_word' id='word_1_680' title='bbox 1541 3305 1565 3362; x_wconf 64' lang='grc' dir='ltr'><strong>ξ</strong></span> <span class='ocrx_word' id='word_1_681' title='bbox 1583 3311 1622 3358; x_wconf 86' lang='grc'>1,</span> <span class='ocrx_word' id='word_1_682' title='bbox 1644 3314 1684 3348; x_wconf 88' lang='lat' dir='ltr'>et</span> <span class='ocrx_word' id='word_1_683' title='bbox 1697 3320 1788 3360; x_wconf 84' lang='lat' dir='ltr'>cap.</span> <span class='ocrx_word' id='word_1_684' title='bbox 1809 3306 1970 3346; x_wconf 86' lang='lat' dir='ltr'>decimo</span> <span class='ocrx_word' id='word_1_685' title='bbox 1991 3307 2153 3356; x_wconf 85' lang='lat' dir='ltr'>quarto,</span> <span class='ocrx_word' id='word_1_686' title='bbox 2177 3301 2254 3352; x_wconf 77' lang='lat'>§1,</span> 
     </span>
     <span class='ocr_line' id='line_1_106' title="bbox 1223 3369 2258 3423; baseline -0.012 -11"><span class='ocrx_word' id='word_1_687' title='bbox 1223 3373 1283 3412; x_wconf 89' lang='lat' dir='ltr'>lit.</span> <span class='ocrx_word' id='word_1_688' title='bbox 1314 3374 1357 3421; x_wconf 90' lang='lat' dir='ltr'>C,</span> <span class='ocrx_word' id='word_1_689' title='bbox 1390 3372 1538 3423; x_wconf 85' lang='lat' dir='ltr'>quibus</span> <span class='ocrx_word' id='word_1_690' title='bbox 1571 3370 1694 3410; x_wconf 85' lang='lat' dir='ltr'>etiam</span> <span class='ocrx_word' id='word_1_691' title='bbox 1727 3369 1880 3410; x_wconf 85' lang='lat' dir='ltr'>addere</span> <span class='ocrx_word' id='word_1_692' title='bbox 1912 3375 2131 3418; x_wconf 87' lang='lat' dir='ltr'>possumus</span> <span class='ocrx_word' id='word_1_693' title='bbox 2165 3373 2258 3401; x_wconf 79' lang='lat' dir='ltr'>eam</span> 
     </span>
     <span class='ocr_line' id='line_1_107' title="bbox 1226 3422 2259 3475; baseline -0.014 0"><span class='ocrx_word' id='word_1_694' title='bbox 1226 3435 1405 3474; x_wconf 80' lang='lat' dir='ltr'>historiae</span> <span class='ocrx_word' id='word_1_695' title='bbox 1438 3433 1723 3473; x_wconf 82' lang='lat' dir='ltr'>ecclesiasticae</span> <span class='ocrx_word' id='word_1_696' title='bbox 1758 3429 2043 3472; x_wconf 85' lang='lat' dir='ltr'>eruditionem,</span> <span class='ocrx_word' id='word_1_697' title='bbox 2081 3435 2172 3475; x_wconf 78' lang='lat' dir='ltr'>quae</span> <span class='ocrx_word' id='word_1_698' title='bbox 2205 3422 2259 3462; x_wconf 82' lang='lat' dir='ltr'>ad</span> 
     </span>
     <span class='ocr_line' id='line_1_108' title="bbox 1227 3483 2260 3537; baseline -0.015 -1"><span class='ocrx_word' id='word_1_699' title='bbox 1227 3496 1470 3537; x_wconf 84' lang='lat' dir='ltr'>traditiones</span> <span class='ocrx_word' id='word_1_700' title='bbox 1486 3493 1785 3534; x_wconf 80' lang='lat' dir='ltr'>ecclesiasticas</span> <span class='ocrx_word' id='word_1_701' title='bbox 1804 3488 2008 3529; x_wconf 84' lang='lat' dir='ltr'>eruendas</span> <span class='ocrx_word' id='word_1_702' title='bbox 2027 3488 2068 3524; x_wconf 83' lang='lat' dir='ltr'>et</span> <span class='ocrx_word' id='word_1_703' title='bbox 2083 3483 2260 3523; x_wconf 80' lang='lat' dir='ltr'>fundun-</span> 
     </span>
    </p>
   </div>
   <div class='ocr_carea' id='block_1_11' title="bbox 145 3546 2264 3671">
    <p class='ocr_par' dir='ltr' id='par_1_13' title="bbox 145 3546 2264 3671">
     <span class='ocr_line' id='line_1_109' title="bbox 145 3546 2260 3612; baseline -0.008 -12"><span class='ocrx_word' id='word_1_704' title='bbox 145 3559 256 3600; x_wconf 57' lang='lat' dir='ltr'>teias</span> <span class='ocrx_word' id='word_1_705' title='bbox 273 3571 346 3611; x_wconf 85' lang='lat' dir='ltr'>quo</span> <span class='ocrx_word' id='word_1_706' title='bbox 367 3560 525 3606; x_wconf 87' lang='lat' dir='ltr'>ordine,</span> <span class='ocrx_word' id='word_1_707' title='bbox 555 3571 626 3610; x_wconf 84' lang='lat' dir='ltr'>quo</span> <span class='ocrx_word' id='word_1_708' title='bbox 646 3559 798 3608; x_wconf 85' lang='lat' dir='ltr'>studio,</span> <span class='ocrx_word' id='word_1_709' title='bbox 825 3571 897 3612; x_wconf 84' lang='lat' dir='ltr'>quo</span> <span class='ocrx_word' id='word_1_710' title='bbox 920 3559 999 3607; x_wconf 80' lang='lat' dir='ltr'>fine</span> <span class='ocrx_word' id='word_1_711' title='bbox 1018 3570 1176 3612; x_wconf 80' lang='lat' dir='ltr'>quoeque</span> <span class='ocrx_word' id='word_1_712' title='bbox 1231 3558 1306 3597; x_wconf 87' lang='lat' dir='ltr'>das</span> <span class='ocrx_word' id='word_1_713' title='bbox 1339 3557 1512 3597; x_wconf 82' lang='lat' dir='ltr'>confert.</span> <span class='ocrx_word' id='word_1_714' title='bbox 1562 3556 1634 3595; x_wconf 83' lang='lat' dir='ltr'>His</span> <span class='ocrx_word' id='word_1_715' title='bbox 1671 3554 1782 3592; x_wconf 80' lang='lat' dir='ltr'>enim</span> <span class='ocrx_word' id='word_1_716' title='bbox 1823 3548 2014 3588; x_wconf 87' lang='lat' dir='ltr'>omnibus</span> <span class='ocrx_word' id='word_1_717' title='bbox 2053 3546 2260 3598; x_wconf 77' lang='lat' dir='ltr'>perfectus</span> 
     </span>
     <span class='ocr_line' id='line_1_110' title="bbox 149 3606 2264 3671; baseline -0.006 -11"><span class='ocrx_word' id='word_1_718' title='bbox 149 3629 259 3660; x_wconf 77' lang='lat' dir='ltr'>nosse</span> <span class='ocrx_word' id='word_1_719' title='bbox 286 3622 473 3671; x_wconf 77' lang='lat' dir='ltr'>oporteat.</span> <span class='ocrx_word' id='word_1_720' title='bbox 514 3619 607 3659; x_wconf 78' lang='lat' dir='ltr'>Haec</span> <span class='ocrx_word' id='word_1_721' title='bbox 636 3631 735 3671; x_wconf 78' lang='lat' dir='ltr'>ergo</span> <span class='ocrx_word' id='word_1_722' title='bbox 761 3619 837 3658; x_wconf 83' lang='lat' dir='ltr'>tria</span> <span class='ocrx_word' id='word_1_723' title='bbox 871 3614 1178 3670; x_wconf 83' lang='lat' dir='ltr'>diligentissime</span> <span class='ocrx_word' id='word_1_724' title='bbox 1231 3618 1469 3670; x_wconf 87' lang='lat' dir='ltr'>Theologus</span> <span class='ocrx_word' id='word_1_725' title='bbox 1494 3626 1657 3656; x_wconf 85' lang='lat' dir='ltr'>summa</span> <span class='ocrx_word' id='word_1_726' title='bbox 1686 3609 1899 3662; x_wconf 82' lang='lat' dir='ltr'>diligentia</span> <span class='ocrx_word' id='word_1_727' title='bbox 1926 3607 2166 3648; x_wconf 86' lang='lat' dir='ltr'>incumbere</span> <span class='ocrx_word' id='word_1_728' title='bbox 2189 3606 2264 3647; x_wconf 79' lang='lat' dir='ltr'>do-</span> 
     </span>
    </p>
   </div>
  </div>
 </body>
</html>
