2352 3880
434 109 467 144 ,w
500 102 517 117 -
591 111 594 115 .
901 122 906 130 .
996 104 1001 106 ·
1031 131 1033 133 ,
1076 166 1078 169 ι
1149 112 1176 130 π
1308 152 1328 172 Ο
1469 133 1480 145 ,
1567 105 1655 183 ἰζ
1694 76 1957 178 *xis-'2²22‘
1992 106 2128 186 γένῃ
2167 160 2213 191 ,ᾖ

1930 187 1931 191 ,
2115 195 2127 213 v

120 243 227 284 {49³0
392 245 470 279 LIB-
491 242 536 277 Χ.
557 241 611 276 DE
631 239 828 275 REGIMINE
845 239 1099 290 §OCIETATIS,
1121 241 1176 278 ΕΤ
1195 240 1514 281 CONSEQUENTER
1535 241 1597 276 DE
1609 233 1946 286 PRRLATIWHS.
2189 235 2197 246 ⁶
2247 258 2255 276 .·

119 311 256 355 debita
269 322 320 351 ex
331 309 422 360 lege
439 308 662 356 charitatis,
678 307 743 347 vel
756 305 922 358 regulae,
939 307 1018 347 erit
1029 305 1148 348 valde

118 372 385 419 rationabile3
413 371 510 422 quia
541 373 581 408 et
611 369 805 420 supponit
826 380 992 420 gravem
1012 379 1151 421 nees—

119 437 279 476 sitatem
290 433 382 472 talis
395 431 732 481 denuntiationis,
746 436 787 470 et
799 431 1012 470 ordinatur
1026 430 1151 473 etiam

117 497 171 538 ad
203 494 504 535 exonerandam
541 493 724 545 ejusdem
753 492 907 532 subditi
944 492 1152 533 conscien³

117 558 218 598 tiam
241 569 251 606 ;
284 557 318 595 si
336 561 475 595 autem
494 554 569 594 sub
589 559 788 607 praecepto
809 555 1044 606 imponatur
1067 566 1152 594 om-

119 620 184 661 nis
204 618 462 658 denuntiatio
479 641 489 665 ‚-
520 629 613 668 quae
643 617 743 656 alias
764 616 873 655 licite
893 621 1027 668 posset
1043 615 1149 666 fieri,

118 680 235 721 valde
255 680 484 730 rigorosum
506 682 593 728 est,
620 682 661 717 et
680 677 960 717 meo'consilio
980 689 1063 716 non
1081 676 1151 717 ἅθ’

117 740 232 782 beret
250 740 407 791 imponi
422 769 434 788 ,
467 740 563 791 quia
582 745 808 791 exponetur
825 739 1010 776 subditus
1029 736 1153 777 alicui

117 803 313 856 periculo,
342 813 381 842 et
403 803 549 854 saepius
570 801 768 853 scrupulis
787 806 826 839 et
846 799 1153 840 difficultatibus

117 866 172 904 im
179 865 425 917 plicabitur3
454 869 589 902 tamon
619 865 653 902 si
684 863 734 901 de
762 861 868 900 facto
898 862 1150 912 imponatur,

118 926 343 966 tenendum
365 930 424 964 est
443 927 567 963 etiam
593 923 723 974 quoad
745 934 910 961 omnem
937 922 1154 962 denuntia-

116 986 288 1036 tionem,
308 998 400 1041 quae
417 984 675 1025 manifestam
691 984 937 1036 injustitiam
955 995 1040 1024 nou
1060 995 1153 1025 con-

117 1049 263 1091 tineat.

497 1170 662 1211 CAPUT
690 1167 777 1210 XIL

117 1296 166 1324 DE
201 1296 304 1325 MODO
342 1295 580 1326 PROCEDENDI
621 1295 695 1323 PER
734 1292 838 1324 VIAM
873 1292 1064 1323 SPEGTAUs
1095 1290 1156 1323 IN·

169 1358 420 1395 QUlSlTioMs,
449 1357 527 1386 AUT
562 1357 770 1387 JUDICIALIS
802 1356 1152 1393 DENUNTIATIONIS,

171 1419 248 1450 AUT
273 1419 561 1451 AGuUSAT10>.·.S.

169 1544 209 1582 1.
232 1542 377 1584 Prima
396 1541 564 1584 assertio
585 1551 671 1593 quoe
686 1538 884 1592 probatur
897 1537 1150 1579 auctoritate.

116 1626 168 1633 —-
186 1605 426 1656 Effuyium.
446 1627 489 1630 -ν
507 1602 623 1641 Alius
646 1614 741 1652 ergo
759 1601 904 1639 modus
921 1598 1157 1650 inquirendi

117 1665 383 1705 Praelatorum
401 1694 411 1712 ‚
433 1675 556 1716 quem
579 1663 623 1701 in
647 1663 779 1714 prima
798 1664 913 1714 parte
930 1659 1041 1699 tituli
1063 1671 1155 1711 pro-

114 1728 336 1780 ponimus,
368 1731 426 1766 est
456 1724 749 1775 interrogando
778 1720 1156 1775 iu‘particularide

115 1788 188 1828 tali
207 1800 381 1841 persona
397 1818 408 1836 ,
428 1799 482 1826 an
502 1786 642 1825 fecerit
660 1785 741 1823 tale
762 1784 827 1824 vel
845 1785 922 1822 tale
941 1783 1149 1822 delictum.

115 1850 165 1890 Et
194 1851 238 1889 in
267 1851 345 1890 hoc
372 1861 562 1902 processu
592 1847 813 1886 dicendum
842 1846 975 1897 primo
1000 1845 1154 1895 (estque

116 1912 262 1962 regula
296 1911 499 1962 generalis
532 1909 740 1960 pertinens
777 1906 830 1947 ad
864 1906 1154 1957 obligationem

116 1972 244 2025 ipsius
260 1972 434 2019 praelati,
451 1971 575 2010 etiam
590 1969 805 2020 regularis)
824 1981 907 2006 non
921 1979 1034 2019 posse
1052 1968 1155 2005 Prae·

115 2033 246 2074 latum
265 2035 321 2073 ita
339 2034 563 2085 inquirere,
582 2031 660 2069 nisi
678 2030 887 2081 supposita
907 2028 1078 2067 infamia
1096 2030 1155 2066 ta-

115 2095 166 2135 lis
182 2107 364 2148 personae
381 2096 465 2135 :ita
482 2095 526 2133 D.
544 2093 708 2140 Thom„
726 2091 821 2129 dict.
842 2094 918 2128 art.
935 2091 974 2136 7,
990 2089 1041 2128 ad
1058 2087 1152 2139 ult.;

117 2155 263 2208 cajet„
287 2156 368 2204 ibi3
393 2159 432 2194 et
448 2155 557 2199 soto,
578 2153 673 2191 dict.
689 2156 831 2202 quaest.
853 2152 903 2198 43
924 2155 964 2189 et
982 2150 1041 2189 ibi
1058 2151 1153 2190 Cor-

115 2217 239 2265 duba,
272 2218 317 2257 in
333 2214 620 2255 Additionibus
639 2223 650 2263 3
672 2215 759 2252 Div.
787 2212 1006 2259 Antonin„
1039 2212 1063 2250 3
1092 2222 1151 2262 p.,

114 2279 179 2320 tit.
199 2280 238 2324 6,
255 2292 341 2331 cap.
362 2280 401 2326 7,
419 2278 442 2329 ξ
459 2278 511 2327 83
532 2275 763 2316 Summistae
778 2286 935 2322 omnes,
951 2271 1063 2312 verb.
1082 2273 1153 2312 In-

116 2341 281 2394 quisitio
300 2357 316 2387 ,·
338 2339 535 2390 Angelus,
558 2351 599 2377 n.
619 2339 667 2384 23
692 2335 876 2381 Armilla,
899 2347 940 2373 n.
964 2335 1005 2373 11
1031 2345 1043 2383 ;
1065 2333 1153 2386 Syl-

115 2407 236 2450 vest„
251 2402 487 2453 Inquisitio,
508 2403 546 2447 1,
566 2402 707 2450 quaest.
725 2399 772 2446 33
796 2400 836 2436 et
852 2395 1088 2447 Inquisitio,
1109 2396 1149 2443 2,

114 2475 159 2517 q.
189 2466 208 2503 1
232 2479 242 2511 ;
275 2464 465 2502 Doctores
502 2459 736 2500 Canonistae
774 2457 1047 2496 communiter
1061 2485 1075 2504 ‚
1107 2456 1154 2496 in

114 2536 203 2577 cap.
229 2525 423 2572 Qualiter,
446 2525 485 2568 2,
508 2523 557 2561 de
575 2519 923 2566 Accusationibus,
945 2523 985 2557 et
1002 2518 1046 2557 in
1061 2529 1150 2568 cap.

114 2587 224 2630 Licet
240 2586 352 2634 Heli,
371 2585 420 2624 de
435 2584 634 2633 Simonia,
648 2583 857 2629 Panorm„
869 2581 913 2619 in
923 2592 1010 2631 cap.
1030 2578 1150 2628 Olim,

115 2649 166 2689 de
184 2648 538 2694 Accusationibus,
559 2657 602 2686 n.
625 2645 678 2693 43
703 2644 850 2683 Navar.
866 2672 878 2690 ,
902 2642 946 2680 in
967 2653 1054 2692 cap.
1077 2641 1153 2680 In—

117 2713 177 2751 ter
195 2711 326 2758 verba,
348 2708 471 2748 corol.
497 2709 564 2755 63,
597 2718 670 2758 per
687 2709 836 2753 totum,
864 2707 903 2743 et
926 2702 1153 2754 specialiter

117 2782 232 2810 num.
266 2772 344 2810 293
363 2786 373 2817 ;
409 2770 576 2816 Navar„
610 2767 682 2806 lib.
721 2768 745 2805 2
781 2765 831 2805 de
866 2764 1149 2812 Restitutione,

116 2843 203 2883 cap.
219 2834 259 2878 4,
274 2844 317 2870 n.
337 2832 426 2879 1743
439 2829 803 2878 Umbertus‚super
813 2826 999 2876 regulum
1013 2826 1055 2864 D.
1070 2826 1152 2865 Ae·-

116 2893 283 2944 gustini.
314 2893 576 2942 Habemrquc
606 2890 692 2928 haec
724 2888 867 2939 regula
895 2887 938 2926 in
963 2887 1073 2936 jure,
1106 2886 1150 2928 in

116 2952 213 2992 dict.
236 2965 324 3003 cap.
353 2953 549 3000 Qualiter,
579 2954 619 2990 et
649 2961 736 3000 cap.
768 2949 863 2988 Cum
892 2951 1083 2998 oporteat,
1111 2950 1151 2987 et

116 3025 205 3066 cap.
228 3013 512 3065 Inquisitionis
523 3042 535 3061 ,
553 3012 603 3050 de
622 3007 970 3057 Accusationibus,
992 3008 1062 3047 ubi
1081 3008 1150 3047 de-

118 3075 297 3117 cernitur
314 3086 396 3113 non
411 3085 525 3124 posse
540 3073 696 3123 judices
713 3071 928 3123 procedere
945 3069 998 3108 ad
1016 3070 1149 3122 inqui-

116 3137 306 3179 sitionem
327 3133 629 3186 particularem,
650 3133 728 3171 nisi
746 3131 946 3182 praecedat
961 3132 1145 3172 infamia.

168 3198 208 3238 2.
236 3196 473 3249 Effuyium.
503 3214 558 3226 --
590 3194 726 3242 DiceS,
747 3193 848 3232 illud
868 3193 1085 3244 procedere
1103 3194 1149 3234 in

113 3259 268 3312 judicio
295 3256 482 3304 seculari,
513 3267 598 3296 non
630 3266 726 3294 vero
751 3256 796 3292 in
824 3254 1018 3305 regulari,
1048 3266 1147 3294 nam

117 3321 225 3361 idem
245 3317 506 3359 Innocentius
524 3317 592 3366 111,
612 3317 654 3356 in
674 3315 814 3355 eodem
835 3327 922 3367 cap.
948 3315 1143 3366 Qualiter,

120 3383 163 3423 in
182 3381 281 3431 fine,
300 3381 398 3420 dicit
415 3391 500 3418 non
518 3391 604 3419 esse
620 3377 890 3417 necessarium
906 3389 1067 3416 servare
1084 3389 1146 3417 or·

118 3443 257 3484 dinem
277 3442 335 3482 ibi
356 3441 610 3494 propositum
632 3451 724 3480 cum
746 3438 927 3490 personis
951 3438 1146 3507 regulari·

118 3504 208 3546 bus.
232 3505 311 3545 Sed
332 3508 475 3544 contra
499 3502 577 3542 hoc
598 3506 672 3549 est,
695 3501 840 3553 primo,
862 3500 959 3551 quia
977 3499 1021 3539 in
1041 3500 1148 3541 dicto

119 3577 207 3618 cap.
223 3567 334 3608 Licet
347 3564 457 3613 Heli,
476 3564 526 3604 de
542 3564 790 3604 correctione
806 3560 984 3613 regulari
1001 3565 1149 3602 tracta·

119 3627 266 3679 batur,
284 3633 326 3670 et
340 3632 484 3672 tamen
500 3626 690 3670 Pontifex
705 3625 765 3667 ait
780 3623 1047 3667 necessariam
1061 3635 1148 3668 esse

1201 307 1467 348 clamorosam
1490 308 1839 358 insinuationem,
1857 303 1910 351 i'tl
1908 315 1980 357 est
2000 286 2242 363 initimidur

1200 369 1370 417 Deinde,
1394 369 1506 421 quia,
1525 374 1572 408 ut
1591 371 1780 420 Docto-es
1798 378 2021 424 exponunt,
2040 377 2150 429 quod
2169 379 2184 417 1

1203 431 1416 471 nocentius
1445 431 1497 470 111
1526 431 1583 470 ait
1605 430 1656 470 de
1677 443 1868 483 processu
1887 432 2170 488 circ-negatur

1203 491 1448 542 intelligitur
1459 492 1590 543 quoad
1609 492 1885 532 solemnitates
1892 494 2177 539 accidentales
2161 510 2232 551 Ju-

1205 553 1313 600 dicii,
1335 564 1419 591 non
1437 553 1572 604 quoad
1591 549 1892 603 substantialia,
1906 565 2000 607 iquae
2015 555 2075 604 m

1206 619 1288 654 tem
1313 617 1354 653 et
1374 614 1578 666 justitiam
1606 616 1851 656 servandam
1871 617 2100 658 necessaria

1206 680 1252 715 ut
1270 675 1327 714 ibi
1346 679 1490 715 notant
1516 677 1840 726 Panormitanus,
1871 690 1986 717 num.
2017 679 2081 725 10,
2106 671 2194 737 ειμι
2210 720 2237 737 Ι,

1207 737 1299 784 lin„
1321 750 1438 776 num.
1463 739 1529 777 16.
1551 739 1603 778 At
1618 751 1715 778 vero
1734 739 1841 791 quod
1860 739 1909 778 ad
1931 739 2209 791 inquisition¹

1207 798 1496 851 particularem
1524 800 1726 851 praecedat
1754 800 1947 849 infamia,
1982 805 2041 840 est
2067 801 2117 840 de
2144 792 2245 841 ειν-ἶ·

1207 860 1465 900 stantialibus
1491 861 1647 912 judicii,
1682 862 1791 913 quod
1825 874 1897 913 per
1918 861 2040 900 talem
2070 858 2245 905 modum'

1206 922 1435 971 inchoatur,
1451 927 1491 962 et
1507 923 1637 972 magis
1650 935 1701 963 ex
1716 927 1863 962 natura
1876 923 1936 962 rei
1949 925 2238 974 necessarium,

1206 996 1259 1025 ne
1276 986 1511 1024 innocentes
1532 985 1799 1034 infamentur,
1823 997 1947 1036 quam
1967 998 2014 1025 ex
2029 985 2123 1036 jure
2138 986 2242 1038 posi-

1210 1045 1294 1085 tivo
1313 1058 1323 1092 ;
1347 1051 1387 1084 et
1403 1046 1494 1085 ideo
1510 1047 1604 1098 jura
1623 1047 1747 1085 citata
1765 1046 2043 1086 indifferenter
2060 1047 2110 1086 de
2126 1046 2241 1089 omni

1207 1106 1363 1160 iudicio
1383 1108 1621 1159 loquuntur,
1643 1115 1683 1147 et
1702 1109 1758 1147 ita
1776 1108 2042 1159 intelligenda
2059 1111 2168 1148 sunt.

1261 1171 1303 1210 3.
1336 1170 1559 1223 Effuyium
1577 1170 1930 1210 alterum—Dices
1949 1182 2108 1209 rursum
2125 1179 2138 1209 ε
2157 1172 2264 1222 esto,

1209 1229 1285 1270 hoc
1303 1231 1354 1270 sit
1377 1243 1519 1270 verum
1538 1231 1582 1269 in
1602 1231 1693 1270 aliis
1713 1231 1978 1282 religionibus
1993 1261 2006 1281 ,
2039 1235 2178 1270 tamen
2197 1231 2242 1272 in

1209 1293 1405 1332 Societate
1426 1305 1510 1331 non
1529 1292 1690 1331 videtur
1709 1293 1859 1332 habere
1879 1292 2014 1331 locum
2028 1322 2038 1340 ‚
2066 1305 2114 1332 eo
2133 1292 2243 1345 quod

1210 1358 1452 1394 censeantur
1487 1356 1531 1393 in
1563 1354 1748 1405 ingressu
1781 1355 2017 1394 renuntiare
2050 1353 2136 1405 juri
2168 1365 2241 1395 suo

1209 1416 1343 1467 quoad
1369 1415 1537 1464 famam,
1562 1420 1610 1454 ut
1636 1417 1836 1467 superius,
1867 1416 1911 1454 in
1934 1428 2021 1467 cap.
2045 1417 2082 1463 7,
2106 1427 2150 1455 n.
2171 1416 2237 1464 18,

1208 1479 1252 1518 in
1272 1479 1449 1518 secundo
1470 1478 1590 1516 modo
1611 1478 1855 1517 defendendi
1876 1478 2084 1528 regulam,
2107 1478 2242 1518 visum

1209 1543 1282 1579 est.
1317 1540 1598 1590 Respondetur
1626 1551 1711 1578 non
1738 1540 1890 1579 habere
1918 1540 2081 1592 quidem
2105 1539 2242 1579 locum

2159 559 2234 600 ta-
2295 569 2307 617 Κ.

2295 455 2297 458 .
2303 444 2309 462 ὗ

2298 468 2302 478 ι

2289 1304 2324 1354 ,l

2294 1421 2325 1471 24

1208 1601 1252 1640 in
1285 1601 1499 1647 Societate,
1532 1601 1665 1651 quoad
1696 1600 1919 1640 fraternam
1951 1601 2242 1641 correctionem
2335 1599 2343 1619 ³

1209 1676 1222 1713 ’λ
1241 1666 1374 1713 ropter
1400 1663 1549 1701 dictam
1570 1662 1714 1701 saltem
1734 1662 2080 1701 renuntiationem
2102 1662 2238 1713 juris3
2298 1678 2306 1687 ³

1208 1723 1360 1763 habere
1386 1728 1525 1762 tamen
1547 1723 1681 1775 quoad
1697 1723 1948 1775 judicialem.
1973 1724 2073 1762 Nam
2094 1725 2137 1762 in
2156 1723 2181 1775 ἓ
2198 1724 2238 1773 8,

1208 1797 1244 1825 c.
1265 1786 1292 1824 Δ.
1319 1785 1540 1832 Examinis,
1562 1784 1671 1824 unde
1690 1785 1868 1823 maxime
1898 1784 1970 1823 illa
1990 1785 2240 1824 renuntiatio

1208 1845 1299 1887 elici
1329 1850 1476 1897 potest,
1513 1846 1673 1894 dicitur,
1708 1845 1772 1886 Ad
1802 1846 1992 1897 majorem
2019 1847 2062 1886 in
2091 1846 2242 1897 spiritu

1204 1910 1439 1959 profectum,
1462 1908 1534 1958 qui
1553 1913 1612 1946 est
1629 1907 1723 1946 finis
1741 1908 2003 1946 correctionis
2022 1907 2236 1958 fraternae;
2300 1902 2302 1908 ’
2327 1894 2335 1904 ”

1209 1981 1294 2008 non
1317 1981 1415 2019 ergo
1442 1968 1708 2007 renuntiatur
1734 1968 1777 2006 in
1811 1968 1952 2007 ordine
1980 1968 2031 2007 ad
2061 1968 2239 2018 punitio-

1207 2041 1320 2077 nem,
1341 2031 1412 2080 qui
1439 2034 1499 2068 est
1526 2029 1620 2068 finis
1644 2028 1919 2080 inquisitionis
1936 2028 2155 2078 judicialis.
2190 2029 2241 2070 Et

1206 2089 1299 2131 idco
1319 2102 1452 2141 neque
1473 2091 1515 2129 in
1537 2090 1772 2137 Societatis,
1801 2102 1932 2141 neque
1953 2090 2129 2141 alicujus
2146 2090 2241 2131 reli·

1207 2153 1339 2203 gionis
1357 2152 1499 2202 regula
1514 2152 1590 2190 hoc
1606 2151 1855 2202 permittitur
1873 2151 2051 2189 Praelatis
2069 2165 2080 2199 ;
2105 2163 2240 2204 neque

1207 2214 1360 2254 habent
1380 2213 1546 2264 aliquod
1576 2212 1836 2264 privilegium
1864 2211 1973 2263 quod
1994 2224 2061 2251 eos
2084 2213 2241 2254 eximat

1205 2275 1258 2315 ab
1277 2275 1526 2326 obligatione
1542 2274 1732 2313 servandi
1750 2273 1861 2312 hunc
1876 2273 2060 2312 ordinem
2078 2275 2120 2313 in
2129 2274 2239 2326 judi·

1207 2337 1295 2387 cio,
1320 2342 1365 2375 ut
1386 2337 1567 2388 praedicti
1592 2341 1799 2384 auctores,
1826 2336 2046 2387 praesertim
2070 2337 2240 2377 Antoni·

1206 2410 1299 2445 nus,
1319 2399 1525 2450 Sylvester
1543 2403 1583 2437 et
1601 2397 1773 2437 Armilla
1786 2397 2017 2436 advertunt.
2039 2398 2176 2438 Dices:
2193 2399 2238 2440 in

1203 2471 1360 2500 canone
1387 2461 1436 2499 10
1455 2459 1790 2511 congregationis
1812 2463 1935 2499 sextae
1952 2488 1966 2508 ,
1994 2469 2089 2498 cum
2110 2460 2152 2498 in
2173 2459 2236 2512 §4
2293 2484 2297 2486 >

1206 2526 1396 2572 ageretur
1414 2522 1462 2560 de
1478 2521 1787 2560 denuntiatione
1804 2524 1971 2569 secreta,
1989 2531 2036 2560 ac
2052 2521 2239 2562 facienda
2300 2551 2301 2555 ,

1207 2582 1377 2622 Praelato
1402 2587 1447 2622 ut
1478 2583 1599 2634 patri,
1632 2583 1770 2621 statim
1796 2581 1981 2621 subditur
2010 2581 2054 2621 in
2081 2580 2173 2634 ἐῢ,
2201 2581 2237 2622 si

1208 2643 1399 2683 credatur
1428 2656 1510 2683 non
1539 2643 1813 2696 profecturam
1841 2641 2134 2682 correctionem
2163 2651 2234 2694 pa-

1206 2710 1382 2754 ternam,
1400 2707 1531 2745 teneri
1546 2706 1769 2745 delatorem
1785 2705 2024 2743 denuntiare
2036 2703 2232 2754 juridice3

1206 2779 1304 2820 ergo
1322 2768 1583 2807 renuntiatur
1599 2767 1681 2817 juri
1699 2767 1819 2804 famae
1835 2766 1879 2803 in
1900 2764 2096 2804 societate
2110 2765 2237 2823 etiam

1205 2828 1249 2868 in
1267 2829 1408 2868 ordine
1428 2827 1479 2867 ad
1495 2827 1731 2878 judicialem
1750 2826 2068 2876 correctionem;
2091 2826 2235 2878 proha·
2291 2831 2294 2844 ¹

1204 2893 1272 2929 tur
1288 2890 1589 2940 consequentia,
1608 2888 1802 2939 quoniam
1820 2887 1926 2926 circa
1941 2887 2063 2926 talem
2080 2898 2234 2928 renun-

1203 2951 1418 2991 tiationem
1439 2951 1591 3001 injuria
1606 2949 1723 2989 fieret
1741 2948 2016 3000 delinquenti,
2039 2949 2158 2999 quus
2173 2960 2232 2989 se·

1203 3017 1358 3052 cretum
1377 3011 1571 3051 delictum
1588 3012 1632 3050 in
1646 3010 1800 3063 judicio
1816 3010 2109 3062 propalaretur.
2129 3009 2232 3050 Res-
2282 3034 2293 3044 ·

1202 3073 1404 3125 pondetur
1425 3073 1574 3112 falsum
1599 3085 1686 3112 esse
1710 3072 1905 3123 injuriam
1927 3070 2016 3109 fieri
2042 3081 2131 3116 rec,
2158 3068 2230 3121 qni

1200 3135 1349 3185 corrigi
1375 3135 1568 3187 privatim
1595 3147 1680 3174 nou
1700 3133 1811 3183 vult,
1833 3133 1868 3172 si
1882 3132 2057 3184 juridice
2075 3129 2227 3170 defera-

1199 3198 1284 3243 tur,
1302 3196 1399 3247 quia
1415 3196 1492 3235 sibi
1508 3198 1708 3248 imputare
1725 3195 1845 3234 debet
1858 3193 2078 3246 juridi'cam
2097 3191 2229 3232 mani-

1199 3254 1456 3296 festationem
1479 3258 1541 3297 sui
1569 3257 1718 3296 delicti.
1750 3255 1950 3308 Supponit
1967 3259 2106 3293 autem
2131 3252 2228 3293 citn-

1201 3321 1288 3356 tum
1314 3318 1521 3358 decretum
1551 3329 1791 3357 concurrere
1807 3316 1952 3356 dehere
1971 3315 2126 3365 omnia,
2136 3324 2228 3368 quoe

1199 3376 1351 3419 licitam
1369 3379 1519 3419 faciant
1531 3379 1754 3430 juridicam
1772 3378 2032 3418 delationem.

2320 2439 2343 2514 ἕως.
2338 2428 2341 2429 ,
2320 2387 2342 2419 ilj

2319 2519 2342 2530 ,ἐι

2321 2532 2343 2621 ’ΜΔ

2280 3171 2298 3239 Ἢ,
2281 3114 2298 3161 ,-.

2319 3346 2330 3355 ⁰
2319 3127 2341 3294 miuus-aka
2316 2944 2341 3117 >stiffi-m
2317 2862 2338 2930 ’.ΨΜ
2318 2807 2337 2849 1⁹¹³·
2318 2767 2338 2795 fis
2330 2736 2344 2745 χ
2320 2702 2339 2717 1·
2321 2647 2341 2678 ’ἢ

1255 3442 1296 3482 4.
1336 3441 1482 3483 Prima
1520 3441 1693 3492 exceptio
1723 3452 1748 3482 a
1785 3437 1983 3491 superiori
2011 3430 2224 3484 assertione
2284 3430 2298 3466 -“
2318 3437 2338 3447 ”

1202 3514 1269 3544 seu
1286 3503 1428 3554 reyula
1445 3503 1685 3555 expzzoatur.
1704 3523 1757 3532 -
1775 3500 1945 3553 Objwtio
1973 3500 2110 3547 contra
2129 3505 2223 3548 pro-

1200 3564 1306 3606 atime
1324 3563 1441 3606 diota.
1463 3584 1517 3597 --
1533 3562 1766 3632 Responsio.
1783 3561 1908 3601 —Ab
1934 3559 2013 3599 hac
2032 3566 2130 3596 vero
2147 3566 2226 3606 ge·
2270 3549 2298 3606 ρ’
2327 3574 2335 3580 Ἴ

1201 3623 1484 3678 ceialiregula
1499 3624 1633 3680 excipi
1647 3623 1780 3674 solent
1789 3618 1977 3664 nonnulli
1989 3628 2118 3659 casus.
2137 3614 2301 3880 Pei-1
2326 3675 2331 3684 .

1639 3745 1662 3776 δ
