2352 3880
218 252 300 295 988

220 335 312 374 quoe
331 321 468 374 gravis
482 320 700 361 difficultas
715 322 907 369 occurrit,
925 333 979 361 an
998 334 1049 362 ex
1061 323 1102 362 vi
1122 323 1247 375 hujus

218 383 422 436 privilegii
449 383 609 435 possint
635 383 764 423 nostri
791 383 1028 423 sacerdotes
1057 384 1246 424 absolve-

216 457 264 485 re
288 456 312 484 a
340 444 520 496 peccatis
539 445 762 485 reservatis
795 445 1022 497 Episcopis.
1045 446 1248 497 Supponi-

215 517 311 545 mus
332 510 473 545 autem
491 505 626 557 primo
645 518 698 546 ex
715 507 887 546 materia
913 507 966 547 de
986 507 1245 556 Poenitentia,

217 567 321 620 disp2
345 569 413 617 30,
433 572 533 608 sect.
558 575 598 616 1,
618 579 662 608 n.
682 570 724 618 2,
738 580 862 620 posse
880 581 1091 608 summurn
1108 569 1247 608 Ponti-

214 628 353 674 ficem,
375 641 461 669 non
489 630 679 670 obstante
707 641 971 682 quacumque
1002 631 1247 670 reservatio-

214 701 269 729 ne
286 690 608 742 Episcoporum,
629 692 858 731 concedere
890 692 980 731 aliis
999 691 1249 742 jurisdictio-

214 762 313 790 nem
330 752 382 791 ad
402 752 701 792 absolvendum
714 765 738 792 a
757 753 910 792 talibus
928 753 1108 804 peccatis
1132 752 1248 792 inde·

212 812 447 864 pendenter
465 826 490 854 a
508 826 714 854 consensu
730 814 1054 864 Episcoporum3
1075 813 1173 865 quia
1186 815 1249 853 est

214 875 403 926 superior
437 878 478 915 et
514 875 728 915 absolutus
760 879 800 914 et
838 874 1073 914 ordinarius
1103 878 1248 926 pastor

213 936 487 987 singulorum,
509 936 565 975 ita
583 940 629 974 ut
641 935 878 975 immediate
899 936 1030 987 possit
1042 936 1151 977 circa
1162 946 1250 976 om-

213 1008 291 1036 nes
307 997 636 1048 jurisdictionem
653 1008 862 1045 exercere,
882 997 949 1037 vel
968 1009 1063 1037 eam
1089 997 1168 1038 sibi
1181 1007 1249 1037 re·

214 1069 395 1104 servare,
411 1057 476 1097 vel
488 1058 554 1097 cui
569 1058 745 1097 voluerit
761 1059 1036 1100 committere.
1054 1059 1247 1100 Secundo

212 1130 418 1170 suppono,
438 1131 514 1170 per
546 1130 768 1159 commune
790 1121 877 1171 jus,
897 1133 982 1160 non
1009 1131 1133 1172 posse
1153 1122 1248 1162 reli-

212 1181 365 1231 giosos,
388 1180 512 1219 etiam
532 1181 833 1229 mendicantes,
854 1181 1068 1221 absolvere
1094 1195 1120 1222 a
1144 1184 1247 1223 casi-

210 1241 291 1281 bus
309 1243 528 1281 reservatis
549 1243 863 1294 Episcoporum,
881 1247 927 1283 ut
944 1244 987 1282 in
1005 1244 1180 1283 materia
1193 1244 1247 1283 de

213 1303 460 1343 Poenitentia
479 1304 576 1352 dixi,
596 1304 703 1356 disp.
721 1307 761 1354 3,
779 1309 879 1345 sect.
896 1306 935 1353 3,
950 1317 1125 1344 numero
1142 1306 1247 1346 duo-

212 1364 390 1414 decimo,
404 1378 499 1405 cum
517 1367 670 1418 glossa,
689 1371 731 1405 et
749 1367 958 1406 communi
979 1368 1185 1407 sententia
1203 1369 1247 1407 in

211 1426 341 1468 Clem.
354 1428 534 1476 Dudum,
545 1429 597 1468 de
609 1428 832 1480 Sepultur„
847 1441 972 1480 quam
988 1441 1127 1480 supra,
1145 1434 1249 1469 trac-

212 1491 285 1528 tat.
307 1490 347 1536 8,
368 1489 472 1528 libro
489 1490 624 1538 tertio,
646 1490 833 1542 probavi,
854 1491 1070 1530 tractando
1089 1490 1142 1530 de
1163 1491 1251 1544 pri·-

212 1549 372 1603 vilegiis
386 1552 676 1602 religiosorum
698 1553 740 1591 in
760 1553 985 1591 communi.

266 1615 332 1652 11.
361 1614 410 1652 Et
426 1614 614 1663 quamvis
629 1613 820 1653 moderni
850 1615 977 1665 aliqui
1007 1616 1244 1666 oppositum

211 1674 362 1715 docere
376 1675 596 1723 voluerint,
609 1679 750 1716 tamen
765 1676 953 1715 nituntur
970 1676 1074 1716 falsa
1094 1677 1246 1717 intelli-

212 1737 353 1787 gentia
369 1737 637 1777 Clementinae
653 1738 816 1778 Dudum
826 1753 846 1785 ,·
866 1743 1108 1789 supponunt
1133 1740 1246 1779 enim

211 1802 391 1849 quatuor
408 1799 475 1838 vel
496 1799 682 1850 quinque
700 1811 823 1839 casus
841 1811 932 1839 esse
947 1801 1043 1850 jure
1063 1812 1248 1840 commu·

211 1860 254 1897 ni
270 1862 502 1899 reservatos
515 1861 728 1912 Episcopis
742 1872 753 1899 :
769 1861 882 1900 unde
903 1874 998 1900 cum
1009 1862 1199 1901 Clemens
1211 1863 1248 1902 V

211 1921 408 1969 declarat,
431 1933 476 1961 se
501 1934 586 1962 non
611 1923 828 1962 intendere
847 1925 1052 1973 majorem
1071 1925 1249 1964 faculta-

211 1986 297 2022 tem
315 1983 544 2022 concedere
567 1984 787 2034 religiosis,
808 1996 934 2036 quam
963 1986 1156 2036 parochis
1193 1985 1247 2024 sit

211 2045 304 2083 iure
320 2056 532 2092 concessa,
555 2045 635 2085 hoc
646 2046 718 2096 jus
741 2046 826 2085 tale
852 2058 944 2085 esse
973 2039 1248 2097 interpretan-

210 2111 294 2155 tur,
313 2110 359 2144 ut
378 2106 553 2157 parochi
585 2108 748 2159 possint
768 2108 823 2146 ab
853 2107 1046 2147 omnibus
1067 2108 1249 2158 peccatis

212 2168 442 2215 absolvere,
462 2169 646 2220 exceptis
673 2173 836 2208 tantum
867 2169 951 2207 illis
978 2173 1159 2221 quatuor
1180 2169 1247 2209 vel

212 2230 395 2282 quinque
414 2230 594 2277 casibus,
615 2234 655 2269 et
669 2229 726 2269 ita
740 2230 989 2269 concludunt
1007 2230 1250 2270 Pontificem

212 2296 342 2332 totam
351 2293 459 2331 hanc
471 2292 710 2331 facultatem
724 2291 888 2332 dedisse
899 2292 1117 2343 religiosis,
1134 2292 1251 2332 ideo·

214 2366 297 2406 que
320 2366 370 2393 ex
390 2354 427 2393 vi
442 2354 549 2404 juris
568 2353 803 2394 communis
826 2366 912 2392 non
933 2365 1057 2404 posse
1077 2353 1248 2404 quidem

215 2416 429 2455 absolvere
450 2414 503 2454 ab
521 2415 602 2454 illis
624 2415 810 2466 quinque
838 2414 1002 2454 casibus
1014 2415 1108 2465 jure
1133 2426 1249 2454 com·

213 2477 332 2516 muni
369 2477 583 2528 Episcopis
606 2478 843 2525 reservatiS‚
861 2488 982 2527 posse
1003 2480 1144 2514 tamen
1176 2475 1250 2515 ab·

217 2540 375 2579 solvere
395 2539 448 2578 ab
474 2538 667 2578 omnibus
690 2538 796 2585 aliis,
818 2550 924 2589 quos
955 2537 1149 2589 Episcopi
1176 2548 1251 2577 ,re-

216 2601 482 2649 servaverint,
503 2600 601 2650 quia
622 2599 808 2640 Pontifex
842 2599 975 2638 solum
999 2600 1162 2651 excepit
1182 2610 1250 2638 re-

215 2663 491 2702 servationem
511 2674 537 2701 a
549 2663 661 2712 Jure,
679 2666 721 2701 et
748 2660 937 2713 Episcopi
964 2672 1050 2700 non
1075 2664 1253 2711 possunt

213 2724 466 2775 restringere
481 2723 720 2763 facultatem
733 2735 759 2762 a
776 2722 973 2762 Pontifice
990 2733 1250 2762 concessam.

270 2789 334 2827 12.
359 2786 432 2824 Hic
451 2797 549 2825 vero
568 2784 781 2824 discursus
797 2787 840 2824 et
856 2784 961 2824 falso
977 2784 1252 2824 fundamento

214 2847 373 2895 nititur,
395 2851 436 2885 et
450 2858 536 2886 non
565 2846 673 2886 bene
711 2845 878 2897 colligit.
909 2845 1091 2885 Primum
1118 2849 1253 2897 patet,

216 2908 315 2960 quia
346 2920 490 2947 revera
515 2907 617 2945 nulli
649 2911 747 2945 sunt
766 2918 888 2945 casus
917 2906 1012 2956 jure
1039 2906 1253 2946 communi

217 2968 417 3008 reservati
432 2967 660 3018 Episcopis,
681 2967 787 3006 utin
805 2971 918 3006 tomo
942 2971 1106 3017 quarto,
1127 2967 1252 3006 tertia

217 3035 351 3083 parte,
374 3029 651 3080 disputatione
682 3027 884 3078 vigesima
912 3039 1039 3077 nona,
1067 3028 1254 3068 sectione

216 3093 354 3141 tertia,
395 3102 510 3130 num.
533 3092 573 3137 6,
596 3089 782 3137 ostendi;
809 3101 910 3141 ergo
926 3101 1011 3129 non
1028 3093 1166 3141 potest
1183 3089 1253 3130 illa

217 3153 440 3194 reservatio
465 3152 570 3203 juris
593 3151 701 3190 sumi
719 3163 794 3203 pro
813 3163 1011 3192 mensura
1030 3151 1156 3202 hujus
1168 3151 1253 3201 pri-

219 3215 372 3267 vilegii.
400 3215 555 3254 Verum
591 3225 690 3265 ergo
710 3214 795 3264 jus,
811 3213 863 3252 de
883 3224 967 3264 quo
986 3212 1044 3251 ibi
1062 3212 1253 3251 Clemens

220 3277 418 3328 loquitur,
441 3279 518 3323 est,
538 3278 584 3314 ut
601 3274 773 3327 parochi
791 3273 975 3313 habeant
1003 3276 1252 3324 potestatem

221 3336 463 3380 absolvendi
480 3337 533 3376 ab
565 3335 757 3375 omnibus
774 3334 967 3386 peccati8‚
987 3333 1052 3372 his
1071 3334 1252 3384 exceptis

222 3412 329 3453 quos
337 3398 529 3450 Episcopi
543 3397 618 3437 sihi
637 3396 950 3442 reservaverinu
964 3394 1139 3434 similem
1153 3407 1251 3446 ergo

222 3461 352 3502 voluit
383 3458 611 3500 concedere
646 3456 851 3508 religiosis
885 3455 1218 3496 mendicantibus
1235 3485 1251 3506 ,

225 3527 269 3564 et
294 3533 378 3562 non
406 3520 620 3571 majorem.
635 3517 874 3558 Secundum
892 3517 1117 3568 probatur:
1136 3527 1250 3564 nam,

227 3588 315 3625 esto
333 3583 528 3624 daremus
543 3591 637 3621 esse
666 3579 805 3630 aliqua
824 3582 995 3631 peccata
1017 3579 1113 3630 jure
1141 3589 1255 3619 com-

227 3645 344 3688 muni
377 3642 592 3698 Episcopis
615 3643 848 3690 reservata,
878 3639 1150 3680 nihilominus
1179 3649 1257 3692 pa·
1304 3649 1347 3680 c.
1365 3639 1434 3686 22,
1452 3648 1548 3690 pag.
1564 3635 1666 3677 mihi
1689 3635 1764 3676 411
1787 3633 1936 3675 81412.

555 254 634 291 un.
655 253 714 290 ix.
734 254 790 290 m:
809 254 960 298 uanus,
980 254 1061 290 san
1079 254 1338 296 amuranus,
1357 254 1505 296 numus
1524 255 1581 290 An
1600 232 1880 300 riioxmonuu.
1900 256 1994 295 m

1299 322 1414 361 rochi
1430 333 1515 362 non
1525 321 1682 362 habent
1699 322 1831 374 ajuro
1847 322 2059 364 communi
2071 333 2127 378 po
2158 353 2165 359 .,
2203 345 2212 356 -
2255 370 2260 375 ἢ

1300 383 1540 424 absolvendi
1559 383 1612 423 ab
1628 383 1819 423 omnibus
1833 383 2014 434 casibus,
2029 385 2109 426 illis
2123 398 2175 427 ex
2193 387 2198 393 ’
2208 406 2222 434 ·.
2235 399 2279 434 ως

1298 445 1627 496 independenter
1638 446 1808 485 omnino
1819 457 1845 484 a
1859 445 2142 496 jurisdictione
2154 448 2216 500 Ep
2224 458 2250 483 ἰ1
2260 439 2276 482 ;·’
2287 445 2299 470 ἵ
2326 460 2329 462 ·

1298 517 1460 559 porum,
1483 506 1559 546 sed
1587 518 1681 547 cum
1703 506 2040 548 subordinatione
2058 507 2113 548 ad
2140 509 2231 549 re*
2255 515 2307 546 5·-

1298 568 1434 608 tiones
1464 567 1567 608 alias
1586 568 1912 619 Episcoporum;
1933 578 2033 619 ergo
2067 579 2118 609 ex
2148 568 2192 610 vi
2215 569 2225 579 “
2254 588 2294 622 ¹:

1295 629 1403 682 J'uris
1425 629 1656 669 communis
1675 641 1759 668 non
1773 628 1931 669 habent
1946 628 2132 680 religiosi
2148 641 2202 681 po

1299 694 1386 731 tem
1405 691 1538 743 magis
1564 690 1916 743 independentem
1933 690 1987 730 ab
2006 690 2229 743 Episcopis,
2245 681 2319 739 ὦ

1301 757 1360 794 tet
1372 752 1667 804 consequentia
1687 764 1738 791 ex
1756 751 1836 791 illis
1845 752 2005 792 verbis:
2024 751 2107 794 Per
2124 741 2319 804 hujus&

1302 816 1344 857 di
1366 819 1497 856 autem
1526 813 1800 854 concessionem
1809 823 2058 866 nequaquam
2084 808 2318 861 intendi*

1298 875 1492 929 personis,
1512 886 1580 916 seu
1594 876 1793 926 fratribus
1809 875 1914 925 ipsis
1933 874 2050 916 adid
2062 874 2200 917 taliter
2211 864 2317 927 (1ορ

1302 939 1404 979 tatis
1420 940 1653 991 potestatem
1669 938 1716 977 in
1733 936 1803 978 hoc
1819 936 2039 987 impendero
2072 935 2241 987 amplior
2280 939 2283 942 '

1301 1012 1420 1054 quam
1433 1001 1478 1040 in
1493 1010 1534 1041 co
1551 999 1721 1047 curatis,
1739 997 1800 1038 vel
1821 996 2122 1049 parochialibus
2145 1007 2256 1038 sacer

1302 1063 1407 1105 tibus
1422 1066 1480 1104 est
1498 1061 1629 1113 ajwre
1651 1070 1885 1101 concessum.
1904 1059 2022 1099 Esset
2043 1062 2185 1098 autem
2199 1057 2317 1115 lon'jfl⁴

1302 1125 1478 1176 amplior
1494 1123 1668 1163 facultas
1695 1121 1870 1160 fratrum
1886 1131 2014 1172 quam
2033 1116 2321 1227 parochorffl

1299 1187 1335 1229 si
1355 1186 1444 1227 haec
1466 1189 1576 1227 esset
1593 1183 1862 1223 subordinate
1882 1179 2151 1221 reservationi
2167 1179 2240 1231 Epi
2310 1176 2322 1234 ,⁶

1299 1260 1463 1302 porum,
1478 1253 1518 1288 et
1533 1260 1614 1286 non
1627 1246 1709 1284 illa.
1719 1245 1863 1296 Igitur,
1877 1243 1972 1282 licet
1988 1236 2321 1288 concedamusffl

1299 1311 1489 1365 Episcopi
1499 1310 1668 1349 limitate
1680 1309 1892 1347 reservent
1906 1304 2087 1353 aliquem
2099 1313 2242 1342 casum
2251 1306 2321 1354 pa

1300 1373 1508 1427 parochis,
1529 1370 1625 1409 inde
1638 1381 1724 1408 non
1745 1367 1864 1418 sequi
1885 1376 2098 1406 reservare
2117 1364 2322 1415 8ῒί8ῐιιριο

1301 1435 1505 1486 religiosis
1534 1432 1661 1483 (quod
1682 1430 1735 1471 ad
1769 1440 1979 1468 summum
1998 1427 2176 1480 probant
2207 1427 2324 1476 arg&-

1300 1501 1443 1537 menta
1463 1492 1811 1543 adversariorum)
1824 1521 1839 1541 ‚
1861 1489 2142 1534 nihilominus,
2162 1496 2274 1538 quan
2301 1534 2306 1538 .

1303 1559 1491 1598 absolute
1527 1558 1740 1595 reservant
1757 1581 1769 1601 ,
1803 1562 1899 1592 cum
1932 1549 2155 1590 intendant
2185 1472 2352 1604 omna

1300 1616 1670 1671 comprehendere,
1684 1625 1828 1654 revera
1845 1616 1958 1652 tenet
1970 1612 2135 1651 illorum
2149 1608 2352 1664 reservo-Q

1298 1683 1374 1730 tio,
1394 1681 1518 1720 etiam
1533 1681 1726 1728 respectu
1742 1674 2047 1726 religiosorum,
2057 1681 2153 1711 cum
2165 1680 2217 1710 ex
2228 1665 2352 1729 μή

1299 1744 1409 1783 dicto
1422 1742 1517 1793 jure
1531 1738 1739 1780 communi
1755 1748 1839 1775 non
1853 1735 2055 1787 recipiant
2069 1723 2352 1790 potestaten&

1300 1804 1381 1845 nisi
1399 1801 1709 1843 subordinatam
1724 1798 1818 1846 illis,
1838 1801 1886 1836 ut
1901 1797 2157 1836 declaratum
2176 1797 2253 1834 est.
2300 1807 2310 1834 i
2330 1802 2347 1841 q]

1354 1867 1423 1906 13.
1445 1863 1568 1905 Ratio
1591 1859 1700 1902 dubii
1730 1870 1839 1900 num.
1866 1860 1915 1899 10
1933 1858 2075 1913 positi.
2090 1877 2145 1887 -
2160 1855 2233 1895 His
2255 1859 2352 1906 pff

1301 1928 1404 1974 sitis,
1424 1924 1644 1966 difficultas
1668 1924 1747 1969 est,
1774 1932 1830 1961 an
1855 1932 1909 1960 ex
1938 1920 1978 1959 vi
1998 1917 2122 1970 hujus
2144 1908 2352 1979 speciafl

1299 1987 1504 2042 privilegii
1520 1985 1642 2025 detur
1658 1984 1747 2022 haec
1763 1981 1939 2021 facultas
1958 1979 2110 2021 nostris
2128 1976 2318 2019 confes&
2335 2011 2349 2031 s

1299 2050 1387 2091 riis.
1413 2050 1464 2089 Et
1485 2046 1591 2087 ratio
1610 2043 1826 2084 dubitandi
1845 2046 1921 2090 est,
1946 2041 2044 2092 quia
2062 2051 2137 2092 per
2156 2040 2264 2079 hanc
2284 2043 2292 2071 ἰ
2337 2073 2349 2079 ,4

1299 2111 1500 2152 cultatem
1532 2119 1617 2147 non
1656 2106 1882 2156 derogatur
1910 2113 2107 2153 expresse
2135 2099 2239 2141 illud
2336 2135 2349 2159 ,ἢ

1302 2182 1540 2218 commune,
1551 2180 1646 2208 cum
1659 2170 1799 2206 tamen
1811 2165 2030 2204 conciliare
2048 2159 2234 2213 sit‚quod
2249 2170 2277 2200 n
2288 2159 2314 2193 εὖ
2336 2156 2349 2214 γζ

1301 2234 1408 2275 solet
1418 2233 1500 2273 nisi
1518 2240 1713 2283 expresse
1729 2227 1929 2274 revocari,
1944 2228 1992 2265 ut
2006 2228 2121 2264 notat
2132 2222 2268 2264 Sanch
2279 2239 2295 2260 ·-,r
2311 2223 2313 2225 ’
2336 2232 2349 2284 ]

1301 2297 1374 2336 lib.
1394 2297 1420 2335 3
1444 2295 1500 2335 de
1535 2291 1814 2339 Matrimonio,
1832 2289 1939 2340 disp.
1969 2288 2037 2336 26,
2058 2297 2174 2329 num.
2193 2287 2237 2324 ’1.
2290 2311 2317 2334 :-

1303 2356 1402 2397 satis
1415 2359 1477 2395 est
1492 2354 1606 2406 quod
1620 2351 1805 2393 Pontifex
1818 2351 1875 2390 ibi
1890 2347 2093 2390 concedat
2109 2357 2256 2387 omnes
2280 2387 2283 2390 ‚

1303 2430 1375 2458 sus
1394 2417 1471 2457 sibi
1491 2419 1747 2459 reservatos;
1769 2424 1869 2452 nam
1883 2423 1960 2463 per
1972 2412 2051 2449 hoc
2065 2420 2147 2448 non
2165 2408 2263 2448 satis
2299 2424 2302 2427 ’
2334 2446 2341 2447 a

1301 2478 1472 2532 gnificat
1486 2490 1528 2516 se
1548 2475 1779 2515 concedere
1793 2485 1914 2513 casus
1923 2475 2156 2511 reservatos
2171 2468 2264 2520 Epis
2274 2485 2285 2500 a·
2325 2516 2341 2526 *¹

1302 2541 1382 2593 pis,
1396 2550 1482 2578 non
1495 2539 1592 2590 quia
1602 2549 1688 2576 non
1706 2535 1835 2587 possit
1847 2536 1909 2585 (ut
1919 2533 2089 2584 quidam
2100 2532 2211 2570 male
2219 2530 2259 2570 di
2326 2562 2345 2578 ‚.

1303 2602 1432 2650 runt),
1453 2599 1528 2639 sed
1547 2599 1644 2650 quia
1656 2597 1739 2649 juri
1758 2609 1834 2636 suo
1853 2598 1991 2647 potest
2012 2593 2133 2634 facile
2159 2591 2263 2632 cede
2284 2639 2289 2643 q

1299 2662 1371 2715 jus
1386 2666 1526 2701 autem
1547 2660 1722 2700 aliorum
1742 2669 1827 2696 non
1849 2660 2043 2696 censetur
2058 2654 2203 2693 tollere
2220 2657 2288 2694 ta

1303 2723 1551 2764 liberalitate
1576 2725 1617 2760 et
1640 2719 1850 2765 facilitate,
1888 2721 1928 2757 et
1949 2715 2129 2755 maxime
2160 2711 2236 2753 uhi

1304 2795 1449 2837 presse
1467 2782 1512 2822 id
1528 2792 1612 2820 non
1630 2778 1851 2819 declarat¹.
1864 2778 1914 2816 Et
1931 2774 2223 2825 confirmatur(
2233 2790 2241 2808 ι
2260 2775 2311 2819 ’,ᾗ
2333 2823 2342 2831 ω

1306 2845 1486 2885 maxime
1516 2840 1774 2894 urget)‚nam
1801 2837 2064 2878 iHustrissimi
2082 2836 2244 2877 Cardin
2265 2866 2290 2889 4
2332 2833 2343 2853 ”“

1305 2907 1414 2945 inter
1432 2904 1533 2943 alias
1558 2902 1875 2950 declarationes,
1893 2900 1947 2940 ad
1966 2911 2070 2939 sess
2091 2900 2157 2947 14,
2173 2909 2222 2938 ca
2284 2908 2298 2918 ”

1306 3153 1428 3189 tentes
1438 3150 1482 3189 in
1495 3147 1649 3189 casibus
1657 3146 1874 3199 Episcopis
1882 3143 2109 3185 reservatis.
2120 3141 2168 3181 In
2177 3139 2257 3181 alia
2272 3146 2277 3149 “
2296 3155 2303 3169 ·-
2332 3179 2337 3188 ,,

1306 3221 1354 3250 ro
1372 3210 1433 3250 sic
1452 3221 1464 3250 ι
1488 3209 1761 3251 Mendicantes
1790 3206 1923 3261 viqorc
1940 3204 2078 3246 Maris
2096 3199 2232 3258 mamni
2269 3205 2277 3264 J
2300 3224 2303 3229 v
2325 3249 2337 3259 ἢ

1304 3275 1471 3324 possunt
1484 3271 1681 3312 absolvere
1691 3282 1717 3310 a
1727 3269 1884 3310 casibus
1894 3265 2124 3312 reservatis,
2170 3291 2177 3298 ι
2189 3282 2197 3297 2
2259 3266 2278 3321 ζ

1305 3335 1438 3376 suitoe.
1459 3333 1505 3372 In
1518 3332 1600 3372 alia
1609 3343 1709 3371 vero
1726 3329 1963 3382 generalius
1986 3340 1996 3367 :
2022 3325 2289 3379 Rcywlarec„,
2322 3374 2330 3378 .

1303 3398 1472 3448 possunt
1498 3405 1545 3434 ecc
1557 3393 1806 3446 privileyiis,
1823 3391 2051 3443 proesertz'm
2066 3399 2116 3430 w
2141 3385 2212 3427 ino

1303 3455 1424 3499 Mare
1439 3464 1629 3508 maynum
1646 3452 1864 3506 appellant,
1881 3450 1962 3493 sibi
1980 3446 2185 3495 concessis,
2218 3448 2237 3472 5¹
2250 3477 2269 3487 „
2323 3488 2333 3507 ς

1361 3576 1379 3604 ¹
1395 3576 1499 3617 vide
1518 3576 1659 3622 Man„
1682 3573 1756 3614 lib.
1779 3575 1808 3615 a
1840 3573 2000 3614 noaret.
2020 3547 2281 3616 'ri-idemq:-
2293 3583 2298 3596 2
2312 3544 2327 3634 ’ἢ
