2352 3880
272 108 289 121 .,
332 114 374 162 ὃ..

0 271 9 309 :⁴
57 231 71 297 Δρ
93 281 97 287 .
123 226 166 291 ’ξ’
192 223 286 295 ‘hae
317 253 502 305 generali
525 252 670 305 regula
707 249 1002 302 comprehendi
1028 261 1126 301 pos-

87 315 204 366 ἰυιιῐ,
235 315 406 364 habere,
439 314 605 365 scilicet,
636 314 717 354 hoe
736 311 946 352 vinculum
978 322 1124 351 omnes

23 375 29 396 ⁵
51 368 264 423 „effectus
301 389 405 428 quos
440 377 567 417 habet
598 373 790 426 religiosa
822 374 1039 426 professio,
1058 372 1125 413 his

28 466 41 495 3
66 439 290 492 „exceptis
310 450 403 491 quae
426 438 656 490 specialiter
679 449 729 477 ex
749 436 1010 476 solemnitate
1033 435 1124 488 ipsa

24 519 58 571 ,ὃ
91 505 282 543 votorum
303 501 513 549 oriuntur,
533 500 584 540 de
605 499 754 551 quibus
773 498 898 538 ctiam
919 502 1124 550 quatenus

45 567 48 571 '
92 562 148 604 ad
170 562 330 614 singula
364 565 459 602 vota
485 562 693 613 pertinere
723 563 919 613 possunt,
941 561 987 599 in
1018 559 1122 599 libro

1 581 20 603 b

20 656 33 674 ,
91 624 280 676 sequenti
300 623 497 662 dicemus.
523 623 664 663 Solum
684 620 808 674 igitur
842 625 1051 673 superest,
1077 624 1124 660 ut

37 710 46 719 .
91 684 146 725 de
180 684 537 724 indissolubilitate
570 685 694 736 hujus
726 684 894 730 vinculi,
920 687 961 723 et
987 682 1122 722 modis

4 769 15 791 ⁴·
74 746 241 799 ‘quibus
273 746 423 785 auferri
457 750 613 798 potest,
636 747 836 785 dicamus.
859 745 1027 784 Duobus
1051 756 1122 783 au-

37 819 43 826 ·
74 811 175 847 ttem
206 807 271 847 vel
301 807 430 846 trihus
451 808 584 847 modis
618 812 754 859 potest
785 807 865 847 tale
894 807 1119 856 vinculum,

91 868 196 908 sicut
215 873 255 908 et
275 869 468 921 obligatio
489 870 570 909 voti
593 869 761 918 auferri,
784 868 1119 918 commutatione,

90 929 398 985 dispensatione
421 935 462 973 et
479 931 722 972 irritatione.

411 1034 473 1075 De
491 1033 802 1075 commutatione.

147 1115 187 1156 1.
202 1114 262 1157 De
272 1118 381 1156 statu
390 1113 629 1157 scholarium
642 1116 860 1156 Societatz's
874 1123 951 1155 non
959 1114 1011 1167 fit
1023 1126 1124 1156 com-

95 1178 262 1219 mutatio
281 1178 415 1218 valida
441 1178 495 1217 ad
518 1189 797 1229 quamcumque
820 1178 944 1218 aliam
968 1177 1126 1231 ‘reliyio-

95 1250 179 1280 uem
199 1239 336 1290 absque
369 1238 495 1288 Papoe
532 1239 705 1279 licentia.
727 1260 780 1268 —
799 1240 856 1278 De
879 1240 958 1278 hoc
990 1240 1124 1290 primo

96 1299 219 1339 modo
236 1299 346 1337 nulla
367 1303 428 1338 est
447 1299 676 1347 difficultas,
695 1300 791 1350 quia
809 1300 840 1338 si
857 1301 1124 1339 commutatio

95 1359 167 1399 fiat
183 1359 224 1399 in
251 1360 398 1399 melius
417 1361 482 1399 vel
502 1361 680 1410 aequale,
703 1373 787 1399 non
808 1361 963 1400 tollitur
983 1362 1123 1401 vincu—

93 1420 179 1460 lum
211 1424 340 1461 status
371 1421 548 1474 religiosi
558 1437 569 1470 3
602 1423 675 1461 sed
710 1435 837 1461 unum
873 1427 1055 1462 mutatur
1083 1423 1126 1462 in

95 1481 219 1529 aliud,
241 1483 351 1534 quod
372 1488 527 1522 certum
553 1488 614 1523 est
641 1485 764 1523 etiam
797 1485 836 1523 in
868 1485 1127 1536 professione

62 1552 70 1561 ⁴
95 1543 267 1584 solemni
294 1557 376 1584 non
399 1557 657 1595 repugnare;
679 1546 810 1584 solum
833 1551 994 1597 oportet
1025 1546 1128 1585 illud

95 1603 332 1654 observare,
351 1609 568 1658 quodjure
591 1608 801 1646 Pontificio
824 1609 927 1646 circa
949 1610 1027 1647 hoc
1049 1612 1128 1647 sta-

95 1670 227 1707 tutum
253 1671 292 1706 et
312 1668 564 1708 declaratum
593 1675 674 1716 cst,
700 1670 865 1714 scilicet,
890 1682 966 1708 nec
1001 1670 1124 1718 licite,

94 1739 172 1767 nec
195 1729 326 1768 valide
348 1742 468 1780 posse
495 1731 583 1769 fieri
616 1732 739 1770 talem
762 1732 1129 1770 commutationem

94 1790 149 1828 ab
169 1790 246 1829 hoc
267 1795 373 1830 statu
399 1796 439 1831 et
460 1793 591 1843 gradu
611 1793 822 1831 Societatis
843 1793 1006 1843 propria
1033 1805 1126 1831 auc-

94 1852 280 1900 toritate,
303 1854 375 1892 sed
396 1855 670 1893 necessariam
696 1867 785 1893 esse
817 1854 1021 1892 Pontificis
1045 1855 1128 1893 dis-

93 1914 393 1965 pensationem,
411 1919 455 1954 ut
476 1928 511 1955 c.
532 1917 557 1954 4
578 1917 674 1954 satis
694 1916 845 1955 dictum
869 1917 943 1954 est.
966 1915 1079 1955 Unde
1102 1927 1126 1953 a

94 1974 248 2014 fortiori
273 1980 456 2026 constat,
481 1977 613 2029 magis
644 1990 733 2016 esse
758 1977 1058 2024 necessariam,
1082 1980 1128 2015 ut

91 2037 358 2076 commutatio
383 2037 454 2077 fiat
475 2039 516 2077 in
550 2039 746 2078 laxiorem
775 2043 941 2086 statum,
965 2038 1125 2077 etiamsi

95 2095 163 2137 ille
185 2098 400 2150 religiosus
421 2099 484 2139 sit.
506 2101 546 2139 Si
564 2105 701 2139 autem
730 2100 800 2139 fiat
819 2101 861 2139 in
883 2113 1126 2151 quemcum-

94 2170 175 2210 que
204 2164 353 2199 statum
372 2173 456 2200 non
476 2163 714 2213 religiosum
728 2193 737 2209 ‚
759 2167 819 2208 ut,
842 2163 955 2201 verbi
975 2163 1123 2214 gratia,

94 2219 139 2259 in
169 2222 319 2260 statum
354 2223 503 2270 clerici,
531 2225 596 2263 vel
632 2225 877 2264 continentis
911 2225 1123 2273 secularis,

96 2280 168 2320 illa
182 2283 316 2332 potius
331 2285 590 2335 reputabitur
603 2286 853 2337 dispensatio
872 2287 1123 2338 simpliciter,

96 2342 163 2381 vel
184 2344 327 2383 eadem
358 2346 433 2384 erit
451 2347 501 2385 de
525 2347 591 2386 illa
610 2348 736 2397 rati03
759 2353 798 2387 et
819 2348 908 2387 ideo
943 2348 993 2387 de
1015 2360 1124 2388 com-

96 2403 325 2451 mutatione
342 2405 443 2449 nihil
462 2409 637 2460 amplius
656 2404 792 2450 dicere
812 2421 979 2450 necesse
1001 2413 1076 2451 est.

418 2503 478 2545 De
493 2503 798 2558 dispensatione.

146 2587 187 2628 2.
216 2581 422 2629 Resozucio
447 2592 570 2637 certa,
588 2588 812 2641 dispensari
828 2599 942 2641 posse
974 2587 1125 2632 schola-

94 2647 200 2690 rium
222 2650 436 2691 Societatz's
451 2654 553 2691 voca.
568 2672 620 2679 —
639 2652 766 2690 Venio
783 2652 835 2690 ad
851 2652 1125 2703 dispensatio-

94 2722 205 2760 nem,
223 2711 272 2750 de
294 2723 375 2762 qua
395 2724 539 2751 omnes
557 2713 759 2760 moderni,
777 2714 846 2765 qui
863 2719 954 2764 post
973 2714 1123 2763 bullas,

94 2773 318 2824 praesertim
347 2774 532 2825 Gregorii
563 2775 666 2823 XIII,
689 2775 738 2814 de
760 2775 822 2814 his
854 2776 972 2824 votis,
994 2776 1120 2814 verbo

94 2838 168 2874 aut
195 2836 498 2887 manuscriptis,
521 2837 656 2887 potius
686 2848 810 2887 quam
842 2837 954 2876 libris
985 2838 1123 2888 dispu-

92 2897 254 2942 tarunt,
288 2908 361 2947 pro
396 2902 505 2936 certo
541 2910 773 2949 supponere
807 2899 1011 2945 videntur,
1042 2899 1121 2938 hoc

54 2953 60 2956 ⁴
95 2955 302 2997 vinculum
319 2962 358 2997 et
372 2962 466 2998 vota
488 2971 610 3010 posse
632 2960 781 2998 auferri
800 2973 874 3011 per
906 2961 1119 3011 dispensa-

64 3016 265 3068 -Wionem,
288 3020 398 3070 quod
433 3021 615 3061 sentiunt
646 3022 769 3060 etiam
790 3022 847 3060 illi
877 3023 945 3073 qui
977 3026 1124 3074 putant

98 3083 236 3120 votum
253 3081 516 3132 professionis
535 3096 624 3123 esse
640 3083 985 3135 indispensabile;
1007 3085 1118 3135 quia,

97 3149 194 3179 *eum
214 3140 376 3181 videant
397 3143 474 3183 hoc
493 3145 700 3184 vinculum
719 3157 828 3197 saepe
843 3145 1010 3193 auferri,
1025 3145 1122 3184 inde

101 3199 282 3240 inferunt
299 3214 417 3253 posse
438 3205 560 3245 etiam
579 3207 822 3258 dispensari.
844 3207 946 3254 Quin
967 3207 1116 3259 potius,

100 3262 326 3302 modernus
356 3264 438 3312 ille,
460 3268 575 3318 cujus
604 3270 868 3308 meminimus
893 3270 934 3308 in
964 3282 998 3309 c.
1020 3270 1059 3317 3,
1081 3273 1122 3308 et

101 3327 245 3363 eontra
280 3335 403 3374 quem
433 3326 648 3378 Gregorius
673 3331 760 3370 ΧΙΙΙ
799 3331 997 3379 definivit,
1020 3331 1119 3370 dixit

52 3408 54 3411 v
99 3383 188 3424 haec
220 3389 327 3432 vota,
349 3390 472 3437 atque
501 3388 603 3427 adeo
638 3394 770 3431 totum
805 3393 884 3431 hoc
909 3391 1121 3431 vinculum

99 3455 178 3498 per
204 3446 450 3498 Episcopum
483 3448 712 3499 dispensari
747 3465 883 3504 posse.
906 3454 1122 3492 Verumta-

0 3519 50 3591 ἓ
101 3515 198 3549 men
217 3507 342 3548 illatio
376 3509 444 3548 illa
474 3509 658 3550 formalis
693 3515 734 3552 et
770 3514 912 3554 efficax
928 3527 1013 3554 non
1037 3518 1118 3562 est;

6 3599 25 3605 .,
59 3574 83 3624 ⁴⁵.
99 3578 203 3609 nam
226 3581 334 3622 saepe
353 3574 494 3612 votum
515 3575 652 3624 potest
681 3571 734 3614 ab
758 3573 895 3627 aliquo
911 3575 1074 3627 irritari,
1098 3586 1123 3618 a

83 3640 93 3656 b
310 3647 394 3682 „1-
1002 3651 1010 3658 κ

71 164 186 225 ²²1.ss
219 182 277 231 Ι..4
292 164 326 214 .”
362 186 456 222 ω».
477 185 532 221 rx.
555 185 612 220 AN
633 182 892 221 senosanam
913 182 1024 218 vora.
1045 156 1167 219 'rom
1189 182 1358 220 rossmr
1377 184 1458 223 rsa
1479 183 1842 231 comnmanonuu,
1865 189 1956 225 erc.

1178 260 1262 302 quo
1284 262 1369 290 non
1387 251 1526 302 potest
1546 253 1795 312 dispensari,
1812 259 1859 298 ut
1875 268 1952 310 per
1979 267 2026 297 se
2049 261 2209 300 constat

1177 310 1220 350 in
1239 314 1428 363 parente,
1451 313 1616 363 marito,
1641 320 1720 357 etc.
1727 332 1739 366 ;
1761 317 2030 372 ergo-eadem
2049 319 2209 362 ratione

1177 384 1262 412 non
1286 377 1492 425 repugnat
1511 375 1679 425 aliquod
1697 384 1838 419 votum
1874 392 1966 420 esse
1993 380 2208 432 irritabile,

1178 437 1220 474 et
1238 446 1323 473 non
1338 446 1428 474 esse
1442 435 1734 494 dispensabile.
1754 441 1871 480 Ratio
1886 445 2026 482 autem
2040 454 2066 482 a
2084 443 2212 495 priori

1178 498 1256 545 est,
1273 497 1370 547 quia
1388 502 1530 538 votum
1551 502 1614 537 est
1629 498 1824 540 irritabile
1846 515 1896 542 ex
1913 505 2051 556 aliqua
2070 505 2210 546 intrin-

1178 570 1274 598 seca
1293 559 1543 608 conditione,
1565 571 1690 610 quam
1713 560 1898 610 includit,
1920 566 2078 606 ratione
2091 567 2211 619 eujus

1178 619 1332 671 pendet
1350 632 1374 659 a
1405 621 1619 673 voluntate
1638 621 1830 669 alterius;
1855 627 1896 661 et
1914 624 2007 664 ideo
2038 640 2121 667 non
2149 632 2212 668 est

1179 681 1414 720 necessaria
1433 682 1623 733 specialis
1637 687 1820 733 potestas
1836 683 2132 734 jurisdictionis
2157 689 2213 730 ad

1178 743 1423 782 irritandum
1440 744 1557 791 illud,
1579 744 1654 783 sed
1674 745 1808 783 solum
1826 746 1938 796 quod
1954 748 2132 788 conditio
2152 751 2217 794 in-,

1179 805 1291 844 clusa
1305 805 1485 856 pendeat
1502 819 1552 845 ex
1567 806 1736 845 alterius
1752 807 1983 855 voluntate;
2000 808 2214 859 dispensa-

1177 866 1259 906 bile
1272 871 1410 907 autem
1427 872 1489 907 est
1503 872 1644 907 votum
1660 881 1736 919 per
1748 873 1996 920 potestatem
2017 872 2212 912 extrinse-

1178 940 1269 968 cam
1281 930 1571 980 dispensantis,
1587 943 1713 981 quam
1731 935 1890 982 oportet
1907 943 1997 971 esse
2014 932 2211 984 divinam,

1179 1002 1254 1031 seu
1272 1003 1294 1029 a
1312 991 1447 1030 divina
1463 993 1766 1044 participatam.
1789 993 1926 1032 Potest
1954 1006 2053 1045 ergo
2072 999 2214 1034 votum

1179 1065 1270 1093 esse
1291 1053 1486 1093 irritabile
1506 1059 1676 1105 propter
1693 1054 1972 1094 conditionem
1986 1055 2211 1104 inclusam;

1177 1119 1219 1154 et
1245 1115 1526 1164 nihilominus,
1545 1120 1677 1155 stante
1717 1117 1968 1165 conditione,
2007 1130 2090 1157 non
2121 1129 2214 1158 esse

1179 1175 1456 1227 dispensabile
1467 1189 1542 1228 per
1562 1178 1788 1224 bominem,
1813 1178 1847 1216 si
1865 1191 1947 1218 non
1965 1184 2125 1219 constet
2142 1181 2216 1219 ba·

1177 1237 1277 1277 bere
1305 1250 1330 1276 a
1359 1239 1441 1277 Deo
1477 1239 1602 1278 talem
1634 1243 1882 1290 potestatem
1911 1242 2212 1292 participatam.

1180 1300 1323 1338 Posset
1347 1311 1445 1351 ergo
1466 1301 1614 1351 aliquis
1638 1300 1692 1340 ita
1727 1302 1879 1340 sentire
1915 1302 1968 1340 de
2004 1303 2068 1341 his
2092 1303 2213 1353 votis,

1180 1362 1390 1411 quamdiu,
1416 1362 1583 1409 scilicet,
1613 1374 1697 1401 non
1712 1362 1936 1411 irritantur,
1956 1363 2216 1415 indispensa-

1179 1422 1276 1461 bilia
1293 1434 1382 1461 esse
1397 1435 1405 1469 ;
1423 1423 1526 1461 sicut
1546 1423 1664 1461 multi
1683 1428 2100 1464 asserueruntvotum
2122 1426 2217 1464 sim-

1179 1484 1276 1534 plex
1291 1484 1486 1522 castitatis
1502 1496 1586 1522 non
1606 1496 1695 1523 esse
1714 1485 2006 1536 dispensabile‚
2023 1498 2143 1536 posse
2160 1491 2216 1526 ta-

1181 1558 1279 1584 men
1298 1545 1445 1583 irritari
1461 1558 1483 1583 a
1507 1546 1631 1595 Papa,
1653 1546 1749 1597 quia
1769 1546 1940 1586 includit
1954 1547 2061 1587 hanc
2077 1548 2217 1586 condi-

1181 1607 1350 1654 tionem,
1366 1607 1447 1644 Nisi
1462 1607 1648 1645 Pontifex
1664 1607 1776 1646 aliud
1790 1608 1975 1658 jusserit,
1987 1609 2217 1660 veljiidica-

1182 1668 1299 1707 verit.
1320 1668 1416 1713 Quae
1434 1670 1637 1707 sententia
1659 1669 1754 1708 licet
1785 1670 1923 1720 quoad
1943 1669 2096 1709 factum
2115 1671 2219 1711 falsa

1182 1729 1245 1777 sit,
1269 1741 1352 1766 non
1377 1732 1514 1767 tamen
1537 1729 1814 1780 impossibilis.
1846 1731 1945 1769 Cum
1967 1743 2066 1782 ergo
2086 1731 2129 1770 in
2155 1731 2219 1771 his

1181 1790 1286 1828 votis
1306 1789 1520 1829 Societatis
1538 1793 1697 1828 constet
1717 1790 1768 1828 de
1787 1791 2023 1830 conditione
2040 1791 2215 1840 inclusa,

1183 1855 1304 1890 erunt
1332 1850 1570 1898 imitabilia,
1600 1851 1710 1889 unde
1735 1863 1833 1890 vero
1855 1856 2016 1891 constet
2041 1866 2118 1904 per
2147 1865 2218 1905 po-

1181 1913 1373 1950 testatem
1399 1911 1630 1962 Superioris
1655 1912 1868 1951 Societatis
1894 1925 1984 1952 esse
2005 1913 2219 1965 dispensa-

1181 1972 1294 2021 bilia,
1312 1972 1391 2012 hoc
1414 1973 1685 2024 inquirimus;
1710 1986 1808 2013 nam
1829 1975 1938 2025 quod
1962 1976 2219 2027 dispensabi-

1180 2034 1235 2075 lia
1257 2034 1335 2073 sint
1357 2047 1379 2073 a
1407 2035 1512 2073 Sede
1528 2035 1777 2086 Apostolica,
1798 2048 1952 2087 negare
1972 2050 2058 2076 non
2076 2051 2218 2088 possu-

1178 2107 1297 2142 mus3
1322 2095 1361 2134 id
1378 2099 1486 2134 enim
1507 2108 1702 2146 expresse
1723 2099 1870 2136 asserit
1884 2098 2106 2150 Gregorius
2129 2101 2218 2139 XIII

1182 2157 1223 2196 in
1244 2158 1456 2196 Constitut.
1471 2156 1710 2198 Ascendente
1735 2159 1915 2206 Domino,
1933 2160 2003 2198 uhi
2024 2173 2108 2199 non
2129 2162 2217 2201 sine

1181 2220 1377 2271 mysterio
1400 2219 1612 2271 distinguit
1641 2219 1747 2258 inter
1776 2221 1950 2259 verbum
1989 2223 2217 2273 dispensari

1181 2285 1223 2320 et
1243 2281 1415 2320 verbum
1443 2294 1605 2321 cessare.
1630 2282 1679 2320 Et.
1701 2282 1798 2321 dicit
1817 2284 1916 2321 talia
1946 2287 2039 2322 vota
2059 2296 2134 2334 per
2155 2297 2215 2323 so-

1179 2342 1264 2381 lam
1296 2343 1576 2394 Apostolicam
1613 2343 1764 2382 Sedem
1800 2344 2033 2395 dispensari
2066 2357 2214 2395 posse3

1174 2405 1332 2443 cassari
1356 2408 1495 2442 autem
1517 2416 1639 2454 posse
1671 2417 1750 2456 per
1782 2406 1910 2444 solam
1934 2406 2215 2446 dimissionem

1176 2477 1204 2505 a
1222 2466 1439 2505 Societate.
1457 2467 1574 2507 Ratio
1590 2479 1689 2520 ergo
1704 2479 1778 2507 cur
1791 2467 2020 2517 dispensari
2039 2469 2213 2521 possint,

1179 2528 1402 2579 quaerenda
1424 2532 1499 2566 est.

1232 2591 1271 2629 3.
1303 2590 1490 2628 Aliorum
1510 2584 1616 2629 ratio
1648 2586 1808 2639 sumpta
1833 2598 1880 2628 eu
1901 2586 2132 2641 differentia
2154 2603 2214 2632 so-

1178 2650 1365 2691 lemnium
1385 2654 1562 2690 votorum
1583 2661 1607 2689 a
1638 2661 1715 2689 non
1733 2650 1982 2697 solemnibus,
2005 2654 2214 2702 intpuqna·

1179 2715 1261 2752 tur.
1277 2733 1330 2741 —
1355 2711 1555 2759 Profecto,
1588 2711 1656 2761 qui
1691 2711 1873 2750 sentiunt
1914 2713 2212 2762 professionem

1180 2785 1270 2812 esse
1290 2772 1673 2823 indispensabilem‚
1689 2773 1846 2810 nullam
1860 2772 2069 2812 efficacem
2090 2776 2212 2814 ratio-

1176 2847 1273 2873 nem
1294 2835 1344 2873 ad
1367 2835 1443 2872 hoc
1463 2834 1610 2873 afferre
1626 2839 1821 2886 possunt;
1848 2847 1946 2872 nam
1962 2835 1993 2873 si
2013 2836 2124 2886 quod
2151 2840 2211 2875 est

1175 2896 1388 2949 probabile
1408 2896 1724 2935 fundamentum
1748 2897 1855 2935 illius
1877 2898 2105 2944 sententiae,
2124 2910 2211 2936 ma-

1176 2959 1285 2998 xime
1312 2958 1411 2996 illud
1433 2963 1507 3006 est,
1531 2959 1653 3009 quod,
1677 2959 1771 2998 licet
1791 2960 1900 2997 Deus
1927 2959 2088 2997 dederit
2107 2961 2210 2998 Pon-

1177 3020 1274 3060 tifici
1292 3024 1539 3071 potestatem
1559 3020 1611 3059 ad
1629 3020 1956 3071 dispensandum
1976 3020 2017 3058 in
2039 3022 2210 3071 promis-

1177 3082 1360 3122 sionibus
1390 3082 1466 3120 sibi
1490 3081 1622 3130 factis,
1642 3094 1726 3120 non
1748 3086 1887 3121 tamen
1907 3082 1948 3119 in
1969 3082 2204 3120 traditione.

1178 3146 1228 3184 At
1243 3144 1331 3183 haec
1347 3144 1450 3182 ratio
1469 3144 1592 3183 etiam
1621 3143 1661 3182 in
1700 3144 1777 3182 hoc
1794 3144 1957 3182 vinculo
1974 3144 2111 3183 locum
2136 3145 2207 3182 ha-

1174 3205 1259 3253 bet,
1283 3206 1379 3255 quia
1401 3217 1474 3256 per
1503 3218 1642 3245 veram
1680 3205 1805 3244 etiam
1829 3206 2091 3245 traditionem
2113 3216 2207 3243 con-

1174 3268 1374 3315 trahitur,
1407 3271 1451 3306 ut
1485 3266 1706 3318 Gregorius
1744 3267 1932 3305 Pontifex
1967 3264 2201 3305 declaravit.

1175 3330 1293 3369 Dices
1313 3341 1403 3368 esse
1425 3329 1699 3368 differentiam
1714 3330 1821 3368 inter
1838 3330 1914 3368 has
1935 3327 2201 3372 traditionesg

1175 3390 1327 3430 namin
1348 3390 1602 3442 professione
1625 3395 1686 3430 est
1703 3391 1870 3430 omnino
1888 3389 2090 3432 absoluta,
2109 3396 2205 3425 cum

1175 3454 1386 3503 reciproca
1408 3452 1655 3502 obligatione
1680 3452 1919 3502 simpliciter
1939 3461 1988 3486 ex
2008 3450 2126 3498 parte
2139 3458 2204 3487 re-

1175 3513 1340 3565 ligionis
1358 3525 1367 3559 ;
1390 3512 1430 3551 in
1457 3513 1534 3552 hoc
1547 3518 1686 3553 autem
1707 3511 1868 3550 vinculo
1888 3508 2052 3548 traditio
2072 3507 2203 3548 inclu-

1180 3573 1238 3614 dit
1264 3574 1540 3615 conditionem
1564 3579 1606 3615 et
1637 3574 1870 3613 libertatem
1893 3581 1943 3610 ex
1962 3573 2080 3621 parte
2111 3569 2204 3610 reli-

1933 3637 1990 3678 44
