2352 3880
81 289 94 301 Ι
132 254 215 301 ‹758

106 300 420 371 {sublevantum
441 320 548 373 quod
561 317 804 370 regulariter
816 316 981 362 difficile
995 316 1164 362 fortasse

133 388 239 431 osset
260 383 440 433 collegiis
453 385 495 422 et
511 379 703 423 domibus
733 378 984 431 probationis
1011 390 1084 430 per
1119 389 1164 418 se

130 446 334 498 spectatis,
351 447 554 495 quatenus
570 440 621 485 ad
635 440 841 493 propriam
859 440 1159 487 educationem,

129 501 421 559 perfectionem
441 508 484 550 et
503 502 776 544 eruditionem
798 502 979 554 ipsorum
997 502 1161 552 religio-

128 566 541 612 wrum‘ordinantur.
566 565 761 617 Denique,
783 564 969 616 quamvis
999 575 1162 615 compa·

128 629 255 674 raudo
273 627 587 670 sollicitudinem
605 626 647 667 in
681 625 950 677 congerendis
987 624 1161 664 eleemo-

125 690 254 741 synis,
268 689 332 730 vel
348 688 684 731 administrandis
695 687 869 739 propriis
883 687 1016 734 bonis,
1037 686 1161 737 possit

124 762 210 792 esse
228 750 483 802 prudentiale
515 749 749 795 arbitrium,
771 761 860 799 quae
892 747 1056 786 illarum
1073 758 1159 787 ma-

125 811 189 863 ior
209 813 262 853 sit
275 841 287 859 ,
325 818 466 855 tamen
498 810 794 850 consideranda
819 810 943 848 etiam
977 813 1036 849 est
1068 820 1159 860 pro-

124 874 256 926 portio
274 873 327 917 ad
349 878 478 912 status
495 877 535 912 et
555 885 726 912 munera
749 882 1039 922 personarum;
1060 882 1158 913 nam

121 936 319 982 actiones,
342 948 410 975 seu
432 934 714 973 distractiones
727 945 820 984 quse
842 934 939 972 oriri
959 931 1088 972 solent
1106 944 1158 972 ex

123 998 369 1048 possessione
387 997 591 1036 honorum
612 995 835 1042 stabilium,
854 995 985 1045 magis
1004 995 1158 1046 impro-

121 1058 363 1110 portionatae
394 1061 489 1097 sunt
519 1056 708 1096 domibus
736 1055 1026 1108 professorum,
1061 1058 1158 1108 quia

118 1131 173 1161 ex
187 1132 229 1160 se
252 1120 349 1160 tales
381 1119 575 1166 actiones,
612 1118 753 1168 quales
784 1118 915 1157 solent
945 1130 1029 1157 esse
1047 1116 1153 1167 lites,

120 1180 355 1228 locationes,
375 1184 474 1227 etc.,
499 1180 637 1220 minus
652 1184 817 1230 possunt
837 1180 1043 1231 proximos
1063 1180 1156 1220 aedi-

121 1241 257 1290 ficare,
276 1242 491 1293 magisque
510 1242 631 1280 vitari
653 1241 803 1280 debent
830 1240 881 1280 ab
902 1241 1156 1291 Evangelicis

120 1303 462 1355 praedicatoribus.
502 1303 534 1342 E
566 1305 770 1342 contrario
802 1315 914 1350 vero,
950 1302 1155 1345 scholares

119 1377 200 1406 non
227 1370 411 1418 possunt,
436 1377 568 1416 neque
588 1366 713 1404 etiam
748 1364 899 1404 debent
927 1375 979 1404 ex
1010 1365 1052 1403 vi
1088 1362 1154 1404 sui

118 1432 245 1468 status
262 1432 333 1468 aet
352 1428 536 1467 muneris
555 1427 613 1465 ita
630 1438 715 1466 esse
746 1426 879 1478 parati
913 1426 964 1465 ad
992 1425 1155 1466 mendi-

118 1489 311 1536 candum,
326 1489 433 1527 sicut
455 1489 654 1540 professi3
675 1493 715 1528 et
733 1488 840 1535 ideo,
874 1488 1050 1539 pensatis
1069 1499 1156 1527 om·

113 1550 238 1603 ¹nibus
263 1550 504 1598 rationibus,
527 1563 676 1602 magna
691 1550 908 1602 prudentia
933 1554 972 1589 et
991 1563 1156 1602 propor-

113 1607 226 1651 tione
239 1612 346 1651 facta
370 1617 430 1651 est
455 1613 620 1662 partitio
635 1613 786 1652 horum
803 1617 986 1652 statuum
1019 1613 1155 1664 quoad

108 1672 191 1713 «hoc
210 1685 340 1724 genus
352 1675 616 1725 paupertatis.

167 1737 204 1774 6.
238 1735 303 1775 Ad
317 1736 659 1785 confirmationem
677 1736 1040 1777 occurritur.--Ad
1057 1747 1153 1778 con-

114 1796 390 1837 firmationem
410 1801 549 1836 autem
567 1797 648 1836 duo
662 1797 840 1837 breviter
857 1799 1054 1838 dicemus.
1070 1799 1153 1840 Pri-

113 1869 230 1897 mum
251 1863 325 1906 est,
346 1859 389 1897 in
409 1859 589 1908 collegiis
619 1860 831 1898 Societatis
856 1872 939 1898 non
957 1860 1152 1912 postulari

113 1920 338 1970 superfluas
370 1921 548 1967 divitias,
589 1922 659 1960 sed
694 1922 939 1969 moderatas,
977 1934 1070 1974 quae
1099 1923 1151 1962 ad

112 1981 360 2021 scholarium
414 1982 752 2020 sustentationem
794 1983 999 2022 sufficiant
1016 1996 1026 2030 ;
1076 1996 1151 2023 nec

113 2043 224 2082 enim
239 2042 455 2093 superfluae
467 2043 621 2082 divitiae
630 2043 844 2082 censendae
863 2050 974 2092 sunt,
990 2045 1151 2085 etiamsi

110 2105 293 2144 redditus
323 2116 494 2155 magnos
515 2116 601 2143 esse
620 2106 861 2155 contingat3
886 2107 982 2157 quia
1003 2108 1046 2147 in
1073 2108 1151 2148 hac

110 2177 155 2205 re
178 2166 397 2217 quantitas.
418 2178 499 2204 non
513 2166 711 2215 absolute,
733 2167 801 2205 sed
814 2169 1037 2218 respective
1053 2182 1151 2221 pen·

109 2213 239 2266 banda
260 2233 335 2277 est,
372 2232 412 2267 et
441 2227 512 2266 ubi
543 2228 681 2278 plures
718 2234 814 2268 sunt
846 2231 1045 2279 redditus,
1066 2244 1150 2272 non

110 2288 201 2328 ideo
226 2289 431 2328 hahentur
451 2292 498 2327 ut
516 2289 696 2340 religiosi
725 2292 977 2331 commodius
991 2293 1146 2343 vivant,

111 2339 235 2402 illlam
255 2351 444 2400 religiosa
458 2352 682 2389 moderatio
699 2352 888 2402 postulat,
909 2354 978 2392 sed
994 2360 1040 2394 ut
1059 2356 1148 2406 plu-

111 2423 176 2451 res
194 2412 245 2451 ad
269 2412 456 2451 divinum
471 2412 711 2463 obsequium
727 2413 903 2453 alantur.
926 2415 1048 2454 Aliud
1069 2421 1144 2466 est,

110 2473 289 2519 divitias,
309 2486 399 2524 quaa
420 2473 554 2512 studia
573 2473 802 2512 litterarum
845 2475 1044 2526 impedire
1079 2490 1146 2517 so-

111 2533 210 2581 lent,
234 2547 320 2574 esse
354 2535 532 2586 privatas
557 2546 603 2573 ac
630 2535 876 2586 personales,
914 2550 1011 2577 nam
1049 2544 1146 2580 tunc

111 2608 207 2635 cura
219 2609 360 2636 earum
375 2597 417 2636 in
433 2596 621 2636 eamdem
634 2609 850 2648 personam
866 2600 1010 2640 cadere
1026 2603 1143 2652 solet,

110 2659 226 2709 sique
240 2659 479 2709 adjungitur
497 2669 614 2698 amor
629 2659 825 2710 privatus,
842 2664 883 2699 et
898 2673 1003 2712 saepe
1019 2665 1145 2704 etiam

109 2719 355 2760 desiderium
390 2719 569 2769 augendi
601 2720 718 2770 illas;
757 2734 849 2772 quae
887 2725 1026 2765 omnia
1060 2726 1147 2767 sine

108 2779 234 2819 dubio
255 2780 486 2831 impediunt
507 2780 654 2829 otium,
674 2785 715 2821 et
727 2782 906 2832 quietem
927 2785 979 2823 ad
995 2785 1147 2827 littera-

108 2852 201 2881 rum
221 2842 447 2893 profectum
474 2843 759 2882 neeessariam.
789 2844 873 2883 Hoc
897 2850 1035 2886 autem
1071 2848 1148 2887 im-

107 2903 391 2954 pedimentum
408 2903 578 2943 omnino
603 2903 808 2944 sublatum
828 2910 888 2944 est
911 2907 963 2945 ah
992 2908 1149 2949 schola·

108 2963 223 3003 ribus
248 2964 461 3004 Societatis
480 2977 552 3016 per
580 2966 830 3016 paupertatis
859 2972 1000 3008 votum
1029 2982 1146 3022 supe-

109 3026 197 3065 rius
231 3026 493 3077 explicatum.
533 3027 691 3066 Habere
726 3033 863 3068 autem
903 3034 1146 3073 necessarios

107 3086 295 3148 redditus
313 3088 356 3126 in
372 3089 581 3128 communi
615 3089 777 3130 nullum
805 3091 1146 3143 impedimentum

110 3149 258 3189 afferre
278 3153 426 3201 potest,
449 3151 519 3190 sed
550 3151 754 3199 levamen,
789 3165 883 3193 cum
902 3166 1046 3196 eorum
1078 3157 1146 3198 ad-

111 3211 359 3250 ministratio
380 3215 419 3251 et
432 3224 530 3252 cura
548 3214 657 3265 apud
678 3213 778 3254 alios
795 3215 986 3257 resideat.

164 3273 205 3311 7.
238 3272 423 3315 Secunda
454 3276 622 3316 assertio
656 3276 860 3328 aplicans
891 3279 1072 3329 primm
1103 3281 1150 3323 in

110 3344 187 3386 quo
204 3335 457 3387 sotteytorum
474 3341 692 3388 paupertas
716 3340 913 3381 consistit.
931 3359 982 3371 -
997 3341 1150 3383 Secun-

112 3395 165 3434 do
178 3396 455 3448 principaliter
485 3398 705 3440 dicendum
732 3405 794 3440 est
809 3401 982 3453 collegia
1009 3403 1149 3444 Socie-

110 3457 206 3496 tatis
221 3459 352 3498 teneri
377 3459 429 3499 ad
461 3461 711 3501 servandum
730 3462 943 3514 specialem
975 3464 1146 3504 modum

113 3521 364 3569 paupertatis
382 3521 428 3561 in
447 3522 800 3563 administratione
834 3523 1037 3565 honorum
1054 3537 1146 3565 suo-

113 3588 222 3618 rum.
241 3581 326 3620 Hoc
354 3588 415 3622 est
431 3588 589 3624 certum
607 3597 659 3624 ex
684 3585 811 3625 Bullis
837 3585 1072 3636 pontificiis,
1105 3591 1147 3626 et

94 3671 98 3674 .
115 3640 478 3685 finewiitutionibus
494 3646 721 3688 societatis.
745 3647 796 3687 Et
810 3646 1037 3688 declaratur
1055 3658 1145 3700 pro·

490 254 567 290 us.
591 252 643 287 iv.
669 249 723 286 ns
741 249 861 286 voris
883 249 1133 285 sinrmcmus
1153 245 1391 287 cisi-luris
1412 247 1466 287 ar
1487 242 1784 290 mursensis,
1804 243 1895 290 mc.

1218 316 1407 373 ponendo
1423 327 1486 366 ea,
1510 315 1555 359 in
1582 314 1731 367 quibus
1760 313 1829 353 hic
1856 307 2070 366 peculiaris
2103 314 2250 356 modus
2312 335 2314 337 ·

1216 377 1466 431 paupertatis
1484 376 1685 418 consistit.
1700 372 1884 416 Primum
1903 376 1979 424 est,
2007 376 2103 431 quia
2117 358 2252 430 admi-7¹

1215 440 1402 481 nistratio
1437 437 1587 481 horum
1615 438 1818 479 bonorum
1837 449 1923 478 non
1953 441 2014 478 est
2043 436 2178 493 primo
2201 434 2253 492 ac}

1215 501 1492 554 principaliter
1507 501 1551 543 in
1565 500 1662 555 ipsis
1675 498 1870 550 collegiis,
1889 498 1959 538 sed
1977 498 2022 539 in
2047 493 2253 540 Societate'·

1214 563 1391 616 professa
1406 575 1478 616 per
1490 575 1549 612 se,
1567 561 1632 602 vel
1649 574 1722 614 per
1752 560 1991 601 Generalem
2021 571 2167 611 suum;
2187 562 2254 612 ita,

1214 625 1446 665 decernitur
1481 625 1527 666 in
1563 624 1690 664 Bullis
1720 622 1943 664 Pontificiis
1982 621 2095 663 Pauli
2125 621 2178 663 111
2201 613 2254 678 et}

1212 687 1310 728 Julii
1331 687 1394 735 ΙΙΙ,
1412 685 1470 725 ibi
1489 698 1499 725 :
1519 685 1688 730 Retenta
1698 697 1817 737 penes
1830 684 2098 736 Proepositum
2118 686 2156 726 et
2169 682 2246 726 So-

1212 749 1390 790 cietatem
1410 748 1628 790 omnimoda
1645 746 1939 800 aethernatione,
1973 757 2043 787 seu
2065 746 2247 799 superin-

1211 811 1410 853 tendentia
1437 821 1556 862 super
1580 810 1689 853 dicta
1721 808 1912 861 colleqia;
1939 811 1981 848 et
2013 807 2153 848 infra:
2190 807 2248 853 Ut

1211 883 1331 923 neque
1359 872 1558 914 studentes
1584 869 1703 910 dictis
1732 870 1842 910 bonis
1863 869 1992 918 abuti,
2011 882 2135 922 nequo
2170 869 2246 912 So-

1212 934 1334 975 cietas
1353 934 1397 973 in
1414 933 1599 984 proprios
1629 943 1727 972 usus
1757 936 1977 977 convertero
1998 930 2142 984 possit,
2178 933 2250 973 sed

1211 993 1451 1036 studentium
1478 992 1707 1035 necessitati
1731 992 1947 1035 subvenire.
1985 993 2098 1034 Idem
2124 991 2246 1032 habe·

1211 1056 1336 1095 turin
1356 1054 1735 1102 Constitutionibus,
1752 1057 1896 1106 quarta
1918 1058 2050 1107 parte,
2073 1067 2162 1106 cap.
2183 1046 2250 1105 se·f

1211 1118 1359 1166 cundo,
1380 1117 1407 1170 ᾗ
1433 1118 1473 1166 5,
1492 1128 1585 1158 cum
1618 1115 1904 1164 declaratione,
1925 1115 1988 1157 lit.
2017 1115 2064 1166 C,
2088 1119 2130 1155 et
2153 1110 2250 1168 cap.²

1210 1179 1384 1225 decimo,
1417 1183 1458 1218 et
1492 1182 1608 1231 parte
1635 1177 1853 1230 decima,§
1887 1179 1924 1217 3.
1962 1177 2082 1218 Ratio
2105 1179 2251 1219 autem'

1210 1241 1334 1292 hujus
1353 1240 1633 1287 institutionis,
1661 1244 1809 1291 praeter
1844 1251 1957 1285 eam,
1985 1249 2078 1290 quae
2109 1235 2250 1293 tamgiss¹

1210 1307 1277 1342 tur
1292 1302 1470 1342 iuBullis
1484 1301 1719 1350 Ponffliciis,
1738 1305 1812 1351 est,
1834 1305 1881 1340 ut
1899 1301 2077 1353 perfecta
2104 1295 2248 1340 subor-¹

1210 1365 1366 1407 dinatio
1397 1365 1442 1404 in
1477 1367 1563 1403 tota
1606 1364 1804 1404 Societate
1853 1363 2115 1414 observetur3
2148 1373 2245 1402 cum

1209 1427 1321 1468 enim
1339 1430 1425 1466 tota
1444 1426 1623 1467 Societas
1643 1437 1738 1466 vere
1767 1425 1819 1465 sit
1835 1437 1965 1464 unum
1990 1437 2149 1476 corpus,
2174 1436 2246 1463 cu-

1207 1488 1274 1539 jus
1290 1500 1374 1527 non
1404 1492 1567 1528 tantum
1594 1488 1738 1526 domus
1771 1485 1983 1540 professae,
2014 1487 2084 1525 sed
2118 1483 2250 1526 etiam'

1212 1551 1397 1603 collegia,
1415 1556 1455 1591 et
1471 1551 1616 1590 domus
1634 1550 1885 1603 probationis
1916 1549 2100 1590 membra
2130 1552 2242 1597 sunt,

1210 1614 1482 1658 necessarium
1503 1618 1576 1662 est,
1600 1617 1646 1651 ut
1668 1613 1807 1653 omnia
1823 1614 1903 1651 sint
1916 1611 2036 1663 plene
2060 1609 2244 1660 subjecta

1210 1676 1346 1727 capiti,
1361 1680 1446 1716 tam
1467 1675 1507 1714 in
1525 1674 1804 1727 spiritualibus
1823 1685 1947 1724 quam
1976 1673 2020 1712 in
2038 1676 2242 1724 tempora-

1210 1738 1331 1786 libus,
1350 1750 1445 1778 cum
1472 1737 1561 1777 haec
1576 1737 1709 1777 solnm
1735 1740 1899 1788 propter
1920 1734 2148 1787 spiritualia
2181 1738 2242 1776 te-

1208 1806 1383 1841 neantur
1401 1806 1442 1842 et
1460 1801 1766 1852 gubernentur:
1792 1797 1998 1840 Generalis
2018 1802 2156 1839 autem
2181 1800 2241 1836 est

1207 1868 1329 1914 eaput
1348 1863 1471 1902 totius
1489 1862 1719 1910 Societati53
1742 1873 1839 1910 ergo
1869 1859 1976 1911 apud
2004 1859 2119 1898 illum
2155 1870 2241 1899 esse

1207 1924 1325 1964 debet
1349 1924 1507 1974 integra
1533 1921 1833 1962 administratio
1870 1920 2162 1971 collegiorum,
2200 1923 2241 1959 et

1206 1986 1407 2030 bonorum
1439 1985 1627 2025 omnium
1666 1995 1756 2035 quae
1802 1983 1852 2022 ad
1893 1983 1963 2022 illa
2014 1983 2236 2034 pertinent.

1207 2048 1359 2088 Deinde
1381 2047 1456 2086 hoc
1472 2047 1618 2086 merito
1641 2046 1796 2085 factum
1829 2049 1903 2094 est,
1926 2044 2022 2096 quia
2057 2044 2126 2086 illa
2145 2055 2238 2096 pars

1206 2109 1431 2154 Societatis,
1456 2121 1547 2159 qnae
1567 2108 1686 2147 estin
1708 2107 1903 2157 collegiis,
1937 2105 2070 2144 adhuc
2099 2116 2238 2145 cense-

1206 2175 1273 2210 tur
1293 2182 1378 2210 esse
1402 2170 1516 2221 quasi
1537 2170 1580 2209 in
1598 2170 1666 2208 via
1691 2173 1732 2208 et
1750 2170 1792 2208 in
1812 2168 1927 2215 fieri3
1952 2168 2125 2219 ideoque
2161 2166 2237 2206 suh

1205 2244 1303 2271 cura
1325 2232 1534 2272 Societatis
1553 2231 1742 2283 professae
1760 2231 1897 2271 existit
1910 2234 2107 2281 tanquam
2127 2228 2237 2269 filius

1204 2294 1279 2333 sub
1296 2298 1425 2345 patre,
1456 2293 1521 2332 vel
1556 2294 1689 2344 potins
1723 2298 1921 2344 tanquam
1948 2291 2128 2344 pupillus
2160 2291 2235 2330 sub

1202 2360 1353 2405 tutore,
1386 2356 1474 2407 qui,
1513 2355 1608 2394 licet
1637 2355 1867 2394 dominium
1895 2366 2034 2393 rerum
2069 2364 2234 2392 suarum

1201 2416 1364 2465 habeat,
1387 2417 1684 2455 administratio
1703 2421 1763 2456 est
1782 2428 1903 2467 penes
1916 2420 2109 2454 tutorem.
2132 2415 2234 2453 Hinc

1200 2480 1311 2519 enim
1330 2479 1481 2518 factum
1501 2481 1624 2518 etiam
1639 2483 1712 2526 est,
1731 2486 1777 2518 ut
1791 2483 1875 2517 tota
1894 2481 2069 2529 potestas
2088 2476 2234 2528 guber-

1199 2541 1326 2579 nandi
1345 2541 1604 2588 Societatem,
1638 2545 1839 2592 quatenus
1870 2540 1914 2579 in
1950 2541 2037 2590 ipso
2066 2549 2234 2589 corpore

1200 2603 1351 2651 existit,
1370 2606 1532 2641 tantum
1551 2603 1602 2641 sit
1621 2602 1664 2640 in
1686 2603 1882 2641 Societate
1903 2600 2092 2652 professa,
2114 2600 2172 2638 ita
2188 2602 2232 2638 ut

1200 2664 1331 2716 quoad
1355 2676 1445 2704 eam
1463 2668 1638 2714 partem,
1657 2676 1780 2715 quam
1808 2662 1932 2701 habet
1948 2662 1997 2700 de
2031 2661 2230 2712 guberna-

1199 2727 1310 2766 tione
1327 2737 1417 2777 quae
1442 2725 1490 2765 fit
1511 2737 1583 2777 per
1610 2726 1970 2775 congregationem
1991 2724 2229 2772 multorum,

1198 2787 1510 2834 aristocratiam,
1529 2790 1570 2824 et
1589 2798 1672 2825 non
1690 2787 1979 2825 democratiam
1999 2787 2229 2838 participet.

1199 2849 1383 2900 Denique
1401 2848 1632 2888 consultum
1657 2848 1780 2887 etiam
1804 2849 1848 2887 in
1880 2849 1954 2887 hoc
1985 2854 2045 2887 est
2069 2850 2231 2887 studen-

1199 2910 1304 2949 tium
1324 2910 1452 2961 quieti
1469 2909 1624 2957 etone,
1649 2914 1695 2947 ut
1711 2911 1920 2948 occasione
1943 2911 2230 2962 temporalium

1200 2971 1313 3012 nullo
1331 2972 1450 3010 modo
1475 2970 1527 3011 ab
1552 2971 1696 3010 studiis
1732 2972 2025 3011 distrahantur.
2065 2974 2231 3024 Propter

1201 3034 1310 3085 quod
1330 3034 1453 3073 etiam
1477 3038 1722 3083 contractus,
1752 3036 1961 3085 scripturae
1980 3035 2167 3088 publicae,
2191 3039 2230 3075 et

1198 3095 1458 3146 similia,quae
1474 3095 1578 3134 circa
1594 3095 1682 3135 haee
1698 3097 1937 3147 temporalia
1947 3097 2036 3136 fieri
2048 3098 2229 3138 solentin

1198 3157 1506 3206 Societate,non
1519 3156 1624 3198 fiunt
1634 3157 1686 3197 ab
1695 3158 1792 3209 ipsis
1802 3159 2078 3210 colleg-talibus
2086 3160 2230 3200 solem-

1199 3219 1243 3259 ni
1254 3220 1338 3258 ritu
1354 3220 1397 3260 in
1408 3231 1538 3260 unum
1553 3221 1822 3271 congregatis,
1836 3223 1931 3272 quia
1950 3234 2034 3263 non
2043 3222 2149 3263 fiunt
2158 3233 2229 3263 no-

1202 3282 1313 3321 mine
1333 3281 1510 3332 collegii,
1529 3281 1598 3321 sed
1608 3282 1774 3324 nomine
1792 3283 1997 3335 Praepositi
2008 3283 2227 3333 Generalis,

1202 3343 1310 3394 apud
1327 3355 1449 3394 quem
1463 3347 1523 3382 est
1541 3342 1628 3382 haec
1647 3348 1835 3394 potestas,
1857 3350 1978 3396 prout
2008 3345 2230 3399 declaratur

1201 3403 1247 3445 in
1263 3415 1373 3447 nona
1397 3409 1511 3456 parte
1540 3404 1900 3455 constitutionum,
1927 3419 2015 3458 cap.
2043 3408 2082 3452 3,
2109 3397 2132 3458 ss
2152 3408 2177 3446 5
2192 3409 2232 3445 et

1202 3466 1242 3514 6,
1283 3469 1324 3505 et
1356 3465 1584 3517 specialiter
1615 3467 1901 3508 confirmatum
1936 3472 1996 3508 est
2024 3480 2050 3509 a
2081 3468 2230 3520 Grego-

1197 3525 1260 3565 rio
1276 3526 1378 3575 ΧΙΙΙ,
1400 3526 1446 3566 in
1474 3526 1591 3567 Bulla
1612 3528 1772 3568 decima
1806 3530 1942 3578 tertia,
1963 3540 2055 3580 quoe
2087 3529 2229 3580 incipit

1199 3587 1271 3630 Εω
1285 3590 1423 3631 debito.

1256 3649 1296 3688 8.
1330 3649 1549 3703 oppositio.
1565 3674 1619 3685 ·-—
1637 3653 1749 3693 Dicet
1775 3664 1870 3692 vero
1889 3650 2036 3703 aliquis
2057 3651 2133 3692 hoc
2148 3663 2231 3693 non
