2352 3880
0 203 7 209 ”
143 225 212 263 ou

140 351 303 392 ratione
315 349 358 388 id
371 352 432 388 est
448 345 787 399 reprehensibile.
810 345 966 396 Primo,
995 345 1096 398 quit
1109 357 1174 386 ra-

139 405 254 446 tione
273 402 335 442 sui
355 405 486 440 status
510 404 676 442 tenetur
693 401 736 440 in
767 401 833 441 his
852 404 1058 454 praecipue
1081 414 1172 444 ver-

142 464 237 512 sari,
258 473 350 514 quae
381 461 435 501 ad
460 461 757 514 perfectionem
779 464 1016 511 conferant;
1039 465 1171 504 scien·

139 525 197 567 tia
215 531 354 563 autem
382 535 458 574 per
486 535 532 564 se
554 528 736 576 spectata
764 524 866 564 nihil
891 526 1064 566 confert.
1097 526 1171 566 Se-

139 581 276 624 cundo
291 613 303 633 ‚
340 584 438 636 quia
476 584 550 638 qui
586 585 664 626 hac
700 586 834 626 solum
868 585 1099 627 intentione
1126 587 1168 626 in

139 646 284 687 studiis
316 650 520 696 versatur,
549 648 796 699 regulariter
822 661 907 688 non
945 650 1092 699 quaerit
1118 661 1169 688 ea

138 718 230 760 quae
259 706 423 747 utiliora
447 711 567 755 sunt,
607 709 681 748 sed
717 720 810 759 quae
845 710 1164 750 delectabiliora.

137 768 280 810 Merito
299 780 399 820 ergo
414 769 498 808 tale
515 769 696 808 studium
716 771 757 808 in
773 771 860 809 viro
880 771 1072 821 religioso
1090 770 1169 809 dici

136 834 275 882 potest
304 831 435 881 turpis
458 831 702 880 curiositas3
723 831 817 870 licet
838 832 949 870 enim
977 832 1019 870 in
1048 833 1171 882 parti·

137 891 266 931 culari
283 890 457 931 fortasse
478 904 561 931 non
585 904 750 942 semper
781 892 832 931 sit
862 893 1028 943 propria
1049 893 1167 944 culpa

137 964 186 991 ac
202 957 434 1004 peccatum,
460 965 624 1003 semper
640 957 780 991 tamen
802 957 862 992 est
881 954 1001 993 valde
1020 955 1170 1006 imper-

137 1012 314 1062 fectum,
336 1017 377 1053 et
397 1014 626 1065 expositum
649 1014 788 1053 multis
808 1015 1002 1066 periculis
1021 1018 1170 1068 saepius

137 1073 182 1113 in
201 1086 249 1114 eo
270 1075 483 1126 peccandi,
506 1079 677 1126 propter
695 1075 878 1115 rationes
899 1077 1042 1116 dictas.

189 1137 228 1176 8.
265 1137 458 1184 Quomodo
480 1135 764 1189 improbandus
782 1140 986 1179 secundus.
1003 1161 1056 1169 -
1077 1139 1172 1189 Quae

136 1199 292 1238 novitas
310 1201 354 1238 in
378 1198 592 1250 Theoloyia
619 1200 948 1251 reprehendenda,
978 1213 1064 1253 quoe
1086 1202 1174 1243 Zau-

137 1260 280 1299 danda.
297 1280 350 1288 —
367 1260 580 1299 Secundus
601 1265 742 1300 autem
765 1260 858 1300 finis
884 1274 959 1313 per
979 1275 1023 1301 se
1047 1266 1087 1302 et
1107 1262 1173 1301 in-

137 1321 313 1360 trinsece
347 1322 483 1361 malus
517 1326 599 1372 051,
637 1327 676 1361 01
712 1324 902 1374 quamvis
935 1336 985 1363 ex
1012 1324 1172 1375 objecto

135 1394 221 1422 non
240 1383 392 1422 habeat
410 1383 610 1422 malitiam
629 1385 863 1431 mortalem,
879 1389 1014 1434 potest
1032 1388 1174 1426 tamen

134 1444 254 1483 facile
276 1457 365 1483 esse
386 1445 547 1483 occasio
571 1445 796 1483 multorum
817 1446 1006 1495 gravium
1028 1458 1174 1496 pecca-

133 1507 287 1553 torum,
312 1506 416 1544 sicut
444 1505 495 1543 de
517 1505 742 1544 ambitione
773 1509 813 1544 et
833 1506 884 1545 de
904 1506 1018 1545 inani
1043 1507 1172 1558 gloria

134 1566 275 1606 docuit
303 1566 351 1606 D.
374 1567 522 1605 Thom.
555 1567 595 1606 2.
623 1568 671 1614 2,
699 1571 843 1618 quaest.
879 1570 976 1615 131,
1000 1569 1172 1608 articulo

133 1628 290 1680 primo,
313 1631 353 1667 et
375 1632 519 1678 quaest.
542 1628 769 1667 centesima
796 1629 1006 1679 trigesima
1028 1642 1173 1669 secun-

135 1689 205 1738 da,
226 1693 303 1728 art.
326 1689 445 1728 tertio
467 1692 507 1728 et
528 1694 689 1740 quarto.
710 1690 889 1728 Maxime
909 1695 1049 1729 autem
1070 1691 1173 1731 solet

135 1762 188 1790 ex
205 1751 284 1790 hoc
304 1750 387 1789 fine
410 1751 507 1789 oriri
537 1751 745 1801 appetitus
771 1751 1006 1791 ostentandi
1032 1752 1174 1803 singu-

135 1811 265 1850 larem
286 1812 514 1860 seientiam,
534 1815 573 1850 01
593 1817 897 1863 consequenter
917 1813 1080 1852 dicendi
1100 1826 1173 1854 no-

136 1884 211 1921 va,
234 1873 346 1923 quod
366 1873 545 1910 maxime
567 1873 609 1910 in
631 1873 881 1925 Theologica
902 1874 1090 1914 doctrina
1110 1887 1173 1915 ca-

135 1934 315 1973 vendum
341 1938 417 1981 est,
450 1934 677 1984 praesertim
718 1935 883 1984 quando
916 1937 1078 1975 novitas
1111 1941 1172 1975 est

137 1995 370 2046 antiquitati
390 1995 615 2042 contraria,
635 2007 733 2033 nam
753 1995 784 2033 si
805 1996 855 2034 sit
876 1996 928 2034 ad
949 1996 1057 2035 illius
1078 2009 1173 2036 0011-

136 2056 426 2101 firmationem,
450 2056 652 2106 majorem
675 2056 993 2095 illustrationem
1023 2062 1062 2096 01
1085 2069 1173 2098 am-

136 2118 443 2169 plificationem,
458 2129 542 2155 non
557 2129 722 2168 semper
736 2121 797 2156 est
810 2119 1168 2169 reprehendenda.

136 2180 224 2219 Hoc
245 2180 356 2218 enim
384 2182 446 2218 est
465 2179 577 2230 quod
605 2179 706 2218 dixit
727 2179 971 2219 Vincentius
991 2181 1173 2220 Lirinen-

138 2242 208 2288 sis,
221 2241 325 2279 libro
347 2240 544 2279 adversus
566 2239 760 2291 profanas
778 2242 996 2289 novitates,
1016 2254 1106 2292 cap.
1121 2243 1172 2282 26

138 2307 179 2342 01
197 2304 264 2349 27,
285 2306 469 2340 tractans
488 2301 591 2340 illud
617 2300 746 2349 Pauli,
770 2303 788 2341 1
814 2302 867 2340 ad
892 2302 1039 2341 Timot.
1061 2304 1086 2342 6
1107 2316 1119 2342 ;
1141 2302 1174 2345 O

142 2363 363 2411 Timotheo,
384 2363 602 2414 depositum
635 2364 803 2409 custodi,
827 2364 1004 2404 devitans
1029 2366 1173 2415 profa-

139 2437 214 2467 nas
238 2437 375 2466 vocum
403 2425 612 2465 novitates.
649 2424 681 2465 O
714 2425 914 2465 Timotheo
945 2426 1171 2477 (inquit)‚o

139 2487 333 2534 sacerdos,
355 2498 375 2525 ο
404 2489 625 2534 tractator,
647 2496 668 2525 o
697 2487 861 2533 Doctor‚
882 2487 920 2526 si
941 2490 976 2527 te
996 2489 1172 2530 divinum

139 2559 283 2588 munus
309 2547 488 2588 idoneum
511 2548 666 2598 fecerit,
686 2548 857 2598 ingenie,
879 2549 1169 2598 exercitatione,

140 2608 332 2656 doctrina,
356 2612 434 2650 esto
455 2609 687 2661 spiritualis
709 2610 953 2650 tabernaculi
979 2611 1172 2658 Beseleel;

139 2671 335 2722 pretiosas
355 2671 436 2711 divi
462 2671 658 2722 doymatis
679 2682 851 2723 gemmas
872 2671 1066 2722 exsculpe,
1079 2673 1174 2722 fide-

140 2730 236 2771 liter
256 2735 411 2784 coapta,
433 2732 584 2772 adorna
604 2732 819 2783 sapienter,
841 2731 969 2782 adjice
995 2732 1175 2782 splendo-

141 2799 240 2840 rem,
259 2793 454 2843 qratiam,
471 2793 741 2836 venustatum
759 2791 1012 2844 intelliqatur
1042 2795 1078 2832 te
1111 2804 1173 2832 ea:-

139 2857 303 2906 ponente
321 2853 540 2900 illustrius,
559 2853 661 2904 quod
676 2855 792 2892 antea
825 2853 1029 2892 obscurius
1049 2854 1175 2894 crede-

144 2913 279 2960 batur,·
291 2926 363 2965 per
391 2917 426 2954 te
441 2914 657 2964 posteritas
674 2913 915 2953 intellectum
933 2913 1173 2964 qratutetur,

142 2975 246 3027 quod
261 2978 378 3015 antea
396 2977 571 3014 vetustas
598 2985 676 3014 non
700 2973 940 3013 intellectum
968 2974 1175 3015 veneraba-

144 3037 234 3083 ιπη-
265 3035 395 3076 eadem
423 3038 555 3075 tamen
585 3045 672 3087 quoe
702 3034 896 3082 didicisti,
925 3034 986 3073 ita
1009 3034 1112 3081 doce,
1131 3038 1177 3075 ut

144 3105 233 3137 eum
259 3096 369 3136 dicas
399 3106 509 3144 nove,
531 3105 610 3134 non
640 3094 751 3135 dicas
779 3106 894 3135 nova.
918 3094 1035 3140 Quod
1054 3094 1175 3134 latius

145 3154 297 3196 deinde
318 3154 594 3208 prosequitur.
618 3154 683 3194 Sic
715 3154 839 3194 etiam
870 3154 972 3194 dixit
1003 3155 1176 3194 Bernar-

145 3215 239 3264 dus,
270 3216 433 3268 epistol.
470 3215 630 3254 decima
659 3216 833 3267 septima
859 3215 913 3254 ad
947 3215 1176 3255 canonicos

77 3314 94 3331 l
146 3275 444 3329 Lugdunenses
462 3291 472 3315 :
491 3277 667 3320 Novitas
685 3281 822 3318 contra
838 3276 1032 3317 Ecclesiae
1049 3277 1175 3317 ritum

146 3342 403 3396 praesumpta,
420 3342 548 3380 mater
565 3343 622 3380 est
641 3338 891 3387 temeritatis,
910 3349 1024 3378 soror
1041 3349 1177 3390 super-

148 3399 392 3450 stitionimt
409 3399 502 3451 filia
520 3399 707 3440 levitatis.
732 3399 863 3450 Atque
886 3398 1035 3438 eodem
1052 3398 1176 3438 modo

149 3461 394 3513 omniaJ'ura
409 3459 636 3512 reprobant
659 3459 862 3500 novitates
881 3459 1060 3510 antiquis
1081 3471 1178 3498 con-

151 3522 438 3563 suetudinihus
457 3521 696 3570 contrarias,
715 3534 808 3574 quae
827 3521 1075 3573 plerumque
1095 3520 1177 3561 dis-

151 3582 335 3627 cordiam
354 3584 536 3637 pariunt,
554 3586 602 3623 ut
618 3583 677 3624 ait
700 3582 908 3622 Honorius
923 3581 990 3631 111,
1009 3581 1056 3621 in
1084 3592 1174 3634 cap.

391 225 476 261 LlB.
495 223 537 259 V.
558 223 618 258 DE
643 219 961 258 SCHOLASTICIS
984 218 1044 256 AC
1068 217 1239 256 STUDHS
1261 217 1528 259 SOCIETATIS,
1558 215 1653 252 TAM
1675 216 1892 260 lNTERNIS,
1911 217 2012 258 ETC·
2247 269 2250 275 Α

115 319 118 323 ·
142 291 344 331 naturalis
365 288 559 330 veritatis.
575 289 630 327 At
646 286 692 324 in
708 285 798 325 viro
814 284 1008 337 religioso
1020 283 1175 337 duplici
1231 282 1328 325 Cum
1353 282 1660 328 consuetudines,
1680 281 1732 322 de
1762 282 2092 333 Consuetuffine3
2123 276 2214 327 effi
2247 324 2250 326 ,

1225 345 1378 386 nedict.
1399 345 1470 395 xt,
1490 345 1714 395 Extravag.
1735 342 1847 384 Inter
1864 346 2035 395 cunctas,
2057 345 2109 386 de
2125 338 2265 391 Privi-

1221 402 1330 454 leg.,
1355 401 1406 441 de
1435 413 1517 453 qua
1544 416 1592 444 re
1620 404 1742 455 plura
1767 403 1852 456 legi
1880 407 2055 455 possunt
2080 402 2190 444 dtu
2214 405 2280 449 εἰ·

1223 463 1290 504 12.
1314 462 1431 508 Quod
1450 475 1535 503 non
1567 465 1702 504 solum
1731 476 1879 506 verum
1903 466 1968 506 est
1993 464 2045 505 de
2072 463 2256 505 novitate
2277 474 2298 508 {r

1222 535 1412 573 morum,
1450 525 1527 565 sed
1563 526 1689 566 etiam
1734 527 1784 564 de
1819 527 1995 566 novitate
2031 525 2225 565 doctrinae
2237 546 2254 575 ·,
2272 509 2300 571 ἶ

1223 586 1391 636 quando
1411 585 1504 625 talis
1525 591 1602 637 est,
1619 591 1665 627 ut
1678 587 1857 638 antiquae
1875 590 2080 638 repugnet
2092 598 2105 634 ;
2117 586 2256 627 turbat
2316 591 2330 643 ξ

1224 647 1334 686 0111111
1360 658 1528 696 pacem,
1550 652 1592 688 et
1611 648 1772 688 occasio
1802 651 1864 687 est
1884 648 2058 694 erroris;
2081 651 2127 687 ut
2145 650 2256 688 enim
2323 664 2332 667 s

1224 706 1323 746 dixit
1339 706 1506 755 Baldus,
1525 709 1670 748 consil.
1689 707 1915 749 centesimo
1935 709 2093 748 decimo
2111 720 2258 748 secun-

1225 768 1293 816 do,
1314 768 1383 806 lib.
1407 770 1456 817 2,
1481 769 1590 809 Raro
1617 771 1706 810 bene
1723 771 1913 822 loquitur,
1932 771 2001 822 qui
2021 774 2160 811 contra
2178 782 2258 809 om·
2327 761 2337 829 ,ἕ

1222 840 1290 869 nes
1312 829 1531 879 loquium-¹.
1552 831 1602 869 Et
1623 835 1790 882 propter
1816 831 1926 870 hanc
1953 843 2119 870 causam
2147 843 2255 882 saepe
2324 848 2337 891 ζ

1225 889 1267 928 111
1286 890 1435 928 nostris
1454 891 1820 931 Constitutionibus
1835 892 2110 931 admonemur
2126 903 2256 930 novas
2330 895 2337 923 ἶ-

1225 948 1440 1000 opiniones
1462 952 1608 999 vitare,
1623 953 1744 992 tertia
1760 956 1878 1003 parte
1894 953 2254 1001 Consfflutionum,

1225 1022 1316 1062 cap.
1348 1013 1387 1060 1,
1412 1012 1472 1052 111.
1495 1013 1548 1061 O,
1570 1018 1611 1053 et
1629 1026 1673 1065 p.
1693 1016 1741 1061 8,
1764 1026 1854 1065 cap.
1881 1016 1920 1063 1,
1939 1014 1998 1054 lit.
2019 1015 2070 1062 K,
2092 1014 2258 1055 additur

1227 1073 1555 1112 communiorem
1591 1075 1821 1114 doctrinam
1849 1087 1943 1116 esse
1978 1076 2256 1126 sequendam,

1228 1137 1270 1173 et
1287 1139 1405 1183 parte
1431 1138 1600 1185 quarta,
1621 1148 1711 1186 cap.
1734 1139 1774 1184 5,
1796 1136 1820 1187 ἓ
1839 1136 1930 1185 ult„
1954 1137 2086 1188 magis
2112 1147 2260 1187 appro-

1226 1194 1367 1234 batam
1402 1198 1442 1234 et
1478 1208 1693 1245 securam,
1727 1202 1768 1236 et
1799 1198 1949 1236 similia
1981 1199 2132 1246 multa,
2169 1209 2259 1248 quae

1226 1257 1430 1307 praedictae
1451 1258 1622 1298 novitati
1640 1259 1844 1298 contraria
1861 1263 1969 1299 sunt.
1987 1260 2050 1299 Ad
2062 1260 2140 1299 hoc
2160 1271 2259 1311 ergo

1227 1319 1533 1358 incommodum
1550 1320 1766 1360 vitandum
1783 1322 1961 1360 maxime
1978 1322 2261 1361 necessarium

1227 1383 1289 1418 est
1305 1383 1468 1430 turpem
1482 1381 1594 1419 illam
1612 1382 1836 1421 vanitatem
1854 1395 1875 1421 a
1896 1383 2096 1434 principio
2114 1385 2258 1431 vitare,

1227 1452 1278 1480 ne
1301 1440 1392 1490 quis
1414 1441 1624 1480 scientiam
1649 1442 1845 1491 addiscat,
1866 1446 1912 1482 ut
1932 1444 2098 1492 sciatur,
2117 1445 2159 1483 id
2182 1447 2258 1493 est,

1228 1512 1311 1540 non
1332 1513 1381 1540 eo
1403 1503 1541 1541 statim
1570 1503 1768 1553 procedat
1796 1505 1887 1543 haec
1916 1505 2089 1552 vanitas,
2113 1509 2260 1544 utnon

1228 1562 1361 1601 solum
1386 1563 1532 1605 sciens.
1566 1564 1642 1603 sed
1674 1565 1800 1603 etiam
1828 1569 1972 1604 auctor
2002 1570 2043 1605 et
2072 1566 2262 1605 inventor

1228 1636 1310 1662 511εο
1332 1623 1528 1672 scientiae,
1552 1625 1643 1675 quis
1666 1626 1795 1665 videri
1814 1627 1926 1666 velit.

1279 1687 1318 1724 9.
1354 1685 1547 1732 Quomodo
1568 1687 1710 1727 tertius
1727 1689 2012 1738 reprobandus,
2029 1710 2083 1718 —
2100 1688 2261 1728 Tertius

1229 1746 1322 1786 finis
1342 1760 1365 1785 a
1392 1747 1602 1787 Bernardo
1622 1749 1878 1799 improbatus
1894 1750 2071 1789 maxime
2101 1751 2261 1790 alienus

1229 1820 1319 1848 esse
1350 1808 1472 1848 debet
1505 1809 1558 1848 ab
1588 1811 1846 1850 scholaribus
1872 1811 2102 1851 Societatis.
2136 1814 2259 1861 Nam,

1228 1870 1322 1908 licet
1351 1881 1538 1920 quaerere
1558 1871 1773 1910 scientiam
1803 1872 1856 1911 ob
1873 1878 2077 1922 quaestum
2106 1874 2170 1912 vel
2189 1885 2262 1924 pe-

1229 1931 1359 1970 cuniae
1390 1931 1456 1969 vel
1483 1931 1676 1979 honor-is,
1709 1944 1760 1971 ex
1779 1945 1824 1972 se
1857 1946 1942 1972 non
1965 1935 2015 1973 sit
2042 1935 2262 1975 intrinsece

1226 1992 1399 2039 malum,
1430 1992 1463 2030 si
1495 1993 1539 2030 in
1570 1993 1638 2031 illo
1670 1993 1752 2032 fine
1786 2006 1872 2033 non
1897 1995 2077 2042 sistatur,
2101 1997 2174 2035 sed
2208 1995 2262 2036 ad

1226 2054 1354 2094 alium
1391 2054 1612 2092 honestum
1651 2054 1880 2103 referatur,
1915 2056 2184 2095 nihilominus
2218 2057 2262 2096 in

1227 2115 1428 2156 Societatc
1448 2115 1730 2154 inordinatum
1751 2121 1828 2163 est,
1849 2120 1987 2166 utpote
2008 2118 2261 2156 contrarium

1226 2177 1381 2228 regulae
1399 2180 1438 2215 et
1452 2177 1636 2215 instituto
1652 2180 1757 2227 eJus.
1777 2178 1912 2216 Primo
1931 2178 2043 2216 enim
2061 2180 2120 2228 (ut
2137 2191 2261 2229 supra

1225 2238 1296 2277 lib.
1317 2239 1359 2285 4,
1382 2250 1474 2288 cap.
1498 2239 1544 2283 7,
1568 2250 1592 2276 a
1621 2250 1797 2277 numero
1829 2239 1990 2278 decimo
2023 2244 2167 2279 octavo
2199 2252 2262 2280 os-

1225 2299 1455 2350 tendimus)
1473 2299 1634 2338 nullum
1657 2300 1923 2351 stipendium,
1946 2305 2016 2339 aut
2035 2301 2260 2352 temporale

1227 2361 1493 2402 commodum
1519 2373 1593 2412 pro
1615 2362 1698 2400 suis
1725 2362 1963 2401 ministeriis
1983 2363 2168 2414 accipere
2189 2375 2261 2414 po-

1226 2428 1328 2469 test;
1356 2436 1455 2473 ergo
1490 2428 1697 2474 repugnat
1729 2424 1824 2463 huic
1858 2425 2041 2463 instituto
2082 2425 2262 2464 scientiae

1227 2484 1467 2524 incumbere
1497 2489 1667 2535 propter
1698 2489 1901 2535 quaestum
1930 2486 2137 2536 pecuniae;
2163 2498 2259 2525 nam

1229 2546 1299 2596 qui
1327 2545 1434 2584 hanc
1466 2545 1743 2585 intentionem
1776 2546 1914 2594 habet,
1949 2547 2098 2586 virtute
2136 2547 2260 2587 habet

1231 2607 1488 2658 propositum
1510 2607 1736 2657 recipiendi
1755 2612 1899 2658 postea
1928 2609 2147 2658 pecuniam
2167 2620 2262 2659 pro-

1228 2671 1319 2719 pter
1337 2679 1459 2706 usum
1480 2679 1563 2706 suae
1595 2667 1797 2713 scientiae;
1817 2668 1928 2717 quod
1947 2668 2014 2707 vix
2037 2672 2172 2718 potest
2193 2680 2262 2708 ex·

1229 2729 1364 2768 cusari
1389 2741 1413 2766 a
1432 2729 1602 2779 peccato
1623 2728 1753 2778 gravi.
1777 2729 1919 2767 Posset
1944 2732 2083 2767 autem
2113 2729 2261 2779 aliquis

1228 2789 1443 2828 intendere
1477 2789 1715 2839 hujusmodi
1741 2793 1966 2840 quaestum,
1996 2790 2062 2829 vel
2084 2803 2261 2830 commo-

1229 2850 1328 2889 dum
1356 2850 1609 2900 temporale,
1630 2862 1713 2889 non
1744 2862 1820 2901 per
1838 2851 2009 2889 modum
2043 2852 2261 2903 stipendii,

1229 2911 1302 2951 sed
1336 2911 1469 2950 solum
1502 2922 1579 2960 per
1611 2911 1781 2950 modum
1819 2912 2113 2962 emolumenti,
2147 2913 2261 2964 quod

1230 2972 1430 3023 consequi
1457 2977 1608 3023 sperat,
1640 2973 1673 3012 si
1700 2974 1842 3014 doctus
1873 2975 2044 3022 evadat,
2065 2987 2119 3015 eo
2134 2976 2262 3015 modo

1230 3046 1311 3085 quo
1353 3034 1463 3074 licite
1497 3038 1632 3085 potest
1673 3038 1714 3075 01
1755 3035 1861 3074 50101
1895 3036 2116 3086 consequi;
2141 3037 2262 3087 Juxta

1230 3106 1354 3147 quem
1381 3095 1552 3134 modum
1585 3095 1848 3135 excusabitur
1875 3107 1899 3134 a
1927 3100 2096 3147 peccato
2129 3097 2260 3147 gravi,

1228 3168 1314 3196 non
1339 3160 1483 3195 tamen
1499 3169 1524 3195 a
1542 3168 1693 3208 magna
1711 3156 2033 3208 imperfectione,
2059 3162 2100 3196 et
2117 3158 2183 3207 vix
2207 3157 2262 3197 ab

1230 3217 1368 3267 aliqua
1387 3217 1522 3268 culpa,
1545 3218 1643 3269 quia
1660 3217 1754 3265 finis
1781 3218 1850 3258 ille
1881 3218 2260 3269 imperfectissimus

1231 3286 1292 3318 051
1305 3307 1316 3326 ,
1350 3280 1395 3318 et
1421 3290 1498 3329 per
1517 3290 1564 3318 se
1582 3283 1812 3331 spectatus,
1832 3280 2102 3331 voluptuosus
2122 3279 2260 3331 potius

1231 3350 1356 3390 quam
1388 3340 1601 3380 honestus.
1622 3341 1738 3380 Idem
1762 3342 1851 3381 fere
1876 3341 2101 3382 dicendum
2128 3345 2190 3381 est
2206 3339 2260 3380 de

1231 3404 1394 3452 quaestu
1409 3401 1603 3452 honoris3
1624 3407 1824 3453 quantum
1844 3403 1956 3443 enim
1972 3403 2156 3442 humano
2171 3411 2258 3440 mo·

1283 3520 1298 3547 ¹
1324 3520 1428 3560 Vide
1456 3521 1723 3570 Nevizanum,
1736 3522 1781 3561 in
1800 3521 1911 3563 Silva
1928 3524 2067 3573 nupt„
2083 3519 2260 3572 neoda:

1232 3581 1445 3629 Quomodo
1459 3582 1512 3622 sit
1519 3582 1806 3634 judicandum.

2338 3561 2352 3627 i

2309 3645 2352 3880 l
