2352 3880
441 380 445 382 ’
510 416 839 513 INDEX
900 420 1350 517 CAPITUM
1408 423 1681 516 LIBRI
1748 423 2057 518 SEXTI

2323 580 2333 603 S

212 647 276 699 OE
307 648 655 697 PROFEssIONE
687 651 932 704 QUATUOR
955 653 1206 701 VOTORUM
1237 653 1355 707 QUAE
1388 653 1440 700 IN
1472 652 1756 701 SOCIETATE
1782 653 1882 709 FIT,
1905 652 1968 700 AG
1996 652 2323 708 PROBATIONR

367 723 590 772 PROPRIA
618 725 674 773 EI
703 726 1105 782 ANTECEDENTE‚
1134 727 1305 780 DEQUE
1335 726 1472 774 ALIIS
1503 726 1653 773 VOTIS
1685 727 2010 775 SIMPLIGIBUS
2040 726 2161 780 QUAE

714 802 1127 856 CONSEQUENTER
1156 804 1227 851 AD
1258 803 1424 851 ILLAM
1455 803 1796 853 EMITTUNTUR.

996 943 1502 968 ξυμ-ηψ-

204 1072 311 1124 ΟΑΡ.
353 1076 388 1123 I.
429 1054 506 1123 An
532 1075 756 1138 professio
777 1075 827 1123 in
858 1074 1086 1124 Societate
1114 1084 1236 1126 recte

269 1156 349 1203 diu
372 1157 635 1220 differatur.

201 1237 308 1287 CAP.
350 1238 408 1286 II.
453 1238 615 1286 Utrum
642 1246 748 1284 ante
783 1235 1115 1299 professionem
1142 1244 1237 1283 ter-

269 1317 358 1364 tius
382 1317 669 1379 probationis
694 1332 840 1364 annus
859 1316 963 1378 fieri
988 1316 1165 1363 debeat.

201 1397 307 1446 CAP.
336 1398 415 1444 III.
463 1396 585 1454 Quid
609 1396 669 1443 sit
694 1396 741 1442 in
765 1395 1048 1459 professione
1074 1394 1234 1443 Socie-

267 1479 375 1526 tatis
411 1495 590 1533 vovere,
619 1480 871 1526 secundum
903 1479 1228 1532 obedientiam,

1356 1075 1604 1139 sessionem
1626 1075 1823 1130 emissis,
1847 1090 1902 1123 ac
1920 1076 2122 1138 primum
2141 1075 2197 1122 de
2219 1081 2321 1122 voto

1356 1171 1448 1202 non
1483 1156 1763 1204 assentiendi
1801 1155 2079 1204 relaxationi
2120 1171 2321 1219 pauper-

1358 1244 1480 1283 talis.
2331 1220 2334 1222 v

1288 1315 1395 1367 Cn.
1435 1318 1532 1365 VII.
1572 1317 1641 1364 De
1664 1326 1765 1365 voto
1790 1334 1883 1365 non
1910 1317 2144 1365 ambiendi
2167 1316 2322 1379 diqni-

1358 1407 1496 1446 tatem
1523 1399 1729 1462 aliquam
1765 1399 1888 1446 intra
1910 1400 1981 1446 vel
2013 1409 2144 1446 extra
2168 1397 2317 1445 Socie-

1355 1487 1511 1525 talem.

262 1560 549 1623 peculiarem
601 1576 761 1608 curam
811 1560 936 1608 circa
984 1575 1233 1622 puerorum
1288 1559 1395 1608 CAP.
1435 1560 1553 1606 VIII.
1593 1559 1671 1606 An
1713 1569 1868 1606 votum
1912 1576 2005 1607 non
2051 1556 2324 1621 acceptandi

265 1642 589 1701 eruditionem,
618 1652 663 1690 et
695 1659 796 1706 quce
819 1642 1034 1709 specialis
1055 1643 1232 1706 obliqa-

266 1723 328 1769 tio
353 1724 460 1769 inde
485 1734 722 1770 nascatur.

200 1801 307 1851 CAP.
338 1803 414 1848 lV.
446 1801 523 1847 An
548 1800 820 1848 obedientioe
843 1810 996 1848 votum
1017 1803 1079 1849 ad
1095 1801 1236 1849 Sum-

262 1898 390 1928 mum
408 1882 701 1944 Pontificem,
718 1882 839 1944 quod
861 1882 1057 1944 professi
1075 1881 1233 1929 Socie-

265 1960 373 2008 tatis
404 1960 632 2013 emittunt,
662 1960 722 2006 sit
744 1961 962 2019 solemne,
986 1970 1030 2008 et
1049 1963 1105 2009 ab
1126 1962 1234 2013 aliis

265 2041 410 2089 tribus
435 2041 719 2087 distinctum.

202 2120 308 2171 Cn.
346 2122 399 2169 V.
439 2121 517 2167 An
539 2119 767 2182 professio
787 2119 1074 2169 convenienti
1095 2122 1230 2170 modo

263 2202 313 2247 in
338 2200 567 2247 Societate
591 2200 689 2261 siat.

198 2281 304 2330 Cn».
333 2281 408 2327 VI.
435 2279 503 2326 De
525 2280 641 2326 votis
662 2277 949 2341 simplicibus
972 2279 1095 2325 ultra
1117 2294 1234 2341 pro-

1352 1638 1685 1702 Episcopalum
1712 1640 1880 1702 absque
1913 1640 2177 1703 Superioris
2200 1654 2322 1700 prce-

1355 1731 1485 1784 ceplo
1524 1721 1845 1769 convenienter
1867 1724 1950 1785 fiat
1988 1723 2036 1769 in
2073 1721 2320 1769 Societate.

1288 1800 1395 1849 CAP.
1422 1802 1503 1847 IX.
1547 1801 1614 1847 De
1640 1811 1740 1847 voto
1768 1802 1988 1848 audiendi
2013 1801 2206 1848 consilia
2230 1798 2322 1846 Ge—

1353 1880 1543 1934 neralis,
1585 1881 1626 1926 si
1665 1881 1767 1943 quis
1805 1884 2040 1943 professus
2080 1879 2326 1927 Societatis

1352 1961 1402 2008 in
1438 1960 1720 2022 Episcopum
1747 1970 2004 2023 assumptus
2027 1960 2186 2022 fuerit.

1286 2042 1397 2091 CAP.
1437 2044 1495 2090 X.
1537 2042 1604 2089 De
1629 2052 1729 2089 voto
1756 2042 2090 2104 manifestandi
2116 2041 2322 2105 diqnita—

1356 2131 1443 2168 tem
1479 2123 1685 2184 aliquam
1710 2131 2028 2184 procurantes.

1282 2198 1390 2243 Cn.
1430 2200 1509 2246 XI.
1563 2199 1656 2247 Cur
1694 2201 1820 2247 dicta
1866 2200 2180 2262 professorum
2215 2207 2321 2246 vota

1349 2278 1584 2339 simplicia
1609 2283 1719 2337 sint,
1744 2293 1789 2325 et
1812 2299 1903 2328 non
1927 2282 2170 2330 solemnia.

1015 2530 1211 2589 LIBER
1246 2529 1500 2589 SEXTUS

536 2685 735 2834 DE
841 2684 1965 2833 PROFESSIONE

360 2911 461 2960 QUAE
483 2913 529 2955 IN
554 2911 780 2955 SOCIETATE
803 2910 887 2961 ΠΤ,
911 2909 963 2952 AG
986 2911 1043 2951 DE
1066 2910 1124 2952 IIS
1150 2910 1248 2955 QUAE
1271 2908 1403 2951 ILLAM
1426 2905 1705 2949 ANTECEDUNT
1728 2907 1782 2948 ET
1805 2906 2156 2954 GONSEQUUNTUR·

253 3193 436 3233 Diximus
450 3193 650 3232 hactenus
672 3192 724 3232 de
745 3193 877 3242 gradu
898 3191 1147 3230 scholarium
1159 3192 1230 3230 So·

201 3254 383 3300 eietatis;
409 3255 612 3305 reliquum
645 3258 707 3293 est
738 3258 783 3293 ut
804 3253 855 3292 ad
877 3253 1051 3303 gradum
1072 3251 1230 3302 profes-

201 3329 341 3357 sorum
354 3315 572 3355 transitum
589 3315 802 3353 faciamus.
818 3313 932 3353 Prius
947 3317 1086 3352 autem
1103 3324 1229 3363 quam

201 3378 252 3419 de
282 3377 537 3430 professione
570 3377 685 3426 ipsa,
718 3387 792 3426 per
819 3386 946 3426 quam
975 3374 1127 3425 gradus
1159 3373 1227 3413 ille

203 3440 477 3483 constituitur,
511 3438 837 3483 consideremus,
860 3437 992 3486 prim)
1028 3436 1118 3474 loco
1155 3447 1229 3486 per

202 3500 285 3541 duo
315 3499 528 3552 sequentia
561 3498 695 3550 capita
725 3498 924 3536 nonnulla
944 3496 1229 3548 praemittenda

203 3566 314 3611 sunt,
347 3562 400 3601 de
428 3566 613 3612 tempore
647 3563 688 3598 et
715 3558 960 3610 probatione
996 3558 1155 3609 praeviis
1175 3556 1229 3596 ad

203 3622 316 3665 illam
340 3623 458 3673 juxta
490 3619 742 3673 peculiarem
772 3618 986 3660 Societatis
1008 3618 1227 3660 institutio-

1284 3203 1404 3238 nem;
1428 3203 1520 3242 quae
1540 3191 1583 3230 in
1612 3191 1691 3230 hoc
1712 3189 1763 3229 ab
1782 3190 1874 3229 aliis
1894 3190 2053 3239 differt,
2081 3189 2194 3241 quod
2211 3189 2311 3230 reli·
2347 3190 2350 3192 ’

1283 3252 1420 3302 giosos
1441 3264 1537 3291 suos
1558 3251 1611 3290 ad
1643 3251 1942 3302 professionem
1961 3251 2202 3298 solemnem,
2224 3260 2311 3290 non

1282 3313 1356 3351 nisi
1379 3318 1471 3364 post
1497 3313 1738 3352 diuturnum
1757 3317 1920 3363 tempus
1935 3342 1947 3359 ‚
1981 3311 2177 3357 admittit;
2200 3315 2242 3351 et
2264 3310 2324 3350 in⁴
2344 3309 2352 3346 Σ

1282 3373 1360 3412 hoe
1385 3375 1507 3412 etiam
1526 3373 1652 3424 quod,
1671 3385 1753 3411 non
1776 3375 1967 3412 contenta
1986 3372 2112 3423 priori
2139 3369 2325 3419 biennia,
2345 3405 2352 3426 4

1282 3434 1548 3486 probationis,
1580 3434 1747 3473 tertium
1775 3445 1932 3472 annum
1965 3433 2018 3472 ab
2050 3423 2352 3647 scholaribx3'

1283 3495 1366 3534 suis
1383 3500 1475 3545 post
1501 3494 1616 3533 finita
1642 3494 1777 3534 studia
1797 3494 1944 3545 exigit;
1963 3497 2004 3532 et
2022 3492 2121 3544 quia
2148 3494 2300 3530 utrum*

1283 3567 1362 3607 que
1380 3556 1586 3608 singulare
1605 3556 1778 3605 videtur,
1793 3560 2014 3604 utrumque
2033 3553 2075 3591 in
2094 3564 2144 3592 ea
2165 3563 2262 3604 repr
2296 3585 2303 3594 ,,

1282 3619 1457 3659 hensum
1477 3622 1560 3668 θείς
1579 3621 1622 3660 et
1635 3617 1730 3660 ideo
1747 3616 1960 3670 utriusque
1981 3614 2184 3656 rationem
2203 3611 2281 3653 red
2312 3652 2325 3671 ε

2136 3693 2352 3880 rit
