2352 3880
174 268 417 344 gregatione
432 287 643 340 religiosa,
659 291 753 328 tum
765 287 864 339 quia
883 300 970 328 non
986 289 1124 331 solum
1140 301 1206 331 sa-

172 350 254 400 lus,
277 351 351 390 sed
373 350 498 390 etiam
514 347 713 401 perfectio
736 348 1010 402 singulorum,
1039 350 1203 400 extrita,

173 416 216 454 et
235 410 702 462 exemploffiraesidentis
719 423 873 464 magua
893 423 944 452 ex
962 413 1079 463 parte
1106 423 1206 464 pen-

171 471 267 520 deu
286 475 375 511 tum
395 472 521 511 etiam
541 471 640 523 quia
654 475 789 513 totum
811 472 1022 525 religionis
1047 473 1206 514 bonum

171 543 224 573 ex
241 532 478 573 obedientia
495 533 674 586 pendet,
695 545 788 586 quae
809 545 860 574 ex
879 534 1103 575 ambitione
1118 547 1205 575 ma-

170 593 281 634 xime
299 595 580 646 perturbatur.
598 595 718 644 Nam,
737 599 785 636 ut
806 595 909 637 dixit
930 597 1205 648 Symmachus

170 654 297 707 Papa,
313 657 370 696 ‘in
386 657 555 709 Synodo
573 657 783 706 Romana,
802 669 841 698 c.
875 659 897 698 1
926 667 941 696 ι
968 657 1074 707 Quos
1093 669 1206 699 amor

170 717 456 760 dominationis
473 719 652 767 invadit,
671 718 794 760 etiam
811 718 961 770 juyum
981 718 1206 760 Ecclesias-

169 779 262 822 ticoe
292 781 520 832 disciplinoe
551 780 658 831 facit
682 791 887 832 respuere,-
910 782 952 819 et
979 778 1075 818 ideo
1103 778 1205 819 dixit

169 839 283 881 idem
301 841 487 881 Pontifex
502 871 512 889 ,
535 841 656 893 epist.
675 842 715 889 1,
735 852 772 879 c.
793 841 817 879 5
835 854 845 878 ε
867 839 967 880 Cum
991 841 1056 881 liic
1079 852 1204 883 exces-

167 913 240 944 sus
256 902 301 943 in.
317 903 425 944 laica
448 902 738 943 conversatione
762 901 956 951 culpetur,
978 902 1070 953 quis
1091 902 1203 943 dubi-

168 967 233 1007 tat
247 965 346 1017 quin
363 965 438 1004 reli
439 964 567 1017 yiosis
583 974 628 1002 ae
641 963 768 1002 Deam
784 962 1012 1003 timentibus
1030 963 1203 1004 incutiat

169 1025 424 1078 opprobrium
440 1025 459 1063 ?
478 1023 655 1062 habetur
683 1023 727 1062 in
760 1035 796 1063 c.
817 1023 972 1065 Nullus
988 1024 1137 1076 itaque,
1157 1026 1198 1072 t,

167 1097 212 1140 q.
227 1090 247 1127 1
258 1117 267 1126 .
283 1088 334 1126 Et
345 1086 547 1125 rationem
569 1084 763 1135 explicuit
780 1085 932 1135 optime
948 1085 1196 1134 Bonifacius,

170 1149 266 1200 Sp„
284 1149 328 1186 in
348 1159 383 1186 c.
409 1146 692 1195 Quorumdam,
712 1145 764 1185 de
784 1146 1078 1192 Electionibus,
1097 1146 1140 1186 in
1156 1147 1196 1186 6.

166 1211 271 1259 Quia
288 1209 506 1259 religiosus
524 1207 711 1247 ambiens
732 1207 992 1258 dignitatem,
1008 1219 1093 1247 suae
1108 1219 1200 1259 pro-

168 1270 361 1310 fessionis
389 1269 556 1316 oblitus,
588 1269 732 1319 incipit
749 1272 862 1308 retro
881 1270 1100 1321 respicere.
1123 1270 1203 1309 De·

167 1333 292 1384 nique
313 1332 415 1370 nihil
442 1330 721 1384 perfectionis,
740 1331 823 1370 imo
853 1334 894 1370 et
910 1330 1072 1370 virtutis
1089 1330 1201 1371 viam

166 1394 223 1434 ita
251 1393 438 1445 impedit,
465 1393 570 1432 sicut
594 1392 786 1439 ambitio;
806 1396 870 1431 est
888 1392 1016 1439 enim,
1040 1395 1086 1431 ut
1105 1391 1201 1432 scri-

165 1455 250 1508 psit
273 1454 509 1495 Bernardus
531 1483 542 1502 ,
574 1465 766 1493 sermone
795 1457 910 1492 sexto
929 1453 972 1491 in
991 1453 1098 1492 Psal.
1121 1452 1203 1501 Qui

165 1517 347 1558 habitat:
363 1516 522 1558 Subtile
539 1515 701 1563 malum,
721 1519 910 1555 secretum
928 1514 1056 1562 viras,
1075 1515 1201 1565 pestis

167 1579 334 1625 occulta,
358 1578 439 1617 doli
458 1576 625 1626 artifex,
648 1577 790 1617 livoris
816 1587 978 1626 parens,
1011 1576 1200 1615 vitiorum

167 1639 295 1690 orico,
317 1638 528 1679 criminum
550 1643 687 1687 fomes,
706 1638 904 1678 virtutum
921 1647 1071 1689 oeruqo,
1092 1637 1201 1677 tinea

163 1701 422 1748 sanctitatis,
446 1700 686 1741 eoeeoecatrix
712 1699 906 1744 cordium,
945 1709 993 1738 cx
1019 1697 1200 1738 remediis

164 1763 319 1803 morbos
347 1774 484 1802 creans
500 1792 513 1810 ,
548 1771 741 1813 yenerans
760 1771 808 1799 esc
827 1759 1022 1799 medicina
1040 1759 1203 1809 lanquo-

163 1834 264 1865 rem.
286 1823 363 1868 Qui
383 1823 509 1861 etiam
526 1822 609 1872 legi
630 1824 765 1871 potest
782 1820 902 1871 epist.
923 1822 976 1861 42
995 1825 1035 1860 et
1055 1820 1145 1860 126.

218 1885 258 1924 5.
301 1883 529 1935 Applicatio
551 1884 748 1923 dictorum
776 1883 828 1922 ad
867 1881 1121 1923 Societatem.
1149 1906 1202 1912 —

163 1945 226 1986 ob
243 1946 352 1984 hanc
372 1956 471 1995 ergo
490 1955 659 1982 causam
678 1946 792 1981 tanta
808 1943 1080 1982 sollicitudine
1096 1955 1199 1994 pree-

164 2007 279 2047 venit
298 2007 343 2045 Β.
372 2005 569 2055 ignatius,
602 2008 647 2043 ut
682 2003 780 2043 huic
807 2005 904 2043 vitio
924 2005 965 2043 in
994 2005 1196 2044 Societate

165 2068 275 2108 viam
321 2068 491 2106 omnino
535 2065 813 2117 praecluderet
832 2096 845 2114 ,
875 2066 1086 2104 mediante
1119 2067 1197 2105 hoc

163 2133 261 2170 voto
279 2128 447 2180 speciali
467 2127 765 2178 professorum,
790 2127 902 2177 quod
919 2127 998 2165 illis
1017 2127 1196 2167 maxime

167 2191 421 2232 conveniens
441 2189 530 2237 fuit,
548 2189 644 2240 quia
657 2192 697 2228 et
715 2189 821 2227 intra
842 2188 1087 2227 Societatem
1103 2201 1205 2239 prae·

162 2254 290 2305 ‘cipua
311 2252 558 2303 gubernatio
582 2250 637 2289 ad
673 2261 746 2288 eos
781 2249 975 2299 pertinet,
1012 2253 1053 2288 et
1088 2254 1202 2289 extra

170 2315 420 2355 Societatem
443 2312 499 2351 illi
535 2323 628 2352 esse
659 2314 831 2361 possunt
873 2310 927 2349 ad
962 2310 1203 2361 hujusmodi

169 2376 390 2428 dignitates
418 2374 612 2425 aptiores.
646 2373 696 2411 Et
733 2376 903 2423 propter
938 2373 1047 2412 hanc
1078 2374 1203 2413 etiam

170 2448 340 2477 causam
361 2435 493 2487 potuit
522 2446 613 2473 esse
650 2434 691 2472 in
714 2434 793 2472 hac
825 2434 1027 2485 religione
1061 2439 1199 2474 votum

169 2499 249 2538 hoc
266 2499 398 2548 magis
419 2495 718 2544 necessarium,
749 2507 874 2546 quam
906 2495 948 2534 in
980 2495 1085 2544 aliis,
1106 2497 1202 2548 quia

164 2558 330 2600 'facilius
349 2562 510 2610 poterat
527 2557 607 2596 hoc
627 2557 770 2596 vitium
800 2568 893 2595 eam
911 2555 1128 2608 impetere,
1151 2569 1201 2597 eo

170 2621 283 2672 quod
314 2620 488 2672 professi
510 2620 600 2670 ejus
619 2619 744 2659 futuri
781 2622 912 2665 erant,
939 2620 1079 2669 quoad
1110 2619 1203 2658 fieri

168 2687 325 2736 posset,
341 2683 488 2722 litteris
504 2681 667 2730 eruditi,
688 2680 791 2719 etad
804 2681 1204 2733 Ecclesiasticaquae-

165 2751 351 2796 'cumque
374 2743 602 2783 ministeria
621 2742 777 2790 idonei,
795 2746 834 2782 et
853 2743 894 2780 in
908 2743 967 2781 eis
978 2744 1202 2794 plurimum

170 2806 382 2846 exercitati
407 2818 417 2852 ;
440 2804 552 2844 unde
575 2804 701 2843 etiam
718 2803 840 2842 facile
868 2805 1066 2855 consequi
1087 2807 1203 2855 pote-

170 2871 250 2913 rat,
272 2870 318 2905 ut
336 2867 445 2905 inter
462 2863 671 2916 principes
708 2866 751 2903 et
778 2864 972 2903 Praelatos
1008 2865 1201 2904 Ecclesiae

169 2927 428 2968 familiariter
441 2929 722 2974 versarentur,
738 2925 898 2975 illisque
927 2926 1031 2976 grati
1061 2938 1110 2965 ac
1128 2926 1205 2965 be-

171 2989 308 3029 nevoli
334 2989 580 3029 existerent:
604 2999 696 3038 quae
713 2987 867 3032 omnia,
887 2991 927 3026 et
947 2987 1077 3027 multa
1103 2988 1198 3036 alia,

171 3059 268 3101 quae
286 3050 338 3088 ab
362 3059 616 3100 unoquoque
635 3047 885 3087 considerari
918 3050 1106 3099 possunt,
1140 3048 1203 3089 fa-

167 3111 251 3157 {cile
271 3114 463 3162 poterant
482 3109 720 3148 ambitionis
746 3114 884 3149 motus
915 3109 1108 3157 excitare,
1137 3108 1203 3150 vel

172 3171 299 3214 etiam
319 3182 578 3223 promovere,
598 3171 693 3219 nisi,
719 3174 919 3221 quantum
935 3174 998 3210 est
1017 3183 1067 3210 ex
1086 3174 1201 3221 parte

168 3232 362 3283 instituti,
402 3234 481 3273 hoc
513 3233 742 3272 remedium
790 3236 899 3272 esset
947 3232 1198 3279 adhibitum

169 3296 290 3352 quod
304 3308 388 3336 non
408 3296 542 3335 solum
561 3294 661 3334 utile
681 3298 744 3334 est
761 3298 855 3346 post
887 3294 1201 3346 professionem,

173 3358 346 3413 quando
361 3357 499 3410 ipsum
516 3361 657 3397 votum
686 3355 906 3402 emittitur;
933 3355 1008 3394 sed
1039 3355 1164 3395 etiam
1178 3367 1203 3394 a

174 3418 383 3474 principio
410 3418 475 3458 his
494 3418 565 3470 qui
594 3418 637 3457 in
676 3417 877 3456 novitiatu
907 3416 1200 3466 instituuntur3

116 3503 119 3506 >
177 3481 279 3532 quia
298 3480 433 3520 statim
457 3480 536 3520 hoc
553 3478 695 3531 spiritu
725 3478 980 3527 imbuuntur,
1009 3481 1054 3516 ut
1072 3477 1205 3517 conci·

181 3542 300 3594 piant
319 3541 422 3581 nihil
451 3551 543 3582 esse
576 3540 710 3592 magis
745 3538 996 3579 contrarium
1027 3537 1115 3586 fini,
1151 3537 1206 3578 ad

179 3613 307 3655 quem
323 3604 370 3645 in
397 3604 477 3646 hac
494 3602 695 3656 religione
720 3602 912 3651 tendunt,
937 3612 1066 3654 quam
1094 3601 1206 3644 inor-

1230 2716 1234 2719 .
1256 2694 1480 2737 procurare
1502 2680 1787 2732 praelationem
1807 2683 1920 2719 extra
1934 2679 2000 2718 vel
2018 2679 2124 2718 intra
2146 2678 2291 2721 Socie-
2315 2687 2333 2707 -’

530 223 610 258 ue.
630 223 688 257 w
706 221 764 257 ne
776 206 1066 263 enormem,
1082 223 1185 266 eum
1203 222 1247 261 m
1265 220 1492 260 sociem-rs
1511 220 1591 264 m.
1607 214 1681 259 m
1686 182 1754 262 ΒΕ.
1754 188 1828 266 ns.
1847 194 1941 265 m·
2145 206 2159 246 ἰ

1259 350 1384 392 etiam
1400 349 1557 391 factum
1573 353 1636 390 est
1653 349 1828 390 utnulla
1857 350 1929 392 in
1937 362 1985 394 ιο
2007 336 2202 404 -Supe‘

1258 410 1516 464 providentia
1536 411 1671 463 magis
1687 410 1887 463 invigilet,
1914 423 2042 464 quam
2065 426 2126 455 m·
2143 432 2175 449 m
2204 426 2211 434 »
2285 405 2290 429 “·

1257 473 1314 513 tio
1332 485 1356 512 a
1372 472 1576 514 Societate
1591 473 1919 522 exterminando,
1935 477 2024 515 tum
2043 470 2226 527 praela
2279 483 2281 487 '

1258 534 1365 575 intra
1381 533 1627 585 religionem
1643 534 1718 574 soli
1746 533 1941 575 Generali
1973 535 2143 577 commit

1258 598 1304 635 ut
1320 594 1394 634 lib.
1417 595 1483 644 10,
1503 607 1540 635 c.
1562 597 1604 644 3,
1624 595 1808 644 dicetur;
1837 599 1930 636 tum
1957 595 2083 639 etiam
2104 607 2228 647 cum

1258 656 1344 697 bita
1359 657 1591 696 reverentia
1610 656 1886 708 procurando,
1906 668 1961 697 ne
1996 657 2141 698 electio
2159 670 2184 698 a
2280 672 2282 678 ·

1253 719 1326 770 jus
1343 721 1458 758 extra
1476 718 1723 770 religionem
1740 730 1766 758 a
1788 717 1985 759 Pontifice
2006 718 2164 761 intenta
2191 736 2196 754 :
2247 730 2249 732 ’
2280 730 2288 744 ’-

1257 781 1451 821 effectum
1478 780 1632 828 veniat,
1667 782 1715 821 ut
1743 790 1830 820 non
1861 780 1992 821 semel
2023 792 2120 822 cum
2149 780 2192 822 di
2212 801 2218 815 ι
2242 775 2257 835 j,

1257 842 1389 894 gratia
1404 841 1633 893 perfectum
1654 843 1731 890 est,
1748 845 1790 882 et
1813 842 1855 880 in
1872 842 2054 882 historiis
2073 841 2190 883 Socie
2217 862 2221 877 π

1255 902 1409 954 legitur
1428 902 1546 953 (Vide
1559 902 1759 942 Ribaden.
1779 906 1820 942 et
1838 902 2052 943 Orlandin.
2068 902 2266 955 Εἰῐειῒοειῃ,

1256 977 1363 1016 seq„
1378 978 1420 1004 n.
1440 966 1524 1014 2⁵2.)
1537 974 1552 1014 ;
1574 964 1712 1016 quoad
1726 964 1862 1015 ipsum
1880 976 1980 1005 vero
2000 965 2233 1016 generalat
2254 969 2262 998 .·

1254 1039 1337 1066 una
1353 1027 1459 1066 inter
1478 1026 1578 1065 alias
1598 1026 1883 1077 perpetuitatis
1902 1026 1996 1077 ejus
2022 1037 2172 1066 causas
2193 1025 2271 1070 ret-‘1
2293 1063 2295 1067 Α

1254 1087 1364 1127 ditur
1389 1089 1431 1127 in
1452 1100 1562 1127 nona
1582 1091 1715 1138 parte,
1742 1098 1780 1128 c.
1802 1088 1844 1137 1,
1862 1086 1906 1126 in
1933 1086 2130 1127 declarat.
2150 1087 2214 1129 lit.
2248 1085 2278 1133 ,f
2298 1099 2299 1102 ’

1254 1150 1355 1202 quod
1372 1149 1532 1203 lonyius
1550 1149 1700 1190 recedet
1717 1148 1843 1189 omnis
1862 1149 2063 1202 cogitatio,
2080 1152 2119 1190 et
2134 1146 2294 1190 occas'v

1254 1211 1498 1259 ambitionis,
1533 1222 1621 1262 quoe
1647 1208 1880 1260 hujusmodi
1915 1210 2135 1261 officiorum
2164 1205 2291 1261 pest·
2335 1245 2336 1249 ,

1256 1275 1329 1321 est,
1353 1273 1392 1313 si
1415 1272 1535 1313 certis
1549 1271 1788 1322 temporibus
1813 1274 1911 1312 esset
1937 1271 2156 1322 eli-qemws.
2299 1311 2301 1313 ,
2326 1277 2338 1283 “

1306 1334 1346 1373 6.
1380 1333 1567 1375 Secunda
1614 1332 1796 1373 assertio.
1827 1353 1878 1361 --
1901 1331 2150 1372 Addendum
2190 1322 2299 1381 vero?
2324 1323 2341 1403 ᾗ

1255 1394 1428 1435 ulterius
1451 1398 1528 1443 est,
1550 1405 1624 1444 per
1643 1394 1721 1433 hoc
1738 1396 1881 1433 votum
1914 1405 1999 1432 non
2027 1393 2163 1433 solum
2197 1404 2295 1444 pro-
2330 1407 2343 1446 r

1255 1455 1390 1498 hiberi
1409 1455 1465 1504 id,
1486 1455 1598 1505 quod
1626 1465 1699 1505 per
1722 1465 1768 1493 se
1795 1458 1837 1495 et
1855 1458 2004 1494 natura
2024 1466 2100 1494 sua
2132 1454 2306 1498 mal-um
2320 1439 2338 1499 ξ

1256 1522 1333 1564 est,
1354 1516 1428 1556 sed
1448 1516 1572 1555 etiam
1592 1515 1748 1565 aliquid
1765 1515 1816 1554 de
1830 1527 1875 1554 se
1889 1515 2139 1563 indifferens,
2159 1514 2298 1565 quod-·
2324 1516 2341 1571 ἦ

1256 1590 1338 1630 que
1355 1579 1468 1629 justo
1480 1577 1620 1627 aliquo
1633 1576 1753 1615 titulo
1770 1576 1981 1616 honestari
1991 1581 2138 1628 potest.
2153 1572 2309 1622 Quan-
2271 1596 2310 1635 -5
2322 1581 2343 1631 ἶ

1256 1652 1383 1692 quam
1418 1639 1529 1678 enim
1561 1642 1760 1689 appetere
1802 1638 2085 1688 praelationem
2122 1628 2347 1711 propterssg3

1257 1701 1545 1742 excellentiam
1567 1704 1607 1739 et
1630 1701 1907 1750 potestatem,
1933 1699 2090 1739 malum
2119 1699 2190 1747 sit,
2218 1709 2331 1751 ap-
2347 1731 2349 1733 .

1256 1767 1400 1815 petere
1445 1762 1557 1801 illam
1596 1764 1764 1811 propter
1806 1759 1986 1800 fructum
2023 1760 2199 1800 aliorum
2248 1763 2313 1816 et«,
2327 1751 2352 1806 ζ

1257 1828 1427 1876 propter
1472 1822 1635 1872 vigilias
1669 1825 1710 1860 et
1746 1820 1912 1861 labores
1945 1819 2064 1872 ejus,
2100 1833 2186 1862 non
2226 1815 2314 1871 ests
2333 1837 2352 1863 ῑ·

1258 1897 1308 1924 ex
1345 1897 1390 1925 se
1427 1884 1614 1930 malum,
1646 1882 1732 1920 imo
1762 1883 1901 1933 potius
1945 1883 2073 1922 habet
2107 1875 2314 1934 speciems
2334 1875 2344 1931 ᾖ

1255 1946 1386 1993 boni,
1425 1945 1589 1984 dicente
1631 1942 1882 1988 Pau10‚ad
1925 1943 2188 1984 Timotheum
2223 1945 2249 1987 3
2273 1954 2288 1984 τ
2339 1944 2352 1946 ”

1255 2006 1334 2055 Qua·
1368 2007 1659 2058 Episcopatum
1680 2004 1891 2051 desiderat,
1919 2004 2063 2046 bonum
2096 2014 2198 2056 opu-0
2226 1998 2352 2056 der?

1251 2068 1416 2108 siderat.
1455 2067 1515 2105 Ex
1545 2077 1628 2117 quo
1662 2064 1709 2104 fit
1742 2066 1788 2104 ut
1817 2076 2048 2115 procurare
2069 2067 2352 2122 Episcopa-{T

1256 2133 1360 2175 tum,
1386 2127 1507 2167 sitiat
1534 2139 1584 2166 ex
1603 2125 1818 2165 modexato
1844 2125 1996 2165 affectu
2018 2131 2187 2177 piopter
2206 2127 2325 2167 dic·
2339 2136 2352 2184 ξ

1257 2195 1344 2230 tum
1365 2190 1586 2228 honestum
1605 2187 1748 2235 finem,
1753 2190 1793 2225 et
1811 2198 1907 2225 curn
1920 2187 2009 2225 aliis
2019 2187 2289 2228 circumstan-
2315 2176 2352 2229 it

1255 2251 1324 2292 tiis
1344 2250 1507 2296 debitis,
1527 2260 1610 2287 non
1630 2248 1679 2287 sit
1698 2248 1856 2288 malum
1888 2259 1939 2287 ex
1966 2252 2116 2287 natura
2146 2250 2222 2298 rei,
2248 2233 2335 2293 et·

1258 2312 1482 2363 aliquando
1494 2311 1666 2349 foitasse
1684 2313 1825 2360 posset
1843 2320 1932 2348 esse
1950 2309 2232 2358 meritorium,
2254 2309 2323 2350 si

1258 2376 1531 2426 Episcopatus
1545 2373 1612 2411 vel
1637 2371 1822 2422 praelatio
1836 2371 2017 2410 multum
2034 2372 2210 2413 haberet
2227 2371 2330 2431 lag
2310 2398 2311 2402 ,
2331 2393 2352 2401 -·

1257 2437 1386 2483 boris,
1410 2440 1451 2474 et
1471 2447 1619 2485 parum
1640 2434 1808 2473 honoris
1823 2435 1895 2474 aut
1917 2434 2159 2485 temporalis
2181 2380 2330 2475 utili-3

1256 2499 1366 2547 tatis,
1387 2502 1426 2536 et
1440 2497 1532 2535 ideo
1553 2495 1672 2546 pauci
1692 2496 1759 2535 vel
1786 2494 1888 2534 nulli
1926 2500 2065 2535 essent
2083 2494 2198 2548 digni
2215 2495 2328 2558 qui}
2312 2455 2352 2531 i!

1256 2561 1374 2600 illum
1393 2561 1610 2610 acceptare
1628 2557 1794 2598 vellent.
1815 2557 1893 2596 Per
1912 2557 1991 2598 hoc
2004 2558 2128 2607 igitur
2145 2561 2288 2598 votum
2315 2525 2352 2607 gi

1258 2635 1342 2663 non
1364 2622 1498 2660 solum
1518 2620 1753 2670 obligantur
1773 2618 1948 2669 professi
1969 2618 2189 2659 societatis
2201 2628 2290 2659 non
2314 2626 2336 2674 [ζ

1257 2750 1402 2792 tatem,
1431 2742 1647 2781 ambitiosa
1691 2740 1759 2779 vel
1793 2739 1903 2790 turpi
1936 2740 2179 2790 intentione,
2214 2744 2289 2783 aut
2314 2729 2343 2770 '³

1255 2805 1547 2860 praetensione,
1565 2802 1638 2842 sed
1659 2800 1820 2842 etiamsi
1842 2812 1890 2840 ea
1903 2802 2120 2852 praetensio
2146 2802 2287 2854 aliquo
2321 2814 2339 2847 ῖς

1255 2868 1373 2908 titulo
1406 2865 1472 2904 vel
1523 2863 1660 2903 colore
1698 2863 1909 2902 honestari
1956 2862 2160 2904 videatur.
2198 2865 2286 2908 Hoc
2311 2879 2313 2883 ¹
2343 2883 2352 2917 ,ς

1258 2930 1422 2969 constat
1438 2937 1490 2965 ex
1518 2925 1608 2976 ipsa
1627 2924 1762 2963 forma
1779 2923 1971 2972 vovendi,
1999 2935 2202 2977 nunquam
2218 2935 2284 2972 m
2314 2917 2321 2970 '2
2336 2939 2352 2958 -s

1256 2992 1458 3035 acturum,
1493 2990 1727 3027 curaturum
1756 2989 1826 3027 aut
1851 2990 2143 3039 praetenserum
2156 2994 2287 3039 ‚qua
2314 3004 2342 3012 ·⁴

1255 3051 1383 3091 verba
1421 3048 1699 3088 inditlerentia
1730 3051 1826 3086 sunt
1865 3047 1917 3087 ad
1964 3037 2310 3099 praetensionemf

1257 3112 1358 3153 alias
1379 3111 1532 3150 licitam
1553 3110 1620 3149 vel
1639 3109 1848 3156 illicitam,
1870 3108 1974 3148 sicut
2009 3109 2079 3160 qui
2097 3110 2302 3152 absolute
2310 3128 2312 3130 ·

1255 3177 1378 3214 vovet
1398 3172 1642 3219 castitatem,
1661 3183 1747 3210 non
1778 3170 1913 3210 solum
1935 3170 2136 3221 promittit
2162 3169 2286 3212 absti-

1258 3246 1360 3274 nere
1379 3234 1432 3274 ab
1458 3233 1608 3272 illicitis
1628 3232 1788 3272 actibus
1806 3231 2008 3279 venereis,
2030 3231 2243 3274 sedetiam
2310 3271 2311 3274 ,
2344 3252 2345 3255 “

1258 3295 1381 3335 licitis
1401 3294 1667 3334 matrimonii.
1691 3294 1834 3344 Neque
1855 3294 1989 3333 obstat
2015 3293 2155 3344 quod
2145 3304 2188 3335 ul
2205 3281 2307 3348 56,

1257 3356 1419 3397 decima
1454 3359 1570 3407 parte
1595 3355 1952 3402 constitutionum,
1981 3354 2163 3396 dicitur:
2181 3353 2228 3397 ,Β
2262 3351 2305 3406 ‘5‘

1259 3420 1404 3460 summi
1423 3418 1624 3464 tutamenti,
1645 3421 1693 3458 ut
1721 3421 1909 3470 perpetuo
1923 3416 2028 3466 felix
2044 3418 2180 3459 status
2207 3411 2272 3460 S
2292 3434 2301 3474 j

1260 3480 1420 3520 cietatie
1430 3482 1697 3527 cavernatim,
1713 3475 2017 3530 ailiyentim'me
2035 3475 2189 3521 ambit·
2291 3488 2294 3494 ·

1257 3542 1455 3581 malorum
1490 3539 1662 3582 omnium
1709 3540 1757 3581 in
1790 3538 1932 3594 qumis
1967 3536 2183 3592 Republica

1258 3602 1556 3656 conereqatione
1589 3603 1762 3644 matrem
1794 3599 2037 3646 submovere,
2071 3599 2151 3638 etc.
2198 3600 2208 3626 t
2242 3602 2271 3644 τ’,

2174 3788 2195 3807 ΆἾ
2201 3767 2220 3791 ’ἦ
2226 3763 2237 3803 '—
2267 3766 2269 3769 ⁴
