2352 3880
137 228 245 270 {104

135 297 345 339 interdum
371 301 419 336 ut
436 307 462 335 a
484 293 621 347 judice
639 289 829 344 castigari
855 295 896 331 et
925 292 1162 345 praecaveri,

137 372 192 401 ne
218 361 263 400 in
288 359 463 399 aliorum
487 355 782 395 detrimentum
800 358 980 406 serpant.
1001 353 1057 395 De
1077 366 1165 395 mo·

131 416 190 462 'do
217 432 316 471 ergo
335 417 481 459 utendi
503 415 691 470 judiciali
717 415 1043 466 denuntiatione,
1067 427 1166 469 qua·

131 476 362 546 jlisoumque
381 479 477 520 ille
465 491 511 518 111
527 490 605 518 usu
624 477 675 517 sit
692 476 738 516 in
756 476 834 517 hac
852 476 1081 528 religione,
1101 476 1166 517 di-

130 530 276 613 {cemus
297 554 333 581 c.
357 543 434 587 13,
454 538 773 593 praemittendo·
761 550 807 578 m
825 539 929 578 c.11
951 542 992 578 01
1022 540 1073 578 12
1101 549 1168 591 ge·

130 604 319 644 meralem
347 601 577 643 doctrinam
604 613 654 642 ea
684 601 736 641 de
766 611 838 650 re3
859 599 927 640 hic
953 600 1086 641 solum
1115 600 1167 641 de

126 655 383 716 jEvangeliea
409 664 680 717 disputamus.
701 663 752 703 Et
781 662 997 702 difficultas
1022 662 1167 714 praeci·

125 717 220 780 ‘pua
234 729 310 776 est,
331 724 497 779 quando
517 724 690 765 materia
707 723 795 775 ejus
811 726 871 763 est
886 722 1053 774 aliquod
1072 733 1164 773 gra-

132 799 185 829 ve
207 791 418 841 peccatum
433 802 445 837 3
463 797 562 827 nam
577 785 623 826 in
639 784 926 825 communibus
942 783 1165 824 defectibus

135 850 208 903 qui
226 850 271 890 in
288 849 388 889 viris
406 848 530 889 etiam
562 845 747 899 perfectis
773 845 1059 896 inveniuntur,
1079 857 1164 886 non

133 914 293 963 oportet
314 914 401 950 tam
423 908 655 961 scrupulose
686 907 839 947 servari
869 906 1024 946 dictum
1053 906 1164 947 ordi-

133 984 246 1022 nem,
275 975 338 1021 ut,
359 971 527 1018 seilicet,
555 968 715 1020 privata
743 967 915 1007 monitio
941 968 1160 1020 praecedat.

141 1034 228 1074 Imo
246 1033 396 1085 poterit
421 1031 544 1070 etiam
561 1029 754 1081 Superior
773 1029 1009 1081 hujusmodi
1031 1030 1164 1070 defec-

133 1098 199 1135 tus
223 1094 275 1133 ad
309 1104 352 1133 se
377 1091 533 1131 delatos
556 1094 598 1130 et
618 1091 800 1142 cognitos
830 1090 1090 1132 manifestare
1117 1091 1163 1132 in

132 1155 304 1209 publicis
318 1151 717 1205 reprehensionibus,
733 1157 775 1193 et
793 1153 1020 1193 ordinarias
1035 1153 1164 1205 poeni-

131 1217 282 1258 tentias
317 1216 530 1268 imponere
573 1215 693 1267 Juxta
733 1215 895 1267 praxim
935 1214 1161 1265 Societatis,

130 1276 355 1318 dummodo
380 1276 551 1329 alicujus
569 1276 771 1316 momenti
795 1288 880 1316 non
896 1276 1078 1318 inferant
1101 1276 1164 1317 in-

131 1341 315 1388 famiam,
337 1351 384 1379 ac
402 1338 630 1379 consentiat
647 1342 822 1379 secretus
841 1337 1012 1378 delator.

185 1403 226 1441 2.
260 1401 409 1444 Prima
437 1400 622 1443 assertio.
645 1419 700 1431 -·-
728 1400 822 1439 Haec
839 1411 937 1451 ergo
954 1400 1006 1439 sit
1033 1399 1166 1452 prima

129 1465 316 1525 assertio,
339 1463 488 1502 merito
511 1462 557 1503 in
586 1461 665 1501 hac
695 1461 894 1512 religione
925 1462 1094 1510 servari,
1117 1465 1164 1501 ut

132 1526 178 1566 in
199 1525 421 1565 levioribus
441 1523 612 1573 delictis,
634 1523 781 1562 omissa
799 1523 956 1574 privata
974 1523 1163 1563 monitio-

135 1600 201 1636 ne,
220 1587 357 1626 statim
377 1585 587 1637 Superiori
605 1584 934 1625 manifestentur.
954 1585 1086 1636 Hujus
1104 1597 1165 1625 as-

135 1650 326 1691 sertionis
350 1649 501 1689 veritas
526 1649 702 1700 (praeter
720 1648 943 1687 cessionem
969 1648 1082 1687 illam
1100 1648 1165 1699 ju-

137 1714 204 1760 ris,
226 1713 276 1751 de
296 1711 441 1762 quain
457 1722 494 1750 c.
514 1711 554 1758 7,
576 1721 619 1748 n.
653 1709 729 1761 48)
750 1713 907 1749 constat
935 1722 960 1749 a
989 1709 1163 1758 fortiori,

135 1774 232 1827 quia
251 1773 286 1812 si
303 1774 421 1824 juxta
449 1771 612 1823 praxim
633 1771 842 1810 Societatis
861 1770 969 1810 leves
988 1770 1167 1810 defectus

135 1848 161 1876 a
180 1833 463 1887 Superioribus
482 1833 800 1873 manifestantur
826 1833 870 1872 in
904 1833 1073 1885 publicis
1103 1845 1168 1874 re—

137 1895 476 1950 prehensionibus
490 1925 503 1944 ,
522 1907 569 1935 ac
587 1895 839 1946 poenitentiae
871 1895 1139 1947 imponuntur
1151 1926 1165 1945 ,

137 1971 230 2000 cum
264 1958 360 1997 inde
398 1956 514 1996 nulla
544 1957 716 1995 infamia
751 1957 922 2007 alicujus
968 1958 1167 1997 momenti

137 2024 313 2068 creatur,
333 2030 467 2070 neque
486 2017 781 2057 detrimentum
802 2018 1016 2067 deferenti,
1046 2024 1168 2071 atque

138 2083 227 2134 ejus
247 2080 552 2132 beneplacitum
575 2079 797 2130 obtinetur,
816 2083 862 2120 ut
881 2080 924 2119 in
946 2080 1168 2120 ordinatio-

139 2143 259 2184 nibus
278 2141 510 2191 contractis,
529 2153 619 2193 cap.
643 2143 708 2190 15,
730 2154 769 2193 p.
792 2144 834 2190 2,
852 2154 894 2182 n.
915 2143 957 2191 6,
976 2142 1166 2191 habetur,

141 2203 270 2245 multo
302 2204 432 2254 magis
451 2214 476 2242 a
493 2202 651 2242 fortiori
670 2202 808 2242 licebit
836 2202 961 2242 talem
989 2202 1169 2255 aliquem

140 2265 342 2305 defectum
373 2263 448 2303 soli
486 2263 693 2315 Superiori
720 2262 927 2314 revelare3
947 2263 1055 2303 dicta
1073 2275 1169 2304 vero

139 2327 276 2380 praxis
305 2330 366 2366 est
395 2325 613 2365 conformis
632 2325 825 2364 doctrinae
844 2326 890 2364 D.
913 2325 1079 2365 Thomae
1093 2356 1107 2375 ,
1126 2327 1166 2365 2.

139 2390 179 2438 2,
198 2401 238 2440 q.
261 2388 327 2437 33,
346 2391 422 2427 art.
446 2389 486 2436 7,
507 2387 558 2427 ad
579 2387 618 2435 3,
637 2386 710 2425 ubi
728 2387 786 2425 ait
813 2386 1167 2436 proclamationes,

139 2461 232 2501 quae
261 2450 307 2489 in
340 2448 527 2500 capitulis
558 2448 843 2498 religiosorum
871 2447 991 2497 fiunt,
1016 2459 1101 2487 esse
1120 2448 1170 2489 de

139 2510 345 2562 aliquibus
359 2509 532 2558 levibus,
551 2520 643 2560 quae
661 2508 781 2548 famae
797 2520 881 2547 non
900 2509 1113 2560 derogant,
1129 2513 1171 2549 et

139 2572 232 2611 ideo
248 2583 364 2623 posse
382 2576 522 2611 sancte
544 2570 637 2610 fieri
661 2571 748 2610 sine
769 2570 1049 2611 admonitione
1068 2582 1171 2623 prae-

139 2635 277 2683 missa,
295 2633 402 2672 utin
418 2635 661 2684 argumento
680 2634 933 2685 propositum
952 2633 1043 2673 fuit.
1060 2633 1171 2672 Idem

140 2695 267 2735 habet
296 2694 408 2743 Soto,
426 2694 520 2734 dict.
539 2693 709 2742 Reiect.‚
729 2694 914 2734 membro
933 2697 973 2742 2,
996 2706 1037 2746 q.
1059 2696 1101 2744 4,
1120 2695 1172 2734 ad

143 2758 163 2795 1
187 2755 372 2795 confirm.
404 2756 430 2795 2
458 2755 707 2806 argumenti.
730 2755 777 2794 In
804 2767 886 2808 quo
913 2759 1078 2796 auctore
1103 2767 1173 2796 ex-

142 2817 277 2868 pendo
299 2817 371 2856 1110
391 2816 543 2857 verba:
570 2816 665 2860 Voco
685 2820 815 2858 autem
835 2828 990 2869 yraves,
1011 2829 1089 2858 nort
1107 2829 1169 2859 so-

143 2877 228 2918 lam
246 2878 341 2918 illas
361 2890 447 2930 qaoe
464 2881 561 2920 sunt
580 2881 745 2930 peccata
774 2879 979 2926 mortalia,
999 2878 1068 2919 sed
1082 2890 1171 2931 quoe

145 2941 241 2979 sunt
262 2941 398 2978 contra
421 2942 572 2989 famam
594 2943 630 2979 et
655 2939 837 2979 honorem
853 2938 1044 2990 proximi,
1063 2943 1111 2981 at
1132 2940 1171 2980 si

147 3000 236 3051 qais
252 2998 424 3039 intraret
445 3001 575 3041 domos
602 3003 820 3053 suspectas.
841 3001 901 3039 Ex
918 3001 1066 3053 quibus
1084 3013 1171 3041 ver-

145 3061 207 3101 bis
227 3064 268 3100 et
296 3059 481 3111 exemplo
513 3061 673 3111 colligo,
704 3061 749 3101 in
778 3072 951 3114 persona
981 3062 1172 3112 religiosa

147 3134 269 3162 omne
284 3125 494 3173 peccatum
509 3122 695 3170 mortale,
711 3125 751 3161 et
769 3134 935 3162 omnem
953 3122 1169 3170 defectum,

147 3184 219 3236 qui
237 3184 362 3234 possit
383 3182 653 3234 suspicionem
668 3182 762 3222 talis
788 3184 941 3235 peccati
960 3195 1171 3234 generare,

149 3245 304 3285 censeri
333 3256 422 3284 rem
455 3244 701 3283 sufficienter
733 3256 899 3295 gravem
912 3275 925 3294 ,
962 3249 1002 3284 et
1034 3257 1172 3285 conse-

151 3310 324 3358 quenter
344 3306 357 3356 (
374 3306 482 3357 quod
500 3305 552 3345 ad
570 3310 809 3358 praesentem
829 3306 1089 3345 assertionem
1113 3306 1172 3346 fa-

151 3369 233 3418 cit)
249 3378 392 3407 omnes
409 3366 605 3416 defectus,
621 3367 692 3419 qui
709 3366 943 3417 hujusmodi
963 3379 1045 3406 non
1061 3372 1172 3417 sunt,

151 3430 305 3470 censeri
321 3429 441 3476 leves,
460 3433 500 3468 et
515 3440 630 3480 posse
645 3428 721 3468 sub
735 3428 811 3469 hac
829 3428 1048 3468 assertione
1068 3441 1173 3469 com-

152 3489 364 3537 prehendi.
382 3489 577 3531 Eamdem
592 3490 675 3530 fere
689 3489 912 3530 doctrinam
930 3489 1054 3529 babet
1066 3490 1172 3531 Abu-

153 3548 290 3598 1011515,
305 3552 350 3592 in
367 3562 405 3591 c.
427 3552 479 3592 18
497 3552 693 3600 Matthaei,
715 3564 755 3604 q.
778 3552 845 3601 97,
866 3550 917 3591 ad
937 3551 977 3600 8,
999 3552 1070 3591 ubi
1088 3563 1174 3593 om-

156 3621 223 3649 ma
236 3616 397 3662 peccata
417 3612 609 3662 venialia,
629 3611 736 3653 levia
758 3616 895 3653 censet
917 3612 966 3652 ad
987 3612 1098 3653 hunc
1116 3613 1174 3654 ef-

421 229 500 266 Lm.
521 229 565 263 X.
586 227 641 262 DE
658 225 856 260 nactum:
877 223 1125 268 socOETA'rls,
1146 225 1202 263 ΕΤ
1221 224 1540 266 CONSEQUENTER
1559 224 1616 259 DE
1633 215 1846 264 PRAELA‘ns
1858 228 1970 267 EIUS.

1217 292 1369 334 fectum
1393 304 1479 332 non
1509 291 1783 345 praemittendi
1811 294 2077 339 monitionem
2107 290 2315 351 privbk

1217 358 1330 402 tam3
1351 352 1452 405 quin
1477 353 1615 406 potius
1644 352 1840 406 Theologi
1871 359 2139 399 communiter
2169 358 2249 406 ᾶοοῑ
2270 370 2291 406 ²?
2312 355 2314 358 ⁵
2332 362 2352 412 JL

1220 419 1329 466 cent,
1359 418 1567 467 peccatum
1602 414 1762 456 veniale
1794 426 1880 456 non
1911 428 1998 459 esse
2027 420 2242 464 materiam
2298 413 2306 417 ⁴
2351 419 2352 422 ’

1220 476 1409 530 praecepti
1441 477 1704 517 correctionis
1731 478 1934 529 fraternae,
1968 479 2064 531 quia
2093 486 2152 523 est
2171 493 2240 525 res

1221 537 1441 579 admodum
1475 538 1591 589 levis,
1619 542 1660 578 et
1692 537 1867 579 charitas
1897 551 1982 579 non
2006 539 2156 592 obligat
2187 541 2241 584 ad

1220 599 1546 640 subveniendum
1581 599 1770 652 proximo
1800 600 1846 641 in
1877 612 2133 653 quacumque
2158 601 2242 647 levi

1220 661 1458 702 necessitate
1483 676 1496 710 3
1526 661 1635 713 quod
1665 661 1830 702 videtur
1864 662 1989 702 etiam
2020 662 2244 706 insinuasse

1219 722 1401 762 Christus
1428 723 1624 762 Dominus
1659 722 1706 764 in
1741 722 1823 763 illis
1858 723 1992 764 verbis
2013 734 2024 764 ε
2044 723 2244 767 Lucrum

1217 785 1300 826 eris
1331 786 1513 834 fratrum
1541 788 1665 834 taam,
1681 814 1696 834 ,
1723 787 1770 824 ut
1801 784 1904 837 disp.
1927 796 2089 837 quoque
2108 784 2134 824 8
2151 813 2166 834 ,
2192 782 2245 827 de

1217 845 1421 887 charitate
1437 878 1448 896 ,
1471 850 1566 886 sect.
1586 848 1612 886 2
1624 876 1638 896 ,
1659 858 1703 886 n.
1723 847 1763 895 5,
1792 846 2130 898 ponderavimus;
2154 844 2245 887 haec

1219 909 1332 949 enim
1349 912 1587 961 supponunt
1603 907 1772 948 fratrem
1791 907 1970 959 periisse,
1988 912 2035 947 ut
2054 906 2246 958 Augusti-

1217 981 1295 1010 nus
1316 969 1438 1011 infert
1456 982 1466 1018 ;
1489 981 1586 1020 ergo
1605 969 1733 1008 multo
1751 968 1887 1008 minus
1905 968 1982 1008 erit
1997 971 2246 1021 praeceptum

1218 1031 1407 1072 servandi
1433 1031 1620 1071 ordinem
1647 1031 1692 1069 in
1723 1029 1970 1070 correctione
2003 1028 2243 1079 venialium,
2288 1071 2295 1074 ,

1216 1098 1339 1147 atque
1363 1106 1414 1134 ex
1446 1093 1511 1134 his
1546 1093 1751 1146 intelliges
1773 1104 1898 1146 quam
1922 1095 2035 1134 recta
2061 1091 2116 1134 sit
2138 1091 2247 1134 dicta

1218 1156 1428 1197 Societatis
1447 1155 1667 1196 ordinatio.

1270 1221 1312 1260 3.
1346 1218 1518 1271 objectio
1541 1221 1681 1261 contra
1702 1215 1883 1271 proxime
1905 1215 2026 1259 dicta.
2046 1235 2099 1248 --
2115 1213 2242 1264 Dices,

1219 1279 1495 1322 collectionem
1530 1280 1636 1319 hanc
1672 1291 1756 1320 non
1788 1290 1873 1319 esse
1903 1278 2080 1318 validam
2093 1288 2108 1329 ;
2138 1288 2246 1330 saepe

1219 1344 1330 1385 enim
1359 1354 1445 1383 non
1476 1346 1666 1382 tenemur
1696 1341 1748 1383 ad
1769 1340 2039 1381 exercendum
2067 1339 2247 1391 aliquem

1219 1409 1371 1454 actum,
1389 1409 1429 1445 et
1446 1410 1585 1444 tamen
1605 1404 1639 1443 si
1658 1414 1844 1444 exercere
1863 1403 2068 1451 volumus,
2090 1401 2248 1452 ohliga-

1218 1479 1313 1508 mur
1339 1466 1392 1507 ad
1420 1470 1576 1506 certum
1595 1465 1763 1505 modum
1795 1465 2069 1514 servandum;
2089 1468 2136 1502 ut
2162 1473 2248 1503 non

1218 1533 1360 1570 teneor
1379 1539 1493 1567 orare
1502 1538 1516 1578 ;
1537 1526 1570 1566 si
1588 1531 1727 1566 tamen
1754 1537 1842 1574 oro,
1861 1524 1989 1566 debeo
2018 1535 2135 1564 orare
2151 1535 2247 1565 cum

1219 1590 1356 1631 debita
1374 1588 1604 1629 reverentia
1630 1592 1671 1628 et
1689 1587 1927 1628 attentione.
1950 1586 2014 1626 Sic
2038 1598 2136 1638 ergo
2153 1585 2247 1626 licet

1220 1664 1303 1692 non
1321 1655 1461 1691 tenear
1476 1650 1645 1689 fratrem
1665 1650 1866 1700 corrigere
1883 1648 1933 1687 de
1951 1647 2101 1687 veniali
2113 1648 2245 1699 lapsu,

1220 1716 1253 1754 si
1267 1719 1407 1754 tamen
1419 1712 1511 1752 volo
1525 1712 1738 1763 corripere,
1753 1710 1879 1750 debeo
1891 1709 2084 1748 modestis
2098 1708 2250 1761 11011110,Ὶ

1222 1781 1263 1816 01
1277 1788 1371 1815 cum
1387 1774 1522 1815 debito
1538 1775 1693 1813 honore
1711 1773 1829 1812 illum
1845 1783 2010 1811 monere
2018 1782 2031 1821 3
2047 1783 2143 1822 ergo
2159 1769 2248 1824 pari

1220 1838 1379 1877 ratione
1405 1836 1533 1875 debeo
1552 1835 1736 1875 ordinem
1760 1845 1935 1882 servare,
1957 1838 2003 1872 ut
2021 1833 2140 1872 famae
2159 1843 2248 1884 pro-

1220 1900 1322 1940 ximi
1341 1898 1599 1950 prospiciam,
1619 1908 1711 1948 quae
1743 1895 1933 1935 nonnihil
1961 1898 2001 1934 et
2032 1895 2138 1933 inter
2155 1893 2251 1934 reli-

1222 1961 1354 2012 giosos
1373 1971 1455 1998 non
1475 1969 1621 2010 parum
1647 1957 1744 1996 laedi
1762 1957 1863 1996 solet
1891 1968 1941 1995 ex
1959 1955 2250 1995 manifestatio-

1222 2033 1275 2061 ne
1294 2020 1505 2072 culparum
1527 2018 1765 2058 venialium.
1783 2018 1878 2065 Quae
1897 2017 2070 2068 objectio
2089 2016 2251 2057 videtur

1222 2082 1438 2136 procedere
1476 2084 1618 2120 contra
1654 2079 1919 2119 assertionem
1956 2079 2141 2130 positam.
2176 2077 2252 2119 cui

1222 2145 1347 2185 tacite
1373 2144 1455 2183 duo
1473 2141 1720 2194 respondent
1736 2141 1783 2180 D.
1804 2140 1978 2180 Thomas
1996 2144 2037 2180 et
2065 2143 2252 2180 auctores

1224 2205 1351 2246 citati.
1376 2204 1558 2244 Primum
1590 2206 1674 2251 est,
1702 2201 1795 2241 illos
1822 2200 1931 2241 leves
1964 2200 2142 2241 deiectus
2166 2212 2252 2242 non

1224 2267 1422 2318 derogare
1438 2266 1556 2305 famae
1585 2263 1779 2315 religiosi.
1801 2261 2029 2303 Secundum
2047 2266 2121 2310 est,
2138 2262 2251 2303 illam

1223 2341 1308 2368 non
1329 2340 1414 2367 esse
1432 2325 1787 2366 denuntiationem
1800 2353 1815 2374 ,
1837 2324 1907 2364 sed
1926 2324 2250 2364 recordationem

1224 2390 1446 2430 oblitarum
1468 2387 1692 2439 culparum.
1718 2385 1832 2432 Quod
1862 2386 1919 2426 ita
1937 2386 2112 2437 explicat
2141 2385 2248 2426 Abu-

1223 2451 1361 2497 lensis‚
1394 2449 1491 2502 quia
1518 2449 1563 2489 in
1596 2448 1677 2488 illis
1707 2447 1902 2500 Capitulis
1929 2447 2048 2487 debet
2079 2446 2252 2499 quilibet

1222 2513 1437 2565 religiosus
1450 2511 1585 2551 dicere
1599 2522 1691 2550 suas
1704 2510 1842 2562 culpas
1857 2509 1980 2559 leves,
1996 2514 2037 2548 et
2048 2508 2082 2548 si
2096 2509 2252 2560 aliquas

1224 2574 1376 2615 omittit
1405 2585 1456 2613 ex
1487 2572 1719 2624 ignorantia
1743 2571 1809 2610 vel
1826 2570 2044 2618 oblivione,
2064 2570 2135 2609 alii
2163 2580 2252 2622 pro-

1224 2636 1403 2676 clamant
1422 2646 1504 2683 eas,
1525 2646 1609 2673 non
1627 2637 1824 2685 tanquam
1843 2636 2071 2672 accusantes
2090 2630 2155 2670 vel
2183 2630 2250 2671 de-

1226 2698 1477 2745 nuntiantes,
1494 2695 1564 2734 sed
1581 2694 1818 2734 reducentes
1830 2705 1925 2733 eum
1944 2692 1994 2731 ad
2012 2691 2252 2732 memoriam

1227 2758 1441 2810 culparum
1462 2767 1643 2805 suarum,
1663 2767 1763 2807 quas
1781 2755 1867 2806 ipse
1882 2766 1933 2793 ex
1951 2757 2102 2793 statuto
2119 2752 2254 2794 dicere

1367 2832 1400 2857 1'.

1224 2823 1426 2920 teaetlged
1445 2877 1533 2916 haec
1548 2875 1747 2930 posterior
1764 2875 1927 2915 videtur
1944 2879 1986 2915 et
2000 2886 2064 2915 res
2082 2876 2262 2926 incerta,

1224 2946 1266 2982 et
1291 2940 1421 2980 nimia
1441 2939 1665 2988 restricti03
1687 2949 1792 2989 saepe
1810 2938 1921 2977 enim
1941 2937 2150 2977 moraliter
2167 2937 2254 2978 evi·
2327 2968 2330 2969 ν

1226 3003 1325 3043 dens
1343 3005 1415 3048 est,
1437 3000 1565 3040 alium
1595 3012 1679 3039 non
1698 3004 1830 3039 tacere
1849 2998 2010 3050 culpam
2029 3010 2143 3037 suam
2161 3010 2254 3051 pro—

1226 3068 1316 3117 pter
1334 3063 1609 3114 ignorantiam
1639 3066 1679 3101 et
1708 3060 1968 3108 oblivionem,
1990 3060 2059 3099 sed
2087 3063 2252 3112 propter

1226 3125 1513 3165 verecundiam
1528 3153 1541 3172 ,
1579 3122 1643 3162 vel
1680 3134 1732 3162 ne
1768 3128 1935 3172 cogatur
1966 3121 2249 3172 poenitentiam

1228 3198 1362 3238 agere,
1384 3189 1424 3226 et
1455 3184 1723 3224 nihilominus
1754 3182 1843 3222 fieri
1871 3186 2015 3234 potest,
2035 3186 2076 3221 et
2105 3180 2153 3220 fit
2179 3180 2249 3221 illa
2295 3179 2301 3187 ’

1226 3247 1515 3300 proclamati03
1537 3259 1640 3297 saepe
1657 3246 1780 3285 etiam
1810 3244 1912 3283 alter
1931 3255 2015 3283 non
2037 3242 2250 3282 tenebatur

1226 3310 1391 3361 propria
1423 3308 1668 3358 obligatione
1701 3305 1955 3345 conscientiae
1984 3316 2025 3344 se
2058 3304 2244 3355 prodere,

1227 3372 1297 3410 sed
1325 3371 1376 3411 ad
1397 3380 1604 3410 summum
1632 3381 1682 3408 ex
1701 3368 1856 3419 regula,
1878 3372 1917 3407 et
1934 3367 2101 3406 fortasse
2124 3366 2246 3404 inter-

1228 3433 1327 3472 dum
1355 3443 1486 3483 neque
1512 3442 1562 3470 ex
1581 3430 1814 3481 praescripta
1833 3428 1990 3479 regula,
2010 3426 2079 3467 sed
2098 3435 2148 3467 ex
2175 3432 2245 3473 ge-

1228 3494 1356 3533 1101011
1375 3492 1542 3532 consilio
1561 3491 1727 3542 majoris
1745 3489 2000 3538 humilitatis,
2025 3485 2089 3526 vel
2111 3482 2244 3534 poeni—

1227 3557 1366 3593 tentiae
1384 3553 1571 3604 agendae,
1593 3556 1633 3591 et
1660 3556 1757 3590 tunc
1774 3549 1899 3590 etiam
1918 3543 2176 3599 proclamatio
2195 3542 2244 3583 li-

1228 3615 1308 3655 cita
1325 3619 1400 3655 est.
1418 3615 1490 3655 Est
1508 3625 1607 3666 ergo
1626 3612 1696 3653 illa.
1713 3609 1984 3657 denuntiatio,
2000 3606 2085 3646 imo
2111 3608 2153 3645 et
2168 3602 2246 3647 ali·
2265 3609 2268 3611 ’
2327 3620 2330 3621 ’
