2352 3880
125 252 142 281 f
191 247 382 295 nutui,
413 250 462 287 ut
493 246 755 298 supponitur.
785 246 916 299 Igitur
945 245 992 287 in
1012 245 1100 286 hoc

113 318 118 355 3
201 318 355 350 ,feensu
382 306 465 348 dici
490 307 650 360 potuit,
681 308 727 348 in
759 319 809 348 eo
836 319 924 348 non
954 305 1100 347 leviter

123 389 145 403 ι
171 391 173 394 -
196 388 221 402 ··
248 379 263 416 ς
291 380 391 408 nam
429 369 484 409 ad
510 370 620 409 hane
650 369 903 410 locutionem
933 367 1097 417 suffieit,

42 427 43 430 ’
99 428 180 490 ’,αἱ
194 431 409 471 moraliter
424 431 701 484 conjungatur
716 431 854 483 culpa,
870 431 1100 471 undecum-

80 545 140 609 ,Ἅι-ι
159 556 193 592 ·t
210 553 254 593 in
273 554 354 595 hoc
371 566 496 594 sensu
518 555 650 606 accipi
665 566 740 606 pro
759 558 930 605 peccato
949 555 1099 593 morta·

26 625 39 638 ’
72 664 82 672 ,ι
92 621 108 658 ·,
126 614 202 655 sed
217 626 296 668 pro
313 616 431 670 gravi
449 620 493 657 et
507 627 594 656 non
608 615 914 657 contemnendo
929 614 1095 657 veniali.

27 724 85 790 ι’,
368 709 599 764 Septimum
615 711 790 755 dubium.

38 792 93 851 {ku
114 794 182 838 16.
201 794 401 849 Septimo,
418 797 463 837 in
471 797 607 850 primo
625 798 820 840 exercitio
839 799 983 851 primae
996 798 1098 841 heh-

34 850 250 909 lffladae
271 859 378 899 circa
397 859 541 909 finem,
562 860 606 899 in
637 861 858 912 colloqui0,
886 861 1098 902 offendere

38 917 156 973 mnis
176 924 316 971 posset
332 920 375 959 in
394 921 476 961 illis
497 921 635 961 verbis
656 935 666 962 ε
686 923 919 975 anue-am
949 933 1097 964 meeum

38 974 270 1032 linitionem,
291 994 370 1035 qua
391 982 553 1024 Creator
570 984 653 1035 ipse
671 985 863 1032 infinibus
879 984 974 1034 fieri
989 995 1097 1025 crete-

35 1032 172 1097 tbra,
192 1048 228 1085 et
247 1045 295 1086 ab
315 1049 463 1086 oeterna
479 1046 565 1086 vita
583 1047 637 1086 ad
663 1046 914 1099 temporalem
931 1049 1095 1087 mortem

36 1106 193 1156 gmire
222 1118 298 1158 pro
327 1107 503 1158 peccatis
531 1108 629 1147 meis
663 1108 854 1157 eliquatus
888 1107 960 1147 sit.
990 1107 1095 1147 Nam

41 1158 243 1220 lferbum
262 1169 352 1216 Dei,
379 1169 474 1208 licet
493 1169 648 1208 factum
668 1169 719 1208 sit
744 1169 884 1215 homo,
919 1180 1004 1207 non
1031 1172 1095 1208 ta-

42 1239 158 1270 :mcn
191 1231 357 1281 proprie
390 1230 539 1270 dicitur
566 1230 721 1269 factum
753 1234 968 1279 creatura,
995 1231 1093 1281 quia

39 1281 261 1333 tillehdmo
283 1296 473 1331 creatura
487 1305 571 1330 non
593 1296 667 1338 est,
690 1295 731 1331 et
747 1291 843 1342 quia
857 1295 1094 1343 repugnant

41 1349 147 1391 ihaec
179 1352 379 1392 divinitati
418 1355 523 1405 ejus.
555 1355 855 1392 Verumtamen
876 1353 1064 1403 Ignatius
1080 1382 1090 1402 ,

42 1413 156 1464 ‚qnia
176 1425 260 1452 non
279 1415 481 1453 tractabat
500 1415 551 1453 de
568 1415 820 1454 Scholastica
849 1414 1091 1463 subtilitate,

41 1474 230 1515 smodum
246 1475 443 1527 loquendi
458 1477 702 1515 Sanctorum
716 1478 910 1527 (quorum
931 1476 1091 1526 aliquos

41 1536 179 1576 ‘tetuli
203 1541 304 1576 tom.
330 1539 368 1585 1,
387 1538 431 1575 in
445 1538 565 1577 tertia
582 1542 716 1588 parte,
739 1549 778 1587 q.
805 1538 870 1584 16,
887 1541 964 1575 art.
987 1538 1027 1585 8,
1049 1537 1092 1576 in

41 1600 300 1649 ueomment.)
319 1599 502 1638 imitatus
520 1604 596 1647 est,
622 1612 696 1650 pro
716 1599 865 1638 eodem
886 1599 1092 1649 accipiens

41 1656 147 1699 ifieri
168 1663 401 1699 creaturam
416 1673 463 1699 ac
475 1661 563 1700 fieri
575 1661 850 1709 hominem,et
860 1664 1092 1699 creaturam

40 1729 209 1759 'vocans
224 1732 347 1761 omne
368 1723 640 1774 compositum
657 1735 706 1761 ex
715 1727 863 1761 natura
881 1726 1034 1768 creata,
1050 1721 1093 1760 in

41 1784 244 1832 itempore
255 1783 634 1834 productum;quod
646 1784 823 1823 maxime
835 1784 971 1823 facere
980 1783 1090 1832 licet,

39 1842 223 1893 cquando
241 1855 291 1883 ex
309 1847 501 1883 contextu
523 1846 740 1893 sermonis,
775 1850 814 1884 et
844 1857 896 1884 ex
925 1848 1091 1884 antece-

40 1901 262 1951 aientibus,
303 1909 343 1944 et
393 1906 742 1956 consequentibus
776 1918 898 1945 verus
945 1917 1092 1944 sensus

38 1969 232 2012 «constat,
256 1968 302 2005 ut
324 1967 368 2005 in
387 1967 455 2006 illo
489 1968 681 2007 exercitio
717 1967 984 2007 manifestum
1015 1970 1091 2015 est,

38 2028 100 2069 aet
110 2025 232 2065 latius
253 2028 480 2077 explicatur
495 2029 668 2069 inferius
688 2029 731 2068 in
744 2029 879 2081 primo
899 2028 1093 2069 exercitio

38 2087 250 2134 ttecundae
268 2089 558 2131 hebdomadae.

62 2186 279 2245 'Octavum
297 2189 473 2239 dubium,
499 2189 567 2231 abi
590 2190 728 2242 aliqua
746 2190 792 2231 ia
818 2190 944 2243 speeie
969 2200 1067 2242 apo-

71 2252 74 2258 '
319 2252 474 2305 crypta
496 2252 815 2303 complanantur.

63 2337 175 2379 21⁷.
205 2335 410 2385 Primum,
431 2348 486 2378 aa
516 2338 695 2378 insidens
730 2337 853 2378 asinoe
887 2336 1009 2378 iverit
1035 2334 1090 2379 B.

42 2392 423 2453 imma—Octavo,
447 2400 487 2438 in
508 2399 712 2438 exercitiis
733 2399 787 2438 ad
806 2399 929 2439 vitam
946 2398 1093 2439 Christi

34 2454 219 2505 {Domini
262 2461 392 2500 nostri
444 2461 748 2511 pertinentibus
764 2490 777 2509 ,
819 2460 1093 2501 animadverti

58 2516 207 2577 jotest,
229 2521 437 2560 interdum
457 2521 611 2571 aliquid
632 2521 728 2559 addi
749 2521 928 2560 historiae
962 2523 1093 2560 Evan-

60 2583 198 2644 ''nlicae
217 2582 284 2621 vel
302 2595 352 2622 ex
383 2582 452 2633 pia
467 2582 815 2630 consideratione,
841 2583 908 2621 vel
937 2595 988 2621 ex
1021 2582 1094 2622 ob·

35 2643 291 2692 thrvatione
309 2656 522 2683 sacrorum
556 2645 757 2691 locorum,
780 2656 996 2695 nunquam
1033 2648 1095 2683 ta-

37 2696 158 2754 imen
177 2705 265 2744 sine
286 2705 502 2744 sufficienti
525 2707 768 2745 auctoritate
781 2716 793 2755 3
811 2710 854 2744 ut
874 2706 917 2743 in
939 2705 1094 2745 exerci-

34 2754 118 2868 ἲῧο
143 2766 195 2806 de
212 2767 447 2815 Nativitate,
484 2767 538 2806 ad
564 2767 710 2814 finem,
741 2767 1030 2806 consideratur
1045 2767 1092 2807 B.

36 2844 37 2851 ¹
65 2812 188 2883 {irgo
221 2840 273 2867 ex
310 2828 460 2879 oppido
493 2829 695 2867 Nazareth
728 2828 964 2880 egrediens,
998 2828 1097 2867 insi-

35 2883 167 2939 §bns
185 2889 326 2937 asinae,
349 2893 389 2928 et
407 2890 564 2939 Joseph
598 2902 735 2929 comes
775 2902 869 2929 cum
902 2889 1097 2929 ancillula

36 2947 48 2994 1
67 2943 242 3002 thove.
262 2949 341 2989 Ubi
359 2950 438 2989 tria
462 2951 686 2999 adduntur,
710 2963 800 3001 quae
820 2951 1095 3003 Evangelistae

38 3006 150 3068 {pn
184 3014 377 3050 narrant:
398 3011 595 3062 primum,
623 3012 736 3063 quod
771 3014 816 3052 B.
852 3013 976 3063 Virgo
1011 3024 1096 3051 non

130 3083 194 3112 es
210 3072 343 3119 iverit,
368 3072 443 3111 sed
462 3072 648 3113 insidens
676 3074 816 3119 asinas,
841 3077 883 3112 et
900 3073 994 3112 ideo
1015 3078 1099 3113 sta-

84 3136 130 3183 ῖςει
162 3133 219 3173 ibi
237 3134 416 3181 additur,
433 3138 479 3174 ut
495 3136 559 3187 pie
583 3135 772 3175 meditare·
791 3135 901 3175 lieet.
922 3134 1097 3185 Fuitque

84 3198 88 3224 ἱ
107 3240 110 3242 ,
133 3207 154 3235 c
167 3196 374 3235 sententia
391 3196 540 3246 Lyrani
553 3197 593 3234 in
609 3197 728 3236 Lucae
745 3198 784 3244 1,
806 3207 935 3246 quem
967 3197 1100 3238 secuti

39 3367 44 3371 ἱ
93 3361 103 3371 Ἰ
124 3318 349 3366 ;Sa1mer.
369 3321 469 3357 torn.
485 3319 524 3366 3,
543 3318 584 3357 in
594 3319 769 3370 Evang,
784 3323 898 3358 tract.
922 3319 997 3358 33:
1018 3320 1102 3362 Ne-

112 3375 137 3423 ’,
160 3380 263 3418 enim
278 3390 354 3429 par
370 3382 456 3419 erat
474 3379 635 3430 (inquit)
649 3380 825 3429 puellam
838 3384 1028 3429 teneram,
1043 3381 1103 3422 vi-

86 3434 103 3488 JJ
119 3460 137 3480 ‚v
202 3451 275 3492 que
288 3442 445 3492 partui,
461 3442 625 3492 pedihus
640 3441 746 3481 illud
757 3443 836 3482 iter
848 3442 1104 3489 emetirimiai

54 3541 60 3546 ,
98 3501 126 3543 ΞῘ-
144 3527 153 3552 ;
176 3512 295 3542 cauea
311 3502 478 3541 velimus
494 3502 764 3554 multiplicare
780 3502 989 3543 miracula.
1011 3504 1102 3544 Non

103 3584 110 3605 ;
126 3567 141 3611 ζ
162 3578 168 3593 ·
190 3579 197 3595 ·
208 3565 225 3603 t
238 3566 381 3607 ‚nmen
393 3563 470 3604 viri
482 3563 609 3614 docti,
623 3563 775 3614 quihus
785 3564 925 3617 magis
938 3564 1102 3618 placeat

403 180 502 217 m.
520 180 566 216 v.
585 180 642 215 nn
660 159 969 216 semermis
986 177 1231 222 exuturus,
1251 179 1306 215 nr
1325 180 1485 218 maun
1500 181 1728 224 numam·
1748 181 1841 221 me.
1947 209 1973 229 .¹

131 3273 151 3289 ιι
180 3257 367 3296 Caribus.
387 3261 428 3296 et
442 3257 561 3297 Joan.
589 3258 737 3309 Major,
758 3261 799 3297 et
819 3262 963 3297 noster
983 3259 1112 3298 Tole-

1153 244 1343 296 credere‚
1363 248 1577 300 Virginem
1595 249 1676 290 iter
1703 248 1810 290 illud
1836 208 2014 302 pediffus
2044 250 2188 292 eonfe-

1146 305 1275 356 .cisse,
1309 319 1360 348 eo
1378 309 1493 360 quod
1522 310 1760 361 paupertati
1780 310 1915 362 magis
1949 312 2188 362 conveniat,

1151 371 1196 409 et
1213 368 1318 408 nihil
1333 374 1540 422 repugnet
1561 371 1796 423 graviditati
1813 371 2010 424 Virginis,
2036 376 2084 413 ut
2100 372 2189 414 dixi

1151 432 1255 470 tom.
1288 432 1329 479 2,
1349 431 1395 469 in
1408 431 1530 478 tertia
1555 436 1687 483 parte,
1713 433 1820 484 disp.
1841 434 1880 482 5,
1902 437 2004 474 sect.
2027 435 2068 483 1,
2089 434 2189 487 quia

1150 491 1311 530 nullam
1329 491 1428 531 inde
1455 493 1705 542 molestiam,
1723 495 1888 534 nullum
1914 496 2190 547 impedimen-

1151 555 1244 592 tum
1263 552 1493 601 sentiebat,
1506 555 1628 604 juxta
1642 556 1807 594 Patrum
1826 557 2074 607 doctrinam,
2092 556 2190 600 Ful-

1153 614 1299 666 gentii,
1318 626 1444 654 serm.
1465 615 1517 654 de
1529 616 1738 656 Laudibus
1751 619 1928 670 Virginis
1935 631 1949 670 ;
1970 620 2188 671 Bernardi‚

1150 673 1197 716 in
1214 686 1340 715 serm.
1367 675 1543 728 Siquam
1554 689 1740 728 maqnum
1762 691 1772 726 ;
1790 679 2024 732 Nicephori‚
2044 683 2073 721 l.
2092 685 2132 731 1,
2147 693 2190 723 o.²

1152 737 1218 778 12.
1241 737 1398 785 Quibus
1419 749 1497 790 ego
1526 738 1706 779 libenter
1739 742 1982 789 concedam,
2005 745 2190 793 potuisse

1151 798 1365 850 Virginem
1379 812 1462 838 non
1478 800 1626 851 majori
1642 801 1785 841 labore
1802 802 1884 841 iter
1898 804 2074 853 pedibus
2092 817 2190 844 con-

1148 858 1294 908 ficere,
1308 872 1436 912 quam
1453 861 1487 900 si
1507 863 1678 913 gravida
1716 876 1802 903 non
1824 869 1946 904 esset.
1977 866 2192 906 Nihilomi-

1150 932 1231 960 nus
1251 933 1276 960 a
1292 922 1421 972 priori
1443 924 1652 963 sententia
1669 925 1953 965 recedendum
1986 939 2072 965 non
2093 938 2192 966 cen-

1148 994 1238 1022 seo.
1267 984 1372 1023 Nam
1386 984 1567 1024 insidere
1588 986 1715 1025 asinae
1737 988 1974 1038 paupertati
2005 1001 2091 1027 non
2126 1000 2192 1029 re-

1150 1048 1323 1095 pugnat,
1338 1045 1423 1084 imo
1443 1046 1556 1085 illam
1577 1048 1756 1087 maxime
1777 1050 2060 1098 commendat,
2069 1053 2115 1089 ut
2129 1049 2192 1090 di-

1148 1106 1208 1146 xit
1226 1107 1563 1158 Chrysostomus‚
1578 1108 1691 1150 hom.
1713 1111 1764 1150 67
1783 1110 1827 1149 in
1839 1112 2005 1159 Matth„
2020 1112 2191 1162 quando

1148 1168 1375 1207 necessitas
1396 1170 1521 1220 cogit,
1542 1174 1643 1210 tunc
1664 1171 1777 1211 enim
1796 1184 1880 1211 non
1898 1173 2070 1213 ulterius
2091 1185 2190 1226 pro-

1149 1229 1283 1280 gredi,
1313 1230 1389 1269 sed
1416 1232 1654 1271 necessitati
1688 1245 1810 1272 usum
1831 1235 2073 1283 terminare,
2094 1247 2191 1287 per-

1148 1289 1266 1329 fectae
1289 1293 1546 1342 paupertatis
1584 1298 1659 1333 est.
1683 1295 1799 1334 Tunc
1835 1300 1977 1335 autem
2000 1297 2191 1347 quumvis

1147 1362 1232 1389 non
1252 1356 1363 1390 esset
1383 1354 1573 1403 specialis
1585 1356 1813 1395 necessitas
1830 1369 1881 1395 ex
1900 1358 2101 1408 pondere,
2118 1362 2191 1400 aut

1147 1411 1446 1462 impedimento
1467 1417 1574 1454 uteri
1588 1418 1854 1468 proveniens,
1870 1423 1960 1458 erat
1979 1420 2191 1460 sufficiens

1148 1485 1198 1513 ex
1228 1476 1410 1514 naturali
1443 1479 1628 1528 corporis
1661 1480 1888 1520 debilitate.
1929 1483 2027 1522 Erat
2063 1483 2190 1522 etiam

1147 1536 1282 1586 major
1323 1538 1519 1587 quaedam
1561 1540 1751 1581 decentia
1791 1555 1918 1593 quam
1957 1544 2190 1595 Josephum

1151 1597 1373 1637 observare
1387 1612 1463 1650 par
1483 1605 1571 1640 erat
1587 1616 1598 1649 3
1618 1614 1666 1640 ac
1687 1603 1883 1654 denique,
1904 1605 1999 1644 licet
2021 1611 2190 1656 propter

1150 1669 1211 1705 se,
1235 1660 1359 1710 Virgo
1390 1662 1526 1711 partui
1559 1664 1746 1713 proxima
1768 1678 1854 1704 non
1886 1666 2091 1718 indigeret
2117 1668 2189 1708 illo

1144 1722 1376 1770 juvamine,
1401 1727 1542 1762 tamen
1560 1730 1731 1776 propter
1750 1728 1870 1775 alios,
1899 1730 1969 1779 qui
1990 1742 2188 1780 superna-

1148 1782 1280 1820 turale
1302 1783 1504 1824 auxilium
1527 1798 1755 1837 agnoscere
1772 1801 1857 1827 non
1875 1794 2081 1839 poterant,
2099 1795 2190 1832 erat

1148 1843 1268 1882 valde
1293 1846 1535 1896 expediens,
1559 1860 1610 1887 ne
1629 1849 1786 1900 ,loseph
1811 1851 1934 1890 nimis
1955 1854 2131 1892 acerbus
2147 1856 2189 1893 et

1147 1903 1404 1945 inhumanus
1426 1908 1472 1946 in
1493 1921 1611 1947 suam
1634 1922 1832 1960 sponsam
1851 1912 2076 1953 videretur.

1203 1967 1268 2004 18.
1301 1966 1487 2007 Tertium
1512 1980 1566 2008 an
1600 1970 1653 2009 B.
1700 1971 1819 2023 Vir-90
1845 1973 2084 2015 ancillulam
2115 1975 2189 2016 ka-

1149 2026 1293 2067 baerit.
1309 2049 1364 2057 —
1378 2029 1617 2068 Secundum
1631 2035 1710 2080 est,
1730 2032 1877 2071 bovem
1900 2036 2022 2074 etiam
2044 2048 2188 2076 secum

1149 2089 1372 2128 adduxisse
1392 2104 1403 2137 ;
1424 2091 1538 2140 quod
1578 2104 1772 2142 expresse
1803 2095 2022 2136 affirmavit
2053 2099 2188 2138 Bona·

1148 2155 1340 2197 ventura,
1356 2150 1397 2189 in
1409 2151 1438 2190 1.
1456 2152 1769 2192 Meditationum
1784 2155 1874 2194 vitae
1892 2156 2037 2195 Christi
2052 2171 2062 2204 ;
2079 2159 2188 2210 Lyra

1148 2213 1291 2259 etiam,
1312 2215 1352 2251 et
1372 2218 1563 2253 auctores
1581 2217 1770 2266 superius
1791 2218 1918 2266 citati,
1932 2223 1970 2257 et
1986 2223 2187 2263 consonat

1149 2275 1383 2314 communis
1411 2277 1578 2316 traditio
1600 2278 1767 2317 Patrum
1788 2279 2030 2330 dicentium,
2054 2283 2187 2324 Chris-

1147 2339 1236 2375 tum
1262 2337 1443 2387 jacuisse
1465 2338 1509 2376 in
1530 2351 1715 2391 praesepe
1735 2340 1844 2380 inter
1862 2342 2011 2381 bovem
2038 2348 2081 2383 et
2106 2345 2187 2385 asi·

1147 2410 1263 2445 nam,
1283 2410 1389 2448 quos
1404 2399 1526 2437 retuli
1546 2401 1587 2438 in
1608 2403 1632 2439 2
1651 2405 1698 2448 t.‚
1719 2401 1759 2440 d.
1785 2403 1849 2449 13,
1873 2408 1974 2443 sect.
2003 2405 2042 2452 3,
2061 2407 2185 2456 paulo

1146 2461 1244 2498 ante
1271 2459 1424 2507 finem;
1452 2474 1566 2509 nam,
1586 2462 1684 2501 licet
1713 2463 1785 2502 illa
1814 2465 2010 2504 animalia
2039 2473 2187 2518 potue·

1148 2521 1231 2560 rint
1250 2533 1342 2560 esse
1364 2522 1515 2571 aliena,
1535 2524 1797 2563 verisimilius
1815 2527 1957 2565 tamen
1976 2529 2097 2567 estin
2114 2529 2186 2570 illo

1148 2581 1240 2621 loco
1272 2594 1345 2622 seu
1369 2583 1522 2634 angulo
1543 2585 1644 2623 nihil
1664 2585 1807 2631 fuisse,
1829 2587 1940 2636 quod
1961 2589 2016 2628 ad
2048 2590 2187 2641 ipsum

1148 2643 1306 2694 Joseph
1342 2656 1426 2683 non
1465 2646 1703 2696 pertineret.
1736 2649 1971 2700 Notantque
2002 2652 2188 2701 praedicti

1150 2710 1355 2752 auctores,
1378 2706 1529 2745 bovem
1550 2707 1699 2747 adduci
1720 2709 1904 2759 potuisse
1922 2715 1968 2750 ut
1989 2713 2188 2754 vendere·

1151 2770 1222 2805 tur
1246 2766 1300 2805 ad
1326 2767 1568 2806 solvendum
1589 2770 1806 2818 tributum,
1829 2775 1871 2810 et
1902 2772 2005 2811 alias
2033 2786 2188 2825 expen-

1152 2839 1232 2876 sas,
1262 2829 1360 2878 quia
1381 2841 1456 2880 per
1474 2831 1627 2869 multos
1644 2832 1734 2871 dies
1754 2833 1902 2871 morati
1929 2839 2027 2874 sunt
2046 2835 2087 2873 in
2110 2838 2189 2876 Be-

1151 2890 1323 2928 thleem.
1344 2892 1529 2930 Tertium
1546 2920 1559 2940 ,
1582 2893 1695 2942 quod
1722 2893 1765 2932 in
1786 2906 1835 2932 ea
1856 2895 2190 2940 consideratione

1153 2950 1332 3000 additur,
1359 2956 1423 2991 est
1450 2953 1501 2992 de
1532 2954 1741 3002 ancillula,
1761 2956 1875 3006 quod
1891 2957 2006 2996 nullo
2037 2959 2119 2998 alio
2145 2960 2190 3000 in

1151 3013 1243 3052 loco
1262 3013 1415 3065 legisse
1433 3027 1500 3054 me
1516 3016 1655 3056 recolo
1672 3032 1686 3065 ;
1706 3017 1789 3056 imo
1809 3018 1978 3057 invenio
1996 3020 2189 3071 Chryses-

1152 3077 1328 3123 tomum,
1352 3076 1496 3116 homil.
1517 3077 1570 3117 de
1588 3079 1806 3118 Nativitate
1826 3080 2003 3129 Domini,
2021 3086 2121 3122 tom.
2144 3085 2187 3131 2,

1152 3135 1360 3176 dicentem
1382 3149 1391 3176 :
1421 3139 1574 3190 ,Ioseph
1608 3143 1646 3181 et
1670 3142 1814 3182 Maria
1853 3146 1980 3181 mater
2022 3143 2190 3185 Domini

1153 3209 1232 3238 nem
1251 3198 1443 3240 habebant
1458 3201 1675 3250 servulum,
1692 3214 1769 3242 non
1788 3203 1993 3250 ancillam,
2011 3204 2058 3243 de
2074 3204 2190 3247 Gali·

1153 3259 1247 3308 loea,
1266 3261 1311 3301 de
1338 3261 1550 3302 Nazareth
1575 3263 1653 3309 ooli
1673 3265 1836 3303 veniunt
1847 3279 1865 3307 ‚·
1882 3264 1964 3313 ipsi
1993 3269 2086 3303 sunt
2121 3265 2189 3305 do-

1156 3323 1259 3362 mini
1285 3325 1323 3362 ct
1339 3323 1502 3373 famuli.
1524 3325 1623 3363 Haec
1641 3329 1779 3363 autem
1800 3324 1927 3363 verba
1944 3337 2030 3363 non
2046 3325 2189 3363 admo-

1157 3384 1259 3424 dum
1275 3396 1354 3423 nos
1380 3389 1548 3436 cogunt,
1567 3389 1655 3425 tum
1683 3386 1780 3435 quia
1796 3397 1882 3424 non
1903 3388 2001 3426 satis
2029 3388 2190 3427 constat

1156 3445 1270 3485 illam
1292 3446 1508 3485 homiliam
1527 3459 1619 3486 esse
1639 3447 1934 3498 chrysostomi,
1955 3452 2042 3486 tum
2061 3446 2189 3487 etiam

1157 3506 1254 3558 quia
1285 3506 1344 3546 ibi
1375 3508 1600 3559 interponit
1620 3509 1711 3547 haec
1728 3508 1870 3556 verba,
1891 3519 1970 3547 non
1996 3507 2191 3552 habebant

1146 3568 1406 3622 jumentum,
1433 3569 1550 3623 quod
1566 3569 1706 3611 minus
1736 3571 1953 3620 receptum
1972 3573 2052 3610 est.
2073 3567 2189 3612 Adte-

1479 4 1497 10 -’
1513 0 1559 26 ’ῆι
1926 10 1950 35 2
1968 6 1979 27 ι
1999 0 2031 26 ,·
2054 9 2079 27 ι·
2095 0 2208 38 :rw
2230 0 2352 38 -ῑτετω,

1675 46 1680 54 v
1709 42 1711 46 ·
1752 40 1781 71 y·
1948 46 1950 50 ·
1985 53 1990 58 .
2035 65 2040 75 ι
2251 44 2286 65 ἦ.
2319 39 2352 68 ,3,
