2352 3880
150 266 307 302 professi
320 265 508 303 societatis
527 264 623 310 iuste
643 265 751 302 aben
769 261 900 309 expelli
914 267 1115 311 poesunt,l.
1129 270 1184 313 11,

193 323 226 351 c.
241 319 276 349 1.

189 363 285 405 Quas
301 363 350 397 ob
369 369 511 403 causa&
532 361 584 396 ib.

189 415 302 454 Quam
325 415 534 455 potestatem
563 411 659 447 circa
688 411 759 447 hoe
783 413 914 450 habeas
936 413 1105 459 Societas,
1124 418 1184 454 vel

135 467 138 470 ⁴
190 465 268 505 ejus
282 463 478 505 Generalis,
496 463 580 496 vide
594 463 842 506 congregatio,
862 468 897 498 et
911 465 1105 501 Generalis.

145 513 351 550 Professum
366 513 561 555 dimittere,
578 513 671 546 utin
687 513 820 549 seculo
836 515 946 556 vivat,
958 515 1094 558 absque
1104 515 1181 552 eul-

187 572 234 606 pa
249 563 448 598 sufficiente
468 563 515 598 ad
534 563 750 605 ejectionem
766 591 776 606 ,
802 564 906 600 nullo
931 566 1040 600 modo
1066 569 1182 609 potest

185 614 342 647 Societas
354 623 362 653 ;
376 613 440 648 sed
453 613 492 648 id
506 614 707 647 necessaria
724 613 772 648 sit
787 613 1020 661 dispensatio,
1036 624 1061 651 a
1075 617 1182 651 Sum-

185 671 245 697 mo
264 663 434 698 pontifice
455 663 670 706 postulanda
685 667 750 706 est,
767 671 798 698 c.
822 668 856 699 2.

142 712 328 747 Professus
343 713 529 749 societatis
549 715 730 757 expulsus,
745 715 802 750 vel
816 715 997 749 transiens
1009 715 1055 750 ad
1068 715 1179 750 aliam

185 763 410 805 religionem,
427 773 518 806 quas
533 765 786 806 obligationes,
802 772 885 798 cum
901 765 1002 807 alias,
1021 767 1100 800 tum
1116 773 1182 803 vo·

181 816 300 847 torum
321 814 458 848 deferat
472 818 533 848 aut
548 815 690 848 deferre
707 815 832 858 possit,
849 823 880 848 c.
905 819 936 847 3.

139 861 325 898 Professus
338 864 524 898 societatis
542 865 712 906 expulsus
732 872 815 899 cum
837 873 949 899 onere
970 864 1176 907 ingredien-

180 912 217 946 di
241 913 350 946 aliam
373 914 610 955 religionem,
639 923 685 947 an
707 917 872 948 teneatur
892 915 939 950 ad
964 915 1173 949 Societatem

179 962 310 1002 redire,
339 963 395 997 vel
414 964 493 1005 eJ‘us
515 963 674 997 Praetatis
697 972 734 997 se
751 968 981 1006 praesentare,
997 964 1028 999 si
1044 965 1084 999 in
1102 965 1172 999 alia

177 1012 355 1054 religione
371 1021 445 1046 non
465 1014 758 1054 perseveraverit,
777 1014 829 1048 ib.

135 1060 321 1095 Professus
344 1062 530 1095 Societatis
546 1063 593 1096 ad
614 1064 727 1097 alium
747 1067 878 1100 statum
896 1063 1108 1103 translatus,
1131 1066 1171 1098 ut

176 1112 221 1145 ad
238 1112 499 1153 Episcopatum,
516 1113 796 1156 cardinalatum,
808 1118 889 1156 etc„
903 1123 993 1156 quas
1005 1117 1170 1149 votorum

111 1172 113 1174 ·
173 1160 412 1202 obligationes
430 1162 593 1202 retineat,
612 1162 662 1196 ib.

171 1209 261 1243 Vide
279 1219 402 1253 supra,
419 1215 452 1244 et
466 1212 640 1253 DignitaS,
654 1216 690 1246 et
701 1213 908 1254 Episcopus.

130 1258 313 1294 Professus
327 1261 511 1295 societatis
527 1267 686 1304 apostata
706 1272 795 1305 quas
810 1263 961 1298 retineat
975 1262 1167 1306 obligatio-

174 1318 249 1345 nes,
273 1310 319 1342 ib.

134 1360 315 1394 *xctcsstis
342 1359 538 1401 societatis,
555 1361 614 1394 cui
645 1362 856 1396 conceditur
878 1363 1023 1396 licentia
1048 1366 1167 1397 trans—

171 1410 280 1442 eundi
309 1410 354 1443 ad
381 1410 489 1443 aliam
505 1411 731 1452 religionem,
750 1421 824 1446 non
844 1417 985 1446 tenetur
1006 1422 1086 1447 eam
1104 1421 1167 1447 ac-

168 1463 321 1500 ceptare,
339 1462 430 1499 tr.8‚
454 1460 478 1492 l.
504 1464 535 1502 3,
559 1469 590 1494 c.
617 1464 666 1495 12.

168 1509 222 1541 An
243 1517 340 1550 tero,
358 1512 393 1542 et
415 1518 486 1550 qua
509 1510 647 1543 ratione
668 1510 851 1553 professus
863 1510 1047 1544 societatis
1063 1514 1163 1545 tran-

168 1558 239 1591 sire
250 1563 311 1593 aut
324 1560 514 1593 transmitti
532 1561 641 1602 possit
655 1561 701 1595 ad
715 1561 823 1594 aliam
841 1561 1068 1603 religionem,
1080 1561 1163 1597 vide

164 1605 366 1652 Religiosus
379 1610 427 1644 ad
440 1609 550 1644 aliam
570 1611 784 1652 religionem
808 1611 999 1644 transiens.

559 1695 725 1717 nouissto

121 1754 316 1792 Ρτοιῃῑεειο
339 1754 569 1799 ιιζτεᾶίθηᾱί
585 1757 810 1798 Societatem,
827 1766 937 1800 quam
959 1758 1161 1796 scholastici

162 1805 364 1846 approbati,
382 1804 491 1838 simul
511 1813 593 1839 cum
616 1807 731 1841 tribus
751 1808 1052 1846 substantialibus
1068 1811 1163 1847 votis

161 1853 313 1890 faciunt.
329 1863 455 1888 verum
477 1858 530 1888 est
543 1860 680 1898 votum,
697 1862 739 1891 tr.
757 1861 808 1899 1ο,
833 1858 857 1892 l.
876 1862 907 1900 4,
926 1867 957 1893 c.
979 1863 1035 1897 16.

160 1904 273 1944 quue
294 1904 344 1936 illi
367 1905 472 1938 statui
497 1907 653 1940 maxime
677 1909 910 1948 conveniens,
929 1909 979 1943 ib.

160 1952 300 1995 Obligat
317 1955 392 1987 haec
406 1956 597 1996 promissio
613 1957 658 1990 ad
673 1959 933 1999 acceptandum
947 1967 1160 2001 quemeum-

115 2036 117 2039 ,
159 2011 230 2044 que
247 2004 398 2045 gradum
422 2005 460 2037 in
479 2005 664 2048 societate,
683 2016 791 2049 quem
814 2009 1028 2050 praepositus
1045 2018 1157 2051 gene-

158 2053 245 2086 ralis
262 2053 524 2096 designaverit,
547 2057 623 2088 Non
642 2060 762 2090 tamen
782 2058 828 2090 ad
850 2067 932 2091 eum
955 2067 1156 2100 procuran-

159 2104 259 2144 dum,
277 2105 324 2136 ib.

159 2154 193 2186 Si
215 2154 448 2188 scholasticus
472 2157 690 2197 approbatus
715 2155 923 2190 admittatur
944 2166 966 2190 a
990 2158 1154 2190 Generali

109 2235 112 2238 Δ
157 2203 203 2236 ad
216 2203 369 2245 gradum
381 2205 636 2247 coadjutorum
654 2205 919 2246 temporalium,
930 2215 978 2240 an
993 2211 1156 2241 teneatur

157 2258 340 2296 acceptare
355 2263 398 2287 ex
411 2256 446 2289 vi
463 2256 567 2289 dictae
584 2256 848 2298 promissionis,
865 2257 912 2289 ib.

155 2304 209 2337 An
234 2305 294 2345 qui
316 2305 390 2346 Jam
414 2305 451 2338 in
471 2315 546 2339 uno
561 2307 675 2348 gradu
690 2311 741 2339 est
757 2307 983 2347 constitutus
1001 2307 1154 2348 obligari

156 2354 268 2395 possit
282 2364 325 2388 ex
339 2356 465 2389 eadem
482 2357 722 2398 promissione
736 2361 776 2391 ut
793 2361 949 2391 transeat
964 2358 1010 2392 ad
1025 2358 1151 2400 alium,

157 2402 205 2435 ib.

154 2452 197 2485 Ut
217 2453 351 2494 aliquis
377 2454 556 2496 obligetur
576 2456 624 2489 ad
645 2454 909 2497 acceptandum
939 2456 1090 2497 gradum
1111 2455 1149 2488 in

153 2501 339 2543 societate,
358 2512 432 2537 non
453 2512 544 2546 opus
564 2508 617 2539 est
638 2508 678 2539 ut
703 2506 771 2538 hoc
787 2503 838 2538 illi
860 2505 1088 2548 praecipiatur
1111 2506 1148 2538 in

154 2551 284 2585 virtute
307 2554 535 2594 obedientiae,
564 2555 627 2588 sed
647 2559 785 2588 tantum
798 2559 837 2587 ut
853 2555 889 2588 id
913 2556 958 2588 ab
981 2563 1023 2588 eo
1042 2556 1149 2588 abso-

154 2600 226 2634 lute
246 2607 277 2636 et
297 2603 486 2638 efficaciter
506 2605 646 2640 ratione
662 2606 768 2640 dietae
798 2605 1050 2647 promissionis
1071 2606 1150 2640 exi-

151 2656 266 2692 gatur,
289 2653 336 2686 ib.

148 2701 299 2740 Quando
320 2703 404 2746 quis
425 2703 520 2738 hanc
545 2702 825 2746 promissionem
849 2702 1001 2747 implere
1021 2707 1147 2741 teneo·

151 2753 223 2794 tur,
239 2752 290 2787 ib.

542 2826 713 2851 rnoxmns.

111 2892 357 2932 Proximorum
372 2899 524 2935 salutem
544 2910 736 2943 procurare
754 2911 826 2945 qua
849 2902 988 2938 ratione
1002 2904 1050 2938 sit
1062 2911 1146 2946 pro·

152 2946 271 2988 prium
288 2949 555 2992 Episcoporum,
576 2956 619 2985 tr.
645 2956 696 2992 10,
715 2953 737 2985 l.
761 2955 790 2990 1,
816 2961 846 2986 c.
863 2956 894 2986 2.

151 2996 264 3035 Quam
283 3000 459 3034 excellens
481 3010 614 3036 munus
631 3003 677 3036 sit
699 3003 907 3044 hujusmodi
923 3003 1142 3046 procuratio,

155 3046 202 3078 ib.

111 3091 357 3131 Proximorum
375 3098 472 3132 salus
484 3107 531 3132 an
547 3103 582 3134 et
598 3109 670 3142 qua
685 3101 824 3137 ratione
836 3102 949 3145 possit
965 3110 1043 3138 esse
1058 3102 1146 3140 fluis

154 3145 307 3187 alicujus
329 3147 527 3189 religionis,
545 3148 594 3182 ib.

110 3190 294 3230 Proximos
316 3196 491 3232 instruere
513 3200 550 3232 et
564 3204 688 3239 regere
708 3206 767 3232 ars
788 3203 841 3233 est
867 3199 1020 3241 artium,
1040 3203 1086 3236 tr.
1107 3203 1144 3246 2,

153 3252 183 3278 ο.
201 3247 232 3278 3.

110 3291 357 3328 Proximorum
379 3295 529 3329 salutem
547 3296 680 3338 quibus
691 3297 825 3330 mediIS
839 3298 996 3334 Societas
1008 3307 1141 3342 procu-

153 3347 216 3383 net,
232 3345 253 3376 l.
271 3347 349 3384 1,c.
367 3348 397 3384 3,
414 3349 448 3379 et
463 3349 507 3379 tr.
525 3349 555 3386 9,
580 3346 603 3379 l.
625 3349 656 3387 1,
679 3355 743 3388 per
759 3351 883 3381 totum.

147 3392 336 3429 *societatis
363 3394 402 3428 in
430 3395 612 3437 proximos
631 3395 868 3431 beneficentia
904 3399 940 3432 et
968 3397 1125 3433 charitas

151 3445 194 3476 tr.
218 3446 250 3484 9,
275 3444 300 3478 l.
322 3446 353 3483 1,
377 3452 407 3478 c.
433 3447 466 3478 1.

110 3490 285 3528 Proximis
300 3493 339 3528 iu
366 3493 504 3529 ratione
523 3494 671 3530 vivendi
686 3503 728 3530 se
740 3495 853 3531 debet
867 3495 914 3530 ad
930 3497 1138 3539 -eoemplum

120 3564 126 3567 -‡
148 3542 280 3578 christi
302 3545 586 3584 accommodare,
600 3545 666 3588 qui
683 3553 746 3581 eos
760 3545 850 3581 velit
868 3545 1008 3582 Christo
1025 3546 1138 3582 lucri-

152 3591 282 3631 facere.
295 3601 328 3628 c.
341 3597 374 3628 9.
896 3620 934 3635 2

1278 272 1368 304 cum
1394 269 1572 312 proximis
1589 269 1820 307 familiariter
1838 277 1969 318 qm,
1992 270 2260 322 nequeam·

1276 320 1522 365 perfectionis,
1546 329 1664 364 neque
1685 329 1708 356 a
1722 322 1907 361 societatis
1922 325 2087 364 hammo
2099 329 2259 367 alienum
2272 358 2298 378 4

1276 373 1352 452 ests,
1379 370 1454 406 sed.
1469 370 1592 414 potius
1611 371 1767 406 maxime
1787 374 2023 418 couveniens,
2035 381 2088 417 tr.
2110 381 2165 423 10,
2176 379 2210 417 is
2218 385 2258 426 -9,

1275 427 1308 454 c.
1346 446 1353 453 .

1274 468 1342 504 Pro
1361 477 1451 505 tarra
1467 471 1711 514 proximorum
1727 480 1838 517 quan
1855 473 2014 510 sociatu
2029 474 2146 522 hahet,
2168 477 2265 519 m,

1271 518 1469 557 Fuerat-tun
1482 519 1674 558 institutio.

1655 606 1851 637 &mmu-

1228 668 1421 706 Prudentia
1435 681 1545 715 quam
1567 674 1766 711 necessaria
1785 675 1833 710 sit
1848 675 2007 712 Praelotis
2022 678 2059 714 et
2072 675 2262 730 cubem*-

1269 722 1420 767 toribus,
1434 725 1480 759 tr.
1493 724 1587 768 imi.
1603 727 1636 767 ⁸,
1649 732 1681 760 c.
1694 729 1730 760 9.
2219 735 2222 749 ’-

1548 808 1723 838 russeum!
1743 809 1936 840 usurario·

1225 865 1420 904 Puerorum
1443 870 1623 914 imprimis
1644 871 1844 908 litterarum
1871 873 2087 910 rudimentis
2107 875 2253 914 institu-

1268 919 1330 959 tio,
1356 929 1466 962 quam
1489 922 1590 956 utilis
1613 925 1651 956 et
1675 923 1898 959 conveniens
1915 924 2148 970 Reipublicae,
2169 927 2195 964 t.
2219 931 2252 970 5,

1267 975 1296 1002 c.
1323 974 1352 1002 5.

1223 1015 1347 1052 Pueris
1372 1019 1487 1062 magis
1515 1021 1659 1069 expedit
1671 1023 1715 1060 in
1732 1022 2014 1062 litterisinstitui
2034 1033 2056 1059 a
2075 1025 2254 1070 magistris
2283 1008 2352 1074 Q·

1265 1069 1456 1111 religiosis,
1476 1070 1534 1104 ibj

1263 1119 1385 1153 Utrum
1410 1121 1517 1154 etiam
1538 1121 1628 1164 ipsis
1658 1122 1836 1166 religiosis
1854 1125 2018 1168 expediat
2034 1126 2105 1161 hoe
2117 1133 2253 1162 munus

1263 1170 1457 1212 suscipere.
1481 1171 1530 1206 ib.

1220 1216 1352 1252 Pueros
1375 1220 1560 1254 instituere
1579 1230 1638 1256 ars
1659 1225 1731 1264 est,
1758 1231 1829 1265 qua
1849 1223 1950 1258 nulla
1978 1224 2178 1268 sublimior,
2198 1225 2249 1263 ib.

1219 1267 1415 1304 Puerorum
1439 1279 1525 1305 cura
1549 1275 1582 1306 et
1609 1273 1648 1306 tn
1674 1273 1802 1308 litteris
1824 1274 1999 1310 institutio
2025 1284 2047 1311 a
2065 1277 2188 1312 multis
2207 1286 2253 1315 ex

1260 1319 1399 1354 Sanctis
1421 1322 1579 1364 antiquis
1594 1328 1767 1367 suscepta,
1782 1325 1830 1358 ib.

1218 1367 1415 1403 Puerorum
1439 1370 1477 1403 in
1510 1371 1636 1406 litteris
1669 1373 1931 1410 institutionem
1952 1376 2209 1413 convenienter
2224 1386 2252 1413 a

1259 1418 1433 1454 societate
1452 1425 1652 1464 susceptam
1668 1431 1756 1464 esse,
1779 1424 1829 1457 ib.

1259 1468 1395 1508 Quibus
1419 1470 1550 1504 mediis
1572 1476 1634 1507 eos
1659 1472 1698 1507 in
1720 1474 1886 1509 moribus
1901 1481 1944 1509 ac
1961 1472 2089 1511 litteris
2107 1475 2249 1521 formet,

1260 1525 1289 1550 c.
1309 1523 1340 1549 6.

1257 1566 1322 1606 Qui
1339 1566 1421 1600 libri
1439 1567 1561 1610 pueris
1573 1569 1805 1613 praelegendi,
1821 1571 1872 1606 ib.

1213 1614 1410 1650 Puerorum
1441 1618 1477 1651 in
1494 1619 1695 1654 Christiana
1720 1621 1885 1656 doctrina
1902 1620 2080 1660 institutio
2097 1624 2144 1662 ad
2158 1633 2250 1673 quas

1256 1675 1428 1709 personas
1451 1670 1654 1710 specialiter
1670 1671 1858 1713 pertineat,
1874 1671 1897 1706 l.
1913 1675 1944 1714 θ,
1959 1681 1991 1707 c.
2009 1676 2040 1708 ο.

1255 1717 1367 1757 Quam
1391 1719 1490 1752 utilis
1505 1720 1551 1753 sit
1571 1721 1646 1754 haec
1665 1721 1854 1764 institutio,
1875 1722 1925 1756 ib.

1253 1767 1376 1802 Merito
1394 1778 1413 1801 a
1431 1770 1603 1803 societate
1634 1771 1835 1813 specialiter
1857 1775 2056 1815 susceptam
2075 1780 2165 1816 esse,
2193 1773 2244 1809 ib.

1254 1819 1307 1852 An
1323 1819 1367 1852 ad
1382 1827 1460 1852 eam
1479 1829 1541 1862 per
1561 1821 1698 1862 aliquot
1715 1821 1840 1855 saltem
1863 1822 1940 1856 dies
1956 1822 2106 1865 professi
2123 1824 2246 1859 Socie-

1254 1869 1337 1902 tntis
1351 1878 1393 1903 ex
1417 1869 1453 1904 vi
1474 1870 1544 1904 voti
1571 1871 1788 1905 obedientiae
1805 1873 2007 1914 specialiter
2028 1873 2244 1918 obligentur,

1255 1917 1305 1951 ib.

1250 1967 1362 2006 Quam
1384 1970 1673 2003 commendatam
1690 1968 1765 2004 suis
1777 1970 1959 2013 religiosis
1977 1971 2132 2006 Societas
2143 1971 2244 2015 velit,

1250 2017 1299 2050 ib.

1206 2065 1336 2104 Patres,
1363 2066 1511 2109 patrini,
1536 2069 1572 2100 et
1600 2066 1746 2109 parochi
1776 2066 1977 2101 doctrinam
2001 2067 2240 2107 Christianam

1246 2116 1376 2150 docere
1400 2121 1567 2150 tenentur
1584 2117 1679 2150 titios
1701 2124 1785 2150 suos
1806 2117 1986 2159 parvulos,
2002 2118 2080 2155 sive
2096 2124 2241 2157 natum-

1248 2165 1312 2208 les,
1329 2167 1404 2200 sive
1423 2166 1641 2209 spirituales,
1660 2166 1712 2200 ib.

1705 2268 1749 2321 R

1618 2393 1813 2422 alienanto.

1202 2457 1325 2490 Utrum
1348 2458 1533 2499 recreatio,
1559 2467 1639 2501 quae
1662 2461 1839 2502 religiosis
1858 2463 2042 2498 societatis
2061 2463 2235 2500 concedi-

1242 2510 1300 2540 tur
1313 2507 1357 2540 ad
1374 2508 1593 2549 loquendum
1618 2511 1780 2551 quotidie
1801 2521 1864 2554 per
1882 2522 1991 2547 unam
2009 2515 2133 2548 horam
2155 2519 2231 2560 post

1243 2558 1448 2600 prandium,
1467 2562 1502 2592 et
1519 2559 1627 2592 aliam
1648 2565 1725 2602 post
1747 2569 1901 2603 coenam,
1915 2563 2015 2598 utilis
2030 2564 2076 2598 sit
2089 2569 2124 2599 et
2141 2573 2233 2604 con-

1240 2608 1404 2644 veniens.
1427 2612 1468 2642 tr.
1492 2612 1543 2649 10,
1560 2609 1583 2642 l.
1610 2614 1684 2651 8,c.
1702 2614 1733 2644 8.

1240 2657 1314 2696 Qua
1334 2659 1525 2692 verborum
1547 2659 1868 2703 circumspectione
1880 2662 2124 2705 transigenda,
2137 2663 2187 2698 ib.

1198 2705 1381 2742 Recreatio
1403 2709 1525 2751 aliqua
1547 2711 1729 2744 moderata
1748 2712 1917 2745 convenit
1930 2712 2117 2755 religiosis,
2134 2717 2230 2756 prte-

1237 2758 1364 2792 sertim
1390 2758 1437 2792 iis
1456 2759 1521 2802 qui
1540 2760 1758 2794 mentalibus
1787 2761 1967 2796 exercitiis
1991 2767 2225 2807 occupantur.

1622 2891 1784 2919 nzcmsus
1789 2909 1796 2916 .

1192 2954 1369 2990 neamus
1387 2954 1433 2990 ad
1450 2955 1615 2990 Praelatos
1625 2958 1830 2999 superiores
1845 2967 1961 3001 usque
1976 2959 2021 2994 ad
2037 2959 2224 2994 Summum

1234 3004 1454 3045 Pontificem,
1469 3009 1507 3038 ut
1521 3007 1566 3039 ab
1583 3007 1635 3040 eis
1653 3008 1824 3041 tollantur
1838 3012 1899 3042 aut
1913 3009 2092 3044 leniantur
2106 3018 2226 3053 poenae

1235 3054 1291 3088 vel
1322 3060 1497 3097 praecepta
1523 3057 1568 3089 ab
1598 3057 1835 3092 inferioribus
1865 3059 2021 3093 Praelatis
2045 3059 2222 3103 imposita,

1234 3103 1413 3145 religiosis
1437 3114 1622 3148 nunquam
1643 3107 1890 3150 denegandus.
1913 3112 1955 3142 tr.
1978 3112 2008 3148 8,
2030 3109 2053 3142 l.
2070 3113 2100 3149 2,
2117 3117 2147 3143 c.
2169 3112 2222 3144 121.

1233 3154 1309 3188 Nou
1332 3155 1413 3189 licet
1424 3159 1543 3190 tamen
1561 3157 1692 3191 similis
1706 3166 1872 3192 recursus
1890 3159 1936 3193 ad
1949 3159 2116 3193 Praelatos
2131 3158 2224 3195 alios

1234 3207 1355 3237 extern
1382 3214 1410 3238 s.

1232 3214 1496 3295 Nequezorum
1512 3255 1786 3291 intercessiones
1811 3256 2061 3300 permittendae
2082 3254 2220 3292 suntin

1231 3304 1418 3346 religione.
1430 3306 1596 3347 quamvis
1605 3314 1666 3340 eas
1680 3314 1871 3348 procurare
1883 3315 1928 3341 ex
1941 3309 2069 3341 natura
2081 3306 2132 3341 rei
2143 3314 2232 3346 nen,

1232 3353 1276 3386 sit
1290 3354 1468 3396 illicitum,
1486 3355 1537 3390 ib.

1561 3433 1717 3463 nunnitus
1739 3434 1852 3463 tunul-

1190 3498 1363 3534 Redditus
1381 3499 1496 3534 annui
1517 3507 1565 3534 an
1581 3499 1704 3542 aliqua
1721 3500 1860 3536 mfioua
1888 3500 2016 3536 haberi
2039 3494 2220 3549 Μία

1231 3548 1400 3582 domibus
1414 3549 1584 3592 professis
1600 3550 1796 3594 societatis,
1808 3553 1854 3586 tr.
1868 3553 1921 3593 10,
1935 3549 1962 3585 l.
1977 3553 2055 3594 4,..
2066 3548 2108 3585 N

1230 3598 1319 3632 Vide
1340 3600 1472 3634 Domus
1485 3600 1659 3644 professa.

2328 394 2352 479 t
