2352 3880
67 269 337 324 fhiusmodi
370 271 612 322 religionem
659 272 821 317 incerta
867 272 1129 312 mendicitate

5 328 21 403 ξ
39 317 76 382 f.
98 333 409 382 mtentandam
445 343 531 373 esse
544 364 559 382 ‚
592 334 689 385 quia
708 333 813 373 nihil
835 333 956 373 debet
977 333 1128 373 habene

9 422 16 426 -
47 389 83 429 ’¹³-
101 397 255 436 oettum
287 394 397 434 unde
433 394 683 445 alatur3sed
702 406 753 434 ex
781 394 1048 447 eleemosynis
1071 395 1128 434 vi-

6 487 17 494 „
49 472 59 518 ,²
99 467 196 497 vere
216 456 380 504 debere,
400 460 448 495 ut
479 456 537 495 ibi
570 457 703 505 glossa
732 465 774 495 et
800 468 941 496 omnes
967 461 1125 497 notant.

100 517 206 570 Ergo
226 530 368 557 omnes
384 518 484 558 certi
502 517 699 565 redditus,
716 517 801 556 sive
819 522 1062 569 proveniant
1077 531 1126 559 ex

98 591 147 621 re
174 580 402 632 corporali,
434 580 517 618 sive
546 591 595 618 ex
615 579 861 630 incorporali
878 581 986 631 jure,
1007 593 1127 632 repu-

98 647 228 693 gnant
243 641 339 681 huic
356 640 696 693 paupertati.Non
714 653 811 692 ergo
825 642 1126 682 excluditurso-

98 703 184 744 lum
201 706 270 755 jus
285 716 354 742 seu
375 704 479 742 actio
502 703 650 752 civilis,
672 704 737 742 scd
763 704 885 743 etiam
906 706 972 756 jus
994 706 1126 756 ipsum

28 789 32 794 -
96 765 384 814 substantiale,
417 769 464 803 ut
491 764 549 804 sic
581 765 740 812 dicam;
763 766 871 816 quod
889 768 996 806 inter
1020 767 1131 808 bona

95 826 340 878 temporalia
371 830 411 865 et
444 826 671 866 immobilia
690 840 763 879 per
786 841 828 867 se
851 833 1125 881 computatur,

97 890 210 930 otest
226 887 464 927 aestimabile
488 889 629 938 pretio,
652 890 775 928 etiam
795 891 950 930 seclusa
968 892 1126 930 actione

98 950 223 998 civili,
243 955 282 989 et
305 950 354 989 de
375 963 416 989 se
438 950 621 989 sufficere
641 956 768 1002 potest
787 952 838 990 ad
860 957 1010 991 certam
1034 954 1126 992 vitae

97 1011 436 1054 sustentationem
450 1042 462 1060 ,
483 1012 642 1051 etiamsi
666 1025 716 1051 ex
739 1013 905 1052 alterius
925 1014 1126 1064 injustitia

97 1075 242 1125 negari
271 1075 425 1125 possint
458 1073 639 1112 redditus
669 1074 796 1112 debiti
829 1086 879 1112 ex
905 1075 975 1113 tali
1003 1077 1123 1126 jnre3

97 1147 190 1187 quae
222 1135 424 1174 sententia
448 1134 661 1172 manifeste
683 1135 860 1172 sumitur
878 1147 927 1173 ex
947 1135 1127 1176 declara-

98 1198 209 1237 tione
229 1196 434 1235 Pontificis
452 1196 495 1234 in
515 1196 711 1235 Clement.
728 1197 872 1243 Exivi,
885 1210 990 1236 vers.
1012 1197 1127 1240 Cum·

98 1271 171 1314 que
184 1260 307 1300 annui
317 1259 511 1305 redditus,
524 1259 572 1297 de
587 1259 816 1297 Verborum
834 1260 1011 1309 signitic.
1025 1263 1126 1301 Cum

99 1333 197 1373 ergo
213 1322 254 1360 in
270 1320 396 1359 Bullis
416 1320 578 1371 ponitur
596 1321 793 1372 particula
808 1321 891 1369 illa,
901 1323 976 1373 jus
994 1324 1126 1374 civile,

97 1395 182 1423 non
214 1382 456 1431 intelligitur
484 1382 571 1421 sola
606 1383 710 1421 actio
745 1384 887 1430 civilis,
916 1385 982 1422 sed
1005 1398 1128 1425 omne

94 1445 162 1498 ius
178 1457 251 1483 seu
275 1444 502 1482 dominium
524 1444 766 1490 humanum,
791 1447 898 1496 quod
922 1447 989 1497 jus
1009 1447 1128 1486 civile

99 1506 290 1558 appellari
316 1506 462 1556 potuit,
483 1505 547 1544 vel
580 1507 672 1557 quie
709 1507 817 1545 inter
838 1509 944 1547 cives
976 1509 1127 1547 versari

99 1568 215 1615 solet,
238 1567 298 1606 vel
321 1568 416 1617 quia
435 1567 747 1607 fundamentum
771 1573 830 1607 est
847 1570 950 1619 juris
982 1571 1127 1616 civilis,

100 1634 141 1669 et
154 1641 228 1681 per
247 1641 287 1667 se
308 1629 462 1667 conlert
482 1629 608 1676 illud,
636 1631 822 1682 quamvis
842 1631 1061 1682 aliquando
1079 1644 1130 1671 ex

101 1691 299 1732 accidenti
317 1695 502 1740 negetur.

155 1753 196 1793 7.
224 1752 295 1792 Ad
321 1750 655 1801 confirmationem
682 1753 729 1792 ab
753 1754 926 1806 exemplo
946 1753 1069 1806 leyatz'
1087 1755 1133 1794 iu

101 1815 173 1856 illo
193 1825 235 1854 n.
254 1815 295 1853 5.
315 1837 364 1843 —
384 1814 566 1854 Societas
591 1817 773 1864 professa
793 1816 924 1865 legata
952 1818 1132 1868 quaedam

100 1877 147 1916 in
162 1876 442 1925 eleemosynam
465 1880 663 1926 acceptare
679 1880 822 1927 potest.
845 1897 897 1905 —
913 1878 972 1915 Ad
996 1890 1132 1916 exem—

102 1937 212 1989 plum
228 1942 362 1974 autem
380 1936 432 1974 ibi
454 1937 646 1987 positum,
666 1938 927 1976 manifestum
946 1944 1005 1977 est
1026 1940 1066 1977 in
1085 1951 1133 1978 eo

102 2010 197 2038 casu
218 1999 394 2048 legatum
418 1997 514 2036 illud
537 2010 767 2049 repugnare
802 2001 1032 2051 paupertati
1063 2001 1134 2041 So—

102 2059 256 2099 cietatis
271 2089 282 2106 ,
303 2065 424 2109 atque
445 2059 544 2097 adeo
573 2071 659 2098 esse
682 2060 842 2098 nullum
860 2090 869 2107 ‚
894 2063 949 2100 ita
973 2066 1018 2100 ut
1051 2075 1133 2101 non

102 2121 232 2162 solum
254 2134 335 2160 non
355 2121 540 2172 acquirat
560 2121 737 2160 Societas
753 2124 822 2172 jus
842 2124 889 2162 ad
912 2124 1011 2162 tales
1043 2125 1134 2164 red-

104 2183 226 2231 ditus,
247 2195 389 2222 verum
420 2183 543 2221 etiam
573 2195 657 2222 non
687 2185 809 2234 possit
828 2185 917 2223 illos
937 2186 1132 2237 recipere,

106 2245 202 2296 quia
216 2248 318 2283 esset
336 2245 486 2283 virtute
506 2246 748 2293 consentire,
770 2251 809 2285 et
828 2252 1036 2297 acceptare
1056 2249 1133 2298 jus,

106 2309 179 2345 aut
211 2306 352 2344 saltem
387 2305 490 2344 velle
521 2305 671 2345 habere
706 2316 835 2346 certos
868 2309 1052 2348 redditus
1082 2310 1135 2348 ad

106 2378 220 2406 suam
242 2368 574 2405 sustentationem
596 2368 700 2417 (nisi
718 2369 822 2408 forte
852 2368 1034 2409 haeredes
1065 2383 1134 2410 ex—

106 2440 242 2480 presse
274 2427 526 2467 declarare-nt
544 2441 586 2468 se
617 2430 724 2468 ultro
742 2431 838 2469 dare
859 2431 962 2470 velle
978 2433 1004 2481 ).
1031 2433 1132 2481 Imo,

106 2489 265 2530 etiamsi
289 2494 456 2528 testator
475 2490 551 2528 hoc
576 2502 679 2529 onus
704 2492 932 2542 imponeret
963 2492 1133 2541 baeredi,

106 2551 219 2590 nullo
239 2552 327 2602 jure
349 2552 442 2589 dato
462 2551 665 2598 Societati‚
685 2553 752 2591 sed
776 2554 903 2591 solum
927 2555 1136 2603 gravando

106 2614 393 2652 conscientiam
415 2613 599 2662 haeredis,
615 2614 732 2665 juxta
757 2627 1018 2654 communem
1047 2629 1136 2655 sen-

106 2674 276 2714 tentiam
297 2678 406 2712 tomo
429 2675 675 2726 praecedenti
706 2681 920 2714 tractatam
951 2677 1000 2716 de
1023 2689 1135 2717 men-

106 2734 348 2783 dicantibus,
371 2748 455 2774 non
481 2741 584 2775 esset
614 2737 794 2776 validum
827 2738 907 2776 tale
936 2738 1133 2789 legatum,

106 2797 199 2849 quia
220 2802 424 2848 repugnat
450 2799 599 2837 strictae
619 2800 864 2850 paupertati,
883 2812 974 2850 quae
994 2813 1136 2839 omnes

105 2858 285 2900 redditus
312 2865 439 2899 certos
459 2860 654 2909 excludit,
676 2866 722 2899 ut
741 2868 857 2899 notat
879 2862 1135 2901 Panormita-

102 2932 194 2968 11118,
214 2921 258 2960 in
278 2933 364 2972 cap.
387 2921 530 2962 Nimis
555 2934 700 2975 prava,
720 2923 760 2971 2,
780 2922 831 2962 de
850 2923 1008 2962 Excess.
1031 2924 1135 2962 Prae-

102 2981 191 3031 lat„
204 2995 377 3022 numero
394 2984 583 3031 secundo,
606 2986 703 3023 etin
720 2997 755 3023 c.
773 2985 828 3024 Iu
839 2987 1072 3035 praesentia,
1083 2986 1134 3025 de

106 3043 413 3086 thationihus
425 3059 435 3091 ;
449 3050 490 3085 et
506 3046 598 3086 ideo
609 3046 652 3085 in
667 3048 840 3098 septima
855 3050 1017 3086 tandem
1030 3048 1135 3088 Con·

106 3107 342 3157 vagatione
374 3108 571 3158 generali,
605 3109 765 3148 decreto
794 3110 1135 3161 quinquagesimo

107 3166 297 3207 editionis
324 3170 423 3208 anni
444 3171 561 3219 1616,
581 3171 808 3210 stabilitum
826 3176 886 3210 est
904 3184 1135 3223 repugnare

108 3228 318 3268 societatis
348 3230 535 3271 instituto
555 3261 566 3279 ,
598 3239 640 3272 et
679 3234 848 3284 puritati
885 3234 1135 3284 paupertatis

109 3289 210 3340 ejus,
228 3289 266 3328 si
281 3290 451 3341 collegia
467 3297 677 3344 acceptent
694 3295 879 3334 redditus
898 3307 990 3333 cum
1012 3307 1136 3335 onere

107 3350 233 3391 ‘dandi
265 3351 447 3402 aliquam
482 3358 638 3403 partem
669 3357 812 3396 domui
849 3357 1051 3409 professae.
1085 3357 1137 3396 Et

109 3413 299 3465 quamvis
315 3413 750 3466 Sylvester‚L09atum‚
768 3420 809 3465 2,
827 3431 868 3469 q.
882 3419 922 3464 2,
937 3417 1136 3469 particula

109 3473 194 3515 met
213 3476 253 3522 3,
271 3486 364 3513 cum
388 3475 609 3520 Paludano,
627 3482 667 3516 et
680 3478 773 3517 aliis
788 3480 1040 3528 Ductoribus,
1059 3479 1137 3519 hoe

109 3533 404 3588 limitetquoad
418 3537 519 3576 alias
537 3536 754 3587 religiones
771 3541 1062 3590 mendicantes,
1080 3540 1137 3581 vi-

112 3593 372 3646 dameam·
387 3609 462 3652 per
474 3599 638 3640 modum
653 3599 903 3653 eleemosynas
924 3603 969 3644 id
989 3603 1138 3655 recipe·

437 204 526 240 ffl.
547 205 606 240 11.
628 206 683 241 DE
702 205 972 242 mursa-’mm
990 204 1035 240 m
1047 203 1239 239 *COHUUNJ
1260 203 1456 238 Dfflofllffl
1477 203 1784 246 rnoressmmt,
1801 203 1893 239 mc.

2051 42 2055 49 .
2071 0 2352 57 imbfflffiiffffl

1182 273 1286 318 rent,
1310 274 1352 308 et
1371 282 1453 308 non
1482 271 1686 321 exigendo
1701 269 1964 322 judicialiter,
1982 267 2131 323 dequo
2154 270 2215 310 ci-

1181 334 1266 369 tato
1285 336 1396 370 tomo
1410 329 1543 370 visum
1558 336 1635 380 est,
1660 332 1931 371 nihilominus
1950 332 1992 371 in
2015 332 2215 372 Societate

1181 391 1267 442 ipsa
1294 404 1377 430 non
1405 392 1600 430 existimo
1631 391 1779 432 habere
1802 393 1936 433 locum
1965 392 2214 445 generaliter

1181 452 1231 492 de
1251 452 1576 503 quibuscumque
1592 452 1737 502 legatis
1763 453 1876 493 illam
1905 455 2212 503 limitationem,

1180 515 1252 552 sed
1267 513 1397 552 solum
1416 514 1459 552 in
1482 525 1577 552 casu
1595 514 1638 551 in
1653 513 1742 564 ejus
1762 512 2127 555 constitutionibus
2141 527 2215 555 ex-

1180 587 1329 626 presso.
1354 577 1454 615 Nam
1485 576 1530 614 in
1557 579 1670 614 sexta
1711 580 1824 624 parte
1850 576 2210 627 Constitutionum,

1179 650 1214 678 c.
1237 640 1276 683 2,
1299 637 1323 690 ξ
1342 640 1384 685 2,
1405 649 1498 677 cum
1531 637 1686 675 dictum
1716 640 1834 683 esset,
1856 637 2001 675 domus
2020 643 2060 677 et
2081 639 2213 678 Eccle-

1179 698 1258 737 sias
1281 699 1493 738 Societatis
1513 694 1599 736 non‘
1618 709 1732 749 posse
1749 697 1900 735 habere
1920 698 2116 747 redditus,
2137 700 2212 739 ad-

1180 760 1290 800 ditur
1321 762 1363 799 in
1395 761 1669 800 declaratione
1687 789 1702 808 ,
1738 759 1798 798 lit.
1823 760 1884 798 B:
1909 759 1962 799 Sa·
1992 760 2138 812 aliquis
2163 773 2216 802 ex

1180 822 1462 871 fundatoribus
1487 824 1687 862 domorum
1712 821 1770 860 vel
1790 820 2067 860 Ecclesiarum
2101 823 2214 862 vellet

1181 885 1360 924 redditus
1385 884 1541 935 aliquos
1567 884 1620 922 ad
1644 882 1811 930 fabricoe
1831 894 1948 921 usum
1973 882 2211 933 relinquere,

1179 947 1383 986 dummodo
1413 958 1481 986 uec
1509 945 1716 996 dispositio
1739 956 1870 986 eorum
1893 945 1946 984 ad
1974 944 2214 984 Societatem

1173 1010 1389 1060 pertineat,
1406 1020 1473 1048 nee
1489 1010 1546 1048 sit
1559 1010 1660 1048 unde
1679 1008 1713 1047 ei
1732 1010 1923 1059 competet
1941 1008 2043 1047 actio
2063 1005 2104 1046 in
2122 1006 2217 1047 illos

1182 1071 1386 1122 (quamvis
1401 1071 1446 1111 id
1463 1070 1527 1110 illi
1546 1082 1653 1111 σανα»
1672 1074 1786 1116 esset,
1806 1074 1851 1109 ut
1872 1071 1925 1118 is,
1948 1069 2012 1109 eui
2034 1069 2112 1109 cale
2131 1081 2217 1109 mu·

1180 1144 1256 1172 uus
1276 1134 1527 1173 commissum
1548 1137 1619 1180 est,
1642 1144 1755 1172 suu-m
1778 1132 1951 1182 officium
1971 1132 2156 1180 faceret),
2172 1134 2216 1172 et

1181 1193 1297 1234 sicin
1313 1195 1427 1234 rebus
1449 1195 1665 1241 similibus,
1688 1204 1766 1232 uon
1796 1196 1895 1233 esset
1921 1192 1965 1232 id
1981 1204 2006 1232 a
2035 1192 2215 1233 Societa-

1182 1256 1234 1297 tis
1249 1262 1484 1309 paupertate
1516 1257 1704 1295 alienum.
1735 1255 1795 1294 Ex
1827 1266 1910 1305 qua
1941 1253 2216 1293 declaratione

1182 1323 1354 1366 constat,
1382 1319 1425 1357 in
1445 1330 1538 1357 casu
1555 1318 1612 1355 ibi
1632 1328 1819 1367 expresso
1836 1315 1914 1354 tale
1930 1315 2112 1365 legatum
2142 1327 2213 1354 seu

1184 1393 1287 1419 onus
1316 1381 1496 1419 validum
1520 1391 1630 1427 esse,
1658 1379 1753 1429 quia
1779 1377 1970 1417 Societati
1996 1377 2092 1416 licet
2119 1389 2220 1428 gau-

1184 1442 1278 1480 dere
1303 1442 1389 1490 illo,
1414 1441 1535 1480 modo
1567 1440 1643 1479 sibi
1675 1440 1884 1492 permisso,
1914 1439 2077 1486 scilicet,
2113 1439 2217 1478 acci-

1183 1504 1332 1555 piendo
1346 1504 1528 1542 redditus
1542 1503 1644 1549 illos,
1664 1503 1697 1540 si
1712 1501 1875 1550 dentur,
1895 1507 1936 1540 et
1951 1501 2213 1540 admonendo

1182 1567 1306 1604 etiam
1329 1566 1392 1603 sui
1416 1565 1538 1603 officii
1560 1564 1779 1611 haeredem,
1799 1564 1869 1614 qui
1899 1567 2150 1613 supponatur
2174 1565 2220 1602 in

1185 1628 1431 1666 couscientia
1457 1626 1677 1675 obligatus,
1700 1625 1801 1664 alias
1822 1625 1934 1663 nulla
1954 1630 2058 1663 esset
2080 1625 2221 1663 admo-

1184 1689 1302 1728 nitio.
1322 1688 1461 1734 Qualis
1476 1700 1571 1726 vero
1593 1699 1678 1726 esse
1698 1687 1823 1738 possit
1843 1686 1911 1724 illa
1931 1685 2126 1737 obligatio
2141 1686 2223 1726 hae-

1186 1751 1308 1797 redis,
1330 1751 1372 1788 in
1399 1754 1511 1788 tomo
1534 1749 1737 1799 superiori
1757 1748 2004 1799 explicatum
2024 1753 2096 1787 est.

1239 1813 1279 1851 8.
1306 1812 1401 1852 Nou
1421 1816 1550 1853 tamen
1572 1822 1823 1862 quercumque
1837 1809 1995 1863 ξῖεραεα.
2013 1810 2221 1850 -Νωηὶ-

1187 1884 1234 1914 ne
1260 1873 1428 1924 fabricae
1463 1884 1539 1910 uon
1561 1872 1723 1912 veniunt
1755 1875 2068 1910 ornamenta.—
2084 1871 2224 1923 Neque

1188 1939 1371 1986 sumptus
1386 1946 1459 1985 pro
1478 1933 1697 1980 sacrificiis
1716 1936 1751 1972 eb
1782 1933 2222 1971 luminaribus.-—Cun1

1188 2002 1323 2035 autem
1340 1995 1524 2046 exceptio
1538 1994 1673 2032 firmet
1691 1993 1878 2043 regulam
1894 2006 1937 2032 in
1952 1995 2222 2044 contrarium,

1188 2062 1230 2097 et
1254 2057 1339 2096 haee
1361 2058 1548 2095 videatur
1561 2057 1605 2094 in
1624 2055 1811 2106 praesenti
1830 2067 1915 2094 esse
1936 2056 2119 2106 exceptio
2141 2056 2224 2094 sin-

1190 2118 1358 2170 gularis,
1379 2122 1676 2168 consequenter
1698 2117 1874 2164 videtur,
1896 2122 2011 2155 extra
2025 2117 2137 2155 hunc
2156 2129 2224 2156 ca·

1190 2192 1279 2219 sum
1300 2192 1382 2218 non
1402 2179 1523 2218 licere
1545 2178 1736 2218 Societati
1756 2182 1967 2229 acceptare
1988 2178 2224 2229 hujiismodi

1190 2242 1372 2281 redditus
1389 2243 1474 2292 jam
1494 2247 1636 2288 certos,
1656 2240 1798 2278 saltem
1829 2252 1879 2278 ex
1896 2240 2146 2291 obligatione
2165 2242 2223 2280 al-

1191 2306 1331 2349 terius,
1352 2308 1398 2341 ut
1409 2303 1521 2341 verbi
1538 2306 1686 2353 grana,
1700 2302 1732 2340 si
1745 2302 1803 2340 illi
1816 2302 1998 2341 redditus
2006 2315 2090 2341 non
2100 2304 2151 2342 ad
2165 2303 2223 2343 fa-

1190 2365 1346 2404 bricam
1363 2364 1547 2404 Ecclesiae
1558 2368 1631 2402 aut
1641 2363 1803 2411 domus,
1817 2363 1885 2401 sed
1900 2363 1950 2401 ad
1964 2365 2224 2404 sustentatio-

1189 2439 1285 2467 nem
1316 2428 1601 2476 religiosorum
1638 2425 1968 2475 relinquerentur
1983 2440 1994 2474 ;
2018 2427 2114 2477 quia
2147 2427 2223 2466 hoc

1190 2490 1320 2538 magis
1337 2492 1541 2539 repugnat
1557 2487 1784 2538 paupertati
1801 2487 2017 2538 personali,
2027 2493 2073 2526 ut
2085 2489 2143 2527 sic
2164 2489 2225 2528 di-

1189 2562 1294 2589 cam.
1314 2550 1426 2597 Quod
1437 2551 1470 2587 si
1485 2549 1574 2587 haec
1589 2549 1786 2599 expositio
1802 2561 1897 2587 vera
1911 2553 1987 2596 est,
1998 2551 2120 2588 etiam
2141 2563 2223 2590 non

1189 2611 1329 2650 licebit
1351 2613 1522 2660 (attento
1545 2610 1637 2661 jure
1662 2610 1886 2658 communi)
1909 2611 2060 2649 similes
2089 2612 2225 2650 reddi-

1190 2677 1256 2712 tus
1284 2677 1496 2723 acceptare
1523 2671 1575 2710 ad
1595 2675 1837 2710 ornamenta
1859 2671 2063 2719 Ecclesiae,
2082 2678 2123 2711 et
2141 2673 2224 2714 alia

1190 2747 1315 2774 onera
1328 2734 1521 2773 sacristiae
1536 2748 1547 2782 3
1568 2734 1664 2784 quia
1679 2732 1848 2771 nomine
1860 2734 2022 2782 fabricoe
2039 2733 2126 2772 haec
2140 2747 2224 2775 non

1190 2796 1609 2847 comprehenduntur,
1629 2806 1790 2843 argum.
1813 2806 1849 2832 c.
1871 2794 1931 2833 De
1950 2795 2028 2842 leis,
2047 2795 2097 2834 de
2129 2797 2227 2836 Tes-

1189 2860 1398 2905 tamentis,
1416 2857 1486 2895 ubi
1503 2857 1591 2894 haec
1605 2859 2023 2906 ponunturtanquam
2044 2856 2224 2907 diversa,

1189 2920 1299 2972 quod
1322 2919 1380 2958 ibi
1403 2923 1516 2957 notat
1542 2917 1871 2966 Panormitanus,
1890 2929 2063 2956 numero
2082 2931 2226 2958 secun-

1189 2983 1257 3029 do,
1278 2986 1319 3020 et
1349 2981 1475 3019 infert
1501 2980 1683 3018 redditus
1714 2980 1928 3030 deputatos
1957 2979 2007 3018 ad
2027 2980 2225 3020 fabricam

1189 3055 1272 3082 non
1292 3055 1404 3094 posse
1421 3041 1602 3080 converti
1618 3042 1658 3079 in
1672 3045 1915 3079 ornamenta
1932 3041 2127 3081 Ecclesiae.
2150 3043 2225 3082 Hic

1189 3118 1286 3158 ergo
1302 3106 1346 3144 in
1367 3105 1556 3156 praesenti
1576 3104 1794 3142 dicen-ium
1815 3103 1975 3143 videtur
1993 3105 2226 3155 permissio-

1188 3179 1549 3218 nem‚expressam
1582 3170 1742 3204 tantum
1773 3166 1880 3204 circa
1912 3165 2225 3214 fabricam‚non

1189 3229 1354 3270 extendi
1376 3228 1427 3267 ad
1455 3232 1712 3274 ornamenta,
1735 3232 1776 3266 et
1803 3227 1904 3266 alios
1939 3233 2125 3279 sumptus
2153 3238 2225 3278 pro

1190 3290 1475 3337 luminaribus,
1490 3289 1713 3337 sacrificiis,
1729 3293 1802 3328 etc.
1820 3288 1974 3327 Deinde
1985 3290 2108 3327 etiam
2128 3294 2226 3337 pon-⁸

1190 3353 1324 3394 derari
1338 3355 1470 3405 potest
1483 3352 1560 3390 hoc
1576 3351 1708 3390 solum
1724 3363 1792 3403 pe1
1800 3351 1908 3390 mitti
1922 3349 2222 3388 fundatoribus.

1191 3416 1307 3463 Quod
1328 3415 1453 3454 etiam
1481 3414 1643 3452 videtur
1674 3412 1846 3464 speciale
1874 3416 2037 3462 propter
2055 3410 2226 3459 gratitu-

1191 3478 1330 3517 dinem
1351 3489 1407 3516 eis
1427 3475 1625 3524 debitam,
1641 3479 1682 3514 et
1701 3475 1800 3526 quia
1825 3477 1919 3511 sunt
1939 3469 2064 3509 veluti
2095 3470 2225 3510 domi-

1190 3540 1251 3588 ni,
1273 3539 1313 3578 id
1333 3547 1407 3585 est,
1435 3537 1611 3590 patroni,
1632 3536 1686 3575 ad
1713 3546 1814 3586 quos
1832 3531 2012 3571 maxime
2031 3532 2221 3582 pertinet,

1191 3606 1232 3643 et
1243 3601 1372 3642 veluti
1389 3600 1436 3640 in
1452 3610 1596 3640 eorum
1607 3595 1868 3638 commodum
1880 3592 2100 3643 redundat,
2114 3593 2222 3646 quod

2136 198 2218 243 747
2241 180 2245 182 ’

2242 50 2265 66 „7
2275 86 2281 90 ι
2315 58 2318 60 ,
2344 59 2352 82 ‚¹
