2352 3880
139 290 222 333 '160

138 364 203 400 ter
218 356 496 399 convenientis
510 357 562 397 ad
581 364 650 397 eas
666 357 880 406 cavendas,
894 358 1167 406 interveniat:

138 431 236 460 nam
254 423 352 458 tunc
370 418 594 470 Superior
577 431 646 471 Jus
669 419 794 459 habet
815 419 1098 473 praecipiendi,
1129 421 1173 462 et

137 493 221 520 non
241 479 399 520 excedit
411 479 515 520 fines
532 479 688 533 regulae
708 485 780 521 aut
806 482 999 524 instituti.

192 543 256 581 16.
278 541 364 582 Pro
383 543 539 583 ratione
554 543 599 583 in
620 554 660 583 n.
684 545 711 584 9
731 544 918 591 adducta,
942 543 1106 584 dubium
1126 544 1172 584 de

136 603 378 654 obliyatione
396 604 450 645 ad
465 603 735 657 Indoskundi,
756 609 885 646 etc.-
898 604 1005 653 Quid
1020 605 1064 645 de
1077 604 1174 644 aliis

135 663 429 716 reliqiosisr—
441 665 596 706 Petitur
615 671 755 706 autem
773 666 819 705 in
842 666 1022 706 secunda
1041 666 1174 717 objec-

134 729 247 767 tione
265 739 339 779 pro
353 728 499 768 eadem
514 733 692 780 negante
715 733 831 781 parte
847 729 980 780 posita
999 728 1043 766 in
1060 739 1102 767 11.
1127 729 1168 776 9,

134 802 188 829 an
211 789 394 841 religiosi
425 791 663 841 Societatis,
699 791 771 842 qui
800 794 995 842 quartum
1026 792 1168 829 votum

133 851 412 904 professorum
431 865 514 891 non
535 854 772 900 emiserunt,
793 852 951 903 possint
969 862 1019 890 ex
1033 851 1168 902 rigore

133 914 328 966 praecepti
345 914 588 954 obedientiae
606 914 780 965 obligari
793 913 844 952 ad
864 913 1077 952 missiones
1090 912 1169 952 dif-

132 975 274 1026 ficiles,
295 977 435 1028 quales
462 981 557 1016 sunt
576 977 684 1015 inter
711 975 830 1014 Indos
854 975 920 1014 vel
947 975 1046 1014 alios
1071 975 1169 1014 infi-

133 1038 257 1078 deles.
277 1039 450 1087 Quidam
467 1039 578 1079 enim
597 1043 796 1085 auctores,
815 1037 949 1089 quide
966 1037 1058 1076 aliis
1077 1037 1169 1076 reli-

132 1102 256 1154 giosis
277 1103 353 1141 hoc
381 1106 550 1152 negant,
572 1101 697 1147 idem,
726 1104 772 1139 ut
801 1100 980 1148 videtur,
1011 1099 1056 1139 in
1074 1098 1170 1139 reli-

133 1164 256 1217 giosis
271 1163 481 1203 Societatis
501 1163 710 1203 sentirent.
730 1162 959 1201 Praesertim
977 1173 1074 1200 vero
1092 1161 1169 1200 hoc

134 1227 319 1266 indicant
352 1225 506 1265 Ludov.
530 1225 683 1276 1Lopez,
719 1225 762 1263 in
793 1223 1057 1263 Instructorio
1077 1235 1171 1262 con-

134 1288 332 1336 scientiae,
361 1299 402 1339 p.
427 1289 467 1336 1,
484 1299 519 1326 c.
551 1287 602 1327 56
617 1317 628 1330 ,
647 1291 688 1326 et
706 1285 951 1326 Emmanuel
984 1284 1169 1335 Rodrig.‚

133 1356 244 1389 tomo
269 1349 403 1401 primo
425 1349 705 1397 Quaestionum
725 1347 874 1398 regul..
898 1350 1040 1398 quaest.
1065 1346 1172 1385 deci·

131 1424 201 1452 ma
218 1424 343 1459 nona,
367 1415 445 1450 art.
468 1413 510 1459 7,
533 1410 605 1449 ubi
622 1422 716 1449 cum
734 1411 783 1448 de
807 1409 890 1448 suis
915 1408 1089 1460 quisque
1109 1419 1173 1447 re-

131 1473 286 1525 ligiosis
308 1473 384 1512 hoc
415 1472 635 1520 docuisset,
667 1470 1023 1511 confirmationem
1046 1469 1173 1508 sumit

131 1547 182 1575 ex
202 1534 324 1574 modo
356 1533 520 1573 vivendi
552 1533 838 1584 religiosorum
864 1536 1016 1571 nostrae
1036 1531 1172 1572 Socie-

126 1597 247 1651 Jtatis,
276 1596 347 1649 qui
377 1595 451 1636 kas
471 1595 636 1647 (inquit)
671 1595 909 1647 lonqinquas
935 1593 1172 1646 peregrina-

131 1660 279 1706 tiones,
302 1658 487 1709 valdeque
525 1655 722 1709 difficiles,
757 1656 836 1695 sibi
861 1654 1130 1706 injunyendas
1146 1665 1175 1697 α

134 1721 349 1769 Proelatis,
367 1720 569 1759 subituros
593 1719 854 1771 profitentur,
885 1728 953 1757 nec
971 1728 1037 1756 eas
1056 1726 1173 1767 repu-

131 1783 339 1829 diatmos;
361 1794 442 1833 quo
463 1781 558 1819 satis
580 1781 828 1826 insinuatur,
850 1778 884 1817 si
899 1790 973 1821 035.
984 1790 1068 1816 11011
1083 1789 1172 1830 spe-

132 1843 289 1883 cialiter
307 1843 528 1891 vovissent,
551 1846 750 1892 tanquam
770 1840 892 1879 nimis
909 1839 1095 1878 difficiles
1114 1851 1177 1879 re-

132 1904 264 1943 futare
281 1904 474 1956 potuisse.
491 1903 607 1951 Quod
629 1906 921 1953 argumentum
942 1901 1066 1941 etiam
1085 1913 1176 1952 pro·

129 1962 243 2005 'cedit
262 1965 312 2005 de
326 1965 517 2003 omnibus
532 1964 731 2013 religiosis
747 1962 972 2008 Societatis,
987 1962 1059 2013 qui
1071 1962 1175 2002 illud

133 2027 342 2080 peculiare
357 2031 498 2066 votum
519 2038 604 2065 non
624 2026 835 2065 emittunt.

189 2092 254 2128 17.
273 2089 377 2136 Quid
393 2089 436 2129 de
455 2087 658 2140 reliqz‘osis
677 2087 897 2129 Societatis
908 2086 1175 2140 pronuntian-

134 2152 241 2192 dum.
253 2150 517 2201 —Quidquid
536 2162 632 2189 vero
651 2149 703 2188 sit
721 2149 771 2188 de
788 2148 880 2187 aliis
893 2148 1094 2199 religiosis
1109 2147 1174 2197 (de

133 2213 283 2264 quibus
305 2223 442 2263 supra,
474 2211 519 2250 111
545 2215 656 2250 tomo
677 2209 938 2262 praecedenti,
959 2210 1002 2247 in
1023 2221 1174 2260 genere

134 2274 232 2314 satis
252 2273 408 2312 dictum
428 2276 503 2319 est,
525 2276 566 2311 et
587 2271 870 2323 unusquisqne
892 2271 1040 2322 poterit
1054 2271 1174 2322 Juxta

133 2336 337 2376 rationem
349 2335 413 2374 sui
430 2333 606 2373 instituti
623 2333 826 2385 principia
840 2332 898 2372 ibi
914 2332 1046 2384 posita
1065 2331 1116 2371 ad
1130 2344 1173 2372 se

134 2397 373 2450 applicare),
394 2396 444 2435 de
464 2396 613 2435 nostris
631 2399 789 2434 certum
809 2398 1064 2446 reputamus,
1086 2405 1171 2433 om-

134 2471 207 2500 nes
231 2470 346 2498 veros
363 2458 574 2508 religiosos
592 2457 803 2496 Societatis
823 2468 939 2508 posse
958 2456 1002 2494 in
1021 2456 1166 2496 virtut(

134 2525 287 2561 sanctae
310 2519 553 2559 obedientiae
575 2518 627 2557 ad
647 2517 721 2556 has
743 2518 956 2557 missiones
982 2517 1168 2569 obligari,

132 2595 208 2643 per
234 2592 276 2622 se
293 2581 514 2633 loquendo,
530 2584 570 2620 et
582 2579 750 2619 seclusis
769 2578 1086 2619 accidentalibus
1100 2581 1174 2620 eir-

131 2640 416 2713 cumstantiis,
453 2653 544 2694 quae
581 2641 625 2680 in
660 2639 977 2710 particularibus
1013 2641 1175 2682 casibus

131 2687 303 2757 possunt
323 2715 531 2752 excusare,
553 2714 643 2755 quae
662 2703 706 2742 in
731 2708 972 2756 praesentem
992 2704 1174 2744 conside-

130 2764 340 2808 rationem
372 2779 458 2806 non
488 2766 609 2806 venir.
613 2771 673 2804 nt.
708 2766 827 2805 Ratio
861 2765 1070 2817 praecipua
1094 2769 1172 2814 est,

130 2823 232 2880 {quia
246 2829 324 2868 hoc
344 2833 403 2868 est
423 2827 519 2866 satis
540 2837 776 2878 expressum
795 2826 840 2864 in
863 2827 1170 2866 Constitutioni

130 2887 210 2929 11115
222 2889 448 2937 Societatis,
460 2892 507 2927 ut
518 2891 629 2939 patet
647 2899 698 2926 ex
708 2899 817 2926 nona
830 2893 962 2938 parte,
977 2900 1014 2926 c.
1030 2889 1168 2937 tertio,

136 2950 161 3002 ἓ
179 2952 219 2990 9.
239 2950 367 2998 Dices,
388 2949 447 2988 ibi
463 2948 595 2989 solum
612 2948 706 2997 dici,
724 2950 884 2989 mittere
894 2950 1059 3000 poterit,
1074 2954 1169 2999 etc„

135 3023 222 3051 non
241 3023 338 3051 vero
363 3011 460 3060 dici,
488 3011 709 3065 proecipere
725 3010 886 3063 poterit.
914 3010 990 3049 Sed
1013 3009 1089 3050 hoc
1107 3011 1173 3051 ni-

99 3068 197 3156 {hil
214 3072 360 3120 obstat,
381 3075 473 3111 tum
492 3071 589 3125 quia
607 3083 693 3110 non
707 3075 836 3124 potest
850 3071 1062 3111 efficaciter
1077 3071 1171 3112 mit-

112 3138 239 3196 }tere,
259 3134 339 3174 nisi
370 3133 498 3187 possit
525 3133 650 3172 etiam
670 3135 911 3186 praecipere3
931 3137 1022 3174 tum
1046 3134 1175 3179 etiam

118 3195 235 3252 quia
254 3195 399 3236 eodem
418 3194 539 3234 modo
558 3194 708 3233 dicitur
726 3206 842 3246 posse
858 3195 1036 3243 mittere,
1068 3195 1172 3235 sicut

136 3266 253 3318 posse
278 3258 422 3300 missos
448 3269 652 3305 revocare,
673 3255 740 3296 vel
758 3256 894 3296 officia
910 3256 1168 3298 distribuere.

138 3316 304 3361 constat
319 3324 459 3360 autem
479 3329 593 3370 posse
612 3317 670 3356 ita
695 3316 939 3358 distribuere
956 3317 1106 3367 officia,
1126 3321 1174 3358 ut

139 3390 191 3423 ex
204 3385 408 3436 praecepto
426 3383 545 3433 cogat
563 3390 916 3432 unumquemque,
937 3379 972 3418 si
994 3391 1173 3420 necessa-

138 3443 248 3486 'rium
282 3439 422 3492 fuerit,
464 3438 518 3482 ad
550 3440 850 3493 acceptandum
883 3440 1065 3480 officium
1095 3440 1173 3481 sibi

140 3503 420 3545 commissum.
442 3503 546 3544 Item
572 3501 837 3542 manifestum
855 3505 915 3542 est
933 3514 1051 3554 posse
1068 3514 1172 3555 prae-

139 3566 328 3638 cipiendo
345 3577 536 3607 revocure
553 3575 846 3618 quoscumque,
866 3567 908 3605 et
923 3563 1173 3617 ubicumque

139 3612 343 3677 existant3
375 3627 433 3667 ita
451 3638 549 3680 ergo
568 3629 697 3696 potest
716 3626 893 3668 mittere.
925 3625 1082 3666 Deinde
1112 3629 1173 3667 est

142 3689 359 3751 monitante.
372 3687 497 3740 ratio,
514 3688 612 3745 quia
625 3683 693 3730 hae
711 3686 926 3730 missiones
939 3691 1036 3728 sunt
1051 3685 1174 3728 valde

492 289 570 328 un.
591 287 650 326 IV.
672 290 727 327 1²8
747 288 869 330 vens
887 287 1138 329 8111?lessOE
1157 286 1398 330 cAs‘nTArls
1417 291 1472 330 m·
1492 287 1785 331 murmanus,
1808 288 1899 327 mc.

1224 359 1477 407 necessariae,
1501 362 1542 400 et
1561 361 1844 398 consentaneae
1861 355 1913 396 ad
1930 350 2056 396 finem
2082 353 2197 397 Socic

1224 421 1291 470 tis,
1311 431 1395 460 non
1412 421 1545 461 solum
1564 423 1769 474 quatenns
1787 431 1811 457 a
1825 416 2028 470 professis,
2043 416 2113 458 sed
2132 417 2213 458 etia

1225 487 1427 536 quatenus
1449 483 1502 524 ab
1528 484 1619 523 aliis
1639 483 1755 522 sociis
1773 481 1863 522 fieri
1883 483 2051 533 possunt
2062 494 2074 529 3
2092 479 2177 519 imo
2193 474 2262 521 iuss·

1228 546 1389 586 terdum
1405 549 1500 585 sunt
1520 546 1621 585 adeo
1636 544 1886 591 necessariae,
1907 546 1954 581 ut
1970 542 2056 581 sine
2075 540 2155 581 illis
2173 550 2259 585 non
2283 580 2293 594 Α

1227 607 1352 658 possit
1381 606 1557 647 Societas
1587 610 1659 647 aut
1688 618 1806 646 suum
1830 605 1956 645 finem
1983 603 2159 655 assequi,
2187 600 2260 644 aut

1227 669 1517 708 convenienter
1544 667 1788 720 gubernari3
1823 680 1919 719 ergo
1951 669 2048 705 sunt
2086 662 2282 724 1113101111,ι
2306 687 2321 721 -ι

1226 729 1419 782 praecepti
1452 734 1635 781 respectu
1663 730 1865 779 omnium,
1890 726 1962 781 qui
1981 726 2275 771 obedientiam,
2308 724 2322 759 ’ἑ

1223 790 1455 841 religiosam
1470 791 1515 831 111
1535 792 1733 832 Societate
1761 793 1976 831 voverunt.
1999 788 2274 842 Antecedens·
2308 803 2325 827 a:

1221 864 1294 904 per
1312 865 1354 892 se
1373 856 1518 892 notum
1537 856 1597 892 est
1616 866 1667 893 ex
1686 853 1804 892 dictis
1823 865 1960 905 supra,
1985 852 2029 891 iu
2045 851 2118 890 lib.
2143 852 2183 898 1,
2204 848 2256 889 de
2310 842 2325 854 ’

1222 914 1408 953 instituto
1428 919 1468 954 et
1487 914 1570 954 fine
1591 915 1817 962 Societatis,
1847 918 1888 954 et
1907 927 1958 954 ex
1982 926 2061 953 usu
2092 913 2195 964 ipSO‚
2216 909 2264 951 et'·
2314 909 2325 953 ³

1222 977 1353 1027 praxi.
1390 976 1688 1027 Consequentia
1719 978 1844 1015 etiam
1865 980 1925 1016 est
1958 975 2178 1016 manifesta
2204 985 2264 1014 ex=
2298 976 2321 1001 -ἶ

1222 1038 1410 1089 proxime
1429 1038 1545 1078 dictis
1563 1038 1670 1077 circa
1693 1037 1989 1090 expositionem
2013 1036 2134 1087 huJus
2154 1034 2256 1084 voti,

1223 1104 1264 1140 et
1286 1113 1336 1139 ex
1363 1101 1403 1139 d.
1426 1113 1513 1151 cap.
1540 1100 1660 1139 tertio
1692 1113 1810 1139 nonae
1830 1100 1957 1151 partis
1990 1097 2256 1139 Constitutio-
2319 1107 2323 1113 ’

1225 1174 1341 1207 1111111,
1357 1162 1380 1213 ξ
1396 1163 1462 1210 20,
1482 1161 1551 1200 ubi
1567 1162 1793 1213 generatim
1811 1162 1976 1207 dicitur,
1994 1161 2037 1200 in
2050 1159 2164 1199 rebus
2177 1170 2256 1198 om-

1224 1223 1352 1272 nibus,
1376 1236 1462 1275 quoe
1483 1225 1536 1264 ad
1546 1225 1794 1277 propositum
1810 1222 2028 1264 Societacis
2037 1222 2156 1271 finem
2167 1231 2255 1271 per-

1226 1286 1414 1333 fectionis
1425 1289 1461 1326 et
1472 1286 1620 1325 auxilii
1634 1285 1907 1336 proximorum
1927 1285 1980 1325 ad
1996 1283 2168 1334 yloriam
2183 1281 2261 1326 Dei

1226 1347 1399 1397 faciunt,
1425 1348 1603 1387 omnibus
1621 1349 1838 1398 proecz‘pere
1859 1349 1904 1386 in
1926 1346 2153 1386 obedientiae
2171 1345 2259 1386 vir-

1227 1413 1309 1450 tute
1325 1410 1468 1461 possit,
1486 1409 1558 1448 ubi
1575 1407 1727 1460 duplex
1742 1409 1975 1448 distributio
1990 1407 2170 1446 notanda
2183 1410 2258 1455 est,

1226 1483 1309 1509 una
1320 1483 1475 1519 rerum,
1490 1471 1618 1510 altera
1630 1482 1895 1522 personarum
1912 1483 1923 1517 ;
1938 1481 2035 1509 nam
2047 1469 2122 1508 suh
2131 1468 2261 1521 priori

1225 1533 1312 1572 haec
1337 1533 1524 1580 materia,
1548 1533 1622 1572 sub
1649 1534 1862 1585 posteriori
1877 1544 1974 1572 vero
1994 1531 2058 1571 11ae
2076 1542 2260 1583 personae

1226 1595 1442 1634 manifeste
1461 1596 1876 1647 comprehenduntur.

1280 1658 1345 1697 18.
1381 1658 1608 1709 Complector
1636 1659 1837 1708 responsio
1869 1657 1985 1698 dictoe
2015 1654 2187 1696 rationis
2217 1654 2262 1695 in.

1225 1730 1385 1760 numero
1402 1732 1517 1760 nono.
1535 1720 1740 1771 -Neque
1760 1719 1857 1758 hinc
1887 1719 1983 1759 licet
2008 1729 2169 1758 sumere
2195 1729 2262 1756 ar-

1225 1785 1468 1832 gumentum
1498 1782 1548 1821 ad
1585 1794 1728 1821 omnes
1762 1781 1863 1820 alias
1890 1781 2069 1820 actiones
2089 1786 2130 1819 et
2148 1790 2262 1831 pere-

1230 1843 1498 1894 grinationes,
1520 1848 1560 1882 et
1578 1844 1672 1883 licet
1702 1843 1870 1882 fortasse
1905 1843 2044 1882 minus
2079 1841 2262 1880 difficiles

1230 1905 1326 1952 sint,
1348 1905 1444 1956 quia
1463 1905 1603 1955 regula
1623 1904 1746 1955 hujus
1768 1904 1951 1943 materiae
1975 1915 2058 1943 non
2082 1908 2142 1942 est
2163 1903 2262 1942 faci-

1228 1966 1322 2006 litas
1343 1966 1406 2006 vel
1441 1966 1686 2015 difficultas,
1709 1966 1776 2005 sed
1807 1966 2015 2018 proportio
2036 1965 2108 2015 (ut
2127 1965 2183 2004 sic
2201 1965 2262 2004 di-

1229 2029 1347 2078 cam)
1368 2028 1419 2067 ad
1439 2028 1565 2067 finem
1600 2033 1640 2067 et
1672 2028 1909 2067 institutum
1942 2028 2168 2076 Societatis,
2197 2039 2262 2067 ra-

1229 2090 1340 2128 tione
1357 2102 1405 2129 cu
1408 2090 1474 2141 jus
1494 2090 1624 2128 multa
1644 2089 1718 2128 suh
1739 2089 1810 2128 illo
1842 2090 2259 2142 comprehenduntur,

1228 2164 1319 2203 quae
1342 2151 1585 2191 difficillima
1603 2156 1714 2199 sunt,
1736 2164 1819 2190 non
1838 2164 1935 2191 vero
1951 2152 2047 2200 alia,
2070 2151 2162 2191 licet
2180 2151 2262 2190 sint

1227 2213 1422 2252 faciliora.
1458 2213 1562 2260 Quid
1594 2225 1690 2252 vero
1739 2213 1847 2252 ultra
1883 2212 1990 2252 hanc
2027 2212 2261 2263 generalem

1228 2274 1523 2325 obligationem
1553 2274 1676 2313 addat
1698 2275 1911 2326 proprium
1935 2277 2075 2313 votum
2110 2273 2260 2325 profes-

1227 2349 1366 2377 sorum
1394 2337 1619 2384 Societatis,
1650 2337 1758 2376 infra
1788 2349 1862 2376 suo
1892 2337 1981 2376 loco
2014 2335 2258 2385 videbimus.

1224 2398 1296 2440 lib,
1317 2399 1359 2447 6,
1379 2411 1468 2451 cap.
1489 2404 1652 2451 quarto,
1669 2411 1841 2438 numero
1857 2398 2017 2438 decimo
2032 2402 2161 2438 sexto.

1592 2529 1756 2572 CAPUT
1784 2529 1890 2574 Xlu.

1229 2653 1279 2686 DE
1306 2655 1476 2686 GoNslmo
1495 2654 1739 2685 OBEDIENTIAE
1765 2653 1809 2684 IN
1837 2650 2050 2683 socm'rA'rE
2068 2651 2259 2686 QUANTUM

1403 2716 1457 2746 AB
1481 2714 1769 2746 PERFECTlONES
1797 2713 2070 2744 EXEGUTIONIS·

1278 2826 1298 2867 4
1309 2856 1318 2865 .
1338 2824 1434 2869 Non
1446 2827 1572 2866 omnis
1587 2824 1758 2866 eoeecutz'o
1775 2825 1996 2866 obedz'entiae
2013 2829 2072 2866 est
2090 2826 2135 2866 de
2149 2836 2258 2878 μνω-

1226 2892 1344 2940 cepto.
1367 2909 1420 2917 —-
1439 2888 1589 2946 Praeter
1608 2899 1656 2927 03
1675 2898 1766 2937 quae
1787 2887 1831 2926 in
1861 2886 2142 2928 observatione
2161 2887 2256 2928 obe·

1225 2947 1390 2989 dientiae
1413 2952 1508 2988 sunt
1527 2949 1575 2988 de
1595 2948 1832 2988 necessitate
1853 2950 2060 3000 praecepti,
2088 2953 2259 3000 possunt¹

1225 3012 1270 3050 in
1287 3010 1397 3050 illius
1415 3022 1490 3051 usu
1509 3010 1647 3062 aliqua
1666 3009 1888 3059 observari,
1906 3021 1999 3062 quae
2016 3010 2148 3050 solum
2165 3002 2260 3062 per-¹

1224 3073 1358 3112 tinent
1376 3072 1429 3113 ad
1448 3071 1680 3120 consilium,
1696 3072 1821 3112 ctiam
1839 3072 2046 3123 supposito
2063 3071 2257 3112 obedien-

1223 3135 1293 3173 tiae
1312 3138 1422 3173 voto.
1445 3133 1541 3180 Qnae
1559 3133 1725 3186 quidem
1745 3133 1916 3185 spectari
1934 3137 2102 3185 possunt
2119 3133 2187 3174 vel
2203 3145 2259 3175 ex,

1224 3199 1340 3248 parte
1355 3196 1554 3244 materiae,
1570 3195 1637 3235 vel
1655 3207 1706 3236 ex
1725 3199 1839 3247 parte
1857 3195 1981 3234 modi.
1998 3194 2114 3236 Prius
2127 3207 2261 3246 mem«,

1223 3257 1347 3299 hrum
1364 3258 1610 3310 explicatum
1627 3256 1713 3296 fere
1742 3260 1802 3296 est
1822 3258 1953 3308 capite
1977 3257 2252 3325 praecedent-R

1225 3330 1324 3362 nam
1347 3318 1592 3359 declarando
1621 3319 1839 3358 materiam
1858 3319 2161 3368 necessariam,
2192 3322 2256 3359 at-

1224 3381 1385 3433 tingere
1404 3381 1584 3434 oportuit
1605 3381 1730 3421 etiam
1750 3381 1880 3429 illam,
1900 3392 1993 3433 quae
2010 3385 2173 3423 tantum
2193 3385 2260 3428 est,
2342 3409 2352 3439 3

1225 3441 1302 3482 sub
1325 3442 1508 3492 consilio,
1525 3455 1597 3483 seu
1616 3443 1793 3494 pertinet
1811 3442 1864 3483 ad
1883 3441 2033 3483 melius
2049 3453 2150 3485 esne.
2177 3441 2254 3482 Re-
2331 3454 2352 3536 {-

1225 3503 1335 3556 gulae
1368 3503 1493 3544 etiam
1524 3515 1682 3553 omnes,
1710 3515 1802 3556 quae
1829 3502 1905 3543 sub
1935 3507 2055 3543 reatu
2077 3501 2254 3553 alicujus

1224 3565 1354 3618 culpae
1371 3577 1456 3606 non
1475 3565 1676 3617 obligant,
1696 3564 1749 3606 ad
1766 3564 1844 3605 hoc
1860 3563 2092 3604 membrum
2113 3563 2253 3605 reduci
2336 3519 2352 3655 i

1225 3630 1419 3678 possunt,
1450 3626 1500 3668 de
1533 3638 1712 3678 quarum
1739 3625 1998 3667 observantia
2028 3628 2070 3666 et
2085 3624 2260 3676 aliquali„
2335 3644 2352 3693 ἰ·

1225 3687 1476 3741 obligatione
1501 3687 1609 3728 nihil
1634 3686 1810 3743 speciale
1827 3685 2062 3728 addendum
2077 3682 2256 3731 occurrit
2328 3694 2352 3880 l
