2352 3880
179 278 320 320 hendo
335 274 489 315 biennii
508 273 639 325 spatio
666 272 803 322 quoad
835 273 1027 312 effectum
1059 273 1204 313 admit-

178 339 292 379 tendi
307 338 484 387 aliquem
504 334 555 372 ad
577 338 728 372 statum
758 333 993 384 religiosum
1017 345 1093 385 per
1109 337 1203 373 vota

180 399 380 450 simplicia
401 396 648 435 scholarium
659 406 672 446 3
695 395 803 435 unde
827 395 1044 435 videbatur
1063 406 1200 434 conse-

177 462 354 511 quenter
402 457 610 508 prohibita
654 457 908 507 dispensatio
946 457 1054 495 circa
1094 455 1204 495 idem

178 525 341 569 tempus
355 518 399 557 in
419 518 563 557 ordine
579 518 632 557 ad
651 518 946 568 professionem
960 518 1201 557 solemnem.

178 581 294 627 Quod
311 585 450 618 tamen
479 592 561 618 non
582 579 639 618 ita
654 583 745 628 est;
773 591 868 618 nam
908 579 1045 630 potius
1070 578 1112 616 in
1134 589 1205 618 eo-

178 642 272 680 dem
297 653 387 680 can.
410 642 462 680 10
478 641 717 690 advertitur,
739 641 948 692 perillum
976 652 1061 679 non
1083 639 1206 680 dero—

181 703 269 754 gari
306 703 509 753 superiori
542 702 813 742 declarationi
847 702 1203 749 Constitutionurn‚

178 764 275 814 quia
291 764 389 802 satis
410 767 471 802 est
502 767 544 802 ut
563 763 631 802 illa
662 764 834 803 facultas
869 762 1134 813 dispensandi
1162 762 1204 802 in

180 823 344 866 bitnnio
363 825 405 862 in
432 824 576 863 ordine
613 824 663 863 ad
695 824 993 875 professionem
1025 824 1202 863 exerc-eri

175 886 317 940 possit.
362 887 502 936 ltaque
537 885 738 936 judicavit
770 884 1041 936 Congregatio
1082 897 1205 935 posse

175 947 312 987 minus
334 947 528 997 expedire
553 946 737 985 contrahi
778 946 933 986 biennii
965 951 1129 997 tempus
1150 946 1202 985 ad

176 1013 269 1047 vota
286 1009 549 1054 scholarium,
572 1020 696 1057 quam
727 1008 780 1045 ad
812 1008 1111 1058 professionem
1134 1019 1201 1046 so—

173 1068 385 1118 lemnen13
409 1068 518 1118 quod
554 1081 654 1107 sane
693 1068 856 1108 difficile
889 1071 1074 1119 apparet,
1106 1079 1201 1107 eum

174 1131 374 1181 professio
395 1131 444 1167 sit
464 1130 673 1168 vinculum
696 1130 1033 1179 indissolubilius,
1053 1134 1092 1169 et
1108 1141 1203 1180 pro-

173 1192 283 1230 xime
305 1191 538 1229 ordinatum
561 1192 611 1229 ad
640 1191 827 1231 altiorem
864 1193 1005 1238 finem,
1045 1195 1085 1230 et
1110 1190 1202 1229 ideo

175 1263 225 1290 ex
244 1264 287 1290 se
316 1253 516 1302 majorem
540 1252 824 1303 probationem
860 1253 1053 1303 requirat.
1096 1251 1204 1290 Nihi-

173 1313 352 1350 lominus
369 1326 451 1351 non
473 1314 560 1352 sine
599 1314 830 1352 rationabili
850 1325 972 1352 causa
990 1313 1033 1352 id
1048 1312 1204 1363 judica-

172 1378 259 1412 tum
278 1379 316 1412 et
338 1375 540 1412 sancitum
563 1379 634 1420 est,
658 1376 754 1425 quia
789 1376 1031 1425 regulariter
1051 1386 1098 1413 ac
1115 1375 1201 1413 fere

174 1446 339 1485 semper
354 1435 457 1474 fiunt
475 1439 567 1474 vota
589 1437 835 1474 scholarium
855 1436 1091 1477 immediate
1109 1439 1203 1485 post

172 1496 415 1534 novitiatum
432 1508 441 1540 ;
460 1500 498 1534 et
520 1497 620 1534 illud
636 1497 847 1535 biennium
877 1509 953 1547 per
987 1507 1030 1534 se
1051 1507 1098 1534 ac
1121 1494 1203 1545 pri—

172 1557 304 1593 mario
320 1557 572 1606 postulatum
591 1561 653 1596 est
670 1564 838 1608 propter
852 1557 1074 1602 scholares,
1088 1557 1130 1594 id
1142 1560 1205 1596 est

172 1619 341 1667 propter
360 1618 583 1667 juvenilem
601 1619 816 1658 aetatemin
837 1630 917 1668 qua
931 1619 1202 1669 recipiuntur,

174 1682 213 1716 et
243 1684 412 1729 propter
439 1692 592 1718 munus
611 1681 663 1720 ad
695 1681 806 1731 quod
839 1681 1024 1731 proxime
1059 1679 1206 1718 admit-

172 1742 331 1786 tuntur,
357 1745 397 1779 et
416 1741 510 1779 ideo
543 1741 620 1780 fuit
640 1742 863 1790 expediens
888 1742 930 1779 in
969 1740 1203 1791 hujusmodi

173 1800 359 1850 personis
380 1801 548 1838 omnino
572 1800 703 1838 claudi
729 1801 903 1851 januam
937 1799 1206 1851 dispensatio-

174 1860 239 1898 nis
259 1860 551 1911 incorporandi
588 1862 692 1907 illos,
727 1874 775 1900 eo
813 1862 937 1900 modo
959 1873 1040 1911 quo
1073 1861 1205 1900 incor-

173 1922 312 1972 porari
331 1927 516 1972 possunt,
529 1927 622 1961 ante
644 1923 855 1961 biennium
873 1923 1125 1973 probationis
1137 1934 1206 1961 ex·-

175 1983 346 2033 pletnm,
367 1987 455 2021 tum
477 1995 529 2022 ne
539 1989 773 2023 sumeretur
788 1986 948 2023 occasio
967 1985 1114 2034 saepius
1129 1983 1205 2022 dis-

174 2044 378 2094 pensandi
399 2045 440 2082 in
460 2056 504 2083 re
526 2056 617 2095 quae
634 2045 838 2083 ordinarie
856 2045 946 2084 fieri
962 2045 1098 2089 debet,
1117 2048 1203 2083 tum

176 2105 272 2155 quia
308 2110 496 2155 respectu
533 2106 677 2143 talium
719 2118 1006 2156 personarum,
1028 2105 1203 2155 talisque

178 2169 322 2211 status,
348 2167 415 2204 vix
436 2170 569 2217 potest
589 2167 757 2215 cogitari
789 2177 914 2204 causa
942 2178 1034 2215 quae
1055 2167 1107 2202 ad
1129 2168 1206 2203 hoc

177 2231 311 2276 cogat.
330 2227 381 2263 At
400 2238 497 2263 vero
517 2226 712 2264 admissio
734 2226 786 2265 ad
810 2226 1108 2276 professionem
1126 2226 1206 2263 im-

175 2287 355 2325 mediate
380 2290 472 2337 post
490 2287 703 2325 biennium
726 2288 932 2326 rarissime
960 2287 1006 2326 fit
1043 2298 1091 2325 ac
1117 2286 1206 2325 fieri

177 2351 330 2398 potest;
355 2353 395 2385 et
418 2352 515 2385 tunc
531 2359 702 2387 necesse
731 2353 790 2387 est
821 2353 866 2386 ut
900 2349 963 2388 vel
985 2360 1109 2386 causa
1138 2359 1207 2386 ex-

176 2409 355 2446 trinseca
377 2412 511 2457 cogat,
535 2413 702 2460 propter
728 2409 958 2448 absolutam
975 2409 1126 2447 vinculi
1146 2408 1208 2447 in·

178 2468 536 2508 dissolubilitatem
562 2473 666 2521 (quae
698 2482 821 2509 causa
851 2472 918 2509 vix
953 2474 1086 2524 potest
1130 2481 1208 2508 un-

178 2543 304 2581 quam
332 2531 385 2569 ad
415 2531 631 2570 biennium
666 2531 941 2570 minuendum
980 2531 1205 2581 obligare);

178 2591 245 2630 vel
268 2596 309 2630 ut
329 2604 507 2642 persona
525 2591 631 2631 adeo
660 2593 711 2631 sit
728 2597 888 2633 matura
927 2594 966 2631 et
1004 2592 1146 2642 digna,
1163 2594 1209 2631 ut

179 2651 231 2690 ad
265 2665 433 2692 omnem
472 2654 791 2693 satisfactionem
838 2654 1002 2694 brevius
1044 2658 1208 2704 tempus

179 2713 368 2752 sufficere
390 2714 533 2764 possit,
553 2719 593 2753 et
611 2715 703 2754 ideo
715 2727 789 2766 pro
802 2716 880 2754 hoc
896 2726 989 2754 raro
1007 2726 1105 2754 casu
1124 2725 1209 2753 non

179 2775 360 2823 oportuit
388 2775 738 2826 dispensationem
778 2775 1010 2828 prohiberi,
1045 2787 1098 2815 ne
1126 2775 1206 2814 for—

177 2836 197 2874 t
211 2846 288 2872 {sse
310 2836 432 2874 etiam
450 2836 527 2875 hac
548 2837 760 2876 occasione
780 2838 991 2888 ingressus
1007 2837 1050 2874 in
1070 2836 1208 2876 Socie-

177 2897 307 2934 tatem
333 2896 569 2946 hujusmodi
590 2897 779 2947 personis
792 2898 1048 2951 gravioribus
1064 2896 1208 2938 diffici-

178 2954 258 2994 lior
269 2956 382 2994 reddi
402 2956 623 2997 videretur.

235 3017 298 3055 4⁹2.
318 3017 462 3056 Annus
479 3019 700 3059 novitiatus
718 3019 837 3060 etiam
851 3021 896 3060 in
909 3018 1109 3061 Societate
1125 3030 1207 3061 ser-

187 3079 400 3116 .·=;andus.—
413 3078 606 3123 Quamvis
623 3084 762 3119 autem
778 3081 931 3120 biennii
955 3086 1115 3132 tempus
1134 3093 1208 3132 per

179 3134 289 3178 hanc
308 3137 545 3177 facultatem
568 3139 697 3178 minui
718 3143 861 3191 possit,
884 3155 967 3181 non
986 3147 1125 3181 tamen
1145 3143 1209 3181 in-

180 3201 301 3250 teger
327 3200 584 3249 probationis
601 3212 750 3248 annus,
773 3203 843 3251 qui
864 3215 947 3241 non
969 3215 1019 3241 ex
1042 3203 1207 3253 speciali

179 3260 273 3312 jure
290 3260 513 3310 religionis,
532 3262 605 3300 sed
627 3264 835 3300 communi
856 3263 1020 3301 Concilii
1041 3263 1208 3302 Triden-

181 3321 272 3369 tini,
292 3322 551 3361 necessarius
571 3326 633 3361 est
655 3324 778 3362 etiam
797 3325 837 3361 in
851 3324 1054 3363 Societate
1072 3324 1124 3362 ad
1140 3336 1208 3362 va-

182 3381 315 3421 lorem
333 3383 621 3434 professionis;
644 3387 685 3422 et
703 3384 795 3422 ideo
816 3396 898 3422 non
918 3388 1053 3435 potest
1081 3384 1126 3422 in
1157 3396 1207 3423 eo

183 3445 329 3495 religio
350 3447 439 3498 ipsa
455 3447 710 3498 dispensare,
731 3451 776 3486 ut
795 3459 920 3498 supra
949 3448 1018 3486 lib.
1042 3451 1082 3495 2,
1107 3461 1142 3488 c.
1165 3450 1205 3494 4,

183 3516 299 3545 num.
329 3509 369 3555 7,
402 3508 531 3559 tetigi,
564 3509 780 3548 tractando
801 3509 852 3548 de
885 3509 1098 3549 novitiatu.
1131 3510 1207 3550 Ubi

187 3567 311 3607 etiam
335 3579 362 3609 a
387 3580 430 3609 n.
451 3570 479 3610 9
495 3569 613 3622 tetigi
631 3571 915 3622 quaestionem,
936 3582 990 3610 an
1009 3570 1208 3622 professio

533 212 607 246 Lm.
627 210 682 244 Vl.
705 210 760 243 ΒΕ
779 207 1065 249 PROFESSIONE,
1086 208 1243 250 QUAEm
1259 208 1487 244 socmTA'rE
1507 207 1587 249 FlT,
1609 208 1664 243 m·
1683 208 1738 244 ΒΕ
1758 209 1824 252 ¹18,
1845 209 1935 247 ETG.
1989 199 1993 203 ’

1255 272 1365 315 facta
1382 272 1425 311 in
1447 272 1650 312 societate
1667 275 1760 323 post
1776 285 1933 312 annum
1954 266 2232 324 probationis„

1256 338 1352 374 ante
1389 333 1594 383 expletum
1621 333 1851 379 biennium,
1874 333 1963 372 sine
1988 333 2173 384 legitima
2211 350 2244 369 n»
2264 335 2289 378 ζ’

1257 394 1516 446 pensatione,
1535 394 1671 434 valida
1691 395 1756 441 sit,
1779 398 1865 434 esto
1885 394 1994 433 male
2014 394 2100 434 fiat.
2135 395 2182 434 In
2211 412 2218 428 ·
2240 390 2303 439 ·»·,‘'

1258 468 1410 495 censeo
1429 455 1608 495 validam
1630 466 1737 502 esse,
1759 455 1856 506 quia
1874 454 2193 495 Constitutiones
2248 474 2253 489 ι
2338 490 2343 491 a

1259 517 1432 565 cietatis,
1451 529 1542 567 quae
1560 518 1614 557 ad
1628 518 1734 556 hanc
1754 516 2055 568 professionem
2071 515 2300 567 requirunt?
2343 531 2346 533 ·

1258 581 1422 629 tempus
1441 578 1547 618 ultra
1576 578 1806 625 biennium,
1827 589 2043 628 nunquam
2075 575 2306 623 declarant?

1258 639 1365 678 hane
1411 650 1502 680 esse
1544 639 1860 679 substantialem
1891 639 2168 678 conditionem
2210 628 2309 681 nef
2337 656 2352 678 μ

1259 701 1482 739 cessariam
1502 699 1556 740 ad
1573 701 1757 744 valorem
1776 704 1908 751 actus,
1926 704 1973 740 ut
1999 699 2057 742 ibi
2074 699 2197 739 latius
2214 710 2280 742 ex·
2298 704 2301 706 ’

1257 761 1397 813 pendi.
2302 779 2309 817 χ
2339 803 2352 811 e

1314 825 1378 862 13.
1412 821 1643 873 Empedicur
1675 823 1795 865 tertia
1819 834 1931 875 pars.
1950 843 2003 853 —-
2023 823 2086 862 Ad
2118 823 2284 863 tertium
2300 822 2313 837 ’“
2342 833 2352 874 ξ

1257 884 1491 924 membrum
1530 884 1763 934 respondeo
1776 913 1786 931 ,
1821 884 1900 923 hoc
1931 884 2087 923 biennii
2122 888 2288 935 tempus
2339 885 2352 940 ξ

1257 959 1341 986 non
1357 958 1446 986 esse
1467 945 1683 997 praefixum
1699 958 1748 984 ex
1764 950 1880 996 parte
1899 945 2064 984 termini
2084 945 2287 996 magnitu-
2342 942 2352 956 ⁶

1257 1008 1379 1054 diuis,
1400 1020 1473 1047 seu
1493 1008 1548 1046 ita
1568 1011 1613 1045 ut
1628 1008 1722 1058 jure
1744 1007 1951 1045 ordinario
1979 1006 2218 1046 habendum
2235 1005 2288 1047 sit

1257 1076 1456 1122 tanquam
1471 1070 1693 1118 sufficiens,
1710 1070 1787 1109 etsi
1810 1069 1938 1120 aliqui
1961 1068 2197 1109 immediate
2217 1066 2287 1108 ad·
2349 1120 2352 1121 ⁷

1256 1131 1471 1172 mittantur
1495 1132 1548 1170 ad
1568 1132 1880 1182 professionem,
1905 1131 2000 1181 qnia
2019 1130 2112 1169 licet
2131 1128 2287 1180 possint

1256 1195 1395 1232 multae
1416 1205 1603 1244 persona:
1618 1193 1742 1244 recipi
1759 1192 1810 1231 ad
1828 1193 2082 1239 novitiatum,
2099 1202 2189 1241 quae
2201 1201 2287 1232 non

1254 1253 1470 1306 indigeant
1487 1254 1700 1304 disciplina
1717 1254 1968 1292 scholarium
1985 1253 2121 1303 quoad
2141 1251 2289 1293 doctri-

1258 1327 1370 1362 nam,
1394 1316 1633 1367 frequenter
1657 1315 1927 1353 nihilominus
1953 1315 2192 1366 contingere
2212 1322 2288 1365 po·

1257 1381 1337 1417 test
1354 1382 1399 1416 ut
1416 1378 1569 1417 eaedem
1592 1387 1780 1427 personae
1796 1376 2005 1427 indigeant
2022 1375 2169 1428 majori
2183 1380 2287 1415 tem-

1256 1450 1356 1490 pore
1377 1438 1430 1478 ad
1455 1438 1710 1488 disciplinam
1737 1437 1996 1488 religiosam,
2019 1442 2059 1476 et
2084 1436 2135 1475 ad
2155 1435 2288 1487 majo-

1256 1511 1343 1540 rem
1365 1500 1581 1551 magisque
1609 1503 1794 1539 exactam
1814 1499 2097 1549 probationem
2123 1507 2286 1539 morum

1257 1565 1300 1600 et
1317 1561 1457 1601 talenti
1483 1560 1523 1598 in
1544 1559 1782 1598 ministeriis
1799 1559 2041 1600 exercendis
2061 1557 2167 1598 eirea
2196 1569 2288 1609 pro-

1257 1621 1405 1660 ximos.
1428 1622 1530 1659 Item
1549 1619 1734 1671 indigere
1759 1625 1930 1670 possunt
1952 1621 2096 1672 majori
2112 1621 2288 1661 instrue-

1258 1683 1371 1720 tione
1394 1682 1433 1719 in
1451 1682 1540 1734 ipso
1562 1693 1642 1720 usu
1679 1680 1965 1721 exercitiorum
2003 1683 2042 1720 et
2079 1681 2288 1720 actionum

1256 1742 1486 1783 Societatis.
1507 1745 1564 1781 Ac
1583 1742 1761 1793 denique
1779 1743 1821 1780 in
1841 1742 2077 1792 hujusmodi
2094 1741 2290 1793 rlrisjam

1259 1804 1552 1843 consummatis
1570 1805 1612 1841 in
1634 1808 1754 1844 aetate
1780 1804 1917 1853 quoad
1938 1803 2181 1849 doctrinam,
2201 1803 2289 1843 imo

1258 1867 1382 1905 etiam
1404 1866 1541 1916 quoad
1559 1877 1710 1910 mores,
1734 1866 1868 1915 maj0r
1883 1865 2071 1918 probatio
2092 1876 2200 1916 saepe
2218 1864 2290 1904 de-

1258 1927 1428 1965 siderari
1451 1930 1586 1976 potest
1611 1926 1763 1976 (habet
1782 1926 1892 1965 enim
1911 1928 1952 1963 in
1973 1926 2034 1965 eis
2067 1926 2290 1976 specialem

1258 1987 1578 2038 difficultatem),
1619 1992 1666 2025 ut
1703 1997 1795 2026 sese
1829 1985 2141 2028 accommodent
2167 1985 2288 2027 modo

1259 2049 1509 2101 procedendi
1544 2049 1770 2099 religionis,
1798 2048 2026 2099 praesertim
2060 2047 2103 2085 in
2143 2045 2289 2086 humili

1260 2111 1509 2157 obedientia,
1533 2114 1573 2150 et
1606 2110 1877 2160 subjectione,
1913 2114 1954 2148 et
1984 2108 2025 2147 in
2048 2106 2288 2159 reponendo

1260 2172 1425 2221 proprio
1442 2172 1620 2221 jndicio,
1643 2171 1743 2210 illud
1773 2171 2040 2221 Superiorum
2060 2174 2100 2208 et
2124 2169 2290 2221 religio-

1261 2231 1324 2270 nis
1343 2230 1551 2268 dictamini
1571 2233 1880 2272 conformando.
1897 2232 2065 2282 Propter
2083 2232 2158 2270 has
2173 2241 2286 2282 ergo,

1262 2295 1304 2331 et
1321 2291 1474 2330 similes
1491 2302 1651 2337 causas,
1678 2301 1783 2340 saepe
1806 2294 2081 2332 necessarium
2103 2297 2164 2331 est
2182 2296 2227 2329 ut
2245 2291 2287 2330 in

1260 2351 1326 2390 his
1347 2353 1470 2390 etiam
1489 2351 1676 2402 personis
1703 2351 1858 2389 biennii
1877 2355 2041 2402 tempus
2061 2353 2287 2399 differatur,

1261 2416 1305 2453 et
1322 2413 1415 2451 ideo
1436 2413 1529 2451 licet
1551 2417 1714 2462 tempus
1730 2412 1833 2450 illud
1854 2413 2065 2462 praefixum
2085 2412 2136 2450 sit
2151 2416 2196 2450 ut
2215 2411 2292 2449 mi-

1261 2474 1436 2522 nimum,
1462 2484 1547 2512 non
1570 2477 1630 2511 est
1657 2474 1835 2523 positum
1856 2477 1901 2512 ut
1919 2473 2157 2512 maximum.
2177 2473 2292 2512 Tunc

1262 2539 1401 2573 autem
1440 2536 1452 2583 (
1465 2537 1508 2573 ut
1534 2534 1762 2572 difficultati
1783 2534 2110 2585 satisfaciamus)
2131 2533 2291 2574 admitti

1259 2600 1437 2648 possunt
1458 2595 1560 2634 tales
1581 2606 1767 2646 personae
1785 2600 1878 2646 post
1897 2596 2110 2634 biennium
2131 2596 2183 2634 ad
2199 2607 2292 2647 gra-

1261 2659 1361 2696 dum
1380 2656 1627 2695 scholarium
1644 2671 1655 2703 ;
1678 2657 1774 2706 quia
1794 2656 1862 2695 hic
1880 2657 2047 2705 gradus,
2066 2657 2161 2695 licet
2187 2667 2292 2708 prae-

1262 2718 1383 2768 cipue
1404 2717 1592 2755 videatur
1609 2717 1818 2755 institutus
1837 2721 2007 2767 propter
2033 2717 2187 2755 litteras
2218 2715 2291 2757 ad-

1257 2778 1491 2821 discendas,
1515 2781 1554 2816 et
1574 2778 1665 2816 ideo
1684 2777 1778 2816 inde
1796 2789 1948 2816 nomen
1968 2779 2186 2829 acceperit,
2204 2788 2290 2818 nou

1259 2844 1402 2880 tamen
1426 2843 1594 2890 propter
1614 2840 1723 2877 solas
1744 2839 1858 2887 illas,
1881 2839 1955 2878 sed
1975 2840 2096 2879 etiam
2123 2843 2291 2892 propter

1260 2901 1363 2941 alios
1384 2900 1489 2940 fines
1509 2900 1695 2951 proxime
1722 2899 1962 2946 insinuatos,
1987 2902 2140 2940 scilicet
2168 2911 2290 2953 prop-

1261 2968 1324 3002 ter
1334 2963 1533 3012 majorem
1544 2961 1799 3011 disciplinam
1813 2962 2060 3012 religiosam,
2072 2963 2290 3013 magisque

1261 3024 1491 3075 probatam,
1511 3022 1732 3072 multisque
1752 3024 2043 3073 experimentis
2062 3023 2288 3063 radicatam

1263 3089 1303 3124 et
1321 3085 1541 3134 cognitam,
1562 3088 1601 3122 et
1616 3088 1782 3135 propter
1801 3084 1979 3134 aliquem
2013 3085 2136 3124 etiam
2163 3094 2287 3124 usum

1261 3146 1597 3193 ministeriorum,
1638 3151 1679 3184 et
1710 3145 1995 3196 probationem
2025 3145 2170 3185 talenti
2202 3156 2286 3185 res·

1261 3211 1384 3258 pectu
1415 3207 1597 3253 illorum,
1620 3210 1665 3245 ut
1699 3206 1868 3258 intelligi
1891 3211 2025 3258 potest
2053 3218 2104 3247 ex
2139 3210 2287 3258 quarta
2336 3216 2345 3237 t

1261 3272 1378 3319 parte
1397 3268 1755 3317 Constitutionum,
1774 3280 1864 3320 cap.
1886 3273 2043 3307 octavo.
2338 3289 2343 3303 ·

1315 3330 1380 3368 14.
1414 3330 1646 3370 Ostenditur
1669 3329 1761 3380 jam
1794 3341 1842 3370 ew
1861 3331 2047 3370 instituto
2069 3328 2288 3371 Societatiae
2333 3337 2348 3386 ff

1261 3390 1449 3432 resolutio
1466 3391 1561 3431 data
1581 3392 1625 3430 in
1642 3402 1751 3442 num.
1775 3393 1872 3430 4.-
1884 3392 2011 3442 Igitur
2026 3391 2078 3430 de
2092 3390 2170 3430 hoc
2184 3394 2286 3430 tem·
2324 3391 2352 3430 :5

1262 3462 1362 3501 pore
1385 3455 1531 3503 praeter
1549 3451 1778 3499 biennium,
1799 3456 1846 3491 ut
1863 3452 2078 3491 minimum
2099 3461 2286 3491 necessa·
2328 3429 2352 3491 l

1262 3512 1385 3561 rium,
1404 3513 1505 3551 nihil
1521 3512 1564 3552 in
1585 3514 1728 3565 regula
1747 3513 1958 3553 Societatis
1973 3511 2191 3552 definitum
2207 3514 2282 3560 est,

1264 3573 1338 3613 sed
1370 3577 1532 3615 tantum
1563 3574 1775 3615 indefinite
1806 3574 2073 3622 declaratum,
2093 3577 2285 3626 oportere
2322 3603 2335 3635 ⁴,

2231 3760 2235 3763 ’
2299 3706 2352 3880 3
