2352 3880
145 311 245 353 riori
276 314 468 357 diximus,
498 307 683 359 suppleri
713 306 758 346 in
787 307 878 347 aliis
908 305 1178 358 religionibus

147 373 322 414 similem
343 371 550 411 defectum
577 381 653 420 per
679 369 845 409 tacitam
864 368 1175 420 professionem,

145 432 370 474 dummodo
386 444 436 470 ex
452 434 569 482 parte
582 429 811 482 profitentis
828 429 1034 469 sufficiens
1049 428 1179 468 scien-

144 496 202 535 tia
221 499 261 533 et
276 493 468 532 voluntas
487 495 720 539 concurrat,
739 491 851 542 quod
871 491 998 529 etiam
1012 490 1055 528 in
1074 499 1178 540 prae-

146 555 251 595 senti
282 554 564 594 necessarium
593 557 656 592 est
682 552 736 592 ob
768 551 959 591 eamdem
990 561 1175 589 causam.

143 617 260 656 Ratio
282 620 423 654 autem
442 620 520 663 est,
538 614 636 665 quia
652 614 695 653 in
718 626 767 653 00
786 625 884 652 03511
901 613 988 662 jam
1006 621 1179 663 praeces-

144 677 196 717 sit
215 676 423 715 sufficiens
443 675 653 722 admissio,
670 686 744 713 seu
763 673 964 725 professio
986 671 1181 720 exterior,

144 743 185 779 et
215 751 266 778 ex
292 743 409 789 parte
440 737 652 788 religionis
685 734 917 774 intercessit
951 744 1180 774 consensus

144 800 196 840 de
218 812 261 839 se
286 800 496 838 suffimens
528 803 568 837 et
596 797 694 836 satis
722 796 965 847 explicatus,
986 795 1058 846 qui
1086 794 1182 836 licet

144 866 243 902 tunc
264 874 350 900 non
379 860 572 899 habuerit
593 859 786 898 effectum
818 861 988 908 propter
1006 855 1180 907 impedi-

143 927 332 963 mentum
366 922 556 972 subjecti,
590 920 642 960 de
676 932 719 959 se
752 931 917 970 semper
946 919 1180 970 permanet,

144 984 345 1036 quamdiu
370 995 454 1021 non
482 984 754 1027 retractatur,
775 984 817 1019 et
842 980 937 1020 ideo
968 980 1106 1019 statim
1131 985 1182 1018 ac

142 1045 488 1096 impedimentum
519 1043 696 1088 tollitur,
728 1053 804 1092 per
831 1040 1182 1091 complementum

144 1107 291 1149 aetatis,
309 1106 455 1156 incipit
485 1104 640 1143 habere
669 1103 878 1150 effectum,
900 1103 935 1141 si
964 1102 1186 1153 religiosus

142 1169 232 1221 ipse
265 1167 395 1206 semel
425 1165 670 1204 consentiat.
696 1165 828 1214 Hujus
849 1167 989 1202 autem
1007 1171 1186 1205 consen·

145 1242 216 1269 sus
244 1229 452 1268 sufficiens
471 1226 636 1277 signum
658 1226 817 1276 praebet
839 1226 881 1264 in
905 1225 1054 1264 eodem
1074 1227 1184 1264 statu

142 1291 235 1329 vitae
263 1288 567 1340 perseverando
588 1292 682 1339 post
712 1287 961 1338 completam
992 1290 1182 1333 aetatem3

145 1357 186 1391 et
217 1356 315 1390 tunc
347 1351 438 1389 dico
471 1349 560 1388 fieri
591 1349 756 1388 tacitam
788 1346 1180 1398 incorporationem,

144 1413 335 1465 quamvis
365 1424 450 1450 non
472 1412 522 1449 sit
552 1411 722 1450 omnino
745 1422 849 1459 pura
864 1439 874 1455 ,
896 1407 1052 1459 aliquid
1072 1408 1187 1447 euim

143 1475 362 1527 participat
382 1473 434 1511 ab
455 1483 667 1522 expressa,
688 1482 779 1520 quae
800 1469 1026 1521 praecessit.
1049 1470 1187 1519 Atque

142 1536 224 1574 hoc
265 1534 431 1585 quidem
465 1532 646 1571 maxime
681 1532 819 1570 locum
850 1531 975 1570 habet
1016 1530 1059 1568 in
1092 1529 1184 1568 foro

143 1596 420 1641 conscientiae,
439 1594 607 1644 quando
622 1605 766 1634 revera
790 1592 879 1631 talis
899 1602 1077 1643 persona
1095 1594 1183 1629 rata

142 1657 289 1696 hahuit
323 1656 538 1705 superiora
568 1659 689 1696 vota:
721 1666 819 1692 nam
856 1653 888 1692 si
924 1664 1071 1692 revera
1098 1662 1183 1689 non

143 1717 385 1761 consensit,
423 1716 603 1755 exterior
629 1715 896 1766 praesumptio
926 1713 1028 1752 nihil
1058 1712 1185 1752 refert

145 1780 199 1819 ad
218 1777 477 1818 conscientiae
499 1777 650 1815 [orum.

198 1841 235 1879 6.
264 1840 368 1885 Quid
385 1838 515 1890 quoad
526 1840 661 1887 forum
682 1840 900 1884 externum,
921 1847 989 1875 seu
1006 1834 1053 1874 de
1071 1834 1185 1885 quin—

144 1902 310 1955 quennio
327 1899 565 1952 prcescrz'pco
584 1909 608 1936 a
623 1897 873 1943 Tridmtino,
898 1897 950 1935 ad
967 1896 1183 1934 reclaman-

145 1962 269 2002 dum?
285 1983 339 1990 —
355 1960 499 2006 Quoad
517 1963 732 1998 externum
756 1962 895 1996 autem
923 1956 1060 1995 sorum
1091 1967 1184 1994 cen-

142 2015 218 2063 seo
238 2024 394 2061 habere
416 2023 457 2059 in
478 2033 528 2060 00
549 2033 649 2059 casu
670 2020 809 2059 locum
831 2020 968 2069 legem
990 2020 1184 2056 statutam

145 2097 171 2124 a
183 2085 361 2124 Concilio
377 2082 631 2128 Tridentino,
649 2084 695 2120 ut
709 2082 815 2119 intra
833 2079 1180 2131 quinquennium,

146 2150 189 2186 et
207 2157 289 2184 non
310 2146 434 2191 ultra,
464 2144 657 2181 audiatur
682 2142 900 2193 religiosus
920 2141 988 2191 qui
1010 2142 1186 2190 praeten-

144 2208 245 2248 dere
265 2206 442 2246 voluerit
458 2204 761 2255 professionem
792 2214 910 2241 suam
931 2202 1061 2241 fuisse
1093 2200 1186 2238 nul-

144 2268 255 2317 lam3
276 2279 375 2306 nam
396 2266 472 2304 sub
503 2265 762 2316 professione
782 2264 837 2302 ibi
857 2265 965 2302 hanc
995 2263 1185 2312 incorpo-

145 2330 351 2371 rationem
383 2327 679 2379 comprehendi
707 2327 829 2365 citato
858 2330 970 2364 tomo
1006 2324 1186 2364 ostendi-

145 2404 263 2438 mus;
287 2394 328 2430 et
346 2390 439 2429 ideo
461 2389 634 2428 dubium
653 2400 738 2426 non
760 2392 822 2426 est
842 2387 942 2438 quin
957 2391 1052 2426 ante
1068 2386 1185 2435 quin-

146 2453 375 2504 quennium
397 2454 650 2490 transactum
673 2448 906 2488 audiendus
931 2449 983 2487 sit
1011 2447 1184 2498 quilibet

147 2514 200 2554 de
224 2514 441 2558 Societate‚
470 2512 541 2562 qui
570 2511 680 2549 hanc
702 2511 935 2549 nullitatem
958 2509 1056 2548 velit
1077 2521 1183 2560 prac-

148 2575 338 2624 tendere,
367 2574 465 2624 quia
490 2572 604 2611 nulla
626 2576 688 2611 est
707 2572 811 2610 ratio
836 2584 909 2610 cur
928 2571 1180 2620 repellatur,

147 2637 326 2676 maxime
353 2635 450 2686 quia
481 2633 619 2684 quoad
643 2633 751 2671 hanc
776 2635 937 2683 partem
956 2632 1184 2671 Concilium

147 2711 231 2738 non
252 2699 322 2737 dat
341 2708 492 2736 novum
508 2696 593 2746 jus,
610 2695 684 2733 sed
704 2695 838 2733 solum
858 2706 943 2733 non
963 2694 1094 2733 aufert
1114 2706 1184 2732 an-

146 2747 325 2809 tiquum.
358 2760 409 2798 At
439 2769 537 2796 vero
571 2757 615 2795 in
644 2757 772 2794 altera
801 2760 938 2807 parte,
961 2755 1073 2804 quod
1092 2759 1184 2805 post

148 2819 480 2872 quinquennium
499 2830 583 2856 non
601 2818 807 2863 audiatur,
831 2816 1009 2856 dubitari
1029 2819 1180 2866 posset,

149 2882 183 2920 si
211 2882 255 2919 in
284 2881 486 2920 Societate
514 2891 728 2929 nunquam
757 2877 930 2916 haberet
956 2877 1093 2915 locum
1121 2877 1184 2914 in-

148 2942 381 2993 corporatio
401 2940 538 2979 tacita.
560 2941 646 2990 Ego
666 2951 802 2978 tamen
824 2939 912 2977 sine
932 2930 1057 2977 dubio
1079 2937 1183 2976 exis-

148 3003 248 3043 timo
273 3002 379 3040 hanc
398 3006 558 3052 partem
587 3001 832 3039 servandam
852 3011 944 3038 esse
975 2998 1018 3036 in
1046 2998 1183 3037 Socie-

149 3068 257 3110 tate;
279 3063 375 3113 quia
395 3074 472 3101 nec
486 3061 709 3100 Concilium
726 3061 1025 3108 Tridentinum,
1044 3070 1182 3109 neque

150 3124 263 3164 aliud
277 3124 347 3175 jus
369 3134 605 3168 commune,
623 3123 795 3161 exclusit
811 3134 835 3160 a
850 3121 1052 3161 Societate
1071 3121 1181 3159 hanc

150 3184 514 3228 revalidationem;
534 3195 671 3233 neque
691 3184 816 3222 etiam
850 3182 1081 3222 excluditur
1106 3194 1182 3233 per

151 3245 318 3297 aliquod
334 3245 403 3296 jus
431 3255 675 3295 expressum
705 3244 835 3294 ipsius
868 3243 1108 3289 Societatis;
1140 3247 1182 3283 et

151 3308 413 3358 conJecturae,
449 3305 492 3344 in
514 3304 642 3356 priori
673 3308 827 3355 puncto
847 3303 1055 3351 adductae,
1088 3303 1181 3343 licet

156 3360 244 3400 vim
262 3359 444 3399 habeant
462 3358 599 3409 quoad
618 3359 796 3409 primam
815 3357 1092 3405 emissionem,
1114 3369 1196 3396 005-

159 3423 253 3460 sant
286 3422 428 3459 tomen
458 3419 504 3458 in
533 3418 805 3458 ratificatione
834 3418 922 3468 ejus
950 3417 1193 3467 emissionis,

159 3494 253 3535 quae
269 3481 492 3534 praecessit,
510 3483 559 3519 ut
587 3479 709 3519 facile
729 3479 1006 3518 consideranti
1033 3482 1195 3518 consta-

159 3543 243 3592 bit3
266 3547 307 3583 et
324 3545 417 3584 ideo
435 3555 522 3582 11011
540 3541 683 3582 dubito
705 3542 805 3592 quin
822 3540 867 3579 111
894 3541 984 3579 soro
1003 3540 1198 3579 exteriori

162 3605 457 3649 sunnonendus
476 3604 530 3644 sit
554 3603 693 3652 potius
720 3613 847 3653 quam
864 3601 1111 3652 judicandus
1128 3611 1197 3643 ve-

989 3711 1045 3725 ,-v'’
1077 3709 1091 3714 -
1122 3714 1143 3719 ..-

538 239 616 275 Lm.
639 239 695 274 111.
718 238 773 274 DE
792 237 1036 274 Anulsstom:
1056 235 1316 272 scnommun
1335 237 1393 272 An
1411 237 1525 273 von
1546 236 1759 278 Sturum.
1781 237 1872 273 me.

1233 316 1305 344 rus
1324 303 1559 355 religiosus,
1574 304 1645 357 qui
1659 306 1775 347 tanto
1793 308 1980 356 tempore
1999 307 2043 347 in
2057 307 2263 349 Societato
2278 309 2288 320 ¹

1233 366 1335 406 etin
1350 365 1421 404 tali
1438 365 1528 417 ejus
1542 366 1673 418 gradu
1688 368 2026 418 perseveraverit,
2041 369 2118 409 nisi
2131 369 2264 408 aliun·

1232 426 1286 466 de
1304 427 1372 466 vel
1389 427 1622 477 ignorantia
1650 427 1796 478 prioris
1820 426 2006 470 defectus
2019 459 2030 477 ,
2049 430 2115 469 vel
2133 430 2264 482 impo-
2285 424 2293 431 ⁸

1231 488 1362 528 tentia
1390 489 1558 539 petendi
1586 493 1710 528 antea
1737 489 1806 540 jus
1836 501 1982 538 suum,
2014 491 2264 531 sufficienter

1231 548 1453 602 probetur,
1476 549 1583 589 sicut
1608 550 1663 590 de
1681 544 1776 591 aliis
1799 550 2069 603 religionibus
2089 552 2266 592 diximus

1233 611 1385 651 eodem
1419 614 1546 651 tomo.
1566 612 1615 651 In
1632 611 1715 652 hoc
1742 612 1855 651 enim
1873 613 2032 652 nullam
2058 613 2266 654 constituo

1233 671 1512 712 differentiam
1526 701 1537 720 ‚
1557 683 1700 725 neque
1725 673 1904 713 arbitror
1922 674 2149 714 Navarrum
2170 687 2267 718 con-

1235 733 1409 773 trarium
1443 733 1642 778 sensisse,
1678 734 1778 785 quia
1801 746 1887 775 non
1905 735 1958 776 de
1978 736 2264 784 ratificatione‚

1235 794 1311 835 sed
1327 793 1518 834 absolute
1537 794 1590 835 de
1609 795 1882 847 professione,
1899 801 1943 838 ct
1959 798 2180 839 emissione
2199 810 2268 839 vo-

1236 859 1372 894 torum
1394 855 1556 895 locutus
1578 860 1654 897 est.

1292 918 1330 956 7.
1366 915 1579 964 Quandone
1606 917 1852 959 scholarium
1884 917 2106 960 Societatis
2123 916 2269 960 admis-

1236 978 1297 1018 sio
1313 977 1495 1018 invalida
1508 978 1580 1027 sit,
1602 982 1639 1019 et
1661 979 1846 1030 quomodo
1864 980 2118 1021 revalidetur.
2133 1001 2187 1010 —
2202 979 2271 1020 At-

1239 1049 1323 1090 que
1347 1039 1443 1079 hinc
1463 1040 1635 1079 tandem
1670 1040 1803 1080 obiter
1832 1041 2004 1093 intelligi
2036 1046 2183 1092 potest,
2216 1053 2270 1080 311

1240 1101 1331 1139 haec
1349 1105 1445 1141 vota
1467 1101 1715 1140 scholarium
1749 1101 1971 1152 aliquando
1988 1103 2145 1154 possint
2177 1114 2269 1142 esse

1239 1161 1371 1209 nulla,
1392 1166 1434 1201 et
1467 1162 1676 1212 quomodo
1709 1164 1928 1203 revalidari
1966 1165 2152 1216 possint;
2173 1175 2269 1203 nam

1237 1223 1283 1262 in
1295 1223 1375 1262 hoc
1394 1223 1504 1262 idem
1529 1224 1793 1264 sentiendum
1814 1229 1875 1265 est
1909 1226 1962 1266 de
1991 1227 2070 1266 hoc
2089 1226 2269 1273 vinculo,

1237 1284 1353 1335 quod
1373 1285 1423 1324 de
1444 1286 1715 1336 professione,
1737 1291 1782 1325 ut
1801 1287 1843 1325 in
1868 1287 2045 1339 allegato
2066 1292 2177 1327 tomo
2198 1288 2268 1326 de-

1238 1346 1502 1386 claravimus,
1523 1346 1842 1386 Considerandae
1873 1349 1987 1387 enim
2017 1353 2114 1388 sunt
2135 1348 2269 1388 condi-

1239 1406 1373 1445 tiones
1406 1409 1653 1446 necessariae
1678 1408 1729 1448 ad
1764 1409 1946 1449 valorem
1980 1411 2107 1460 hujus
2139 1414 2268 1456 301115,

1237 1477 1330 1518 quae
1344 1468 1433 1518 jam
1457 1467 1670 1519 explicatae
1691 1474 1806 1516 sunt;
1834 1483 1930 1509 nam
1951 1483 2001 1510 ex
2022 1472 2185 1510 defectu
2204 1483 2269 1510 cu-

1236 1529 1487 1579 juscumque
1513 1530 1676 1569 illarum
1711 1531 1788 1570 erit
1824 1533 1961 1570 nullus
1998 1532 2091 1571 talis
2126 1535 2241 1570 aetus
2258 1545 2270 1578 ;

1239 1590 1335 1639 quia
1359 1590 1463 1629 sicut
1482 1591 1536 1630 ad
1558 1591 1742 1631 valorem
1762 1593 2028 1642 requiruntur
2051 1605 2195 1632 omnes
2220 1592 2271 1632 si-

1239 1651 1325 1689 mul
1347 1651 1620 1696 conditiones,
1640 1652 1697 1691 ita
1718 1652 1770 1691 ad
1785 1654 2015 1692 nullitatem
2038 1653 2185 1692 sufficit
2201 1665 2270 1692 cu-

1236 1713 1487 1763 juscumque
1510 1713 1708 1754 defectus.
1745 1714 1900 1754 Deinde
1929 1715 2168 1755 addendum
2194 1719 2270 1762 est,

1241 1775 1402 1825 quoties
1440 1779 1555 1814 actus
1583 1775 1674 1826 ipse
1707 1774 2000 1827 incorporandi
2036 1778 2174 1816 nullus
2195 1781 2269 1825 est,

1240 1836 1366 1874 etiam
1382 1837 1520 1875 omnia
1534 1842 1627 1875 vota
1649 1849 1739 1876 esse
1759 1839 1886 1884 nulla,
1902 1851 1973 1889 per
1987 1852 2026 1878 se
2045 1839 2270 1889 loquendo,

1241 1897 1337 1947 quia
1357 1897 1491 1934 solum
1506 1897 1609 1936 fiunt
1625 1910 1786 1937 annexa
1801 1900 1870 1937 tali
1893 1900 2017 1947 actui,
2032 1904 2072 1939 et
2091 1904 2136 1938 ut
2153 1901 2195 1938 in
2211 1904 2272 1939 ta-

1239 1957 1268 1995 li
1292 1957 1490 2007 religione
1510 1959 1728 1997 servanda.
1743 1959 1841 1998 Dico
1856 1964 1995 1998 autem
2014 1973 2085 2010 per
2099 1973 2153 2007 se,
2171 1961 2271 2011 quia

1238 2018 1463 2068 interdurn,
1504 2031 1555 2057 ex
1588 2020 1683 2070 jure
1703 2021 1891 2070 positivo,
1930 2022 2107 2071 relinqui
2138 2025 2272 2072 potest

1240 2079 1435 2128 obligatio
1460 2079 1651 2119 servandi
1672 2080 1840 2131 aliquod
1866 2084 2023 2130 votum,
2045 2082 2159 2120 verbi
2180 2093 2272 2133 gra-

1239 2141 1311 2186 tia,
1334 2141 1541 2186 castitatis,
1563 2145 1609 2179 ut
1629 2141 1680 2180 de
1707 2143 1883 2193 conjuge
1905 2143 1994 2181 sine
2031 2143 2196 2181 licentia
2218 2143 2271 2182 al-

1238 2202 1365 2241 terius
1385 2202 1572 2253 conjngis
1602 2203 1788 2253 professo
1823 2205 1918 2255 jura
1956 2209 2156 2252 statuunt,
2179 2216 2270 2255 quae

1239 2263 1281 2302 in
1298 2263 1360 2302 his
1381 2264 1505 2303 etiam
1524 2263 1726 2314 religiosis
1739 2266 2099 2304 Societatislocum
2117 2265 2272 2304 hahere

1240 2325 1388 2376 opinor
1406 2338 1415 2371 ;
1441 2326 1537 2375 quia
1554 2325 1651 2376 jura
1667 2327 1897 2377 generatim
1918 2327 1970 2365 de
1992 2328 2273 2377 assumptione

1241 2390 1370 2426 status
1390 2386 1570 2437 religiosi
1591 2386 1833 2437 loquuntur,
1851 2391 1897 2426 ut
1913 2393 2027 2439 patet
2049 2400 2099 2427 ex
2119 2400 2155 2427 c.
2176 2388 2271 2428 Pla-

1240 2452 1312 2495 cet,
1352 2458 1446 2485 cum
1474 2447 1690 2494 similibus,
1725 2447 1776 2486 de
1830 2448 2023 2487 Convers.
2061 2449 2269 2500 conjugat.

1238 2509 1335 2548 Haec
1355 2522 1453 2561 ergo
1472 2510 1625 2557 omnia,
1648 2513 1688 2548 et
1714 2510 1879 2555 similia,
1908 2515 2070 2550 servata
2101 2523 2270 2563 propor-

1238 2571 1365 2619 tione,
1394 2571 1436 2609 in
1457 2571 1535 2609 hoc
1556 2574 1663 2610 statu
1695 2571 1908 2610 Societatis
1936 2573 2071 2611 locum
2101 2572 2268 2610 habent.

1238 2633 1287 2671 Et
1304 2632 1450 2671 eadem
1467 2632 1642 2678 ratione,
1661 2631 1702 2669 in
1720 2632 1989 2670 revalidando
2007 2636 2114 2679 actu,
2129 2632 2162 2671 si
2177 2632 2269 2670 nul-

1238 2694 1302 2732 lus
1318 2694 1454 2740 fuerit,
1477 2693 1625 2732 eadem
1646 2693 1848 2731 servanda
1868 2697 1963 2732 sunt
1986 2705 2076 2744 quae
2097 2693 2141 2732 in
2175 2707 2268 2745 pro-

1237 2755 1417 2793 fessione
1454 2754 1567 2792 nulla
1601 2753 1870 2793 revalidanda
1886 2784 1899 2803 ,
1934 2755 2052 2805 juxta
2091 2755 2197 2795 dicta
2224 2757 2266 2795 iu

1237 2815 1493 2867 praecedenti
1505 2818 1635 2863 tome,
1648 2825 1696 2853 ac
1716 2814 1843 2854 etiam
1862 2816 2050 2866 proximo
2067 2817 2270 2869 superiori

1236 2880 1405 2928 puncto.

1615 2994 1786 3041 CAPUT
1809 3000 1880 3043 IX.

1230 3131 1371 3169 omns
1391 3131 1507 3164 3101)ss
1524 3130 1681 3165 rossmr
1702 3134 1875 3165 DlSSOLVI
1897 3133 2005 3167 von
2021 3133 2266 3167 sonoulmm

1631 3195 1863 3225 socm'rA'rIs.

1285 3305 1345 3346 De
1365 3306 1501 3346 causis
1520 3306 1862 3346 concurrentibus
1880 3319 1930 3347 ac
1947 3308 2192 3348 necessariis
2209 3309 2263 3349 ad

1233 3366 1312 3406 hoc
1347 3368 1558 3407 vinculum
1600 3367 1899 3419 perficiendum
1936 3370 2186 3410 sufficienter
2219 3370 2262 3410 in

1234 3428 1514 3479 superioribus
1539 3429 1739 3481 capitibus
1759 3429 1914 3470 dictum
1936 3435 2018 3477 est;
2037 3430 2090 3471 de
2109 3429 2263 3471 effecti-

1233 3489 1311 3527 bus
1338 3489 1463 3529 etiam
1492 3490 1583 3541 ejus
1603 3502 1687 3530 non
1719 3495 1781 3530 est
1801 3492 1889 3531 visa
1917 3491 2151 3531 necessaria
2170 3504 2262 3543 spe-

1234 3550 1347 3588 cialis
1367 3552 1555 3600 quaestio,
1577 3553 1673 3602 quia
1694 3565 1717 3591 a
1737 3553 1871 3604 capite
1891 3552 2010 3592 tertio
2027 3564 2102 3603 per
2120 3565 2264 3603 neces,

1233 3611 1385 3651 sariam
1417 3613 1678 3655 occasionem
1699 3625 1844 3655 omnes
1875 3613 2064 3665 explicati
2089 3618 2201 3665 sunt,
2221 3618 2261 3656 et
