<?xml version="1.0" encoding="UTF-8"?>
<!DOCTYPE html PUBLIC "-//W3C//DTD XHTML 1.0 Transitional//EN"
    "http://www.w3.org/TR/xhtml1/DTD/xhtml1-transitional.dtd">
<html xmlns="http://www.w3.org/1999/xhtml" xml:lang="en" lang="en">
 <head>
  <title>
</title>
<meta http-equiv="Content-Type" content="text/html;charset=utf-8" />
  <meta name='ocr-system' content='tesseract 3.04.00' />
  <meta name='ocr-capabilities' content='ocr_page ocr_carea ocr_par ocr_line ocrx_word'/>
</head>
<body>
  <div class='ocr_page' id='page_1' title='image "./operaomnia16suaauoft_0047.png"; bbox 0 0 2352 3880; ppageno 0'>
   <div class='ocr_carea' id='block_1_1' title="bbox 0 0 202 221">
    <p class='ocr_par' dir='ltr' id='par_1_1' title="bbox 0 0 202 221">
     <span class='ocr_line' id='line_1_1' title="bbox 0 0 202 221; baseline 0 3659"><span class='ocrx_word' id='word_1_1' title='bbox 0 0 202 221; x_wconf 95' lang='lat' dir='ltr'> </span> 
     </span>
    </p>
   </div>
   <div class='ocr_carea' id='block_1_2' title="bbox 450 214 1851 269">
    <p class='ocr_par' dir='ltr' id='par_1_2' title="bbox 450 214 1851 269">
     <span class='ocr_line' id='line_1_2' title="bbox 450 214 1851 269; baseline 0.003 -10"><span class='ocrx_word' id='word_1_2' title='bbox 450 220 542 259; x_wconf 72' lang='lat' dir='ltr'>cAl’</span> <span class='ocrx_word' id='word_1_3' title='bbox 565 221 651 258; x_wconf 85' lang='lat' dir='ltr'>vm.</span> <span class='ocrx_word' id='word_1_4' title='bbox 672 220 729 257; x_wconf 70' lang='lat' dir='ltr'>M(</span> <span class='ocrx_word' id='word_1_5' title='bbox 750 218 902 256; x_wconf 61' lang='lat' dir='ltr'>‘sacrm</span> <span class='ocrx_word' id='word_1_6' title='bbox 923 216 1120 256; x_wconf 64' lang='lat' dir='ltr'>veronna</span> <span class='ocrx_word' id='word_1_7' title='bbox 1140 214 1302 257; x_wconf 72' lang='lat' dir='ltr'>mussto</span> <span class='ocrx_word' id='word_1_8' title='bbox 1323 215 1402 257; x_wconf 79' lang='lat' dir='ltr'>SEU</span> <span class='ocrx_word' id='word_1_9' title='bbox 1423 216 1736 269; x_wconf 63' lang='lat' dir='ltr'>machomum,</span> <span class='ocrx_word' id='word_1_10' title='bbox 1758 222 1851 262; x_wconf 74' lang='lat' dir='ltr'>mc.</span> 
     </span>
    </p>
   </div>
   <div class='ocr_carea' id='block_1_3' title="bbox 69 251 1121 3625">
    <p class='ocr_par' dir='ltr' id='par_1_3' title="bbox 69 251 1121 1329">
     <span class='ocr_line' id='line_1_3' title="bbox 76 251 1121 342; baseline -0.008 -6.915"><span class='ocrx_word' id='word_1_11' title='bbox 76 251 197 335; x_wconf 80' lang='lat' dir='ltr'>illins</span> <span class='ocrx_word' id='word_1_12' title='bbox 217 294 300 339; x_wconf 76' lang='lat' dir='ltr'>est3</span> <span class='ocrx_word' id='word_1_13' title='bbox 321 293 412 331; x_wconf 82' lang='lat' dir='ltr'>tum</span> <span class='ocrx_word' id='word_1_14' title='bbox 441 289 567 332; x_wconf 79' lang='lat' dir='ltr'>etiam</span> <span class='ocrx_word' id='word_1_15' title='bbox 586 288 706 342; x_wconf 88' lang='lat' dir='ltr'>quia,</span> <span class='ocrx_word' id='word_1_16' title='bbox 724 284 821 327; x_wconf 86' lang='lat' dir='ltr'>licet</span> <span class='ocrx_word' id='word_1_17' title='bbox 850 285 921 327; x_wconf 87' lang='lat' dir='ltr'>ille</span> <span class='ocrx_word' id='word_1_18' title='bbox 953 285 1121 328; x_wconf 88' lang='lat' dir='ltr'>habitus</span> 
     </span>
     <span class='ocr_line' id='line_1_4' title="bbox 69 347 1120 408; baseline -0.007 -14"><span class='ocrx_word' id='word_1_19' title='bbox 69 353 141 408; x_wconf 63' lang='lat' dir='ltr'>,sit</span> <span class='ocrx_word' id='word_1_20' title='bbox 171 352 418 403; x_wconf 89' lang='lat' dir='ltr'>communis,</span> <span class='ocrx_word' id='word_1_21' title='bbox 439 364 604 404; x_wconf 84' lang='lat' dir='ltr'><strong>semper</strong></span> <span class='ocrx_word' id='word_1_22' title='bbox 632 354 694 391; x_wconf 88' lang='lat' dir='ltr'>est</span> <span class='ocrx_word' id='word_1_23' title='bbox 724 349 863 400; x_wconf 85' lang='lat' dir='ltr'>aliquo</span> <span class='ocrx_word' id='word_1_24' title='bbox 891 347 1016 389; x_wconf 89' lang='lat' dir='ltr'>modo</span> <span class='ocrx_word' id='word_1_25' title='bbox 1047 358 1120 401; x_wconf 80' lang='lat' dir='ltr'>ap-</span> 
     </span>
     <span class='ocr_line' id='line_1_5' title="bbox 85 412 1120 470; baseline -0.006 -15"><span class='ocrx_word' id='word_1_26' title='bbox 85 415 320 470; x_wconf 85' lang='lat' dir='ltr'>propriatus</span> <span class='ocrx_word' id='word_1_27' title='bbox 340 414 394 454; x_wconf 89' lang='lat' dir='ltr'>ad</span> <span class='ocrx_word' id='word_1_28' title='bbox 415 414 638 466; x_wconf 84' lang='lat' dir='ltr'>specialem</span> <span class='ocrx_word' id='word_1_29' title='bbox 655 412 940 461; x_wconf 84' lang='lat' dir='ltr'><strong>honestatem,</strong></span> <span class='ocrx_word' id='word_1_30' title='bbox 965 414 1005 451; x_wconf 90' lang='lat' dir='ltr'>et</span> <span class='ocrx_word' id='word_1_31' title='bbox 1022 418 1120 450; x_wconf 87' lang='lat' dir='ltr'>nor-</span> 
     </span>
     <span class='ocr_line' id='line_1_6' title="bbox 84 471 1120 528; baseline -0.007 -11"><span class='ocrx_word' id='word_1_32' title='bbox 84 471 198 518; x_wconf 82' lang='lat' dir='ltr'>mam</span> <span class='ocrx_word' id='word_1_33' title='bbox 216 474 442 528; x_wconf 80' lang='lat' dir='ltr'>religionis,</span> <span class='ocrx_word' id='word_1_34' title='bbox 465 479 506 515; x_wconf 91' lang='lat' dir='ltr'>et</span> <span class='ocrx_word' id='word_1_35' title='bbox 523 475 602 515; x_wconf 85' lang='lat' dir='ltr'>hoc</span> <span class='ocrx_word' id='word_1_36' title='bbox 620 473 744 514; x_wconf 91' lang='lat' dir='ltr'>modo</span> <span class='ocrx_word' id='word_1_37' title='bbox 766 473 1012 525; x_wconf 85' lang='lat' dir='ltr'>supponitur</span> <span class='ocrx_word' id='word_1_38' title='bbox 1029 482 1120 524; x_wconf 85' lang='lat' dir='ltr'>ges-</span> 
     </span>
     <span class='ocr_line' id='line_1_7' title="bbox 84 531 1119 586; baseline -0.007 -7"><span class='ocrx_word' id='word_1_39' title='bbox 84 538 165 579; x_wconf 84' lang='lat' dir='ltr'>tari</span> <span class='ocrx_word' id='word_1_40' title='bbox 198 538 305 579; x_wconf 87' lang='lat' dir='ltr'>ultra</span> <span class='ocrx_word' id='word_1_41' title='bbox 332 533 560 577; x_wconf 82' lang='lat' dir='ltr'><strong>biennium.</strong></span> <span class='ocrx_word' id='word_1_42' title='bbox 591 532 759 576; x_wconf 82' lang='lat' dir='ltr'>Accedit</span> <span class='ocrx_word' id='word_1_43' title='bbox 788 535 914 586; x_wconf 89' lang='lat' dir='ltr'>quod,</span> <span class='ocrx_word' id='word_1_44' title='bbox 948 531 1044 573; x_wconf 87' lang='lat' dir='ltr'>licet</span> <span class='ocrx_word' id='word_1_45' title='bbox 1072 531 1119 573; x_wconf 87' lang='lat' dir='ltr'>in</span> 
     </span>
     <span class='ocr_line' id='line_1_8' title="bbox 85 596 1119 650; baseline -0.007 -9"><span class='ocrx_word' id='word_1_46' title='bbox 85 599 288 642; x_wconf 90' lang='lat' dir='ltr'>Societate</span> <span class='ocrx_word' id='word_1_47' title='bbox 319 610 403 638; x_wconf 92' lang='lat' dir='ltr'>non</span> <span class='ocrx_word' id='word_1_48' title='bbox 431 598 512 638; x_wconf 89' lang='lat' dir='ltr'>sint</span> <span class='ocrx_word' id='word_1_49' title='bbox 544 597 777 650; x_wconf 88' lang='lat' dir='ltr'>peculiares</span> <span class='ocrx_word' id='word_1_50' title='bbox 810 596 993 636; x_wconf 77' lang='lat' dir='ltr'>actiones</span> <span class='ocrx_word' id='word_1_51' title='bbox 1022 605 1119 647; x_wconf 90' lang='lat' dir='ltr'>pro-</span> 
     </span>
     <span class='ocr_line' id='line_1_9' title="bbox 84 654 1119 714; baseline -0.006 -13"><span class='ocrx_word' id='word_1_52' title='bbox 84 661 186 714; x_wconf 86' lang='lat' dir='ltr'>priae</span> <span class='ocrx_word' id='word_1_53' title='bbox 212 670 370 708; x_wconf 86' lang='lat' dir='ltr'>eorum,</span> <span class='ocrx_word' id='word_1_54' title='bbox 394 660 463 711; x_wconf 88' lang='lat' dir='ltr'>qui</span> <span class='ocrx_word' id='word_1_55' title='bbox 490 663 584 699; x_wconf 91' lang='lat' dir='ltr'>vota</span> <span class='ocrx_word' id='word_1_56' title='bbox 605 659 847 706; x_wconf 87' lang='lat' dir='ltr'>emiserunt,</span> <span class='ocrx_word' id='word_1_57' title='bbox 866 661 911 697; x_wconf 91' lang='lat' dir='ltr'>ut</span> <span class='ocrx_word' id='word_1_58' title='bbox 931 660 1027 697; x_wconf 90' lang='lat' dir='ltr'>sunt</span> <span class='ocrx_word' id='word_1_59' title='bbox 1045 654 1119 695; x_wconf 87' lang='lat' dir='ltr'>ad-</span> 
     </span>
     <span class='ocr_line' id='line_1_10' title="bbox 85 715 1116 775; baseline -0.007 -11"><span class='ocrx_word' id='word_1_60' title='bbox 85 735 176 764; x_wconf 89' lang='lat' dir='ltr'>esse</span> <span class='ocrx_word' id='word_1_61' title='bbox 191 722 392 775; x_wconf 81' lang='lat' dir='ltr'>capitulo,</span> <span class='ocrx_word' id='word_1_62' title='bbox 407 718 514 762; x_wconf 78' lang='lat' dir='ltr'>ferre</span> <span class='ocrx_word' id='word_1_63' title='bbox 530 721 789 774; x_wconf 84' lang='lat' dir='ltr'>suffragium,</span> <span class='ocrx_word' id='word_1_64' title='bbox 806 723 847 760; x_wconf 90' lang='lat' dir='ltr'>et</span> <span class='ocrx_word' id='word_1_65' title='bbox 862 715 1116 772; x_wconf 83' lang='lat' dir='ltr'>hujusmodi,</span> 
     </span>
     <span class='ocr_line' id='line_1_11' title="bbox 84 779 1120 837; baseline -0.005 -12"><span class='ocrx_word' id='word_1_66' title='bbox 84 796 246 837; x_wconf 84' lang='lat' dir='ltr'>semper</span> <span class='ocrx_word' id='word_1_67' title='bbox 274 787 336 825; x_wconf 89' lang='lat' dir='ltr'>est</span> <span class='ocrx_word' id='word_1_68' title='bbox 366 780 503 835; x_wconf 79' lang='lat' dir='ltr'>aliquo</span> <span class='ocrx_word' id='word_1_69' title='bbox 524 783 649 824; x_wconf 89' lang='lat' dir='ltr'>modo</span> <span class='ocrx_word' id='word_1_70' title='bbox 681 783 869 823; x_wconf 85' lang='lat' dir='ltr'>diversus</span> <span class='ocrx_word' id='word_1_71' title='bbox 892 782 1042 822; x_wconf 82' lang='lat' dir='ltr'>modus</span> <span class='ocrx_word' id='word_1_72' title='bbox 1059 779 1120 820; x_wconf 81' lang='lat' dir='ltr'>vi-</span> 
     </span>
     <span class='ocr_line' id='line_1_12' title="bbox 84 842 1120 897; baseline -0.004 -11"><span class='ocrx_word' id='word_1_73' title='bbox 84 846 206 887; x_wconf 87' lang='lat' dir='ltr'>vendi</span> <span class='ocrx_word' id='word_1_74' title='bbox 237 846 502 895; x_wconf 89' lang='lat' dir='ltr'>novitiorum,</span> <span class='ocrx_word' id='word_1_75' title='bbox 525 850 566 885; x_wconf 91' lang='lat' dir='ltr'>et</span> <span class='ocrx_word' id='word_1_76' title='bbox 596 846 786 894; x_wconf 87' lang='lat' dir='ltr'>aliorum,</span> <span class='ocrx_word' id='word_1_77' title='bbox 817 845 889 897; x_wconf 91' lang='lat' dir='ltr'>qui</span> <span class='ocrx_word' id='word_1_78' title='bbox 913 845 999 897; x_wconf 77' lang='lat' dir='ltr'>jam</span> <span class='ocrx_word' id='word_1_79' title='bbox 1024 842 1120 883; x_wconf 82' lang='grc'>50111</span> 
     </span>
     <span class='ocr_line' id='line_1_13' title="bbox 84 906 1119 959; baseline -0.005 -11"><span class='ocrx_word' id='word_1_80' title='bbox 84 906 268 948; x_wconf 89' lang='lat' dir='ltr'>membra</span> <span class='ocrx_word' id='word_1_81' title='bbox 298 907 533 956; x_wconf 87' lang='lat' dir='ltr'>Societatis;</span> <span class='ocrx_word' id='word_1_82' title='bbox 558 907 759 958; x_wconf 83' lang='lat' dir='ltr'>aliterque</span> <span class='ocrx_word' id='word_1_83' title='bbox 780 907 1000 959; x_wconf 82' lang='lat' dir='ltr'>dispertitae</span> <span class='ocrx_word' id='word_1_84' title='bbox 1023 907 1119 945; x_wconf 88' lang='lat' dir='ltr'>sunt</span> 
     </span>
     <span class='ocr_line' id='line_1_14' title="bbox 83 968 1114 1022; baseline -0.005 -12"><span class='ocrx_word' id='word_1_85' title='bbox 83 970 329 1011; x_wconf 85' lang='lat' dir='ltr'>novitiorum</span> <span class='ocrx_word' id='word_1_86' title='bbox 363 974 488 1022; x_wconf 90' lang='lat' dir='ltr'>atque</span> <span class='ocrx_word' id='word_1_87' title='bbox 523 969 773 1009; x_wconf 83' lang='lat' dir='ltr'>scholarium</span> <span class='ocrx_word' id='word_1_88' title='bbox 801 968 1114 1020; x_wconf 82' lang='lat' dir='ltr'>occupationes3</span> 
     </span>
     <span class='ocr_line' id='line_1_15' title="bbox 82 1029 1116 1084; baseline -0.007 -11"><span class='ocrx_word' id='word_1_89' title='bbox 82 1044 181 1084; x_wconf 86' lang='lat' dir='ltr'>ergo</span> <span class='ocrx_word' id='word_1_90' title='bbox 196 1063 209 1082; x_wconf 91' lang='lat'>,</span> <span class='ocrx_word' id='word_1_91' title='bbox 243 1032 278 1072; x_wconf 92' lang='lat' dir='ltr'>si</span> <span class='ocrx_word' id='word_1_92' title='bbox 313 1033 525 1084; x_wconf 87' lang='lat' dir='ltr'>contingat</span> <span class='ocrx_word' id='word_1_93' title='bbox 561 1032 740 1083; x_wconf 82' lang='lat' dir='ltr'>aliquem</span> <span class='ocrx_word' id='word_1_94' title='bbox 774 1033 869 1082; x_wconf 90' lang='lat' dir='ltr'>post</span> <span class='ocrx_word' id='word_1_95' title='bbox 901 1029 1116 1068; x_wconf 86' lang='lat' dir='ltr'>biennium</span> 
     </span>
     <span class='ocr_line' id='line_1_16' title="bbox 80 1088 1116 1148; baseline -0.005 -14"><span class='ocrx_word' id='word_1_96' title='bbox 80 1106 347 1148; x_wconf 89' lang='lat' dir='ltr'>perseverare</span> <span class='ocrx_word' id='word_1_97' title='bbox 371 1094 413 1133; x_wconf 88' lang='lat' dir='ltr'>in</span> <span class='ocrx_word' id='word_1_98' title='bbox 434 1093 581 1133; x_wconf 89' lang='lat' dir='ltr'>eodem</span> <span class='ocrx_word' id='word_1_99' title='bbox 610 1093 776 1139; x_wconf 88' lang='lat' dir='ltr'>babitu,</span> <span class='ocrx_word' id='word_1_100' title='bbox 810 1096 851 1132; x_wconf 85' lang='lat' dir='ltr'>et</span> <span class='ocrx_word' id='word_1_101' title='bbox 870 1091 1030 1130; x_wconf 81' lang='lat' dir='ltr'>admitti</span> <span class='ocrx_word' id='word_1_102' title='bbox 1061 1088 1116 1130; x_wconf 89' lang='lat' dir='ltr'>ad</span> 
     </span>
     <span class='ocr_line' id='line_1_17' title="bbox 80 1152 1110 1200; baseline -0.005 -4"><span class='ocrx_word' id='word_1_103' title='bbox 80 1156 209 1196; x_wconf 84' lang='lat' dir='ltr'>vitam</span> <span class='ocrx_word' id='word_1_104' title='bbox 235 1166 496 1195; x_wconf 91' lang='lat' dir='ltr'>communem</span> <span class='ocrx_word' id='word_1_105' title='bbox 526 1154 693 1193; x_wconf 90' lang='lat' dir='ltr'>omnino</span> <span class='ocrx_word' id='word_1_106' title='bbox 715 1165 810 1193; x_wconf 88' lang='lat' dir='ltr'>cum</span> <span class='ocrx_word' id='word_1_107' title='bbox 831 1152 1110 1200; x_wconf 83' lang='lat' dir='ltr'>scholaribus,</span> 
     </span>
     <span class='ocr_line' id='line_1_18' title="bbox 82 1214 1112 1257; baseline -0.004 0"><span class='ocrx_word' id='word_1_108' title='bbox 82 1217 313 1257; x_wconf 88' lang='lat' dir='ltr'>censendus</span> <span class='ocrx_word' id='word_1_109' title='bbox 347 1218 424 1256; x_wconf 91' lang='lat' dir='ltr'>erit</span> <span class='ocrx_word' id='word_1_110' title='bbox 450 1215 571 1255; x_wconf 87' lang='lat' dir='ltr'>tacite</span> <span class='ocrx_word' id='word_1_111' title='bbox 606 1214 765 1255; x_wconf 81' lang='lat' dir='ltr'>admitti</span> <span class='ocrx_word' id='word_1_112' title='bbox 793 1215 847 1254; x_wconf 89' lang='lat' dir='ltr'>ad</span> <span class='ocrx_word' id='word_1_113' title='bbox 878 1214 1112 1254; x_wconf 84' lang='lat' dir='ltr'>membrum</span> 
     </span>
     <span class='ocr_line' id='line_1_19' title="bbox 83 1277 823 1329; baseline -0.005 -9"><span class='ocrx_word' id='word_1_114' title='bbox 83 1278 306 1325; x_wconf 89' lang='lat' dir='ltr'>Societatis‚</span> <span class='ocrx_word' id='word_1_115' title='bbox 331 1282 370 1318; x_wconf 89' lang='lat' dir='ltr'>et</span> <span class='ocrx_word' id='word_1_116' title='bbox 389 1282 485 1318; x_wconf 87' lang='lat' dir='ltr'>vota</span> <span class='ocrx_word' id='word_1_117' title='bbox 509 1277 599 1329; x_wconf 87' lang='lat' dir='ltr'>ejus</span> <span class='ocrx_word' id='word_1_118' title='bbox 622 1277 823 1317; x_wconf 84' lang='lat' dir='ltr'>emisisse.</span> 
     </span>
    </p>

    <p class='ocr_par' dir='ltr' id='par_1_4' title="bbox 75 1337 1116 3616">
     <span class='ocr_line' id='line_1_20' title="bbox 135 1337 1113 1391; baseline 0 -11"><span class='ocrx_word' id='word_1_119' title='bbox 135 1342 172 1380; x_wconf 90' lang='lat'>3.</span> <span class='ocrx_word' id='word_1_120' title='bbox 202 1339 389 1381; x_wconf 77' lang='lat' dir='ltr'>Auctoris</span> <span class='ocrx_word' id='word_1_121' title='bbox 406 1339 591 1380; x_wconf 76' lang='lat' dir='ltr'>resolutio</span> <span class='ocrx_word' id='word_1_122' title='bbox 612 1340 841 1391; x_wconf 80' lang='lat' dir='ltr'>tripartita.</span> <span class='ocrx_word' id='word_1_123' title='bbox 856 1359 910 1369; x_wconf 92' lang='lat'>—-</span> <span class='ocrx_word' id='word_1_124' title='bbox 922 1337 1113 1380; x_wconf 82' lang='lat' dir='ltr'>Declara-</span> 
     </span>
     <span class='ocr_line' id='line_1_21' title="bbox 80 1400 1109 1453; baseline -0.005 -9"><span class='ocrx_word' id='word_1_125' title='bbox 80 1405 149 1444; x_wconf 76' lang='lat' dir='ltr'>tur</span> <span class='ocrx_word' id='word_1_126' title='bbox 159 1401 295 1452; x_wconf 84' lang='lat' dir='ltr'>prima</span> <span class='ocrx_word' id='word_1_127' title='bbox 312 1412 410 1453; x_wconf 78' lang='lat' dir='ltr'>pars</span> <span class='ocrx_word' id='word_1_128' title='bbox 432 1402 476 1441; x_wconf 82' lang='lat' dir='ltr'>de</span> <span class='ocrx_word' id='word_1_129' title='bbox 489 1402 653 1453; x_wconf 78' lang='lat' dir='ltr'>proprio</span> <span class='ocrx_word' id='word_1_130' title='bbox 668 1400 854 1441; x_wconf 73' lang='lat' dir='ltr'>instituto</span> <span class='ocrx_word' id='word_1_131' title='bbox 875 1401 1109 1442; x_wconf 75' lang='lat' dir='ltr'>Societatis.</span> 
     </span>
     <span class='ocr_line' id='line_1_22' title="bbox 78 1461 1111 1514; baseline -0.001 -12"><span class='ocrx_word' id='word_1_132' title='bbox 78 1461 355 1510; x_wconf 83' lang='lat' dir='ltr'>—Quocirca,</span> <span class='ocrx_word' id='word_1_133' title='bbox 377 1462 409 1501; x_wconf 92' lang='lat' dir='ltr'>si</span> <span class='ocrx_word' id='word_1_134' title='bbox 430 1462 564 1502; x_wconf 90' lang='lat' dir='ltr'>solum</span> <span class='ocrx_word' id='word_1_135' title='bbox 579 1463 650 1514; x_wconf 84' lang='lat' dir='ltr'>jus</span> <span class='ocrx_word' id='word_1_136' title='bbox 676 1475 896 1503; x_wconf 87' lang='lat' dir='ltr'>commune</span> <span class='ocrx_word' id='word_1_137' title='bbox 925 1463 1111 1502; x_wconf 89' lang='lat' dir='ltr'>consula-</span> 
     </span>
     <span class='ocr_line' id='line_1_23' title="bbox 78 1524 1111 1578; baseline -0.001 -13"><span class='ocrx_word' id='word_1_138' title='bbox 78 1535 196 1573; x_wconf 86' lang='lat' dir='ltr'>mus,</span> <span class='ocrx_word' id='word_1_139' title='bbox 227 1535 311 1563; x_wconf 92' lang='lat' dir='ltr'>non</span> <span class='ocrx_word' id='word_1_140' title='bbox 343 1524 462 1564; x_wconf 86' lang='lat' dir='ltr'>video</span> <span class='ocrx_word' id='word_1_141' title='bbox 497 1537 570 1564; x_wconf 89' lang='lat' dir='ltr'>cur</span> <span class='ocrx_word' id='word_1_142' title='bbox 591 1526 668 1564; x_wconf 92' lang='lat' dir='ltr'>hoc</span> <span class='ocrx_word' id='word_1_143' title='bbox 689 1538 823 1577; x_wconf 86' lang='lat' dir='ltr'>genus</span> <span class='ocrx_word' id='word_1_144' title='bbox 842 1525 1111 1578; x_wconf 80' lang='lat' dir='ltr'>professionis</span> 
     </span>
     <span class='ocr_line' id='line_1_24' title="bbox 79 1586 1113 1640; baseline 0.001 -14"><span class='ocrx_word' id='word_1_145' title='bbox 79 1587 145 1627; x_wconf 84' lang='lat' dir='ltr'>vel</span> <span class='ocrx_word' id='word_1_146' title='bbox 180 1586 520 1638; x_wconf 85' lang='lat' dir='ltr'>incorporationis</span> <span class='ocrx_word' id='word_1_147' title='bbox 554 1588 702 1636; x_wconf 82' lang='lat' dir='ltr'>tacitae,</span> <span class='ocrx_word' id='word_1_148' title='bbox 721 1588 839 1639; x_wconf 82' lang='lat' dir='ltr'>juxta</span> <span class='ocrx_word' id='word_1_149' title='bbox 872 1588 977 1639; x_wconf 87' lang='lat' dir='ltr'>juris</span> <span class='ocrx_word' id='word_1_150' title='bbox 1011 1600 1113 1640; x_wconf 84' lang='lat' dir='ltr'>prae-</span> 
     </span>
     <span class='ocr_line' id='line_1_25' title="bbox 81 1648 1113 1700; baseline -0.002 -11"><span class='ocrx_word' id='word_1_151' title='bbox 81 1650 355 1700; x_wconf 87' lang='lat' dir='ltr'>sumptionem</span> <span class='ocrx_word' id='word_1_152' title='bbox 374 1649 510 1688; x_wconf 89' lang='lat' dir='ltr'>locum</span> <span class='ocrx_word' id='word_1_153' title='bbox 538 1648 692 1688; x_wconf 88' lang='lat' dir='ltr'>habere</span> <span class='ocrx_word' id='word_1_154' title='bbox 720 1649 763 1688; x_wconf 94' lang='lat' dir='ltr'>in</span> <span class='ocrx_word' id='word_1_155' title='bbox 791 1649 995 1690; x_wconf 85' lang='lat' dir='ltr'>Societate</span> <span class='ocrx_word' id='word_1_156' title='bbox 1028 1662 1113 1688; x_wconf 89' lang='lat' dir='ltr'>non</span> 
     </span>
     <span class='ocr_line' id='line_1_26' title="bbox 80 1711 1107 1764; baseline 0 -14"><span class='ocrx_word' id='word_1_157' title='bbox 80 1712 221 1764; x_wconf 84' lang='lat' dir='ltr'>possit,</span> <span class='ocrx_word' id='word_1_158' title='bbox 238 1715 284 1750; x_wconf 93' lang='lat' dir='ltr'>ut</span> <span class='ocrx_word' id='word_1_159' title='bbox 302 1711 404 1750; x_wconf 89' lang='lat' dir='ltr'>ratio</span> <span class='ocrx_word' id='word_1_160' title='bbox 425 1711 610 1763; x_wconf 86' lang='lat' dir='ltr'>proxime</span> <span class='ocrx_word' id='word_1_161' title='bbox 630 1711 733 1751; x_wconf 85' lang='lat' dir='ltr'>facta</span> <span class='ocrx_word' id='word_1_162' title='bbox 759 1711 919 1751; x_wconf 86' lang='lat' dir='ltr'>suadet.</span> <span class='ocrx_word' id='word_1_163' title='bbox 939 1713 1107 1760; x_wconf 85' lang='lat' dir='ltr'>Tamen,</span> 
     </span>
     <span class='ocr_line' id='line_1_27' title="bbox 81 1773 1108 1824; baseline -0.001 -10"><span class='ocrx_word' id='word_1_164' title='bbox 81 1774 114 1813; x_wconf 87' lang='lat' dir='ltr'>si</span> <span class='ocrx_word' id='word_1_165' title='bbox 131 1773 441 1814; x_wconf 84' lang='lat' dir='ltr'>considerentur</span> <span class='ocrx_word' id='word_1_166' title='bbox 455 1776 542 1812; x_wconf 91' lang='lat' dir='ltr'>tum</span> <span class='ocrx_word' id='word_1_167' title='bbox 561 1773 630 1824; x_wconf 85' lang='lat' dir='ltr'>jus</span> <span class='ocrx_word' id='word_1_168' title='bbox 650 1774 863 1824; x_wconf 87' lang='lat' dir='ltr'>proprium</span> <span class='ocrx_word' id='word_1_169' title='bbox 879 1774 1108 1823; x_wconf 82' lang='lat' dir='ltr'>Societaiis,</span> 
     </span>
     <span class='ocr_line' id='line_1_28' title="bbox 80 1834 1107 1886; baseline -0.001 -11"><span class='ocrx_word' id='word_1_170' title='bbox 80 1839 121 1876; x_wconf 88' lang='lat' dir='ltr'>et</span> <span class='ocrx_word' id='word_1_171' title='bbox 146 1834 375 1874; x_wconf 90' lang='lat' dir='ltr'>institutum</span> <span class='ocrx_word' id='word_1_172' title='bbox 396 1834 605 1873; x_wconf 86' lang='lat' dir='ltr'>diversum</span> <span class='ocrx_word' id='word_1_173' title='bbox 634 1835 686 1873; x_wconf 88' lang='lat' dir='ltr'>ab</span> <span class='ocrx_word' id='word_1_174' title='bbox 705 1835 797 1874; x_wconf 86' lang='lat' dir='ltr'>aliis</span> <span class='ocrx_word' id='word_1_175' title='bbox 824 1835 1107 1886; x_wconf 84' lang='lat' dir='ltr'>religionibus,</span> 
     </span>
     <span class='ocr_line' id='line_1_29' title="bbox 77 1897 1109 1950; baseline -0.001 -12"><span class='ocrx_word' id='word_1_176' title='bbox 77 1901 165 1938; x_wconf 90' lang='lat' dir='ltr'>tum</span> <span class='ocrx_word' id='word_1_177' title='bbox 191 1909 290 1936; x_wconf 91' lang='lat' dir='ltr'>usus</span> <span class='ocrx_word' id='word_1_178' title='bbox 322 1897 447 1936; x_wconf 88' lang='lat' dir='ltr'>etiam</span> <span class='ocrx_word' id='word_1_179' title='bbox 471 1910 518 1936; x_wconf 89' lang='lat' dir='ltr'>ac</span> <span class='ocrx_word' id='word_1_180' title='bbox 540 1897 689 1937; x_wconf 89' lang='lat' dir='ltr'>modus</span> <span class='ocrx_word' id='word_1_181' title='bbox 718 1898 972 1950; x_wconf 89' lang='lat' dir='ltr'>procedendi</span> <span class='ocrx_word' id='word_1_182' title='bbox 1004 1898 1109 1950; x_wconf 87' lang='lat' dir='ltr'>ejus,</span> 
     </span>
     <span class='ocr_line' id='line_1_30' title="bbox 77 1958 1112 2009; baseline -0.002 -9"><span class='ocrx_word' id='word_1_183' title='bbox 77 1964 186 2000; x_wconf 88' lang='lat' dir='ltr'>recte</span> <span class='ocrx_word' id='word_1_184' title='bbox 207 1958 393 1998; x_wconf 83' lang='lat' dir='ltr'>existimo</span> <span class='ocrx_word' id='word_1_185' title='bbox 414 1958 570 1998; x_wconf 89' lang='lat' dir='ltr'>dictum</span> <span class='ocrx_word' id='word_1_186' title='bbox 591 1971 682 2000; x_wconf 91' lang='lat' dir='ltr'>esse</span> <span class='ocrx_word' id='word_1_187' title='bbox 703 1973 727 2000; x_wconf 90' lang='lat' dir='ltr'>a</span> <span class='ocrx_word' id='word_1_188' title='bbox 755 1961 952 2009; x_wconf 88' lang='lat' dir='ltr'>Navarro,</span> <span class='ocrx_word' id='word_1_189' title='bbox 971 1959 1014 1998; x_wconf 92' lang='lat' dir='ltr'>in</span> <span class='ocrx_word' id='word_1_190' title='bbox 1034 1961 1112 1999; x_wconf 91' lang='lat' dir='ltr'>hac</span> 
     </span>
     <span class='ocr_line' id='line_1_31' title="bbox 77 2022 1113 2076; baseline 0 -13"><span class='ocrx_word' id='word_1_191' title='bbox 77 2022 275 2074; x_wconf 86' lang='lat' dir='ltr'>religione</span> <span class='ocrx_word' id='word_1_192' title='bbox 307 2034 391 2061; x_wconf 91' lang='lat' dir='ltr'>non</span> <span class='ocrx_word' id='word_1_193' title='bbox 411 2034 502 2062; x_wconf 93' lang='lat' dir='ltr'>esse</span> <span class='ocrx_word' id='word_1_194' title='bbox 525 2023 691 2062; x_wconf 85' lang='lat' dir='ltr'>tacitam</span> <span class='ocrx_word' id='word_1_195' title='bbox 726 2023 1048 2076; x_wconf 82' lang='lat' dir='ltr'>professionem3</span> <span class='ocrx_word' id='word_1_196' title='bbox 1070 2022 1113 2063; x_wconf 89' lang='lat' dir='ltr'>id</span> 
     </span>
     <span class='ocr_line' id='line_1_32' title="bbox 75 2084 1111 2136; baseline 0.001 -12"><span class='ocrx_word' id='word_1_197' title='bbox 75 2096 174 2124; x_wconf 87' lang='lat' dir='ltr'>vero</span> <span class='ocrx_word' id='word_1_198' title='bbox 194 2084 237 2122; x_wconf 92' lang='lat' dir='ltr'>in</span> <span class='ocrx_word' id='word_1_199' title='bbox 256 2084 493 2124; x_wconf 89' lang='lat' dir='ltr'>universum</span> <span class='ocrx_word' id='word_1_200' title='bbox 511 2084 799 2136; x_wconf 90' lang='lat' dir='ltr'>accipiendum</span> <span class='ocrx_word' id='word_1_201' title='bbox 814 2097 905 2125; x_wconf 87' lang='grc'>0550</span> <span class='ocrx_word' id='word_1_202' title='bbox 922 2085 973 2125; x_wconf 88' lang='lat' dir='ltr'>de</span> <span class='ocrx_word' id='word_1_203' title='bbox 987 2087 1111 2126; x_wconf 88' lang='lat' dir='ltr'>tacita</span> 
     </span>
     <span class='ocr_line' id='line_1_33' title="bbox 76 2146 1113 2200; baseline 0.002 -14"><span class='ocrx_word' id='word_1_204' title='bbox 76 2146 423 2198; x_wconf 86' lang='lat' dir='ltr'>incorporatione,</span> <span class='ocrx_word' id='word_1_205' title='bbox 443 2151 484 2186; x_wconf 93' lang='lat' dir='ltr'>et</span> <span class='ocrx_word' id='word_1_206' title='bbox 510 2148 751 2200; x_wconf 72' lang='lat' dir='ltr'>reyulariter</span> <span class='ocrx_word' id='word_1_207' title='bbox 773 2160 820 2188; x_wconf 84' lang='lat' dir='ltr'>ao</span> <span class='ocrx_word' id='word_1_208' title='bbox 835 2160 908 2200; x_wconf 81' lang='lat' dir='ltr'>per</span> <span class='ocrx_word' id='word_1_209' title='bbox 928 2160 968 2188; x_wconf 74' lang='lat' dir='ltr'>se</span> <span class='ocrx_word' id='word_1_210' title='bbox 990 2148 1113 2188; x_wconf 84' lang='lat' dir='ltr'>intel-</span> 
     </span>
     <span class='ocr_line' id='line_1_34' title="bbox 77 2209 1111 2262; baseline 0.001 -13"><span class='ocrx_word' id='word_1_211' title='bbox 77 2209 288 2260; x_wconf 84' lang='lat' dir='ltr'>ligendum</span> <span class='ocrx_word' id='word_1_212' title='bbox 308 2211 430 2260; x_wconf 90' lang='lat' dir='ltr'>puto;</span> <span class='ocrx_word' id='word_1_213' title='bbox 450 2220 548 2247; x_wconf 87' lang='lat' dir='ltr'>nam</span> <span class='ocrx_word' id='word_1_214' title='bbox 579 2221 630 2249; x_wconf 86' lang='lat' dir='ltr'>ex</span> <span class='ocrx_word' id='word_1_215' title='bbox 650 2209 851 2250; x_wconf 88' lang='lat' dir='ltr'>accidenti</span> <span class='ocrx_word' id='word_1_216' title='bbox 882 2222 966 2250; x_wconf 90' lang='grc'>11011</span> <span class='ocrx_word' id='word_1_217' title='bbox 989 2223 1111 2262; x_wconf 90' lang='lat' dir='ltr'>repu-</span> 
     </span>
     <span class='ocr_line' id='line_1_35' title="bbox 80 2270 1109 2324; baseline 0.004 -15"><span class='ocrx_word' id='word_1_218' title='bbox 80 2275 179 2323; x_wconf 87' lang='lat' dir='ltr'>gnat</span> <span class='ocrx_word' id='word_1_219' title='bbox 211 2270 431 2322; x_wconf 89' lang='lat' dir='ltr'>aliquando</span> <span class='ocrx_word' id='word_1_220' title='bbox 470 2270 657 2311; x_wconf 89' lang='lat' dir='ltr'>inveniri.</span> <span class='ocrx_word' id='word_1_221' title='bbox 693 2272 864 2311; x_wconf 86' lang='lat' dir='ltr'>Declaro</span> <span class='ocrx_word' id='word_1_222' title='bbox 902 2276 943 2312; x_wconf 90' lang='lat' dir='ltr'>et</span> <span class='ocrx_word' id='word_1_223' title='bbox 979 2273 1109 2324; x_wconf 90' lang='lat' dir='ltr'>probo</span> 
     </span>
     <span class='ocr_line' id='line_1_36' title="bbox 80 2332 1110 2385; baseline 0.003 -14"><span class='ocrx_word' id='word_1_224' title='bbox 80 2332 261 2383; x_wconf 79' lang='lat' dir='ltr'>singula3</span> <span class='ocrx_word' id='word_1_225' title='bbox 283 2345 379 2371; x_wconf 86' lang='lat' dir='ltr'>nam</span> <span class='ocrx_word' id='word_1_226' title='bbox 408 2332 611 2384; x_wconf 88' lang='lat' dir='ltr'>imprimis</span> <span class='ocrx_word' id='word_1_227' title='bbox 631 2332 675 2373; x_wconf 92' lang='lat' dir='ltr'>in</span> <span class='ocrx_word' id='word_1_228' title='bbox 707 2335 911 2374; x_wconf 82' lang='lat' dir='ltr'>Societate</span> <span class='ocrx_word' id='word_1_229' title='bbox 946 2338 1110 2385; x_wconf 88' lang='lat' dir='ltr'>tempus</span> 
     </span>
     <span class='ocr_line' id='line_1_37' title="bbox 77 2394 1107 2444; baseline 0.002 -11"><span class='ocrx_word' id='word_1_230' title='bbox 77 2394 302 2433; x_wconf 86' lang='lat' dir='ltr'>novitiatus</span> <span class='ocrx_word' id='word_1_231' title='bbox 317 2406 402 2432; x_wconf 89' lang='grc'>11011</span> <span class='ocrx_word' id='word_1_232' title='bbox 419 2394 477 2434; x_wconf 89' lang='grc'>110</span> <span class='ocrx_word' id='word_1_233' title='bbox 498 2398 560 2434; x_wconf 86' lang='grc'>051</span> <span class='ocrx_word' id='word_1_234' title='bbox 577 2394 630 2433; x_wconf 88' lang='lat' dir='ltr'>ad</span> <span class='ocrx_word' id='word_1_235' title='bbox 643 2394 855 2434; x_wconf 90' lang='lat' dir='ltr'>biennium</span> <span class='ocrx_word' id='word_1_236' title='bbox 873 2395 1107 2444; x_wconf 86' lang='lat' dir='ltr'>limitatum,</span> 
     </span>
     <span class='ocr_line' id='line_1_38' title="bbox 76 2455 1112 2509; baseline 0.002 -14"><span class='ocrx_word' id='word_1_237' title='bbox 76 2460 123 2495; x_wconf 89' lang='lat' dir='ltr'>ut</span> <span class='ocrx_word' id='word_1_238' title='bbox 148 2455 217 2495; x_wconf 94' lang='grc'>1110</span> <span class='ocrx_word' id='word_1_239' title='bbox 237 2455 353 2494; x_wconf 87' lang='lat' dir='ltr'>finito</span> <span class='ocrx_word' id='word_1_240' title='bbox 375 2455 513 2494; x_wconf 81' lang='lat' dir='ltr'>statim</span> <span class='ocrx_word' id='word_1_241' title='bbox 541 2456 700 2508; x_wconf 83' lang='lat' dir='ltr'>exlege</span> <span class='ocrx_word' id='word_1_242' title='bbox 723 2457 959 2509; x_wconf 83' lang='lat' dir='ltr'>praescripta</span> <span class='ocrx_word' id='word_1_243' title='bbox 978 2459 1112 2497; x_wconf 89' lang='lat' dir='ltr'>incor-</span> 
     </span>
     <span class='ocr_line' id='line_1_39' title="bbox 76 2517 1111 2571; baseline 0.001 -14"><span class='ocrx_word' id='word_1_244' title='bbox 76 2517 288 2571; x_wconf 86' lang='lat' dir='ltr'>porandus</span> <span class='ocrx_word' id='word_1_245' title='bbox 317 2517 368 2557; x_wconf 91' lang='lat' dir='ltr'>sit</span> <span class='ocrx_word' id='word_1_246' title='bbox 387 2517 581 2566; x_wconf 87' lang='lat' dir='ltr'>novitius,</span> <span class='ocrx_word' id='word_1_247' title='bbox 605 2518 679 2557; x_wconf 89' lang='lat' dir='ltr'>sed</span> <span class='ocrx_word' id='word_1_248' title='bbox 701 2518 933 2570; x_wconf 86' lang='lat' dir='ltr'>Superioris</span> <span class='ocrx_word' id='word_1_249' title='bbox 954 2519 1111 2570; x_wconf 82' lang='lat' dir='ltr'>judicio</span> 
     </span>
     <span class='ocr_line' id='line_1_40' title="bbox 76 2578 1112 2632; baseline 0 -12"><span class='ocrx_word' id='word_1_250' title='bbox 76 2579 368 2628; x_wconf 86' lang='lat' dir='ltr'>committitur,</span> <span class='ocrx_word' id='word_1_251' title='bbox 400 2591 454 2618; x_wconf 90' lang='lat' dir='ltr'>an</span> <span class='ocrx_word' id='word_1_252' title='bbox 481 2578 584 2618; x_wconf 91' lang='lat' dir='ltr'>illud</span> <span class='ocrx_word' id='word_1_253' title='bbox 615 2583 780 2631; x_wconf 89' lang='lat' dir='ltr'>tempus</span> <span class='ocrx_word' id='word_1_254' title='bbox 802 2580 1112 2632; x_wconf 84' lang='lat' dir='ltr'>prorogandum</span> 
     </span>
     <span class='ocr_line' id='line_1_41' title="bbox 77 2640 1107 2691; baseline 0 -9"><span class='ocrx_word' id='word_1_255' title='bbox 77 2642 148 2691; x_wconf 84' lang='lat' dir='ltr'>sit,</span> <span class='ocrx_word' id='word_1_256' title='bbox 169 2645 214 2681; x_wconf 91' lang='lat' dir='ltr'>ut</span> <span class='ocrx_word' id='word_1_257' title='bbox 233 2640 409 2680; x_wconf 90' lang='lat' dir='ltr'>habetur</span> <span class='ocrx_word' id='word_1_258' title='bbox 428 2640 470 2679; x_wconf 90' lang='grc'>111</span> <span class='ocrx_word' id='word_1_259' title='bbox 488 2641 701 2689; x_wconf 83' lang='lat' dir='ltr'>Examine,</span> <span class='ocrx_word' id='word_1_260' title='bbox 724 2654 758 2681; x_wconf 92' lang='lat' dir='ltr'>c.</span> <span class='ocrx_word' id='word_1_261' title='bbox 784 2643 822 2691; x_wconf 82' lang='grc'>1,</span> <span class='ocrx_word' id='word_1_262' title='bbox 843 2654 885 2681; x_wconf 91' lang='grc'>11.</span> <span class='ocrx_word' id='word_1_263' title='bbox 912 2645 961 2682; x_wconf 79' lang='grc'>12</span> <span class='ocrx_word' id='word_1_264' title='bbox 976 2673 985 2690; x_wconf 95' lang='grc'>,</span> <span class='ocrx_word' id='word_1_265' title='bbox 1011 2647 1052 2682; x_wconf 84' lang='grc'>01</span> <span class='ocrx_word' id='word_1_266' title='bbox 1072 2655 1107 2682; x_wconf 94' lang='grc'>0.</span> 
     </span>
     <span class='ocr_line' id='line_1_42' title="bbox 79 2703 1111 2758; baseline 0.002 -14"><span class='ocrx_word' id='word_1_267' title='bbox 79 2706 118 2754; x_wconf 74' lang='lat'>4,</span> <span class='ocrx_word' id='word_1_268' title='bbox 141 2716 183 2743; x_wconf 91' lang='grc'>11.</span> <span class='ocrx_word' id='word_1_269' title='bbox 202 2703 269 2752; x_wconf 78' lang='grc'>43,</span> <span class='ocrx_word' id='word_1_270' title='bbox 294 2708 333 2744; x_wconf 84' lang='grc'>01</span> <span class='ocrx_word' id='word_1_271' title='bbox 354 2715 394 2756; x_wconf 93' lang='lat' dir='ltr'>p.</span> <span class='ocrx_word' id='word_1_272' title='bbox 418 2706 465 2753; x_wconf 81' lang='lat'>5,</span> <span class='ocrx_word' id='word_1_273' title='bbox 491 2717 526 2744; x_wconf 90' lang='lat' dir='ltr'>c.</span> <span class='ocrx_word' id='word_1_274' title='bbox 548 2706 586 2753; x_wconf 85' lang='lat'>1,</span> <span class='ocrx_word' id='word_1_275' title='bbox 610 2704 651 2743; x_wconf 90' lang='lat' dir='ltr'>in</span> <span class='ocrx_word' id='word_1_276' title='bbox 668 2705 772 2753; x_wconf 91' lang='lat' dir='ltr'>fine;</span> <span class='ocrx_word' id='word_1_277' title='bbox 794 2709 834 2744; x_wconf 91' lang='lat' dir='ltr'>et</span> <span class='ocrx_word' id='word_1_278' title='bbox 856 2705 951 2745; x_wconf 91' lang='lat' dir='ltr'>ideo</span> <span class='ocrx_word' id='word_1_279' title='bbox 971 2718 1111 2758; x_wconf 89' lang='lat' dir='ltr'>perse-</span> 
     </span>
     <span class='ocr_line' id='line_1_43' title="bbox 77 2763 1111 2821; baseline 0.003 -15"><span class='ocrx_word' id='word_1_280' title='bbox 77 2766 262 2807; x_wconf 81' lang='lat' dir='ltr'>verantia</span> <span class='ocrx_word' id='word_1_281' title='bbox 286 2765 394 2806; x_wconf 87' lang='lat' dir='ltr'>ultra</span> <span class='ocrx_word' id='word_1_282' title='bbox 420 2763 636 2807; x_wconf 88' lang='lat' dir='ltr'>biennium</span> <span class='ocrx_word' id='word_1_283' title='bbox 661 2766 705 2806; x_wconf 93' lang='lat' dir='ltr'>in</span> <span class='ocrx_word' id='word_1_284' title='bbox 739 2780 1003 2820; x_wconf 90' lang='lat' dir='ltr'>quocumque</span> <span class='ocrx_word' id='word_1_285' title='bbox 1038 2781 1111 2821; x_wconf 89' lang='lat' dir='ltr'>ge-</span> 
     </span>
     <span class='ocr_line' id='line_1_44' title="bbox 77 2827 1110 2882; baseline 0.002 -15"><span class='ocrx_word' id='word_1_286' title='bbox 77 2839 178 2868; x_wconf 91' lang='lat' dir='ltr'>nere</span> <span class='ocrx_word' id='word_1_287' title='bbox 200 2827 370 2868; x_wconf 89' lang='lat' dir='ltr'>actionis</span> <span class='ocrx_word' id='word_1_288' title='bbox 386 2841 470 2868; x_wconf 93' lang='lat' dir='ltr'>non</span> <span class='ocrx_word' id='word_1_289' title='bbox 491 2833 551 2868; x_wconf 89' lang='lat' dir='ltr'>est</span> <span class='ocrx_word' id='word_1_290' title='bbox 568 2841 642 2880; x_wconf 89' lang='lat' dir='ltr'>per</span> <span class='ocrx_word' id='word_1_291' title='bbox 657 2841 702 2869; x_wconf 91' lang='lat' dir='ltr'>se</span> <span class='ocrx_word' id='word_1_292' title='bbox 721 2829 928 2869; x_wconf 88' lang='lat' dir='ltr'>sufficiens</span> <span class='ocrx_word' id='word_1_293' title='bbox 946 2830 1110 2882; x_wconf 88' lang='lat' dir='ltr'>signum</span> 
     </span>
     <span class='ocr_line' id='line_1_45' title="bbox 77 2888 1110 2943; baseline 0.003 -14"><span class='ocrx_word' id='word_1_294' title='bbox 77 2888 429 2942; x_wconf 86' lang='lat' dir='ltr'>incorporationis.</span> <span class='ocrx_word' id='word_1_295' title='bbox 448 2891 653 2938; x_wconf 90' lang='lat' dir='ltr'>Secundo,</span> <span class='ocrx_word' id='word_1_296' title='bbox 669 2895 852 2943; x_wconf 86' lang='lat' dir='ltr'>potestas</span> <span class='ocrx_word' id='word_1_297' title='bbox 867 2893 1110 2932; x_wconf 89' lang='lat' dir='ltr'>admittendi</span> 
     </span>
     <span class='ocr_line' id='line_1_46' title="bbox 78 2952 1106 3007; baseline 0.002 -16"><span class='ocrx_word' id='word_1_298' title='bbox 78 2962 164 2992; x_wconf 85' lang='lat' dir='ltr'>non</span> <span class='ocrx_word' id='word_1_299' title='bbox 189 2952 311 2991; x_wconf 90' lang='lat' dir='ltr'>estin</span> <span class='ocrx_word' id='word_1_300' title='bbox 335 2952 571 3003; x_wconf 82' lang='lat' dir='ltr'>particulari</span> <span class='ocrx_word' id='word_1_301' title='bbox 598 2958 803 2993; x_wconf 84' lang='lat' dir='ltr'>conventu</span> <span class='ocrx_word' id='word_1_302' title='bbox 823 2966 898 2993; x_wconf 91' lang='lat' dir='ltr'>seu</span> <span class='ocrx_word' id='word_1_303' title='bbox 918 2955 1106 3007; x_wconf 88' lang='lat' dir='ltr'>collegio,</span> 
     </span>
     <span class='ocr_line' id='line_1_47' title="bbox 83 3011 1110 3066; baseline 0.005 -14"><span class='ocrx_word' id='word_1_304' title='bbox 83 3013 158 3053; x_wconf 85' lang='lat' dir='ltr'>sed</span> <span class='ocrx_word' id='word_1_305' title='bbox 182 3014 424 3066; x_wconf 86' lang='lat' dir='ltr'>regulariter</span> <span class='ocrx_word' id='word_1_306' title='bbox 455 3018 515 3054; x_wconf 92' lang='lat' dir='ltr'>est</span> <span class='ocrx_word' id='word_1_307' title='bbox 545 3011 764 3054; x_wconf 89' lang='lat' dir='ltr'>commissa</span> <span class='ocrx_word' id='word_1_308' title='bbox 794 3017 1050 3062; x_wconf 86' lang='lat' dir='ltr'>Provinciali,</span> <span class='ocrx_word' id='word_1_309' title='bbox 1069 3021 1110 3057; x_wconf 92' lang='lat' dir='ltr'>et</span> 
     </span>
     <span class='ocr_line' id='line_1_48' title="bbox 82 3073 1109 3129; baseline 0.007 -16"><span class='ocrx_word' id='word_1_310' title='bbox 82 3073 175 3115; x_wconf 88' lang='lat' dir='ltr'>ideo</span> <span class='ocrx_word' id='word_1_311' title='bbox 195 3075 326 3116; x_wconf 86' lang='lat' dir='ltr'>donec</span> <span class='ocrx_word' id='word_1_312' title='bbox 345 3076 431 3128; x_wconf 89' lang='lat' dir='ltr'>ipse</span> <span class='ocrx_word' id='word_1_313' title='bbox 464 3089 657 3129; x_wconf 86' lang='lat' dir='ltr'>expresse</span> <span class='ocrx_word' id='word_1_314' title='bbox 690 3079 941 3129; x_wconf 83' lang='lat' dir='ltr'>consentiat,</span> <span class='ocrx_word' id='word_1_315' title='bbox 963 3080 1109 3120; x_wconf 90' lang='lat' dir='ltr'>saltem</span> 
     </span>
     <span class='ocr_line' id='line_1_49' title="bbox 85 3130 1111 3190; baseline 0.007 -15"><span class='ocrx_word' id='word_1_316' title='bbox 85 3134 121 3175; x_wconf 82' lang='lat' dir='ltr'>si</span> <span class='ocrx_word' id='word_1_317' title='bbox 136 3130 242 3175; x_wconf 86' lang='lat' dir='ltr'>absit</span> <span class='ocrx_word' id='word_1_318' title='bbox 259 3132 310 3176; x_wconf 87' lang='lat' dir='ltr'>ab</span> <span class='ocrx_word' id='word_1_319' title='bbox 327 3149 375 3177; x_wconf 91' lang='lat' dir='ltr'>eo</span> <span class='ocrx_word' id='word_1_320' title='bbox 392 3137 483 3178; x_wconf 93' lang='lat' dir='ltr'>loco</span> <span class='ocrx_word' id='word_1_321' title='bbox 502 3135 782 3190; x_wconf 74' lang='lat' dir='ltr'>provincialis,</span> <span class='ocrx_word' id='word_1_322' title='bbox 799 3154 894 3180; x_wconf 91' lang='grc'>011111</span> <span class='ocrx_word' id='word_1_323' title='bbox 917 3142 997 3182; x_wconf 85' lang='grc'>(1101</span> <span class='ocrx_word' id='word_1_324' title='bbox 1012 3145 1111 3183; x_wconf 88' lang='grc'>111110</span> 
     </span>
     <span class='ocr_line' id='line_1_50' title="bbox 85 3198 1110 3252; baseline 0.01 -18"><span class='ocrx_word' id='word_1_325' title='bbox 85 3208 172 3236; x_wconf 86' lang='grc'>11011</span> <span class='ocrx_word' id='word_1_326' title='bbox 196 3198 337 3248; x_wconf 88' lang='lat' dir='ltr'>possit,</span> <span class='ocrx_word' id='word_1_327' title='bbox 358 3211 407 3238; x_wconf 93' lang='lat' dir='ltr'>eo</span> <span class='ocrx_word' id='word_1_328' title='bbox 436 3200 592 3242; x_wconf 88' lang='lat' dir='ltr'>sciente</span> <span class='ocrx_word' id='word_1_329' title='bbox 627 3206 668 3242; x_wconf 88' lang='grc'>01</span> <span class='ocrx_word' id='word_1_330' title='bbox 700 3205 999 3252; x_wconf 88' lang='lat' dir='ltr'>consentiente,</span> <span class='ocrx_word' id='word_1_331' title='bbox 1022 3205 1110 3245; x_wconf 87' lang='lat' dir='ltr'>fieri</span> 
     </span>
     <span class='ocr_line' id='line_1_51' title="bbox 85 3257 1110 3318; baseline 0.009 -20"><span class='ocrx_word' id='word_1_332' title='bbox 85 3257 252 3298; x_wconf 81' lang='lat' dir='ltr'>tacitam</span> <span class='ocrx_word' id='word_1_333' title='bbox 281 3258 594 3311; x_wconf 79' lang='lat' dir='ltr'>admissionem,</span> <span class='ocrx_word' id='word_1_334' title='bbox 622 3276 709 3304; x_wconf 87' lang='lat' dir='ltr'>non</span> <span class='ocrx_word' id='word_1_335' title='bbox 728 3270 920 3306; x_wconf 89' lang='lat' dir='ltr'>censetur</span> <span class='ocrx_word' id='word_1_336' title='bbox 940 3267 1032 3318; x_wconf 88' lang='lat' dir='ltr'>quis</span> <span class='ocrx_word' id='word_1_337' title='bbox 1051 3268 1110 3307; x_wconf 89' lang='lat' dir='ltr'>in-</span> 
     </span>
     <span class='ocr_line' id='line_1_52' title="bbox 86 3315 1111 3379; baseline 0.011 -20"><span class='ocrx_word' id='word_1_338' title='bbox 86 3323 353 3371; x_wconf 68' lang='grc'>0019010100,</span> <span class='ocrx_word' id='word_1_339' title='bbox 374 3315 532 3363; x_wconf 85' lang='lat' dir='ltr'>etiamsi</span> <span class='ocrx_word' id='word_1_340' title='bbox 564 3319 716 3367; x_wconf 87' lang='lat' dir='ltr'>diutius</span> <span class='ocrx_word' id='word_1_341' title='bbox 734 3331 990 3379; x_wconf 89' lang='lat' dir='ltr'>permaneat.</span> <span class='ocrx_word' id='word_1_342' title='bbox 1012 3330 1111 3369; x_wconf 87' lang='lat' dir='ltr'>Ter-</span> 
     </span>
     <span class='ocr_line' id='line_1_53' title="bbox 85 3378 1112 3443; baseline 0.009 -21"><span class='ocrx_word' id='word_1_343' title='bbox 85 3379 159 3429; x_wconf 82' lang='lat' dir='ltr'>tio,</span> <span class='ocrx_word' id='word_1_344' title='bbox 179 3380 223 3420; x_wconf 88' lang='lat' dir='ltr'>in</span> <span class='ocrx_word' id='word_1_345' title='bbox 242 3378 444 3422; x_wconf 88' lang='lat' dir='ltr'>Societate</span> <span class='ocrx_word' id='word_1_346' title='bbox 471 3387 567 3423; x_wconf 85' lang='lat' dir='ltr'>sunt</span> <span class='ocrx_word' id='word_1_347' title='bbox 583 3387 684 3428; x_wconf 77' lang='lat' dir='ltr'>varii</span> <span class='ocrx_word' id='word_1_348' title='bbox 702 3389 857 3441; x_wconf 75' lang='lat' dir='ltr'>gradus</span> <span class='ocrx_word' id='word_1_349' title='bbox 884 3394 979 3443; x_wconf 89' lang='lat' dir='ltr'>post</span> <span class='ocrx_word' id='word_1_350' title='bbox 997 3390 1112 3430; x_wconf 86' lang='lat' dir='ltr'>novi-</span> 
     </span>
     <span class='ocr_line' id='line_1_54' title="bbox 87 3441 1112 3504; baseline 0.011 -22"><span class='ocrx_word' id='word_1_351' title='bbox 87 3441 250 3492; x_wconf 72' lang='lat' dir='ltr'>flatum,</span> <span class='ocrx_word' id='word_1_352' title='bbox 269 3446 311 3483; x_wconf 90' lang='lat' dir='ltr'>et</span> <span class='ocrx_word' id='word_1_353' title='bbox 333 3442 429 3483; x_wconf 85' lang='lat' dir='ltr'>ideo</span> <span class='ocrx_word' id='word_1_354' title='bbox 449 3448 610 3496; x_wconf 87' lang='lat' dir='ltr'>oportet</span> <span class='ocrx_word' id='word_1_355' title='bbox 627 3446 890 3491; x_wconf 85' lang='lat' dir='ltr'>determinari</span> <span class='ocrx_word' id='word_1_356' title='bbox 908 3452 962 3492; x_wconf 84' lang='lat' dir='ltr'>ad</span> <span class='ocrx_word' id='word_1_357' title='bbox 986 3464 1112 3504; x_wconf 88' lang='lat' dir='ltr'>quem</span> 
     </span>
     <span class='ocr_line' id='line_1_55' title="bbox 87 3502 1112 3565; baseline 0.011 -21"><span class='ocrx_word' id='word_1_358' title='bbox 87 3502 254 3545; x_wconf 86' lang='lat' dir='ltr'>illorum</span> <span class='ocrx_word' id='word_1_359' title='bbox 273 3504 511 3546; x_wconf 81' lang='lat' dir='ltr'>admittatur</span> <span class='ocrx_word' id='word_1_360' title='bbox 527 3506 728 3558; x_wconf 90' lang='lat' dir='ltr'>novitius,</span> <span class='ocrx_word' id='word_1_361' title='bbox 748 3511 860 3561; x_wconf 87' lang='lat' dir='ltr'>quod</span> <span class='ocrx_word' id='word_1_362' title='bbox 877 3525 952 3565; x_wconf 90' lang='lat' dir='ltr'>per</span> <span class='ocrx_word' id='word_1_363' title='bbox 983 3514 1112 3554; x_wconf 90' lang='lat' dir='ltr'>solam</span> 
     </span>
     <span class='ocr_line' id='line_1_56' title="bbox 90 3564 1116 3625; baseline 0.011 -19"><span class='ocrx_word' id='word_1_364' title='bbox 90 3564 270 3607; x_wconf 81' lang='lat' dir='ltr'>tacitam</span> <span class='ocrx_word' id='word_1_365' title='bbox 276 3566 571 3608; x_wconf 83' lang='lat' dir='ltr'>admissionem</span> <span class='ocrx_word' id='word_1_366' title='bbox 589 3580 674 3608; x_wconf 91' lang='lat' dir='ltr'>non</span> <span class='ocrx_word' id='word_1_367' title='bbox 690 3574 798 3610; x_wconf 87' lang='lat' dir='ltr'>recte</span> <span class='ocrx_word' id='word_1_368' title='bbox 813 3571 872 3613; x_wconf 81' lang='lat' dir='ltr'>fit.</span> <span class='ocrx_word' id='word_1_369' title='bbox 888 3575 1006 3625; x_wconf 88' lang='lat' dir='ltr'>Nam,</span> <span class='ocrx_word' id='word_1_370' title='bbox 1020 3575 1116 3616; x_wconf 85' lang='lat' dir='ltr'>licet</span> 
     </span>
    </p>
   </div>
   <div class='ocr_carea' id='block_1_4' title="bbox 90 3626 1116 3689">
    <p class='ocr_par' dir='ltr' id='par_1_5' title="bbox 90 3626 1116 3689">
     <span class='ocr_line' id='line_1_57' title="bbox 90 3626 1116 3689; baseline 0.01 -19"><span class='ocrx_word' id='word_1_371' title='bbox 90 3626 300 3672; x_wconf 81' lang='lat' dir='ltr'>ordinarie</span> <span class='ocrx_word' id='word_1_372' title='bbox 323 3629 562 3677; x_wconf 78' lang='lat' dir='ltr'>admittatur</span> <span class='ocrx_word' id='word_1_373' title='bbox 579 3631 696 3686; x_wconf 83' lang='lat' dir='ltr'>prius</span> <span class='ocrx_word' id='word_1_374' title='bbox 727 3632 905 3676; x_wconf 78' lang='lat' dir='ltr'>novitius</span> <span class='ocrx_word' id='word_1_375' title='bbox 934 3636 990 3678; x_wconf 83' lang='lat' dir='ltr'>ad</span> <span class='ocrx_word' id='word_1_376' title='bbox 1019 3648 1116 3689; x_wconf 80' lang='lat' dir='ltr'>gra-</span> 
     </span>
    </p>
   </div>
   <div class='ocr_carea' id='block_1_5' title="bbox 2130 218 2206 266">
    <p class='ocr_par' dir='ltr' id='par_1_6' title="bbox 2130 218 2206 266">
     <span class='ocr_line' id='line_1_58' title="bbox 2130 218 2206 266; baseline 0 -1"><span class='ocrx_word' id='word_1_377' title='bbox 2130 218 2206 266; x_wconf 74' lang='lat'>68¹1</span> 
     </span>
    </p>
   </div>
   <div class='ocr_carea' id='block_1_6' title="bbox 1161 287 2213 3694">
    <p class='ocr_par' dir='ltr' id='par_1_7' title="bbox 1171 287 2210 588">
     <span class='ocr_line' id='line_1_59' title="bbox 1174 287 2207 347; baseline 0.006 -17"><span class='ocrx_word' id='word_1_378' title='bbox 1174 287 1276 330; x_wconf 88' lang='lat' dir='ltr'>dum</span> <span class='ocrx_word' id='word_1_379' title='bbox 1294 287 1559 338; x_wconf 84' lang='lat' dir='ltr'>scholarium,</span> <span class='ocrx_word' id='word_1_380' title='bbox 1575 295 1718 334; x_wconf 86' lang='lat' dir='ltr'>tamen</span> <span class='ocrx_word' id='word_1_381' title='bbox 1734 291 1805 335; x_wconf 87' lang='lat' dir='ltr'>ille</span> <span class='ocrx_word' id='word_1_382' title='bbox 1825 290 1927 335; x_wconf 83' lang='lat' dir='ltr'>ordo</span> <span class='ocrx_word' id='word_1_383' title='bbox 1949 297 2037 334; x_wconf 83' lang='lat' dir='ltr'>non</span> <span class='ocrx_word' id='word_1_384' title='bbox 2054 296 2120 336; x_wconf 70' lang='lat' dir='ltr'>est</span> <span class='ocrx_word' id='word_1_385' title='bbox 2133 301 2207 347; x_wconf 78' lang='lat' dir='ltr'>pet</span> 
     </span>
     <span class='ocr_line' id='line_1_60' title="bbox 1174 350 2208 408; baseline 0.006 -18"><span class='ocrx_word' id='word_1_386' title='bbox 1174 360 1219 391; x_wconf 91' lang='lat' dir='ltr'>se</span> <span class='ocrx_word' id='word_1_387' title='bbox 1245 350 1522 399; x_wconf 80' lang='lat' dir='ltr'>necessarius,</span> <span class='ocrx_word' id='word_1_388' title='bbox 1544 352 1619 392; x_wconf 87' lang='lat' dir='ltr'>sed</span> <span class='ocrx_word' id='word_1_389' title='bbox 1646 352 1868 405; x_wconf 87' lang='lat' dir='ltr'>aliquando</span> <span class='ocrx_word' id='word_1_390' title='bbox 1901 356 2039 408; x_wconf 88' lang='lat' dir='ltr'>potest</span> <span class='ocrx_word' id='word_1_391' title='bbox 2070 354 2208 397; x_wconf 77' lang='lat' dir='ltr'>statim</span> 
     </span>
     <span class='ocr_line' id='line_1_61' title="bbox 1173 411 2207 465; baseline 0.007 -13"><span class='ocrx_word' id='word_1_392' title='bbox 1173 411 1227 452; x_wconf 85' lang='lat' dir='ltr'>ad</span> <span class='ocrx_word' id='word_1_393' title='bbox 1255 411 1380 451; x_wconf 86' lang='lat' dir='ltr'>altum</span> <span class='ocrx_word' id='word_1_394' title='bbox 1400 412 1576 465; x_wconf 85' lang='lat' dir='ltr'>gradum</span> <span class='ocrx_word' id='word_1_395' title='bbox 1605 413 1779 464; x_wconf 85' lang='lat' dir='ltr'>admitti,</span> <span class='ocrx_word' id='word_1_396' title='bbox 1801 420 1848 457; x_wconf 87' lang='lat' dir='ltr'>ut</span> <span class='ocrx_word' id='word_1_397' title='bbox 1876 426 1928 457; x_wconf 80' lang='lat' dir='ltr'>ex</span> <span class='ocrx_word' id='word_1_398' title='bbox 1950 416 2084 458; x_wconf 83' lang='lat' dir='ltr'>citatis</span> <span class='ocrx_word' id='word_1_399' title='bbox 2103 411 2207 459; x_wconf 66' lang='lat' dir='ltr'>com</span> 
     </span>
     <span class='ocr_line' id='line_1_62' title="bbox 1173 473 2210 530; baseline 0.008 -17"><span class='ocrx_word' id='word_1_400' title='bbox 1173 473 1453 514; x_wconf 88' lang='lat' dir='ltr'>stitutionibus</span> <span class='ocrx_word' id='word_1_401' title='bbox 1480 478 1656 523; x_wconf 88' lang='lat' dir='ltr'>constat,</span> <span class='ocrx_word' id='word_1_402' title='bbox 1679 479 1720 515; x_wconf 91' lang='lat' dir='ltr'>et</span> <span class='ocrx_word' id='word_1_403' title='bbox 1738 473 1832 517; x_wconf 91' lang='lat' dir='ltr'>ideo</span> <span class='ocrx_word' id='word_1_404' title='bbox 1852 486 1928 530; x_wconf 88' lang='lat' dir='ltr'>per</span> <span class='ocrx_word' id='word_1_405' title='bbox 1952 490 1997 520; x_wconf 91' lang='lat' dir='ltr'>se</span> <span class='ocrx_word' id='word_1_406' title='bbox 2017 488 2210 521; x_wconf 83' lang='lat' dir='ltr'>necessa-</span> 
     </span>
     <span class='ocr_line' id='line_1_63' title="bbox 1171 536 2138 588; baseline 0.007 -12"><span class='ocrx_word' id='word_1_407' title='bbox 1171 536 1234 576; x_wconf 85' lang='lat' dir='ltr'>ria</span> <span class='ocrx_word' id='word_1_408' title='bbox 1254 537 1317 576; x_wconf 88' lang='lat' dir='ltr'>est</span> <span class='ocrx_word' id='word_1_409' title='bbox 1336 547 1534 588; x_wconf 87' lang='lat' dir='ltr'>expressa</span> <span class='ocrx_word' id='word_1_410' title='bbox 1558 536 1811 577; x_wconf 88' lang='lat' dir='ltr'>admittentis</span> <span class='ocrx_word' id='word_1_411' title='bbox 1831 539 2138 582; x_wconf 81' lang='lat' dir='ltr'>determinatio.</span> 
     </span>
    </p>

    <p class='ocr_par' dir='ltr' id='par_1_8' title="bbox 1164 596 2213 2759">
     <span class='ocr_line' id='line_1_64' title="bbox 1229 596 2209 651; baseline 0.008 -12"><span class='ocrx_word' id='word_1_412' title='bbox 1229 596 1266 639; x_wconf 69' lang='lat' dir='ltr'>t.</span> <span class='ocrx_word' id='word_1_413' title='bbox 1297 596 1540 640; x_wconf 73' lang='lat' dir='ltr'>Declaratur</span> <span class='ocrx_word' id='word_1_414' title='bbox 1556 599 1728 640; x_wconf 77' lang='lat' dir='ltr'>secanda</span> <span class='ocrx_word' id='word_1_415' title='bbox 1751 608 1852 651; x_wconf 76' lang='lat' dir='ltr'>pars</span> <span class='ocrx_word' id='word_1_416' title='bbox 1872 599 1917 641; x_wconf 81' lang='lat' dir='ltr'>de</span> <span class='ocrx_word' id='word_1_417' title='bbox 1939 611 2017 643; x_wconf 75' lang='lat' dir='ltr'>asa</span> <span class='ocrx_word' id='word_1_418' title='bbox 2036 614 2082 646; x_wconf 84' lang='lat' dir='ltr'>ac</span> <span class='ocrx_word' id='word_1_419' title='bbox 2098 603 2209 646; x_wconf 80' lang='lat' dir='ltr'>modo</span> 
     </span>
     <span class='ocr_line' id='line_1_65' title="bbox 1170 658 2210 712; baseline 0.008 -13"><span class='ocrx_word' id='word_1_420' title='bbox 1170 658 1399 712; x_wconf 79' lang='lat' dir='ltr'>procedendi</span> <span class='ocrx_word' id='word_1_421' title='bbox 1417 660 1620 712; x_wconf 74' lang='lat' dir='ltr'>ipsias.:-</span> <span class='ocrx_word' id='word_1_422' title='bbox 1630 661 1919 710; x_wconf 72' lang='lat' dir='ltr'>Confirmatur.</span> <span class='ocrx_word' id='word_1_423' title='bbox 1932 686 1984 693; x_wconf 87' lang='lat'><em>-</em></span> <span class='ocrx_word' id='word_1_424' title='bbox 1994 663 2015 703; x_wconf 90' lang='lat' dir='ltr'><strong>J</strong></span> <span class='ocrx_word' id='word_1_425' title='bbox 2020 676 2087 704; x_wconf 85' lang='lat' dir='ltr'>am</span> <span class='ocrx_word' id='word_1_426' title='bbox 2109 676 2210 706; x_wconf 83' lang='lat' dir='ltr'>vero</span> 
     </span>
     <span class='ocr_line' id='line_1_66' title="bbox 1171 719 2211 779; baseline 0.006 -19"><span class='ocrx_word' id='word_1_427' title='bbox 1171 721 1215 761; x_wconf 91' lang='lat' dir='ltr'>in</span> <span class='ocrx_word' id='word_1_428' title='bbox 1235 719 1438 763; x_wconf 86' lang='lat' dir='ltr'>Societate</span> <span class='ocrx_word' id='word_1_429' title='bbox 1464 722 1723 762; x_wconf 86' lang='lat' dir='ltr'>consuetudo</span> <span class='ocrx_word' id='word_1_430' title='bbox 1745 727 1822 772; x_wconf 89' lang='lat' dir='ltr'>est,</span> <span class='ocrx_word' id='word_1_431' title='bbox 1844 727 1890 763; x_wconf 89' lang='lat' dir='ltr'>ut</span> <span class='ocrx_word' id='word_1_432' title='bbox 1910 724 2119 765; x_wconf 88' lang='lat' dir='ltr'>scholares</span> <span class='ocrx_word' id='word_1_433' title='bbox 2138 740 2211 779; x_wconf 88' lang='lat' dir='ltr'>ap-</span> 
     </span>
     <span class='ocr_line' id='line_1_67' title="bbox 1172 783 2211 836; baseline 0.006 -14"><span class='ocrx_word' id='word_1_434' title='bbox 1172 783 1350 834; x_wconf 85' lang='lat' dir='ltr'>probati,</span> <span class='ocrx_word' id='word_1_435' title='bbox 1379 787 1492 824; x_wconf 73' lang='lat' dir='ltr'>sexto</span> <span class='ocrx_word' id='word_1_436' title='bbox 1524 797 1693 836; x_wconf 89' lang='lat' dir='ltr'>quoque</span> <span class='ocrx_word' id='word_1_437' title='bbox 1726 796 1887 835; x_wconf 89' lang='lat' dir='ltr'>mense,</span> <span class='ocrx_word' id='word_1_438' title='bbox 1919 789 2013 826; x_wconf 84' lang='lat' dir='ltr'>vota</span> <span class='ocrx_word' id='word_1_439' title='bbox 2043 798 2118 826; x_wconf 89' lang='lat' dir='ltr'>sua</span> <span class='ocrx_word' id='word_1_440' title='bbox 2141 801 2211 828; x_wconf 86' lang='lat' dir='ltr'>ex-</span> 
     </span>
     <span class='ocr_line' id='line_1_68' title="bbox 1172 846 2212 899; baseline 0.004 -15"><span class='ocrx_word' id='word_1_441' title='bbox 1172 857 1314 897; x_wconf 87' lang='lat' dir='ltr'>presse</span> <span class='ocrx_word' id='word_1_442' title='bbox 1334 850 1536 886; x_wconf 87' lang='lat' dir='ltr'>renovent</span> <span class='ocrx_word' id='word_1_443' title='bbox 1557 847 1705 886; x_wconf 86' lang='lat' dir='ltr'>eadem</span> <span class='ocrx_word' id='word_1_444' title='bbox 1730 846 1865 886; x_wconf 81' lang='lat' dir='ltr'>forma</span> <span class='ocrx_word' id='word_1_445' title='bbox 1889 848 2031 898; x_wconf 89' lang='lat' dir='ltr'>quain</span> <span class='ocrx_word' id='word_1_446' title='bbox 2063 849 2212 899; x_wconf 90' lang='lat' dir='ltr'>princi-</span> 
     </span>
     <span class='ocr_line' id='line_1_69' title="bbox 1172 907 2212 960; baseline 0.005 -15"><span class='ocrx_word' id='word_1_447' title='bbox 1172 907 1241 958; x_wconf 91' lang='lat' dir='ltr'>pio</span> <span class='ocrx_word' id='word_1_448' title='bbox 1270 907 1339 946; x_wconf 88' lang='lat' dir='ltr'>illa</span> <span class='ocrx_word' id='word_1_449' title='bbox 1359 909 1602 956; x_wconf 89' lang='lat' dir='ltr'>emiserunt,</span> <span class='ocrx_word' id='word_1_450' title='bbox 1629 908 1683 948; x_wconf 91' lang='lat' dir='ltr'>ad</span> <span class='ocrx_word' id='word_1_451' title='bbox 1713 920 1836 960; x_wconf 87' lang='lat' dir='ltr'>quem</span> <span class='ocrx_word' id='word_1_452' title='bbox 1867 913 2005 948; x_wconf 87' lang='lat' dir='ltr'>actum</span> <span class='ocrx_word' id='word_1_453' title='bbox 2037 921 2132 948; x_wconf 89' lang='lat' dir='ltr'>cum</span> <span class='ocrx_word' id='word_1_454' title='bbox 2152 911 2212 950; x_wconf 90' lang='lat' dir='ltr'>eis</span> 
     </span>
     <span class='ocr_line' id='line_1_70' title="bbox 1172 968 2212 1023; baseline 0.003 -15"><span class='ocrx_word' id='word_1_455' title='bbox 1172 968 1436 1009; x_wconf 85' lang='lat' dir='ltr'>efficiendum</span> <span class='ocrx_word' id='word_1_456' title='bbox 1467 971 1606 1009; x_wconf 88' lang='lat' dir='ltr'>nullus</span> <span class='ocrx_word' id='word_1_457' title='bbox 1637 968 1881 1020; x_wconf 85' lang='lat' dir='ltr'>admittitur,</span> <span class='ocrx_word' id='word_1_458' title='bbox 1903 970 1973 1022; x_wconf 91' lang='lat' dir='ltr'>qui</span> <span class='ocrx_word' id='word_1_459' title='bbox 2001 972 2115 1023; x_wconf 89' lang='lat' dir='ltr'>prius</span> <span class='ocrx_word' id='word_1_460' title='bbox 2145 984 2212 1012; x_wconf 81' lang='lat' dir='ltr'>ex-</span> 
     </span>
     <span class='ocr_line' id='line_1_71' title="bbox 1170 1032 2211 1086; baseline 0.004 -15"><span class='ocrx_word' id='word_1_461' title='bbox 1170 1043 1313 1083; x_wconf 85' lang='lat' dir='ltr'>presse</span> <span class='ocrx_word' id='word_1_462' title='bbox 1334 1032 1621 1084; x_wconf 88' lang='lat' dir='ltr'>incorporatus</span> <span class='ocrx_word' id='word_1_463' title='bbox 1640 1046 1724 1073; x_wconf 91' lang='lat' dir='ltr'>non</span> <span class='ocrx_word' id='word_1_464' title='bbox 1746 1033 1890 1082; x_wconf 88' lang='lat' dir='ltr'>fuerit,</span> <span class='ocrx_word' id='word_1_465' title='bbox 1910 1035 2027 1085; x_wconf 86' lang='lat' dir='ltr'>juxta</span> <span class='ocrx_word' id='word_1_466' title='bbox 2048 1047 2140 1086; x_wconf 89' lang='lat' dir='ltr'>cap.</span> <span class='ocrx_word' id='word_1_467' title='bbox 2165 1036 2211 1084; x_wconf 81' lang='lat'>4,</span> 
     </span>
     <span class='ocr_line' id='line_1_72' title="bbox 1169 1095 2212 1148; baseline 0.003 -15"><span class='ocrx_word' id='word_1_468' title='bbox 1169 1097 1287 1145; x_wconf 88' lang='lat' dir='ltr'>parte</span> <span class='ocrx_word' id='word_1_469' title='bbox 1309 1099 1456 1146; x_wconf 80' lang='lat' dir='ltr'>quarta</span> <span class='ocrx_word' id='word_1_470' title='bbox 1478 1095 1825 1135; x_wconf 89' lang='lat' dir='ltr'>Constitutionum</span> <span class='ocrx_word' id='word_1_471' title='bbox 1839 1126 1849 1144; x_wconf 87' lang='lat'>,</span> <span class='ocrx_word' id='word_1_472' title='bbox 1873 1096 1896 1148; x_wconf 69' lang='grc' dir='ltr'>ξ</span> <span class='ocrx_word' id='word_1_473' title='bbox 1916 1098 1963 1143; x_wconf 78' lang='lat'>5,</span> <span class='ocrx_word' id='word_1_474' title='bbox 1994 1096 2090 1136; x_wconf 88' lang='lat' dir='ltr'>licet</span> <span class='ocrx_word' id='word_1_475' title='bbox 2109 1097 2212 1136; x_wconf 88' lang='lat' dir='ltr'>alias</span> 
     </span>
     <span class='ocr_line' id='line_1_73' title="bbox 1169 1154 2213 1209; baseline 0.004 -15"><span class='ocrx_word' id='word_1_476' title='bbox 1169 1156 1329 1207; x_wconf 85' lang='lat' dir='ltr'>possint</span> <span class='ocrx_word' id='word_1_477' title='bbox 1346 1157 1488 1196; x_wconf 84' lang='lat' dir='ltr'>novitii</span> <span class='ocrx_word' id='word_1_478' title='bbox 1508 1158 1702 1209; x_wconf 86' lang='lat' dir='ltr'>privatim</span> <span class='ocrx_word' id='word_1_479' title='bbox 1723 1161 1816 1197; x_wconf 67' lang='lat' dir='ltr'>vota</span> <span class='ocrx_word' id='word_1_480' title='bbox 1850 1158 2056 1208; x_wconf 86' lang='lat' dir='ltr'>emittere,</span> <span class='ocrx_word' id='word_1_481' title='bbox 2078 1154 2119 1198; x_wconf 86' lang='lat' dir='ltr'>et</span> <span class='ocrx_word' id='word_1_482' title='bbox 2146 1171 2213 1198; x_wconf 88' lang='lat' dir='ltr'>re-</span> 
     </span>
     <span class='ocr_line' id='line_1_74' title="bbox 1170 1218 2212 1271; baseline 0.004 -15"><span class='ocrx_word' id='word_1_483' title='bbox 1170 1229 1342 1267; x_wconf 85' lang='lat' dir='ltr'>novare,</span> <span class='ocrx_word' id='word_1_484' title='bbox 1367 1219 1401 1257; x_wconf 89' lang='lat' dir='ltr'>si</span> <span class='ocrx_word' id='word_1_485' title='bbox 1421 1218 1562 1266; x_wconf 90' lang='lat' dir='ltr'>velint,</span> <span class='ocrx_word' id='word_1_486' title='bbox 1583 1220 1701 1271; x_wconf 84' lang='lat' dir='ltr'>juxta</span> <span class='ocrx_word' id='word_1_487' title='bbox 1731 1232 1823 1271; x_wconf 85' lang='lat' dir='ltr'>cap.</span> <span class='ocrx_word' id='word_1_488' title='bbox 1855 1220 1901 1268; x_wconf 78' lang='grc'>4,</span> <span class='ocrx_word' id='word_1_489' title='bbox 1917 1223 2035 1271; x_wconf 87' lang='lat' dir='ltr'>parte</span> <span class='ocrx_word' id='word_1_490' title='bbox 2068 1220 2212 1271; x_wconf 87' lang='lat' dir='ltr'>quinta</span> 
     </span>
     <span class='ocr_line' id='line_1_75' title="bbox 1171 1280 2212 1334; baseline 0.004 -15"><span class='ocrx_word' id='word_1_491' title='bbox 1171 1280 1530 1320; x_wconf 89' lang='lat' dir='ltr'>Constitutionum.</span> <span class='ocrx_word' id='word_1_492' title='bbox 1553 1283 1660 1334; x_wconf 82' lang='lat' dir='ltr'>Ergo</span> <span class='ocrx_word' id='word_1_493' title='bbox 1691 1282 1891 1334; x_wconf 84' lang='lat' dir='ltr'>quamdiu</span> <span class='ocrx_word' id='word_1_494' title='bbox 1918 1282 2100 1323; x_wconf 83' lang='lat' dir='ltr'>novitius</span> <span class='ocrx_word' id='word_1_495' title='bbox 2125 1295 2212 1322; x_wconf 91' lang='lat' dir='ltr'>non</span> 
     </span>
     <span class='ocr_line' id='line_1_76' title="bbox 1168 1342 2212 1385; baseline 0.001 -3"><span class='ocrx_word' id='word_1_496' title='bbox 1168 1342 1396 1382; x_wconf 81' lang='lat' dir='ltr'>admittitur</span> <span class='ocrx_word' id='word_1_497' title='bbox 1418 1344 1472 1383; x_wconf 92' lang='lat' dir='ltr'>ad</span> <span class='ocrx_word' id='word_1_498' title='bbox 1490 1347 1585 1383; x_wconf 91' lang='lat' dir='ltr'>vota</span> <span class='ocrx_word' id='word_1_499' title='bbox 1609 1356 1703 1383; x_wconf 92' lang='lat' dir='ltr'>cum</span> <span class='ocrx_word' id='word_1_500' title='bbox 1731 1343 1990 1384; x_wconf 87' lang='lat' dir='ltr'>scholaribus</span> <span class='ocrx_word' id='word_1_501' title='bbox 2010 1357 2212 1385; x_wconf 88' lang='lat' dir='ltr'>renovan-</span> 
     </span>
     <span class='ocr_line' id='line_1_77' title="bbox 1167 1404 2212 1458; baseline 0.005 -16"><span class='ocrx_word' id='word_1_502' title='bbox 1167 1404 1219 1443; x_wconf 89' lang='lat' dir='ltr'>da</span> <span class='ocrx_word' id='word_1_503' title='bbox 1243 1404 1423 1456; x_wconf 88' lang='lat' dir='ltr'>publice,</span> <span class='ocrx_word' id='word_1_504' title='bbox 1448 1409 1488 1444; x_wconf 87' lang='lat' dir='ltr'>et</span> <span class='ocrx_word' id='word_1_505' title='bbox 1508 1418 1647 1445; x_wconf 88' lang='lat' dir='ltr'>coram</span> <span class='ocrx_word' id='word_1_506' title='bbox 1672 1406 1910 1458; x_wconf 82' lang='lat' dir='ltr'>Superiore,</span> <span class='ocrx_word' id='word_1_507' title='bbox 1938 1407 2003 1447; x_wconf 85' lang='lat' dir='ltr'>vel</span> <span class='ocrx_word' id='word_1_508' title='bbox 2023 1407 2119 1455; x_wconf 87' lang='lat' dir='ltr'>alio,</span> <span class='ocrx_word' id='word_1_509' title='bbox 2140 1407 2212 1458; x_wconf 86' lang='lat' dir='ltr'>qui</span> 
     </span>
     <span class='ocr_line' id='line_1_78' title="bbox 1166 1466 2207 1519; baseline 0.003 -14"><span class='ocrx_word' id='word_1_510' title='bbox 1166 1466 1299 1506; x_wconf 86' lang='lat' dir='ltr'>vicem</span> <span class='ocrx_word' id='word_1_511' title='bbox 1323 1467 1414 1518; x_wconf 85' lang='lat' dir='ltr'>ejus</span> <span class='ocrx_word' id='word_1_512' title='bbox 1443 1470 1599 1515; x_wconf 88' lang='lat' dir='ltr'>teneat,</span> <span class='ocrx_word' id='word_1_513' title='bbox 1623 1480 1709 1507; x_wconf 91' lang='lat' dir='ltr'>non</span> <span class='ocrx_word' id='word_1_514' title='bbox 1735 1473 1929 1507; x_wconf 89' lang='lat' dir='ltr'>censetur</span> <span class='ocrx_word' id='word_1_515' title='bbox 1958 1481 2036 1507; x_wconf 88' lang='lat' dir='ltr'>nec</span> <span class='ocrx_word' id='word_1_516' title='bbox 2066 1469 2207 1519; x_wconf 88' lang='lat' dir='ltr'>tacite,</span> 
     </span>
     <span class='ocr_line' id='line_1_79' title="bbox 1166 1530 2208 1582; baseline 0.003 -15"><span class='ocrx_word' id='word_1_517' title='bbox 1166 1541 1244 1568; x_wconf 90' lang='lat' dir='ltr'>nec</span> <span class='ocrx_word' id='word_1_518' title='bbox 1271 1541 1467 1580; x_wconf 80' lang='lat' dir='ltr'>expresse</span> <span class='ocrx_word' id='word_1_519' title='bbox 1495 1530 1701 1569; x_wconf 88' lang='lat' dir='ltr'>admissus</span> <span class='ocrx_word' id='word_1_520' title='bbox 1719 1530 1759 1569; x_wconf 93' lang='lat' dir='ltr'>in</span> <span class='ocrx_word' id='word_1_521' title='bbox 1793 1543 1944 1582; x_wconf 87' lang='lat' dir='ltr'>corpus</span> <span class='ocrx_word' id='word_1_522' title='bbox 1975 1531 2208 1571; x_wconf 78' lang='lat' dir='ltr'>Societatis.</span> 
     </span>
     <span class='ocr_line' id='line_1_80' title="bbox 1167 1590 2212 1642; baseline 0.003 -12"><span class='ocrx_word' id='word_1_523' title='bbox 1167 1590 1210 1630; x_wconf 84' lang='lat' dir='ltr'>Si</span> <span class='ocrx_word' id='word_1_524' title='bbox 1245 1595 1386 1630; x_wconf 85' lang='lat' dir='ltr'>autem</span> <span class='ocrx_word' id='word_1_525' title='bbox 1424 1591 1478 1630; x_wconf 87' lang='lat' dir='ltr'>ad</span> <span class='ocrx_word' id='word_1_526' title='bbox 1509 1591 1625 1631; x_wconf 88' lang='lat' dir='ltr'>illum</span> <span class='ocrx_word' id='word_1_527' title='bbox 1662 1596 1800 1631; x_wconf 77' lang='lat' dir='ltr'>actum</span> <span class='ocrx_word' id='word_1_528' title='bbox 1833 1593 2089 1642; x_wconf 84' lang='lat' dir='ltr'>admittatur,</span> <span class='ocrx_word' id='word_1_529' title='bbox 2116 1605 2212 1633; x_wconf 91' lang='lat' dir='ltr'>cum</span> 
     </span>
     <span class='ocr_line' id='line_1_81' title="bbox 1166 1651 2212 1704; baseline 0.004 -13"><span class='ocrx_word' id='word_1_530' title='bbox 1166 1651 1282 1703; x_wconf 88' lang='lat' dir='ltr'>prius</span> <span class='ocrx_word' id='word_1_531' title='bbox 1314 1657 1407 1692; x_wconf 87' lang='lat' dir='ltr'>vota</span> <span class='ocrx_word' id='word_1_532' title='bbox 1435 1666 1630 1704; x_wconf 81' lang='lat' dir='ltr'>expresse</span> <span class='ocrx_word' id='word_1_533' title='bbox 1658 1667 1743 1693; x_wconf 87' lang='grc'>11011</span> <span class='ocrx_word' id='word_1_534' title='bbox 1777 1655 1995 1703; x_wconf 86' lang='lat' dir='ltr'>emisisset,</span> <span class='ocrx_word' id='word_1_535' title='bbox 2032 1668 2083 1695; x_wconf 82' lang='lat' dir='ltr'>ex</span> <span class='ocrx_word' id='word_1_536' title='bbox 2111 1659 2212 1695; x_wconf 83' lang='lat' dir='ltr'>tunc</span> 
     </span>
     <span class='ocr_line' id='line_1_82' title="bbox 1168 1714 2212 1767; baseline 0.005 -15"><span class='ocrx_word' id='word_1_537' title='bbox 1168 1714 1404 1753; x_wconf 86' lang='lat' dir='ltr'>censebitur</span> <span class='ocrx_word' id='word_1_538' title='bbox 1433 1714 1737 1767; x_wconf 85' lang='lat' dir='ltr'>incorporatus,</span> <span class='ocrx_word' id='word_1_539' title='bbox 1769 1728 1854 1755; x_wconf 90' lang='lat' dir='ltr'>non</span> <span class='ocrx_word' id='word_1_540' title='bbox 1881 1717 2018 1760; x_wconf 82' lang='lat' dir='ltr'>tacite,</span> <span class='ocrx_word' id='word_1_541' title='bbox 2043 1717 2117 1756; x_wconf 89' lang='lat' dir='ltr'>sed</span> <span class='ocrx_word' id='word_1_542' title='bbox 2140 1730 2212 1757; x_wconf 85' lang='lat' dir='ltr'>ex-</span> 
     </span>
     <span class='ocr_line' id='line_1_83' title="bbox 1166 1777 2211 1828; baseline 0.003 -13"><span class='ocrx_word' id='word_1_543' title='bbox 1166 1789 1323 1828; x_wconf 88' lang='lat' dir='ltr'>presse,</span> <span class='ocrx_word' id='word_1_544' title='bbox 1347 1781 1387 1816; x_wconf 90' lang='lat' dir='ltr'>et</span> <span class='ocrx_word' id='word_1_545' title='bbox 1405 1782 1598 1828; x_wconf 88' lang='lat' dir='ltr'>respectu</span> <span class='ocrx_word' id='word_1_546' title='bbox 1618 1778 1727 1816; x_wconf 88' lang='lat' dir='ltr'>illius</span> <span class='ocrx_word' id='word_1_547' title='bbox 1747 1777 1816 1817; x_wconf 90' lang='lat' dir='ltr'>illa</span> <span class='ocrx_word' id='word_1_548' title='bbox 1836 1791 1922 1817; x_wconf 90' lang='lat' dir='ltr'>non</span> <span class='ocrx_word' id='word_1_549' title='bbox 1941 1779 2018 1818; x_wconf 90' lang='lat' dir='ltr'>erit</span> <span class='ocrx_word' id='word_1_550' title='bbox 2036 1791 2211 1818; x_wconf 87' lang='lat' dir='ltr'>renova-</span> 
     </span>
     <span class='ocr_line' id='line_1_84' title="bbox 1166 1838 2210 1888; baseline 0.003 -11"><span class='ocrx_word' id='word_1_551' title='bbox 1166 1839 1237 1885; x_wconf 87' lang='lat' dir='ltr'>tio,</span> <span class='ocrx_word' id='word_1_552' title='bbox 1261 1838 1335 1877; x_wconf 89' lang='lat' dir='ltr'>sed</span> <span class='ocrx_word' id='word_1_553' title='bbox 1362 1851 1470 1877; x_wconf 86' lang='lat' dir='ltr'>nova</span> <span class='ocrx_word' id='word_1_554' title='bbox 1494 1839 1678 1887; x_wconf 89' lang='lat' dir='ltr'>emissio,</span> <span class='ocrx_word' id='word_1_555' title='bbox 1700 1842 1741 1877; x_wconf 87' lang='grc'>01</span> <span class='ocrx_word' id='word_1_556' title='bbox 1768 1839 1991 1888; x_wconf 90' lang='lat' dir='ltr'>admissio,</span> <span class='ocrx_word' id='word_1_557' title='bbox 2014 1839 2046 1878; x_wconf 91' lang='lat' dir='ltr'>si</span> <span class='ocrx_word' id='word_1_558' title='bbox 2067 1844 2210 1880; x_wconf 87' lang='lat' dir='ltr'>tamen</span> 
     </span>
     <span class='ocr_line' id='line_1_85' title="bbox 1167 1899 2207 1950; baseline 0.003 -11"><span class='ocrx_word' id='word_1_559' title='bbox 1167 1899 1220 1939; x_wconf 89' lang='lat' dir='ltr'>ad</span> <span class='ocrx_word' id='word_1_560' title='bbox 1236 1899 1344 1938; x_wconf 92' lang='lat' dir='ltr'>illius</span> <span class='ocrx_word' id='word_1_561' title='bbox 1364 1899 1550 1939; x_wconf 88' lang='lat' dir='ltr'>valorem</span> <span class='ocrx_word' id='word_1_562' title='bbox 1572 1900 1830 1939; x_wconf 88' lang='lat' dir='ltr'>conditiones</span> <span class='ocrx_word' id='word_1_563' title='bbox 1850 1901 2111 1950; x_wconf 72' lang='lat' dir='ltr'>necessariae,</span> <span class='ocrx_word' id='word_1_564' title='bbox 2134 1902 2207 1942; x_wconf 90' lang='lat' dir='ltr'>lib.</span> 
     </span>
     <span class='ocr_line' id='line_1_86' title="bbox 1166 1962 2207 2014; baseline 0.003 -13"><span class='ocrx_word' id='word_1_565' title='bbox 1166 1963 1207 2010; x_wconf 75' lang='lat'>2,</span> <span class='ocrx_word' id='word_1_566' title='bbox 1226 1974 1262 2002; x_wconf 86' lang='grc'>0.</span> <span class='ocrx_word' id='word_1_567' title='bbox 1282 1964 1322 2010; x_wconf 90' lang='grc'>1,</span> <span class='ocrx_word' id='word_1_568' title='bbox 1348 1962 1507 2014; x_wconf 83' lang='lat' dir='ltr'>positae,</span> <span class='ocrx_word' id='word_1_569' title='bbox 1539 1966 1802 2011; x_wconf 72' lang='lat' dir='ltr'>concurrant,</span> <span class='ocrx_word' id='word_1_570' title='bbox 1824 1963 1975 2014; x_wconf 90' lang='lat' dir='ltr'>alioqui</span> <span class='ocrx_word' id='word_1_571' title='bbox 1998 1964 2101 2003; x_wconf 90' lang='lat' dir='ltr'>nihil</span> <span class='ocrx_word' id='word_1_572' title='bbox 2120 1964 2207 2004; x_wconf 89' lang='lat' dir='ltr'>fiet.</span> 
     </span>
     <span class='ocr_line' id='line_1_87' title="bbox 1165 2023 2210 2072; baseline 0.005 -10"><span class='ocrx_word' id='word_1_573' title='bbox 1165 2023 1352 2063; x_wconf 89' lang='lat' dir='ltr'>Tandem</span> <span class='ocrx_word' id='word_1_574' title='bbox 1374 2023 1426 2063; x_wconf 89' lang='lat' dir='ltr'>ob</span> <span class='ocrx_word' id='word_1_575' title='bbox 1450 2024 1526 2063; x_wconf 90' lang='lat' dir='ltr'>has</span> <span class='ocrx_word' id='word_1_576' title='bbox 1558 2023 1662 2064; x_wconf 82' lang='lat' dir='ltr'>forte</span> <span class='ocrx_word' id='word_1_577' title='bbox 1690 2037 1851 2072; x_wconf 84' lang='lat' dir='ltr'>causas,</span> <span class='ocrx_word' id='word_1_578' title='bbox 1872 2025 1962 2065; x_wconf 84' lang='lat' dir='ltr'>haec</span> <span class='ocrx_word' id='word_1_579' title='bbox 1984 2029 2046 2065; x_wconf 88' lang='lat' dir='ltr'>est</span> <span class='ocrx_word' id='word_1_580' title='bbox 2067 2027 2210 2067; x_wconf 78' lang='lat' dir='ltr'>Socie-</span> 
     </span>
     <span class='ocr_line' id='line_1_88' title="bbox 1165 2085 2207 2137; baseline 0.003 -12"><span class='ocrx_word' id='word_1_581' title='bbox 1165 2086 1259 2126; x_wconf 85' lang='lat' dir='ltr'>tatis</span> <span class='ocrx_word' id='word_1_582' title='bbox 1282 2086 1555 2134; x_wconf 79' lang='lat' dir='ltr'>consuetudo,</span> <span class='ocrx_word' id='word_1_583' title='bbox 1578 2098 1668 2136; x_wconf 79' lang='lat' dir='ltr'>quae</span> <span class='ocrx_word' id='word_1_584' title='bbox 1687 2085 1912 2137; x_wconf 87' lang='lat' dir='ltr'>plurimum</span> <span class='ocrx_word' id='word_1_585' title='bbox 1933 2088 2056 2134; x_wconf 89' lang='lat' dir='ltr'>valet,</span> <span class='ocrx_word' id='word_1_586' title='bbox 2076 2089 2207 2128; x_wconf 82' lang='lat' dir='ltr'>maxi-</span> 
     </span>
     <span class='ocr_line' id='line_1_89' title="bbox 1164 2148 2206 2202; baseline 0.004 -15"><span class='ocrx_word' id='word_1_587' title='bbox 1164 2148 1294 2187; x_wconf 90' lang='lat' dir='ltr'>mein</span> <span class='ocrx_word' id='word_1_588' title='bbox 1315 2148 1379 2187; x_wconf 88' lang='lat' dir='ltr'>his</span> <span class='ocrx_word' id='word_1_589' title='bbox 1409 2160 1501 2198; x_wconf 86' lang='lat' dir='ltr'>quae</span> <span class='ocrx_word' id='word_1_590' title='bbox 1533 2148 1763 2187; x_wconf 75' lang='lat' dir='ltr'>consistunt</span> <span class='ocrx_word' id='word_1_591' title='bbox 1793 2148 1833 2186; x_wconf 91' lang='lat' dir='ltr'>in</span> <span class='ocrx_word' id='word_1_592' title='bbox 1865 2150 2206 2202; x_wconf 82' lang='lat' dir='ltr'>praesumptione,</span> 
     </span>
     <span class='ocr_line' id='line_1_90' title="bbox 1166 2211 2205 2264; baseline 0.005 -15"><span class='ocrx_word' id='word_1_593' title='bbox 1166 2213 1207 2249; x_wconf 87' lang='grc'>01</span> <span class='ocrx_word' id='word_1_594' title='bbox 1236 2211 1443 2249; x_wconf 88' lang='lat' dir='ltr'>interioris</span> <span class='ocrx_word' id='word_1_595' title='bbox 1480 2211 1607 2249; x_wconf 89' lang='lat' dir='ltr'>animi</span> <span class='ocrx_word' id='word_1_596' title='bbox 1636 2211 1935 2262; x_wconf 83' lang='lat' dir='ltr'>significatione</span> <span class='ocrx_word' id='word_1_597' title='bbox 1966 2225 2041 2264; x_wconf 88' lang='lat' dir='ltr'>per</span> <span class='ocrx_word' id='word_1_598' title='bbox 2072 2213 2205 2264; x_wconf 82' lang='lat' dir='ltr'>facta3</span> 
     </span>
     <span class='ocr_line' id='line_1_91' title="bbox 1165 2273 2207 2324; baseline 0.005 -13"><span class='ocrx_word' id='word_1_599' title='bbox 1165 2285 1263 2311; x_wconf 91' lang='lat' dir='ltr'>nam</span> <span class='ocrx_word' id='word_1_600' title='bbox 1283 2273 1317 2312; x_wconf 91' lang='lat' dir='ltr'>si</span> <span class='ocrx_word' id='word_1_601' title='bbox 1337 2273 1454 2324; x_wconf 86' lang='lat' dir='ltr'>juxta</span> <span class='ocrx_word' id='word_1_602' title='bbox 1479 2273 1824 2313; x_wconf 86' lang='lat' dir='ltr'>consuetudinem</span> <span class='ocrx_word' id='word_1_603' title='bbox 1844 2275 1925 2314; x_wconf 85' lang='lat' dir='ltr'>tale</span> <span class='ocrx_word' id='word_1_604' title='bbox 1946 2275 2100 2315; x_wconf 85' lang='lat' dir='ltr'>factum</span> <span class='ocrx_word' id='word_1_605' title='bbox 2121 2289 2207 2316; x_wconf 88' lang='lat' dir='ltr'>non</span> 
     </span>
     <span class='ocr_line' id='line_1_92' title="bbox 1164 2334 2207 2389; baseline 0.005 -16"><span class='ocrx_word' id='word_1_606' title='bbox 1164 2334 1292 2374; x_wconf 85' lang='lat' dir='ltr'>habet</span> <span class='ocrx_word' id='word_1_607' title='bbox 1320 2335 1446 2374; x_wconf 88' lang='lat' dir='ltr'>talem</span> <span class='ocrx_word' id='word_1_608' title='bbox 1475 2335 1834 2386; x_wconf 83' lang='lat' dir='ltr'>significationem,</span> <span class='ocrx_word' id='word_1_609' title='bbox 1856 2341 1988 2376; x_wconf 88' lang='lat' dir='ltr'>cessat</span> <span class='ocrx_word' id='word_1_610' title='bbox 2008 2350 2207 2389; x_wconf 81' lang='lat' dir='ltr'>praesum-</span> 
     </span>
     <span class='ocr_line' id='line_1_93' title="bbox 1167 2398 2206 2453; baseline 0.005 -17"><span class='ocrx_word' id='word_1_611' title='bbox 1167 2398 1278 2448; x_wconf 85' lang='lat' dir='ltr'>ptio;</span> <span class='ocrx_word' id='word_1_612' title='bbox 1297 2398 1352 2436; x_wconf 89' lang='lat' dir='ltr'>ita</span> <span class='ocrx_word' id='word_1_613' title='bbox 1369 2409 1467 2436; x_wconf 89' lang='lat' dir='ltr'>vero</span> <span class='ocrx_word' id='word_1_614' title='bbox 1490 2402 1550 2437; x_wconf 87' lang='lat' dir='ltr'>est</span> <span class='ocrx_word' id='word_1_615' title='bbox 1563 2398 1606 2436; x_wconf 92' lang='lat' dir='ltr'>in</span> <span class='ocrx_word' id='word_1_616' title='bbox 1627 2398 1851 2446; x_wconf 84' lang='lat' dir='ltr'>Societate;</span> <span class='ocrx_word' id='word_1_617' title='bbox 1870 2412 1981 2446; x_wconf 88' lang='lat' dir='ltr'>nam,</span> <span class='ocrx_word' id='word_1_618' title='bbox 2001 2400 2096 2441; x_wconf 86' lang='lat' dir='ltr'>licet</span> <span class='ocrx_word' id='word_1_619' title='bbox 2112 2401 2206 2453; x_wconf 88' lang='lat' dir='ltr'>quis</span> 
     </span>
     <span class='ocr_line' id='line_1_94' title="bbox 1166 2459 2204 2513; baseline 0.006 -15"><span class='ocrx_word' id='word_1_620' title='bbox 1166 2459 1273 2498; x_wconf 88' lang='lat' dir='ltr'>ultra</span> <span class='ocrx_word' id='word_1_621' title='bbox 1293 2459 1509 2499; x_wconf 88' lang='lat' dir='ltr'>biennium</span> <span class='ocrx_word' id='word_1_622' title='bbox 1524 2489 1534 2506; x_wconf 91' lang='lat'>,</span> <span class='ocrx_word' id='word_1_623' title='bbox 1555 2473 1630 2511; x_wconf 86' lang='lat' dir='ltr'>per</span> <span class='ocrx_word' id='word_1_624' title='bbox 1649 2460 1790 2511; x_wconf 90' lang='lat' dir='ltr'>plures</span> <span class='ocrx_word' id='word_1_625' title='bbox 1820 2461 1909 2501; x_wconf 90' lang='lat' dir='ltr'>dies</span> <span class='ocrx_word' id='word_1_626' title='bbox 1936 2463 2000 2502; x_wconf 88' lang='lat' dir='ltr'>vel</span> <span class='ocrx_word' id='word_1_627' title='bbox 2019 2476 2204 2513; x_wconf 88' lang='lat' dir='ltr'>menses,</span> 
     </span>
     <span class='ocr_line' id='line_1_95' title="bbox 1165 2519 2206 2574; baseline 0.007 -15"><span class='ocrx_word' id='word_1_628' title='bbox 1165 2520 1209 2559; x_wconf 92' lang='lat' dir='ltr'>in</span> <span class='ocrx_word' id='word_1_629' title='bbox 1235 2519 1437 2560; x_wconf 88' lang='lat' dir='ltr'>Societate</span> <span class='ocrx_word' id='word_1_630' title='bbox 1457 2522 1583 2570; x_wconf 87' lang='lat' dir='ltr'>vivat,</span> <span class='ocrx_word' id='word_1_631' title='bbox 1609 2534 1823 2574; x_wconf 89' lang='lat' dir='ltr'>nunquam</span> <span class='ocrx_word' id='word_1_632' title='bbox 1844 2528 2037 2564; x_wconf 88' lang='lat' dir='ltr'>censetur</span> <span class='ocrx_word' id='word_1_633' title='bbox 2056 2526 2099 2564; x_wconf 89' lang='lat' dir='ltr'>in</span> <span class='ocrx_word' id='word_1_634' title='bbox 2119 2538 2206 2566; x_wconf 90' lang='lat' dir='ltr'>cor-</span> 
     </span>
     <span class='ocr_line' id='line_1_96' title="bbox 1166 2583 2206 2636; baseline 0.007 -16"><span class='ocrx_word' id='word_1_635' title='bbox 1166 2594 1244 2635; x_wconf 93' lang='lat' dir='ltr'>pus</span> <span class='ocrx_word' id='word_1_636' title='bbox 1266 2583 1485 2629; x_wconf 87' lang='lat' dir='ltr'>admissus,</span> <span class='ocrx_word' id='word_1_637' title='bbox 1510 2583 1644 2622; x_wconf 89' lang='lat' dir='ltr'>donec</span> <span class='ocrx_word' id='word_1_638' title='bbox 1666 2596 1858 2634; x_wconf 77' lang='lat' dir='ltr'>expresse</span> <span class='ocrx_word' id='word_1_639' title='bbox 1882 2585 1999 2636; x_wconf 86' lang='lat' dir='ltr'>juxta</span> <span class='ocrx_word' id='word_1_640' title='bbox 2026 2586 2206 2627; x_wconf 84' lang='lat' dir='ltr'>formam</span> 
     </span>
     <span class='ocr_line' id='line_1_97' title="bbox 1166 2646 2206 2698; baseline 0.007 -14"><span class='ocrx_word' id='word_1_641' title='bbox 1166 2648 1408 2684; x_wconf 90' lang='lat' dir='ltr'>consuetam</span> <span class='ocrx_word' id='word_1_642' title='bbox 1426 2648 1572 2684; x_wconf 85' lang='lat' dir='ltr'>voveat</span> <span class='ocrx_word' id='word_1_643' title='bbox 1584 2655 1596 2695; x_wconf 84' lang='lat'>3</span> <span class='ocrx_word' id='word_1_644' title='bbox 1615 2657 1712 2695; x_wconf 82' lang='lat' dir='ltr'>ergo</span> <span class='ocrx_word' id='word_1_645' title='bbox 1736 2646 1901 2698; x_wconf 84' lang='lat' dir='ltr'>signum</span> <span class='ocrx_word' id='word_1_646' title='bbox 1926 2651 2091 2688; x_wconf 86' lang='lat' dir='ltr'>estnon</span> <span class='ocrx_word' id='word_1_647' title='bbox 2111 2661 2206 2691; x_wconf 76' lang='lat' dir='ltr'>esse</span> 
     </span>
     <span class='ocr_line' id='line_1_98' title="bbox 1164 2706 2037 2759; baseline 0.006 -14"><span class='ocrx_word' id='word_1_648' title='bbox 1164 2706 1208 2745; x_wconf 91' lang='grc'>111</span> <span class='ocrx_word' id='word_1_649' title='bbox 1229 2706 1433 2746; x_wconf 89' lang='lat' dir='ltr'>Societate</span> <span class='ocrx_word' id='word_1_650' title='bbox 1458 2707 1626 2746; x_wconf 86' lang='lat' dir='ltr'>tacitam</span> <span class='ocrx_word' id='word_1_651' title='bbox 1644 2707 2037 2759; x_wconf 88' lang='lat' dir='ltr'>incorporationem.</span> 
     </span>
    </p>

    <p class='ocr_par' dir='ltr' id='par_1_9' title="bbox 1161 2769 2208 3694">
     <span class='ocr_line' id='line_1_99' title="bbox 1218 2769 2206 2825; baseline 0.01 -17"><span class='ocrx_word' id='word_1_652' title='bbox 1218 2770 1258 2808; x_wconf 79' lang='lat'>5.</span> <span class='ocrx_word' id='word_1_653' title='bbox 1285 2769 1528 2809; x_wconf 79' lang='lat' dir='ltr'>Declaratur</span> <span class='ocrx_word' id='word_1_654' title='bbox 1552 2771 1674 2811; x_wconf 79' lang='lat' dir='ltr'>tertia</span> <span class='ocrx_word' id='word_1_655' title='bbox 1690 2782 1804 2822; x_wconf 80' lang='lat' dir='ltr'>pars,</span> <span class='ocrx_word' id='word_1_656' title='bbox 1823 2773 1928 2825; x_wconf 81' lang='lat' dir='ltr'>quod</span> <span class='ocrx_word' id='word_1_657' title='bbox 1944 2785 1991 2814; x_wconf 75' lang='lat' dir='ltr'>ex</span> <span class='ocrx_word' id='word_1_658' title='bbox 2007 2774 2206 2818; x_wconf 66' lang='lat' dir='ltr'>accidente</span> 
     </span>
     <span class='ocr_line' id='line_1_100' title="bbox 1161 2831 2208 2883; baseline 0.008 -13"><span class='ocrx_word' id='word_1_659' title='bbox 1161 2831 1289 2883; x_wconf 75' lang='lat' dir='ltr'>possit</span> <span class='ocrx_word' id='word_1_660' title='bbox 1309 2832 1434 2871; x_wconf 83' lang='lat' dir='ltr'>tacita</span> <span class='ocrx_word' id='word_1_661' title='bbox 1458 2832 1689 2883; x_wconf 75' lang='lat' dir='ltr'>approbatio</span> <span class='ocrx_word' id='word_1_662' title='bbox 1718 2833 1810 2873; x_wconf 80' lang='lat' dir='ltr'>dari</span> <span class='ocrx_word' id='word_1_663' title='bbox 1842 2835 1888 2874; x_wconf 74' lang='lat' dir='ltr'>in</span> <span class='ocrx_word' id='word_1_664' title='bbox 1915 2834 2128 2878; x_wconf 77' lang='lat' dir='ltr'>Societate.</span> <span class='ocrx_word' id='word_1_665' title='bbox 2150 2857 2208 2871; x_wconf 81' lang='lat'>—-</span> 
     </span>
     <span class='ocr_line' id='line_1_101' title="bbox 1163 2892 2207 2946; baseline 0.007 -14"><span class='ocrx_word' id='word_1_666' title='bbox 1163 2893 1274 2944; x_wconf 76' lang='lat' dir='ltr'>Ey&#39;us</span> <span class='ocrx_word' id='word_1_667' title='bbox 1295 2892 1402 2933; x_wconf 82' lang='lat' dir='ltr'>ratio</span> <span class='ocrx_word' id='word_1_668' title='bbox 1422 2898 1613 2946; x_wconf 81' lang='lat' dir='ltr'>quantum</span> <span class='ocrx_word' id='word_1_669' title='bbox 1634 2895 1687 2935; x_wconf 87' lang='lat' dir='ltr'>ad</span> <span class='ocrx_word' id='word_1_670' title='bbox 1703 2896 1839 2945; x_wconf 81' lang='lat' dir='ltr'>forum</span> <span class='ocrx_word' id='word_1_671' title='bbox 1868 2897 2128 2939; x_wconf 62' lang='lat' dir='ltr'>conscientiae.</span> <span class='ocrx_word' id='word_1_672' title='bbox 2150 2919 2207 2931; x_wconf 66' lang='grc' dir='ltr'>-ο</span> 
     </span>
     <span class='ocr_line' id='line_1_102' title="bbox 1163 2955 2205 3010; baseline 0.007 -16"><span class='ocrx_word' id='word_1_673' title='bbox 1163 2955 1255 2994; x_wconf 87' lang='lat' dir='ltr'>Dixi</span> <span class='ocrx_word' id='word_1_674' title='bbox 1276 2958 1415 2995; x_wconf 91' lang='lat' dir='ltr'>autem</span> <span class='ocrx_word' id='word_1_675' title='bbox 1441 2969 1515 3009; x_wconf 77' lang='lat' dir='ltr'>per</span> <span class='ocrx_word' id='word_1_676' title='bbox 1536 2968 1576 2997; x_wconf 79' lang='lat' dir='ltr'>se</span> <span class='ocrx_word' id='word_1_677' title='bbox 1597 2968 1642 2998; x_wconf 79' lang='lat' dir='ltr'>aa</span> <span class='ocrx_word' id='word_1_678' title='bbox 1667 2957 1924 3008; x_wconf 59' lang='lat' dir='ltr'>regulariter,</span> <span class='ocrx_word' id='word_1_679' title='bbox 1947 2959 2043 3010; x_wconf 89' lang='lat' dir='ltr'>quia</span> <span class='ocrx_word' id='word_1_680' title='bbox 2074 2960 2205 3001; x_wconf 83' lang='lat' dir='ltr'>inter-</span> 
     </span>
     <span class='ocr_line' id='line_1_103' title="bbox 1164 3017 2206 3072; baseline 0.005 -15"><span class='ocrx_word' id='word_1_681' title='bbox 1164 3017 1265 3057; x_wconf 89' lang='lat' dir='ltr'>dum</span> <span class='ocrx_word' id='word_1_682' title='bbox 1284 3030 1336 3058; x_wconf 85' lang='lat' dir='ltr'>ex</span> <span class='ocrx_word' id='word_1_683' title='bbox 1361 3018 1573 3058; x_wconf 87' lang='lat' dir='ltr'>accidente</span> <span class='ocrx_word' id='word_1_684' title='bbox 1600 3018 1763 3058; x_wconf 88' lang='lat' dir='ltr'>videtur</span> <span class='ocrx_word' id='word_1_685' title='bbox 1795 3019 1873 3058; x_wconf 89' lang='lat' dir='ltr'>hoc</span> <span class='ocrx_word' id='word_1_686' title='bbox 1892 3032 2014 3072; x_wconf 90' lang='lat' dir='ltr'>posse</span> <span class='ocrx_word' id='word_1_687' title='bbox 2046 3023 2206 3062; x_wconf 90' lang='lat' dir='ltr'>contin-</span> 
     </span>
     <span class='ocr_line' id='line_1_104' title="bbox 1164 3081 2204 3136; baseline 0.005 -17"><span class='ocrx_word' id='word_1_688' title='bbox 1164 3092 1287 3132; x_wconf 85' lang='lat' dir='ltr'>gere,</span> <span class='ocrx_word' id='word_1_689' title='bbox 1309 3081 1540 3132; x_wconf 87' lang='lat' dir='ltr'>praesertim</span> <span class='ocrx_word' id='word_1_690' title='bbox 1572 3081 1739 3131; x_wconf 86' lang='lat' dir='ltr'>quando</span> <span class='ocrx_word' id='word_1_691' title='bbox 1767 3082 1976 3133; x_wconf 68' lang='lat' dir='ltr'>praecessit</span> <span class='ocrx_word' id='word_1_692' title='bbox 2006 3095 2204 3136; x_wconf 86' lang='lat' dir='ltr'>expressa.</span> 
     </span>
     <span class='ocr_line' id='line_1_105' title="bbox 1164 3143 2203 3196; baseline 0.004 -14"><span class='ocrx_word' id='word_1_693' title='bbox 1164 3143 1376 3191; x_wconf 86' lang='lat' dir='ltr'>admissio,</span> <span class='ocrx_word' id='word_1_694' title='bbox 1395 3155 1487 3195; x_wconf 85' lang='lat' dir='ltr'>quae</span> <span class='ocrx_word' id='word_1_695' title='bbox 1508 3155 1558 3183; x_wconf 85' lang='lat' dir='ltr'>ex</span> <span class='ocrx_word' id='word_1_696' title='bbox 1578 3143 1742 3183; x_wconf 81' lang='lat' dir='ltr'>defectu</span> <span class='ocrx_word' id='word_1_697' title='bbox 1763 3144 1937 3196; x_wconf 88' lang='lat' dir='ltr'>alicujus</span> <span class='ocrx_word' id='word_1_698' title='bbox 1954 3146 2203 3186; x_wconf 86' lang='lat' dir='ltr'>conditionis</span> 
     </span>
     <span class='ocr_line' id='line_1_106' title="bbox 1164 3204 2202 3259; baseline 0.004 -16"><span class='ocrx_word' id='word_1_699' title='bbox 1164 3204 1240 3244; x_wconf 85' lang='lat' dir='ltr'>fuit</span> <span class='ocrx_word' id='word_1_700' title='bbox 1257 3205 1387 3253; x_wconf 84' lang='lat' dir='ltr'>nulla,</span> <span class='ocrx_word' id='word_1_701' title='bbox 1407 3208 1453 3244; x_wconf 93' lang='grc'>111</span> <span class='ocrx_word' id='word_1_702' title='bbox 1472 3205 1506 3244; x_wconf 90' lang='lat' dir='ltr'>si</span> <span class='ocrx_word' id='word_1_703' title='bbox 1525 3205 1631 3257; x_wconf 81' lang='lat' dir='ltr'>quis,</span> <span class='ocrx_word' id='word_1_704' title='bbox 1649 3205 1765 3246; x_wconf 84' lang='lat' dir='ltr'>verbi</span> <span class='ocrx_word' id='word_1_705' title='bbox 1785 3207 1932 3258; x_wconf 84' lang='lat' dir='ltr'>gratia,</span> <span class='ocrx_word' id='word_1_706' title='bbox 1951 3210 2045 3248; x_wconf 90' lang='lat' dir='ltr'>ante</span> <span class='ocrx_word' id='word_1_707' title='bbox 2063 3208 2202 3259; x_wconf 72' lang='lat' dir='ltr'>exple-</span> 
     </span>
     <span class='ocr_line' id='line_1_107' title="bbox 1163 3268 2200 3309; baseline 0.001 -3"><span class='ocrx_word' id='word_1_708' title='bbox 1163 3270 1253 3307; x_wconf 86' lang='lat' dir='ltr'>tum</span> <span class='ocrx_word' id='word_1_709' title='bbox 1293 3268 1501 3307; x_wconf 88' lang='lat' dir='ltr'>decimum</span> <span class='ocrx_word' id='word_1_710' title='bbox 1541 3271 1703 3307; x_wconf 82' lang='lat' dir='ltr'>sextum</span> <span class='ocrx_word' id='word_1_711' title='bbox 1740 3280 1897 3308; x_wconf 85' lang='lat' dir='ltr'>annum</span> <span class='ocrx_word' id='word_1_712' title='bbox 1937 3270 2068 3309; x_wconf 86' lang='lat' dir='ltr'>aetatis</span> <span class='ocrx_word' id='word_1_713' title='bbox 2103 3272 2200 3308; x_wconf 77' lang='lat' dir='ltr'>vota.</span> 
     </span>
     <span class='ocr_line' id='line_1_108' title="bbox 1166 3329 2200 3380; baseline -0.001 -12"><span class='ocrx_word' id='word_1_714' title='bbox 1166 3329 1416 3369; x_wconf 82' lang='lat' dir='ltr'>scholarium</span> <span class='ocrx_word' id='word_1_715' title='bbox 1442 3329 1624 3380; x_wconf 81' lang='lat' dir='ltr'>emittat;</span> <span class='ocrx_word' id='word_1_716' title='bbox 1647 3334 1742 3369; x_wconf 85' lang='lat' dir='ltr'>tunc</span> <span class='ocrx_word' id='word_1_717' title='bbox 1771 3331 1883 3370; x_wconf 88' lang='lat' dir='ltr'>enim</span> <span class='ocrx_word' id='word_1_718' title='bbox 1909 3331 2022 3369; x_wconf 87' lang='lat' dir='ltr'>nulla</span> <span class='ocrx_word' id='word_1_719' title='bbox 2051 3332 2112 3368; x_wconf 84' lang='lat' dir='ltr'>est</span> <span class='ocrx_word' id='word_1_720' title='bbox 2137 3329 2200 3367; x_wconf 89' lang='lat' dir='ltr'>in-</span> 
     </span>
     <span class='ocr_line' id='line_1_109' title="bbox 1167 3388 2196 3442; baseline -0.002 -12"><span class='ocrx_word' id='word_1_721' title='bbox 1167 3391 1399 3442; x_wconf 84' lang='lat' dir='ltr'>corporatio</span> <span class='ocrx_word' id='word_1_722' title='bbox 1412 3391 1531 3442; x_wconf 76' lang='lat' dir='ltr'>juxta</span> <span class='ocrx_word' id='word_1_723' title='bbox 1547 3391 1761 3431; x_wconf 87' lang='lat' dir='ltr'>decretum</span> <span class='ocrx_word' id='word_1_724' title='bbox 1776 3391 1942 3432; x_wconf 87' lang='lat' dir='ltr'>Concilii</span> <span class='ocrx_word' id='word_1_725' title='bbox 1956 3388 2196 3438; x_wconf 76' lang='lat' dir='ltr'>Tridentini,</span> 
     </span>
     <span class='ocr_line' id='line_1_110' title="bbox 1166 3450 2200 3505; baseline -0.002 -13"><span class='ocrx_word' id='word_1_726' title='bbox 1166 3456 1290 3505; x_wconf 74' lang='lat' dir='ltr'>prout</span> <span class='ocrx_word' id='word_1_727' title='bbox 1320 3460 1445 3504; x_wconf 85' lang='lat' dir='ltr'>supra</span> <span class='ocrx_word' id='word_1_728' title='bbox 1465 3453 1508 3492; x_wconf 91' lang='lat' dir='ltr'>in</span> <span class='ocrx_word' id='word_1_729' title='bbox 1531 3465 1566 3492; x_wconf 77' lang='grc'>0.</span> <span class='ocrx_word' id='word_1_730' title='bbox 1589 3455 1637 3501; x_wconf 74' lang='grc' dir='ltr'>ὃ,</span> <span class='ocrx_word' id='word_1_731' title='bbox 1660 3465 1685 3492; x_wconf 81' lang='lat' dir='ltr'>a</span> <span class='ocrx_word' id='word_1_732' title='bbox 1702 3466 1746 3493; x_wconf 73' lang='lat' dir='ltr'>n.</span> <span class='ocrx_word' id='word_1_733' title='bbox 1768 3455 1808 3501; x_wconf 85' lang='lat'>3,</span> <span class='ocrx_word' id='word_1_734' title='bbox 1830 3466 1854 3492; x_wconf 91' lang='lat' dir='ltr'>a</span> <span class='ocrx_word' id='word_1_735' title='bbox 1873 3451 1992 3490; x_wconf 86' lang='lat' dir='ltr'>nobis</span> <span class='ocrx_word' id='word_1_736' title='bbox 2020 3450 2200 3502; x_wconf 75' lang='lat' dir='ltr'>explica·</span> 
     </span>
     <span class='ocr_line' id='line_1_111' title="bbox 1167 3515 2198 3567; baseline -0.002 -12"><span class='ocrx_word' id='word_1_737' title='bbox 1167 3518 1255 3555; x_wconf 88' lang='lat' dir='ltr'>tum</span> <span class='ocrx_word' id='word_1_738' title='bbox 1287 3519 1363 3555; x_wconf 87' lang='lat' dir='ltr'>est.</span> <span class='ocrx_word' id='word_1_739' title='bbox 1392 3515 1439 3554; x_wconf 92' lang='lat' dir='ltr'>In</span> <span class='ocrx_word' id='word_1_740' title='bbox 1471 3515 1707 3567; x_wconf 86' lang='lat' dir='ltr'>hujusmodi</span> <span class='ocrx_word' id='word_1_741' title='bbox 1735 3525 1833 3564; x_wconf 88' lang='lat' dir='ltr'>ergo</span> <span class='ocrx_word' id='word_1_742' title='bbox 1863 3515 2016 3551; x_wconf 87' lang='lat' dir='ltr'>eventu</span> <span class='ocrx_word' id='word_1_743' title='bbox 2045 3523 2198 3553; x_wconf 86' lang='lat' dir='ltr'>censeo</span> 
     </span>
     <span class='ocr_line' id='line_1_112' title="bbox 1168 3572 2200 3628; baseline -0.001 -13"><span class='ocrx_word' id='word_1_744' title='bbox 1168 3574 1376 3615; x_wconf 85' lang='lat' dir='ltr'>defectum</span> <span class='ocrx_word' id='word_1_745' title='bbox 1409 3575 1525 3616; x_wconf 86' lang='lat' dir='ltr'>illum</span> <span class='ocrx_word' id='word_1_746' title='bbox 1559 3588 1679 3628; x_wconf 84' lang='lat' dir='ltr'>posse</span> <span class='ocrx_word' id='word_1_747' title='bbox 1713 3572 1892 3624; x_wconf 87' lang='lat' dir='ltr'>suppleri</span> <span class='ocrx_word' id='word_1_748' title='bbox 1924 3584 2002 3624; x_wconf 84' lang='lat' dir='ltr'>per</span> <span class='ocrx_word' id='word_1_749' title='bbox 2030 3574 2200 3614; x_wconf 71' lang='lat' dir='ltr'>tacitam</span> 
     </span>
     <span class='ocr_line' id='line_1_113' title="bbox 1167 3634 2200 3694; baseline 0.001 -16"><span class='ocrx_word' id='word_1_750' title='bbox 1167 3635 1558 3691; x_wconf 83' lang='lat' dir='ltr'>incorporationem,</span> <span class='ocrx_word' id='word_1_751' title='bbox 1579 3649 1630 3678; x_wconf 87' lang='grc'>00</span> <span class='ocrx_word' id='word_1_752' title='bbox 1646 3635 1770 3677; x_wconf 89' lang='lat' dir='ltr'>modo</span> <span class='ocrx_word' id='word_1_753' title='bbox 1788 3646 1870 3691; x_wconf 74' lang='lat' dir='ltr'>quo</span> <span class='ocrx_word' id='word_1_754' title='bbox 1887 3634 1932 3676; x_wconf 90' lang='lat' dir='ltr'>in</span> <span class='ocrx_word' id='word_1_755' title='bbox 1945 3639 2060 3678; x_wconf 88' lang='lat' dir='ltr'>tomo</span> <span class='ocrx_word' id='word_1_756' title='bbox 2076 3648 2200 3694; x_wconf 79' lang='lat' dir='ltr'>supe·</span> 
     </span>
    </p>
   </div>
  </div>
 </body>
</html>
