2352 3880
1040 211 1165 247 INDEX
1187 211 1340 247 antimi.

134 288 301 333 Religiosi
318 287 469 331 professi
485 285 681 324 societatis.
699 283 784 319 vide
801 280 995 316 Professus.
1050 327 1058 335 .
1093 327 1099 333 ι
1128 327 1134 333 ι

133 337 304 382 Religiosi
322 337 400 372 fieri
416 339 531 381 potest
543 335 751 379 Episcopus,
768 339 836 367 nec
854 330 908 365 illi
923 338 988 374 per
998 336 1037 363 se
1048 326 1159 362 illici-

175 392 252 423 tum
270 391 323 422 est
334 387 585 431 Episcopatum
599 384 817 423 desiderare,
832 381 858 415 l.
875 385 907 422 8,
922 389 954 415 c.
972 381 1024 412 15.

131 437 335 481 Religiosus
354 436 532 472 transiens
564 435 611 470 ad
639 434 890 477 Episcopatum
917 429 1055 465 deferre
1085 434 1159 462 non

127 485 139 498 ’
176 492 291 532 potest
306 488 488 532 peculium
510 494 579 520 nec
597 488 725 520 caetera
744 490 825 525 quae
845 482 884 515 in
906 479 1081 523 religione
1099 485 1160 512 ac-

176 538 339 580 quisivit,
354 537 419 572 sed
435 535 603 579 religioni
629 542 673 568 ea
693 533 800 567 debet
816 531 1036 572 relinquere,
1053 536 1084 562 c.
1107 529 1161 561 1⁶.

175 589 307 622 caetera
326 594 392 630 pro
408 585 586 629 religiosis
597 582 794 627 episcopis,
814 581 897 616 vide
913 580 1118 623 Episcopus.

134 637 333 680 Religiosus
354 635 578 679 peregrinus,
594 634 678 668 vide
691 631 916 674 Peregrinus.

134 687 334 730 Religiosus
347 685 611 725 Beneficiarius,
626 682 710 718 vide
725 681 957 722 Beneficium,
972 682 1010 714 et
1022 676 1162 715 Benen-

177 745 324 771 ciarius.

134 786 333 828 Religiosus
353 785 469 819 factus
489 782 690 819 cardinalis
714 790 805 826 quas
819 780 1059 824 obligationes
1075 778 1161 814 reli-

174 836 295 878 gionis
311 835 475 877 retineat,
487 841 519 870 o.
534 837 588 868 18.

132 885 334 928 Religiosus
347 885 527 920 transiens
542 885 587 919 ad
601 883 772 919 saeculum
788 892 832 918 ex
847 882 1007 926 legitima
1022 881 1165 923 dispen-

174 935 313 970 satione
336 935 375 969 in
393 935 497 975 votis,
527 943 601 969 non
634 937 750 977 potest
769 941 892 967 secum
918 932 1059 967 deferre
1082 936 1164 973 quae

175 985 344 1027 religioni
367 985 529 1019 absolute
548 985 755 1025 donaverat,
772 991 802 1017 c.
826 985 878 1016 1⁴.

174 1035 341 1069 Succedit
367 1039 486 1071 tamen
508 1035 547 1068 in
569 1035 677 1069 bonis
699 1033 880 1077 paternis,
909 1032 939 1066 si
968 1034 1069 1075 pater
1085 1030 1165 1071 ejus

175 1085 348 1127 decedat,
382 1088 571 1129 postquam
607 1084 684 1127 ipse
716 1084 763 1118 ad
796 1082 968 1118 saeculum
1003 1079 1162 1120 transiit,

174 1142 207 1170 c.
230 1138 282 1169 1⁶.

133 1220 320 1246 animosus
348 1220 508 1247 mopsus
530 1221 592 1246 Aur
612 1220 838 1246 ExPELLENnus
854 1219 876 1244 Δ
892 1217 953 1243 sm
972 1216 1160 1242 mammon.

133 1282 301 1326 Religiosi
319 1283 468 1327 professi
486 1282 749 1326 incorrigibiles
758 1282 851 1323 juste
866 1279 994 1319 expelli
1012 1281 1162 1322 possunt

173 1343 197 1368 a
212 1334 399 1377 religione,
420 1342 450 1369 c.
473 1337 504 1367 t.

174 1383 324 1423 Quando
342 1384 511 1418 censendi
530 1381 603 1417 sint
624 1379 898 1423 incorrigibiles,
918 1379 967 1413 ib.

133 1432 302 1475 Religiosi
323 1433 473 1477 professi
496 1431 656 1474 expulsio
670 1431 715 1465 ad
732 1431 867 1464 bonum
890 1429 1077 1472 religionis
1095 1435 1163 1472 po-

174 1484 246 1517 tius
264 1493 372 1526 quam
388 1484 502 1526 ipsius
523 1482 682 1524 religiosi
702 1481 902 1521 ordinatur,
924 1481 974 1514 ib.

172 1535 227 1568 Ad
263 1535 358 1568 hanc
392 1533 639 1576 expulsionem
675 1540 748 1567 non
782 1531 978 1573 requiritur
1015 1529 1164 1565 actualis

173 1584 412 1625 contumacia,
439 1584 502 1617 sed
521 1582 651 1616 sufficit
668 1581 976 1624 incorrigibilitatis,
994 1581 1042 1614 ib.

174 1634 258 1673 Quae
280 1641 396 1667 causae
418 1633 651 1675 requirantur
668 1635 708 1666 ut
730 1632 892 1675 expulsio
915 1632 961 1665 sit
979 1633 1086 1674 justa,
1111 1631 1164 1665 ib.

132 1683 301 1726 Religiosi
333 1683 495 1726 expulsio
515 1684 609 1725 justa
637 1682 675 1716 in
701 1682 781 1716 foro
811 1685 956 1716 externo
976 1688 1165 1724 nunquam

174 1737 226 1767 est
246 1736 370 1767 contra
390 1733 528 1775 justitia
547 1733 587 1766 in
607 1733 763 1774 interno,
784 1731 834 1766 ib.

173 1784 215 1817 Et
236 1791 316 1817 raro
338 1783 533 1817 admodum
549 1782 617 1816 erit
632 1786 756 1817 contra
771 1780 991 1821 charitatem,
1012 1781 1062 1815 ib.

132 1834 351 1876 Religiosum
369 1833 571 1876 professum
583 1833 678 1875 justa
692 1834 736 1867 de
753 1840 860 1867 causa
876 1831 1051 1874 expellere
1065 1840 1086 1865 a
1099 1838 1166 1866 sua

174 1883 350 1926 religione
368 1887 482 1926 potest
503 1883 621 1926 primo
647 1883 815 1917 Summus
839 1882 1014 1921 Pontifex,
1031 1881 1164 1915 deinde

173 1941 303 1975 corpus
315 1933 428 1975 ipsius
442 1933 639 1975 religionis,
658 1933 729 1967 nisi
752 1934 820 1967 hac
837 1935 1006 1976 potestate
1020 1941 1040 1965 a
1056 1931 1163 1965 Sum-

172 1991 232 2017 mo
246 1982 416 2016 Pontifice
436 1982 607 2024 privetur,
630 1982 681 2015 ib.

170 2033 232 2068 Est
246 2033 353 2067 etiam
372 2032 447 2065 haec
461 2035 614 2075 potestas
635 2031 674 2065 in
694 2031 927 2066 Generalibus
944 2030 1163 2073 religionum

169 2084 251 2126 jure
267 2083 465 2124 ordinario,
482 2091 556 2116 non
577 2083 626 2116 ita
643 2086 763 2116 tamen
780 2082 818 2116 in
834 2082 918 2116 aliis
927 2081 1086 2116 Praelatis
1102 2080 1163 2114 in-

173 2133 379 2174 ferioribus,
396 2133 460 2167 sed
481 2136 596 2176 potest
618 2132 692 2167 illis
712 2133 915 2176 specialiter
936 2132 995 2168 vel
1010 2139 1164 2175 genera-

171 2182 255 2217 liter
267 2181 454 2222 committi.
471 2182 522 2216 ib.

173 2235 228 2268 An
251 2237 286 2267 et
306 2234 345 2267 in
361 2233 495 2276 quibus
513 2232 764 2277 religionibus,
790 2235 919 2276 praeter
945 2239 1162 2266 consensum

172 2283 324 2322 Praelati‚
353 2283 558 2326 requiratur
588 2283 696 2317 etiam
726 2291 923 2317 consensus
955 2282 1162 2324 aliquorum

173 2333 436 2374 adjunctorum,
451 2336 491 2367 ut
509 2333 604 2367 dicta
618 2333 778 2375 expulsio
795 2333 840 2368 sit
855 2332 985 2373 valida,
1002 2332 1054 2367 ib.

131 2382 331 2425 Religiosus
349 2383 530 2426 professus
548 2384 779 2426 quantumvis
797 2383 1004 2426 expellatur,
1021 2391 1164 2426 semper

172 2437 296 2468 manet
332 2434 462 2477 ligatus
494 2435 587 2469 votis
620 2434 916 2469 substantialibus
946 2433 1134 2477 religionis
1151 2462 1161 2476 ‚

173 2491 204 2517 c.
230 2487 261 2517 5.

170 2533 308 2568 Deinde
330 2537 471 2569 tenetur
497 2542 537 2569 se
564 2534 757 2569 emendare
772 2560 780 2574 ,
800 2537 835 2568 et
855 2534 1007 2577 dignum
1029 2534 1160 2576 facere,

171 2583 235 2625 qui
254 2583 381 2618 iterum
401 2585 447 2619 ad
462 2592 563 2619 suam
582 2584 795 2627 religionem
813 2583 1030 2625 admittatur,
1047 2584 1095 2618 ib.

170 2633 324 2668 Tenetur
339 2635 459 2675 etiam,
475 2639 650 2678 quantum
673 2635 712 2668 in
735 2644 773 2669 se
793 2634 911 2676 fuerit,
939 2636 978 2669 in
995 2644 1073 2669 eam
1097 2634 1162 2670 ite-

170 2691 251 2717 rum
278 2684 406 2727 recipi,
430 2689 465 2719 et
482 2685 784 2728 quandocumque
802 2685 996 2728 recipiatur
1024 2686 1062 2719 in
1081 2693 1161 2720 eam

170 2732 326 2817 iggredi,
348 2733 419 2768 nisi
443 2735 518 2777 jam
540 2735 649 2770 aliam
670 2735 882 2778 religionem
898 2735 945 2770 sit
966 2736 1160 2779 ingressus,

170 2791 182 2816 1
212 2809 222 2818 .

128 2831 264 2876 Religio
283 2842 357 2869 non
375 2837 489 2877 potest
509 2835 635 2870 cedere
660 2836 700 2870 in
722 2839 934 2879 perpetuum
957 2837 1038 2878 jure
1059 2836 1158 2879 quod

171 2883 283 2967 hahess
297 2884 344 2917 ad
360 2885 602 2920 revocandum
622 2887 799 2929 expulsos,
823 2887 970 2930 quando
988 2887 1157 2930 expedie-

170 2933 229 2973 rit,
247 2933 256 2966 i
288 2959 295 2966 .

170 2985 225 3017 An
241 2985 404 3017 teneatur
415 2990 477 3017 eos
488 2984 659 3027 recipere,
675 2986 724 3020 ib.

169 3031 387 3115 eni-graemi
406 3033 566 3075 ejusdem
582 3035 769 3078 religionis
788 3044 850 3072 eos
867 3037 1005 3080 possint
1016 3037 1156 3081 recipe-

173 3091 225 3123 re,
243 3091 253 3115 1
285 3108 292 3115 .

128 3130 298 3174 Religiosi
321 3132 459 3175 expulsi
486 3140 508 3167 a
533 3133 667 3176 quibus
695 3135 853 3170 Praelatis
870 3136 999 3172 iterum
1016 3137 1154 3174 admitti

130 3195 134 3215 i
173 3181 312 3224 possint
325 3181 370 3215 ad
388 3182 611 3225 religionem,
627 3183 676 3218 ib.

127 3229 299 3273 Religiosi
319 3231 457 3274 expulsi
486 3240 568 3267 cum
594 3233 725 3268 iterum
744 3234 992 3277 admittuntur,
1011 3245 1059 3272 an
1087 3244 1157 3274 no·

169 3289 253 3315 vam
269 3281 530 3324 professionem
549 3283 709 3318 emittere
722 3285 888 3328 debeant,
903 3286 952 3321 ib.

168 3332 225 3365 An
260 3331 307 3365 ad
332 3332 500 3365 eumdem
529 3334 680 3375 gradum
702 3335 926 3379 antiquitatis
939 3339 975 3371 et
987 3337 1156 3380 praeemi·

170 3380 306 3415 nentioe
323 3381 398 3415 sint
419 3381 644 3426 restituendi,
668 3384 717 3418 ib.

127 3429 298 3473 Religiosi
317 3432 480 3475 expulsi,
497 3433 561 3476 qui
585 3434 706 3469 clerici
738 3443 812 3470 non
831 3439 926 3478 sunt,
949 3444 996 3471 an
1019 3436 1157 3480 possint

169 3482 294 3564 puniri
310 3486 454 3526 propter
469 3492 534 3517 sua
546 3483 675 3519 delicta
689 3494 711 3520 a
722 3485 908 3528 judicibus
923 3486 1156 3530 secularibus,

187 3556 195 3564 .
219 3534 253 3573 2,
270 3534 369 3565 c.1o.

167 3579 223 3663 zd
240 3581 380 3665 pgssint
397 3581 549 3617 relaxari
570 3582 722 3619 brachio
738 3583 926 3620 secularia
940 3585 1016 3621 suis
1027 3584 1158 3621 Praela-

199 3637 255 3670 s‚1
283 3655 295 3667 .

335 3700 423 3733 ΧΠ.

2137 211 2236 252 1201

1210 276 1382 320 Religiosi
1408 277 1546 320 expulsi
1562 277 1639 321 jam
1656 285 1732 314 non
1750 283 1836 315 sunt
1851 278 1986 315 subditi
2013 278 2242 315 Praelatorum

1253 326 1453 371 religionis,
1471 335 1540 362 nec
1560 327 1615 362 eis
1635 331 1804 365 tenentur
1821 330 1983 372 obedire,
2004 328 2054 363 ib.

1254 379 1309 413 An
1323 378 1449 412 saltem
1463 385 1507 411 ex
1521 377 1644 421 aliquo
1661 383 1766 423 pacto
1778 388 1926 415 manere
1938 378 2079 424 possint
2089 377 2242 421 obligari

1255 428 1414 463 Praelatis
1435 427 1635 471 religionis,
1660 429 1711 464 ib.

1256 477 1454 520 Religiosus
1470 478 1639 521 expulsus
1663 487 1686 513 a
1709 488 1775 514 sua
1796 474 1971 524 religione
1989 481 2103 523 potest
2126 477 2247 513 statim

1256 535 1323 562 suo
1348 527 1498 562 arbitrio
1514 528 1554 562 in
1573 529 1682 563 aliam
1711 530 1924 573 religionem
1946 529 2172 572 strictiorem,
2187 526 2251 565 ve}

1255 577 1383 661 ¹saltem
1404 585 1508 620 aeque
1525 578 1683 613 strictam
1699 579 1853 623 ingredi,
1872 587 1947 615 non
1960 587 2046 615 vero
2058 578 2245 620 laxiorem,

1274 652 1282 660 .
1301 630 1334 668 a,
1357 634 1390 661 c.
1409 630 1445 660 s.

1255 676 1407 717 Quando
1423 676 1535 719 possit
1549 676 1658 711 etiam
1681 678 1720 711 in
1738 679 1925 722 laxiorem,
1947 679 1999 714 tb.

1215 725 1417 770 Religiosus
1438 726 1607 770 expulsus
1627 735 1650 761 a
1669 735 1734 761 sua
1754 728 1944 772 religione,
1960 729 2051 763 etin
2063 729 2172 764 aliam
2185 728 2247 764 in-

1256 777 1437 820 grediens,
1451 784 1499 811 an
1512 776 1641 811 debeat
1655 784 1787 811 novam
1799 778 2061 820 professionem
2072 778 2248 822 emittere,

1258 827 1309 860 ib.

1267 876 1417 919 ligiosus
1432 874 1604 918 expulsus
1627 883 1703 911 non
1719 878 1861 910 tenetur
1882 876 2042 913 absolute
2065 877 2174 912 aliam
2188 887 2248 913 re-

1277 925 1432 970 i⁴5ionem
1447 925 1603 968 ingredi,
1616 924 1701 959 licet
1713 925 1752 960 in
1766 935 1869 960 suam
1884 934 1958 961 non
1973 927 2180 971 recipiatur,
2196 929 2248 963 ib.

1258 978 1312 1012 An
1333 979 1440 1019 possu
1461 977 1508 1010 ad
1527 976 1566 1010 id
1584 975 1736 1019 obligari
1767 985 1789 1010 a
1815 977 1892 1011 suis
1913 977 2179 1020 Superioribus,
2196 978 2248 1012 ib.

1225 1070 1230 1073 .
1258 1026 1351 1067 Quid
1364 1027 1394 1061 si
1411 1030 1494 1060 ante
1509 1026 1668 1070 primum
1688 1026 1941 1072 ingressumhn
1958 1027 2172 1070 religionem
2183 1036 2251 1063 vo-

1239 1107 1244 1117 ,
1280 1080 1358 1110 erat
1375 1076 1535 1110 absolute
1549 1076 1691 1119 ingredi
1709 1076 1935 1119 religionem,
1950 1077 2000 1111 ib.

1217 1121 1417 1169 Religiosus
1433 1126 1602 1169 expulsus
1619 1135 1667 1160 an
1687 1129 1850 1161 teneatur
1874 1127 2076 1171 specialiter
2102 1127 2250 1163 obedire

1255 1176 1431 1219 Episcopo
1449 1176 1589 1211 ratione
1605 1171 1679 1212 voti
1697 1176 1928 1218 obedientiae,
1940 1177 1999 1212 vel
2019 1177 2160 1212 ratione
2175 1181 2251 1213 sta-

1255 1229 1314 1261 tus
1331 1227 1502 1269 religiosi.
1516 1234 1549 1260 c.
1565 1229 1597 1259 6.

1256 1277 1322 1312 Cui
1344 1278 1523 1320 Episcopo
1535 1276 1664 1311 debeat
1678 1276 1840 1316 obedire,
1857 1277 1907 1311 ib.

1258 1330 1313 1364 An
1327 1336 1365 1362 se
1380 1327 1433 1360 illi
1451 1330 1667 1370 praesentare
1682 1330 1857 1369 teneatur,
1871 1327 1921 1361 ib.

1258 1379 1298 1413 ln
1318 1378 1451 1421 quibus
1466 1377 1520 1411 illi
1540 1377 1668 1411 debeat
1681 1377 1842 1418 obedire,
1857 1377 1907 1411 ib.

1256 1428 1457 1470 Religiosus
1478 1427 1648 1470 expulsus
1679 1436 1726 1461 an
1755 1431 1919 1461 teneatur
1936 1427 1982 1462 ad
1997 1429 2156 1471 regulam
2176 1437 2252 1463 suae

1257 1478 1457 1521 religionis,
1488 1478 1534 1511 ad
1562 1477 1787 1511 recitandum
1814 1477 1932 1512 divini
1956 1477 2113 1511 officium
2130 1506 2138 1520 ,
2169 1478 2253 1513 licet
2300 1506 2304 1512 .

1260 1536 1334 1562 non
1360 1528 1405 1562 sit
1428 1527 1617 1562 ordinatus
1642 1527 1680 1560 in
1697 1527 1818 1568 sacris,
1840 1527 2004 1562 habitum
2026 1529 2252 1571 gestandum,

1259 1578 1504 1621 poenitentias,
1520 1578 1736 1619 clausuram,
1751 1581 1835 1619 etc.,
1849 1586 1898 1612 an
1913 1578 2040 1612 saltem
2054 1579 2102 1613 ad
2114 1578 2152 1613 id
2167 1587 2253 1622 pos-

1259 1630 1307 1664 sit
1325 1628 1478 1671 obligari
1495 1628 1540 1662 ab
1557 1628 1746 1671 Episcopo,
1762 1628 1813 1662 ib.

1218 1679 1419 1722 Religiosus
1436 1678 1606 1721 expulsus
1628 1678 1790 1712 habitum
1814 1686 1888 1713 suae
1912 1678 2102 1721 religionis
2115 1681 2254 1722 gestare

1262 1738 1335 1763 non
1365 1731 1500 1772 potest3
1523 1732 1558 1761 et
1577 1736 1624 1761 an
1640 1728 1753 1762 alium
1770 1732 1905 1762 certum
1932 1728 2095 1762 habitum
2116 1732 2254 1772 gestare

1260 1783 1436 1821 teneatur,
1449 1778 1574 1813 saltem
1588 1786 1631 1812 ex
1646 1782 1823 1820 praecepto
1839 1778 2018 1820 Episcopi,
2035 1778 2084 1811 ib.

1217 1829 1418 1872 Religiosus
1439 1828 1609 1871 expulsus
1628 1831 1742 1871 potest
1760 1837 1825 1862 suo
1848 1828 1998 1862 arbitrio
2020 1831 2160 1862 mutare
2183 1828 2254 1863 do-

1258 1879 1437 1914 micilium
1468 1879 1513 1913 ab
1541 1886 1615 1912 una
1646 1878 1794 1912 dioecesi
1826 1877 1866 1910 in
1893 1877 2026 1919 aliam,
2057 1881 2094 1912 et
2120 1877 2254 1921 eligere

1259 1930 1487 1973 Episcopum,
1502 1929 1560 1962 cui
1577 1936 1614 1962 se
1631 1928 1810 1970 subjiciat,
1829 1927 1879 1960 ib.

1215 1979 1418 2023 Religiosus
1439 1980 1608 2022 expulsus
1630 1979 1688 2012 cui
1712 1978 1885 2020 acquirat,
1906 1980 1942 2011 et
1961 1977 2030 2012 sub
2054 1978 2161 2021 cujus
2185 1978 2252 2013 do-

1258 2030 1375 2064 minio
1395 2029 1469 2063 sint
1483 2030 1562 2070 ejus
1577 2029 1685 2069 bona,
1701 2028 1751 2061 ib.

1215 2078 1386 2122 Religiosi
1414 2078 1566 2121 professi
1581 2077 1777 2117 SocietatiS,
1794 2084 1855 2117 an,
1873 2086 1894 2110 a
1912 2085 1996 2119 quo,
2012 2080 2047 2111 et
2062 2086 2104 2111 ex
2119 2078 2254 2121 quibus

1258 2130 1378 2164 causis
1396 2128 1525 2172 expelli
1546 2128 1696 2170 possint,
1713 2131 1748 2160 et
1762 2130 1887 2161 caetera
1911 2127 1957 2160 ad
1976 2128 2166 2170 specialem
2188 2136 2254 2163 eo-

1258 2189 1339 2216 rum
1359 2179 1606 2222 expulsionem
1627 2177 1863 2219 pertinentia,
1891 2177 1976 2211 vide
2001 2178 2252 2222 congregatio,

1258 2230 1454 2270 Generalis,
1469 2232 1504 2263 et
1517 2228 1711 2263 Professus.

1214 2279 1477 2323 Religiosorum
1500 2286 1574 2312 non
1597 2277 1842 2321 professorum
1867 2276 2053 2311 societatis
2073 2277 2249 2320 expulsio,

1257 2339 1321 2364 seu
1339 2329 1515 2370 dimissio,
1541 2331 1576 2362 et
1598 2326 1778 2370 quidquid
1792 2327 1839 2361 ad
1855 2327 1955 2361 illam
1977 2327 2144 2370 pertinet,
2166 2328 2251 2363 vide

1256 2379 1425 2415 Dimissio
1437 2383 1474 2414 et
1485 2378 1670 2414 Dimissus.

1540 2464 1727 2490 animosus
1748 2463 1931 2490 FUGU'IVUS·

1214 2533 1414 2576 Religiosus
1435 2531 1578 2574 fugiens
1593 2539 1614 2565 a
1628 2529 1847 2564 monasterio
1865 2538 1930 2573 per
1942 2529 2090 2573 aliquod
2108 2533 2249 2573 tempus

1257 2583 1428 2624 notabile,
1462 2580 1601 2616 etiamsi
1626 2588 1700 2614 non
1723 2580 1839 2623 fugiat
1861 2580 1986 2614 animo
2009 2580 2246 2622 apostatandi,

1256 2639 1292 2669 et
1310 2633 1482 2668 manendi
1514 2633 1552 2666 in
1581 2632 1725 2673 saeculo,
1759 2634 1883 2674 peccat
1903 2633 2023 2665 tamen
2050 2630 2248 2665 mortaliter

1254 2689 1379 2720 contra
1391 2683 1565 2727 justitiam
1579 2686 1614 2715 et
1627 2682 1850 2724 religionem,
1868 2685 1911 2716 tr.
1930 2685 1962 2723 8,
1976 2681 1999 2714 l.
2017 2683 2048 2721 3,
2068 2689 2099 2715 c.
2123 2684 2154 2715 1.

1254 2736 1369 2770 Potest
1389 2739 1509 2768 tamen
1530 2732 1611 2767 talis
1627 2732 1813 2775 transfuga
1831 2741 1853 2766 a
1871 2731 1994 2774 culpa,
2018 2731 2049 2765 si
2073 2730 2188 2773 fugiat
2201 2739 2246 2766 ex

1254 2787 1348 2828 justa
1370 2793 1488 2819 causa.
1502 2784 1544 2818 Et
1557 2791 1637 2825 quae
1654 2786 1839 2816 censeatur
1856 2789 1963 2815 causa
1973 2781 2079 2823 iusta,
2097 2780 2147 2815 ib.

1209 2838 1265 2872 An
1297 2836 1484 2879 religiosus
1502 2862 1510 2876 ,
1537 2834 1600 2876 qui
1622 2840 1704 2868 cum
1732 2826 1924 2866 manfesta
1946 2831 2080 2874 injuria
2097 2834 2246 2866 vexatur

1251 2887 1297 2921 ab
1321 2885 1485 2919 inferiori
1505 2884 1665 2925 Praelato,
1696 2883 1809 2926 possit
1832 2881 1930 2916 licite
1949 2881 1989 2915 in
2011 2880 2133 2924 aliquo
2159 2887 2245 2915 casu

1252 2937 1376 2980 fugere
1394 2936 1440 2970 ad
1458 2935 1647 2969 Praelatum
1669 2933 1905 2976 superiorem,
1921 2931 1947 2965 l.
1970 2934 2004 2971 2,
2023 2939 2055 2966 c.
2078 2933 2131 2964 11.

1249 2989 1304 3022 An
1324 2986 1526 3030 specialiter
1539 2985 1585 3019 ad
1596 2985 1784 3019 Summum
1796 2980 2005 3016 Pontificem
2023 2987 2062 3015 se
2076 2979 2243 3015 conferre

1251 3037 1374 3080 possit,
1392 3037 1442 3070 ib.

1250 3088 1293 3123 Et
1313 3087 1403 3130 quid
1433 3085 1614 3121 observari
1646 3084 1775 3118 debeat
1794 3085 1836 3119 ut
1853 3082 1900 3117 ad
1926 3078 2148 3123 superiorem
2168 3076 2241 3112 ali-

1251 3137 1400 3181 quando
1415 3136 1497 3171 talis
1512 3136 1597 3178 fuga
1612 3134 1730 3177 liceat,
1745 3134 1769 3167 l.
1785 3137 1816 3174 3,
1831 3139 1863 3166 c.
1883 3134 1915 3164 1.

1210 3188 1410 3231 Religiosus
1439 3187 1630 3221 damnatus
1658 3185 1706 3220 ad
1737 3186 1949 3227 perpetuum
1982 3184 2162 3212 carcerem
2188 3183 2239 3212 an

1252 3238 1365 3281 possit
1382 3237 1479 3271 licite
1498 3236 1633 3279 fugere,
1650 3235 1675 3269 l.
1698 3236 1731 3275 2,
1747 3241 1779 3267 c.
1795 3234 1847 3265 11.

1209 3288 1410 3332 Religiosus
1431 3288 1623 3321 damnatus
1645 3287 1686 3319 ut
1706 3284 1801 3317 same
1833 3278 2005 3323 paulatim
2024 3279 2145 3321 pereat
2159 3303 2168 3318 ,
2190 3282 2239 3311 nn

1252 3338 1349 3372 licite
1369 3338 1493 3380 fugere
1515 3340 1551 3370 et
1567 3333 1754 3369 comedere
1770 3330 1893 3373 possit,
1909 3329 1958 3362 ib.
2034 3376 2042 3383 .
2166 3374 2173 3380 ·

1208 3388 1379 3431 Religiosi
1399 3387 1543 3431 fugitivi
1566 3393 1630 3428 per
1659 3380 1806 3424 aliquod
1824 3383 1985 3422 tempus,
2013 3384 2094 3412 sine
2114 3381 2239 3428 animo

1250 3442 1371 3473 tamen
1397 3433 1640 3481 apostatandi.
1659 3439 1707 3467 an
1731 3430 1873 3473 aliquas
1899 3430 2013 3463 certas
2033 3431 2160 3469 poenas
2178 3430 2240 3456 in-

1254 3489 1412 3528 currant,
1428 3487 1453 3520 1.
1469 3490 1502 3527 3,
1517 3492 1550 3519 c.
1569 3487 1603 3518 1.
2062 3524 2069 3531 ι
2205 3519 2214 3527 .

1210 3536 1379 3580 Religiosi
1403 3534 1545 3579 fugitivi
1562 3540 1644 3567 cum
1667 3530 1790 3565 animo
1807 3537 1881 3563 non
1896 3523 2071 3562 redeundi
2088 3523 2134 3558 ad
2149 3519 2238 3556 relt-

1252 3587 1419 3630 gionem,
1451 3581 1590 3619 etiamsi
1622 3580 1783 3616 habitum
1812 3578 2012 3617 retineant,
2040 3575 2125 3609 sunt
2154 3577 2239 3606 vere

1256 3639 1436 3680 apostatae,
1451 3634 1502 3668 ib.
1974 3682 2032 3724 'm
