2352 3880
30 304 40 317 ⁸
116 300 130 327 ”
168 341 190 351 .,
230 322 443 358 secessum
455 311 510 352 ad
521 312 703 364 aliquem
716 302 870 354 locum.
882 315 969 356 Hoc
980 325 1077 368 pos-

15 369 22 375 '⁷
46 389 51 392 ·
177 377 190 416 i
210 374 347 424 modo,
378 385 464 416 nou
482 377 547 416 est
563 373 737 415 dubium
759 375 860 426 quin
888 386 1075 418 recessus

13 428 23 485 ξ
49 438 135 495 ss
159 437 229 480 his
253 435 523 478 missionibus
552 436 945 487 comprehendatur,
975 437 1073 490 quia

13 488 30 512 ⁹
47 493 146 561 fim-
153 501 288 552 potest
314 497 482 551 praecipi
508 507 700 538 accessus
730 497 784 538 ad
806 498 987 550 aliquem
1011 500 1073 540 lo-

47 571 159 610 -n,
174 559 275 612 quin
286 558 550 612 praecipiatur
560 569 750 599 recessus
768 570 794 599 a
808 569 1072 612 quocumque

42 623 140 671 'boo
155 623 253 664 alio.

64 695 87 724 ω
99 686 165 727 15.
195 685 255 724 De
279 682 408 736 priori
426 690 567 725 autem
585 685 711 725 modo
730 684 894 726 videtur
910 699 978 728 res
994 686 1071 729 du-

22 735 129 800 180,
159 745 256 798 quia
276 745 319 786 id
351 756 437 786 non
458 746 636 798 pertinet
662 745 716 787 ad
738 747 970 789 missiones.
1007 750 1072 791 Ni-

10 801 267 859 ihilominus
285 806 490 856 existimo,
510 808 543 847 si
564 807 643 849 sub
663 807 811 850 eadem
830 811 990 852 ratione
1009 823 1071 852 re-

19 874 186 917 {ussus
207 873 428 922 spectetur,
450 868 619 920 scilicet,
647 869 786 912 auxilii
819 875 1068 924 animarum,

18 934 170 989 [dam
200 932 497 984 comprehendi
524 931 602 973 sub
634 934 703 974 illa
737 937 928 985 materia,
964 941 1010 977 ut
1035 938 1068 977 si

11 995 31 1039 ri
47 991 229 1037 Pontifex
243 998 410 1034 revocet
429 995 612 1046 aliquem
639 1007 665 1034 a
686 996 778 1036 loco
797 997 869 1036 ubi
889 1007 974 1037 non
1006 1002 1069 1038 est

16 1064 31 1094 a
45 1056 167 1105 utilis,
189 1058 231 1095 et
247 1055 422 1096 fortasse
445 1057 617 1108 impedit
636 1057 750 1106 alios,
770 1059 835 1098 vel
855 1060 980 1099 etiam
996 1071 1068 1100 no-

19 1117 332 1168 qoetproximis,
352 1117 476 1157 credo
494 1118 627 1158 teneri
652 1118 706 1157 ad
723 1117 999 1159 obediendum
1016 1133 1068 1161 ex

22 1178 84 1220 *vi
102 1178 225 1229 hujus
243 1179 353 1228 voti,
389 1179 548 1219 etiamsi
574 1179 653 1218 alio
684 1178 957 1222 determinate
983 1194 1068 1222 non

19 1239 237 1283 initiatur.
259 1241 378 1280 Ratio
398 1245 473 1289 est,
496 1241 593 1293 quia
614 1242 691 1280 suh
713 1243 881 1282 nomine
912 1244 1069 1284 missio-

15 1296 134 1344 thom
155 1302 279 1341 etiam
300 1303 462 1341 termini
482 1314 628 1344 earum
643 1305 1066 1355 comprehenduntur,

21 1366 84 1404 act
111 1365 397 1414 permanentia
425 1365 467 1403 in
498 1365 590 1412 illis,
623 1369 668 1404 ut
686 1366 864 1405 diximus
892 1379 1067 1407 numero

0 1455 1 1460 ,
20 1438 26 1460 ι
41 1424 202 1478 quinto;
220 1425 273 1464 ad
288 1426 395 1464 hanc
409 1430 548 1465 autem
561 1428 892 1477 permanentiam
911 1429 1070 1479 spectat

21 1487 238 1537 Ιῡο111110115
257 1487 460 1536 limitatio,
481 1493 521 1527 et
539 1494 843 1539 consequenter
865 1503 950 1530 non
977 1495 1069 1531 100-

22 1551 127 1588 ·111111
147 1560 351 1594 accessus,
382 1549 454 1588 sed
482 1550 605 1589 etiam
625 1562 836 1597 recessus;
860 1552 960 1591 alias
994 1564 1069 1603 po-

38 1613 166 1651 testas
187 1614 295 1650 esset
308 1610 523 1660 diminuta,
536 1616 576 1651 et
594 1613 713 1651 valde
733 1613 991 1663 imperfecta,
1007 1618 1068 1653 at-

19 1681 122 1723 ·que
145 1673 329 1723 exposita
359 1673 500 1713 multis
525 1674 809 1714 incommodis.
835 1676 937 1715 Item
970 1675 1066 1726 quia

38 1733 120 1773 hoc
148 1735 426 1773 necessarium
458 1734 680 1774 admodum
710 1740 771 1774 est
806 1736 858 1775 ad
891 1737 1066 1776 salutem

39 1795 288 1842 animarum,
310 1799 350 1835 et
367 1796 410 1834 in
436 1796 572 1847 rigore
597 1798 960 1846 comprehenditur
992 1799 1068 1837 sub

37 1857 212 1895 materia
230 1857 486 1895 missionum.
508 1859 608 1896 Item
635 1859 730 1908 quia
762 1859 933 1898 intentio
963 1861 1067 1899 Con-

39 1918 294 1958 stitutionum
321 1922 397 1966 est,
417 1922 460 1957 ut
479 1919 568 1956 haec
600 1919 830 1958 distributio
860 1920 1067 1970 professo-

37 1990 130 2020 rum
151 1978 363 2019 Societatis
396 1991 470 2030 per
503 1980 646 2019 orbem
680 1980 864 2019 Pontifici
895 1982 1063 2021 Summo

39 2041 207 2081 omnino
228 2040 413 2089 subjecta
435 2041 499 2088 sit,
520 2045 566 2080 ut
591 2045 704 2092 patet
734 2043 908 2092 septima
931 2047 1062 2093 parte,

39 2112 126 2153 cap.
150 2102 298 2153 primo,
321 2102 342 2153 ξ
366 2104 403 2149 l,
426 2102 466 2140 in
487 2102 586 2146 fine,
620 2105 660 2142 et
692 2115 802 2154 saepe
835 2104 956 2150 alias;
988 2105 1066 2144 hoc

38 2168 177 2205 autem
199 2165 254 2203 ita
274 2176 354 2202 non
388 2169 510 2213 esset,
534 2164 615 2203 nisi
628 2169 714 2204 tam
733 2166 774 2203 in
803 2168 1063 2215 revocandis,

37 2236 162 2280 quam
182 2227 224 2264 in
244 2226 453 2265 mittendis
467 2227 670 2277 personis,
692 2227 865 2266 haberet
881 2228 1067 2267 Pontifex

36 2287 204 2341 plenam
223 2292 483 2338 potestatem.
501 2288 699 2338 Denique,
713 2300 808 2326 cum
826 2289 998 2339 professi
1016 2302 1066 2328 ex

36 2349 77 2388 vi
98 2350 159 2387 sui
179 2348 353 2387 instituti
373 2348 521 2388 alicubi
542 2361 633 2388 esse
653 2349 833 2389 debeant
853 2351 906 2389 ad
924 2351 1066 2390 fructi-

37 2409 270 2456 ficandum,
301 2422 350 2450 eo
370 2411 460 2461 ipso
486 2411 597 2461 quod
627 2411 838 2462 ab-aliquo
864 2424 947 2452 uno
973 2413 1065 2452 loco

36 2477 297 2518 revocantur,
317 2472 370 2510 ad
391 2472 517 2510 alium
542 2473 688 2511 virtute
713 2474 944 2521 mittuntur,
977 2475 1063 2514 sive

38 2533 116 2573 hoc
132 2534 183 2572 sit
210 2533 419 2585 primario,
449 2533 535 2572 sive
567 2534 811 2573 secundario
830 2535 1033 2574 intentum
1052 2548 1064 2584 ;

40 2599 80 2635 ct
95 2596 179 2633 sive
197 2595 264 2633 ille
283 2594 398 2633 locus
419 2594 716 2634 determinatus
742 2596 793 2634 sit
809 2608 832 2634 a
854 2597 1062 2646 Pontifice,

40 2656 122 2696 sive
139 2667 214 2707 per
227 2656 471 2707 Superiores
488 2657 701 2696 Societatis
718 2658 856 2696 veniat
876 2658 1068 2697 determi-

38 2717 214 2764 nundus,
237 2721 278 2757 et
300 2718 386 2756 sive
417 2717 462 2756 in
494 2728 543 2758 οο
571 2719 702 2770 magis
722 2719 960 2758 attendatur
994 2719 1064 2757 bo-

39 2779 282 2830 numipsius
301 2779 497 2831 religiosi,
533 2778 617 2818 sive
643 2781 956 2831 proximorum3
977 2781 1065 2820 haec

32 2834 150 2882 *s'nim
169 2842 306 2881 omnia
326 2841 602 2881 accidentaria
621 2846 736 2890 sunt3
772 2855 869 2882 nam
896 2843 949 2882 ad
978 2855 1064 2881 ma-

40 2903 183 2943 teriam
201 2904 323 2955 hujus
341 2904 423 2943 voti
445 2903 544 2942 satis
563 2907 625 2943 est
643 2903 756 2955 quod
778 2904 832 2943 ibi
854 2917 939 2944 non
962 2904 1064 2944 desit

4 2986 7 2987 ⁷
42 2963 176 3017 eliqua
195 2966 297 3004 ratio
329 2966 550 3014 missionis,
571 2977 619 3004 ex
655 2978 738 3016 qua
770 2966 898 3017 possit
928 2967 1063 3018 majus

42 3025 206 3079 aliquod
229 3028 425 3067 auxilium
445 3028 740 3080 proximorum,
761 3033 802 3068 et
816 3030 973 3069 bonum
990 3030 1063 3069 Ec-

41 3087 174 3128 6100110
201 3089 449 3129 redundare.

51 3149 158 3189 1’6.
193 3147 298 3196 Quid
315 3151 360 3190 de
378 3161 455 3190 non
474 3152 595 3192 eundo
614 3151 670 3192 ad
685 3154 834 3192 certum
851 3152 994 3193 locum.
1011 3170 1064 3184 ·-

35 3205 175 3267 'Atque
194 3211 340 3250 eodem
358 3212 480 3251 modo
499 3212 719 3253 dicendum
732 3212 893 3252 videtur
916 3214 967 3253 de
980 3227 1065 3254 non

0 3278 7 3294 ³
31 3259 180 3313 mundo
202 3271 247 3310 in
261 3271 440 3322 aliquem
468 3273 604 3315 locum
627 3275 698 3315 vel
710 3287 937 3326 regionem
964 3276 1068 3316 Nam

0 3353 5 3355 -
38 3323 131 3382 Qec
148 3333 273 3372 etiam
293 3333 460 3383 negatio
477 3334 693 3386 dupliciter
712 3340 848 3387 potest
876 3336 1066 3388 praecipi:

0 3404 6 3411 ·
35 3386 190 3463 ¹§mmm
219 3399 388 3446 propter
416 3397 744 3445 permanentiam
776 3398 1015 3437 intermino
1044 3409 1069 3437 a

0 3446 144 3510 quc,
161 3456 274 3497 etsie
294 3456 452 3495 clarum
474 3460 537 3495 est
554 3469 676 3507 posse
695 3459 876 3510 praecipi,
895 3459 1001 3498 sicut
1016 3458 1068 3499 de

0 3510 136 3572 lpse
162 3519 444 3568 permanentia
479 3516 635 3556 dictum
668 3523 744 3558 est.
770 3519 976 3568 Secundo,
996 3531 1070 3570 po-

0 3575 129 3618 3³fist
138 3589 213 3629 per
227 3590 271 3618 se
286 3578 449 3631 praecipi
464 3579 518 3619 ad
534 3577 845 3631 impediendum
858 3592 1072 3620 accessum

0 3645 6 3653 ’
31 3633 244 3698 &dualem
261 3640 500 3690 terminum,
519 3644 564 3682 et
583 3641 643 3681 sic
666 3641 830 3683 videtur
844 3651 913 3682 res
936 3641 1072 3693 magis

63 3701 81 3734 3

391 260 394 262 ψ
437 246 531 284 mr.
551 246 610 284 tv.
630 233 688 284 ’111
706 244 966 287 cummunis
982 247 1125 286 verim
1143 248 1203 285 1111
1220 247 1392 286 summum
1411 248 1667 293 0010010011,
1686 249 1780 289 stc.

1130 312 1268 354 aliena
1286 314 1340 355 ab
1358 314 1439 356 hoc
1454 318 1575 363 voto;
1596 315 1671 356 sed
1701 314 1852 356 eodem
1880 313 2007 370 modo
2031 314 2159 357 credo

1127 373 1185 416 ad
1197 374 1300 416 illud
1314 374 1516 424 revocari,
1537 375 1572 415 si
1587 375 1698 427 ratio*
1712 375 2002 428 prohibitionis
2016 376 2069 420 sit
2083 376 2161 418 uli-

1127 435 1222 477 111115
1239 436 1488 485 animarum,
1508 436 1608 488 quia
1629 448 1796 489 semper
1813 438 1893 478 11οο
1909 431 2089 491 pertinet
2106 437 2162 480 ad

1127 495 1461 538 distributionem
1482 507 1759 548 personarum
1774 528 1785 546 ,
1814 510 2064 552 semperque
2090 511 2163 547 ree

1125 557 1290 598 ducitur
1304 558 1400 598 talis
1415 558 1584 609 negatio
1595 557 1650 598 ad
1663 558 1887 609 positivum
1906 561 2158 614 oppositum,

1126 619 1294 670 scilicet,
1328 625 1375 661 ut
1404 621 1590 662 Societas
1616 619 1661 660 in
1691 621 1782 660 aliis
1801 621 1902 663 locis
1919 627 2159 676 occupetur,

1125 681 1212 723 sive
1230 683 1310 724 hoc
1326 694 1402 735 per
1427 693 1473 722 se
1487 681 1637 737 primo,
1660 682 1746 722 sive
1764 682 2010 724 secundario
2029 686 2080 726 sit
2097 685 2164 726 in-v

1125 747 1312 795 tentum;
1333 744 1431 784 satis
1453 744 1567 787 enim
1598 747 1662 784 est
1678 743 1794 795 quod
1819 744 1996 784 materia
2028 746 2082 785 de
2115 758 2161 786 se

1126 805 1218 846 talis
1238 806 1305 855 sit,
1324 805 1520 858 quodque
1545 816 1622 858 per
1641 817 1685 845 se
1706 805 1758 845 sit
1776 817 1942 845 annexa
1961 817 2056 845 cum
2075 819 2161 846 ma-

1125 868 1228 906 teria
1250 868 1357 915 voti;
1393 867 1514 908 sicuti
1546 879 1598 908 ex
1630 867 1669 906 vi
1700 867 1897 919 praecepti
1928 867 2162 907 affirmativi

1125 929 1399 980 prohibentur
1417 940 1482 978 ea,
1498 942 1590 981 quae
1611 933 1706 969 sunt
1724 929 1948 970 intrinsece
1965 930 2164 984 conjunc-

1123 995 1188 1038 ta;
1226 1002 1269 1030 et
1303 992 1375 1043 qui
1409 995 1546 1042 potest
1579 995 1717 1032 actum
1750 991 1991 1043 praecipere,
2024 994 2162 1043 potest

1124 1053 1247 1092 etiam
1274 1053 1496 1105 praecipere
1516 1053 1767 1101 necessaria,
1801 1065 1851 1093 ac
1883 1065 1960 1105 per
1986 1065 2032 1092 se
2065 1065 2144 1093 con
2148 1053 2167 1100 -ἶ

1122 1113 1268 1166 juncta
1284 1115 1410 1164 actui,
1432 1115 1519 1155 sive
1552 1116 1640 1167 ipse
1674 1115 1944 1166 principalius
1973 1104 2166 1156 intendat

1124 1179 1407 1228 negationem,
1431 1178 1518 1216 sive
1537 1178 1674 1217 minus
1694 1177 1990 1228 principaliter.
2011 1178 2070 1217 Ita
2090 1189 2157 1218 er-

1125 1250 1177 1289 go
1198 1239 1239 1277 in
1263 1239 1456 1290 praesenti
1483 1239 1709 1279 dicendum
1728 1249 1896 1280 censeo.
1918 1239 1969 1280 Et
1987 1239 2079 1279 haec
2106 1238 2159 1279 de

1122 1301 1298 1340 materia
1316 1302 1441 1352 hujus
1465 1302 1563 1342 voti.

1177 1364 1244 1402 17.
1276 1364 1334 1402 Ex
1356 1362 1507 1414 quibus
1531 1363 1681 1411 infero,
1704 1367 1746 1403 et
1773 1363 1905 1414 probo
1940 1362 2156 1414 imprimis,

1122 1423 1204 1462 hoc
1236 1428 1378 1463 votum
1406 1424 1523 1474 pium
1544 1429 1585 1464 et
1605 1429 1797 1464 sanctum
1817 1436 1925 1471 esse,
1946 1436 2040 1475 quae
2071 1427 2159 1464 erat

1123 1485 1236 1536 prior
1251 1497 1347 1536 pars
1367 1486 1607 1524 assertionis
1625 1488 1769 1537 positae
1787 1499 1962 1525 numero
1992 1490 2157 1536 quarto,

1123 1547 1221 1597 quia
1259 1546 1305 1586 fit
1339 1547 1391 1586 de
1429 1559 1475 1587 re
1499 1549 1668 1599 optima,
1694 1553 1734 1588 et
1753 1552 1922 1599 propter
1956 1548 2159 1599 optimum

1123 1608 1265 1648 finem.
1306 1609 1410 1648 Nam
1444 1621 1520 1660 per
1553 1610 1655 1648 illud
1687 1611 1788 1648 nihil
1834 1610 1946 1648 aliud
1983 1609 2159 1649 intendi-

1123 1675 1201 1718 tur,
1243 1670 1322 1709 nisi
1354 1682 1574 1710 commune
1611 1672 1770 1710 bonum
1805 1671 2015 1719 Ecclesiae,
2048 1671 2158 1710 salus

1122 1731 1423 1782 proximorum,
1446 1736 1487 1770 et
1510 1731 1606 1771 fidei
1627 1733 1814 1772 defensio
1833 1746 1881 1772 ac
1897 1733 2157 1784 propagatio,

1124 1793 1227 1832 utin
1250 1794 1350 1832 10015
1372 1793 1502 1832 citatis
1520 1794 1870 1833 Constitutionum
1887 1799 1927 1833 et
1948 1795 2161 1833 Bullarum

1124 1855 1273 1905 saepius
1286 1854 1534 1901 declaratum
1545 1854 1602 1893 illi
1615 1859 1755 1894 autem
1771 1856 1913 1906 optimi
1930 1856 2034 1894 fines
2047 1859 2156 1895 sunt.

1124 1915 1242 1961 Quod
1252 1928 1349 1954 vero
1368 1916 1537 1965 quidam
1557 1916 1879 1961 calumniantur,
1897 1929 1971 1967 per
1990 1918 2069 1955 hoc
2089 1929 2158 1955 vo-

1123 1978 1213 2015 tum
1233 1977 1483 2015 Societatem
1504 1977 1691 2016 favorem
1712 1978 1934 2028 specialem
1955 1978 2007 2017 ab
2029 1980 2158 2030 Apos-

1122 2038 1245 2076 tolica
1264 2038 1369 2077 Sede
1387 2039 1558 2085 ambire,
1580 2051 1674 2077 cum
1693 2051 1737 2078 re
1752 2040 1839 2090 ipsa
1855 2040 1956 2078 nihil
1975 2041 2070 2078 novi
2089 2053 2157 2080 vo-

1121 2103 1230 2145 veat,
1254 2099 1472 2149 solumque
1489 2100 1740 2139 adulationis
1759 2113 1899 2149 causa,
1920 2106 1960 2140 et
1991 2107 2156 2152 propter

1123 2160 1354 2199 humanum
1375 2166 1625 2210 respectum,
1646 2162 1756 2200 hunc
1771 2163 2024 2212 singularem
2036 2162 2157 2214 profi*

1121 2222 1235 2260 tendi
1250 2222 1421 2260 modum
1437 2222 1665 2271 invenisse3
1683 2223 1771 2261 haec
1785 2223 1984 2274 (inquam)
2004 2225 2156 2262 calum-

1122 2284 1191 2322 nia
1210 2295 1292 2322 non
1308 2285 1440 2334 potuit
1460 2296 1550 2322 esse
1562 2284 1815 2335 prudentum
1838 2286 2070 2334 hominum,
2083 2286 2155 2325 sed

1122 2357 1266 2384 eorum
1287 2346 1356 2394 qui
1377 2349 1549 2393 temere,
1567 2350 1608 2385 et
1634 2347 1751 2396 juxta
1773 2348 1982 2395 affectum,
2003 2352 2043 2386 et
2071 2348 2155 2386 ani-

1120 2407 1179 2446 mi
1218 2406 1531 2457 dispositionem
1566 2419 1699 2454 suam,
1744 2408 1795 2446 de
1834 2408 1924 2447 aliis
1955 2409 2152 2458 judicant.

1120 2469 1223 2507 Cum
1242 2469 1353 2507 enirn
1371 2480 1448 2506 nec
1475 2480 1525 2508 ex
1540 2470 1726 2516 materia,
1749 2482 1826 2508 nec
1849 2482 1898 2509 ex
1916 2470 1998 2509 fine
2024 2472 2156 2522 ipsius

1120 2531 1203 2568 voti
1224 2529 1453 2568 secundum
1474 2541 1535 2577 se,
1557 2530 1651 2568 talis
1684 2531 1857 2570 intentio
1887 2532 1953 2570 vel
1976 2532 2155 2583 suspicio

1122 2591 1213 2640 ejus
1233 2595 1447 2641 appareat,
1473 2602 1652 2640 cumque
1692 2592 1843 2642 saepius
1874 2593 1915 2630 in
1951 2593 2154 2632 Constitu-

1119 2652 1301 2691 tionibus
1313 2657 1425 2691 recta
1439 2652 1508 2690 illa
1529 2652 1700 2692 intentio
1713 2653 1960 2701 declaretur,
1979 2658 2019 2693 et
2035 2655 2153 2693 Sum-

1119 2725 1188 2752 mo
1212 2713 1396 2752 Pontifici
1416 2713 1458 2752 in
1476 2713 1603 2752 Bullis
1618 2719 1887 2765 proponatur,
1912 2716 2003 2766 quis
2019 2719 2154 2767 potest

1118 2775 1199 2815 nisi
1219 2779 1377 2815 temere
1398 2775 1522 2814 aliam
1543 2775 1748 2815 sinistram
1769 2776 2040 2816 intentionem
2063 2790 2153 2817 sus-

1119 2838 1274 2890 picari?
1295 2839 1573 2889 Praeterquam
1606 2839 1718 2888 quod
1738 2838 1807 2876 illa
1841 2839 2060 2879 ambitiosa
2092 2841 2154 2880 in·

1119 2900 1248 2939 tentio
1266 2899 1310 2938 in
1326 2900 1499 2951 singulis
1519 2899 1708 2951 personis
1728 2912 1813 2939 non
1833 2905 1969 2952 potest
1988 2902 2152 2941 morali-

1117 2966 1182 3001 ter
1198 2961 1351 3000 habere
1371 2962 1524 3009 locum,
1541 2966 1587 3001 ut
1610 2974 1686 3013 per
1703 2974 1747 3001 se
1765 2967 1939 3010 constat,
1962 2964 2059 3014 quia
2079 2976 2152 3015 per

1118 3023 1201 3063 tale
1217 3027 1358 3062 votum
1390 3035 1468 3063 nec
1506 3024 1641 3075 magis
1671 3023 1778 3062 fiunt
1813 3029 1920 3063 notae
1950 3026 2152 3075 Pontifici,

1117 3096 1196 3125 nec
1215 3085 1373 3136 aliquid
1391 3086 1621 3137 temporale
1643 3086 1696 3124 ab
1725 3086 1793 3125 illo
1812 3092 2000 3138 sperant;
2021 3088 2152 3127 inten-

1118 3148 1218 3188 dere
1237 3151 1393 3195 autem,
1416 3151 1462 3186 ut
1476 3149 1563 3187 tota
1582 3147 1727 3199 religio
1747 3148 1798 3187 sit
1822 3149 2056 3199 specialiter
2076 3149 2153 3188 sub

1120 3209 1278 3249 Summi
1317 3207 1525 3248 Pontificis
1556 3209 1828 3260 protectione,
1861 3213 1906 3248 ut
1940 3210 1994 3248 ad
2031 3221 2154 3248 suum

1122 3270 1348 3322 specialem
1368 3269 1496 3309 finem
1516 3269 1568 3309 ab
1588 3270 1677 3321 ipso
1698 3270 1946 3309 defendatur
1965 3274 2006 3309 01
2033 3271 2152 3325 juve-⁴

1121 3337 1203 3382 tur,
1233 3333 1310 3371 hoc
1345 3343 1430 3371 non
1467 3335 1577 3371 esset
1612 3331 1887 3379 ambitiosum,
1924 3331 1998 3370 sed
2029 3329 2148 3369 valde

1121 3399 1448 3434 consentaneum
1472 3393 1622 3433 rationi
1643 3397 1684 3433 et
1713 3393 1916 3432 charitati.
1939 3393 2003 3431 Sic
2036 3393 2149 3430 enim

1123 3457 1242 3495 divus
1262 3457 1504 3496 Franciscus
1526 3468 1600 3506 pro
1628 3467 1672 3493 se
1706 3459 1747 3494 et
1765 3455 1963 3504 religione
1985 3463 2056 3490 sua
2076 3463 2150 3502 pe-

1123 3518 1330 3557 culiariter
1357 3517 1546 3568 promisit
1577 3515 1855 3555 obedientiam
1883 3513 2061 3552 Honorio
2080 3514 2147 3563 ΙΙΙ,

1125 3580 1294 3619 Summo
1323 3577 1523 3628 Pontifici,
1557 3582 1599 3618 et
1629 3575 1938 3616 successoribus
1973 3574 2078 3624 ejus,
2103 3579 2148 3616 ut

1127 3641 1264 3682 statim
1281 3640 1326 3681 iu
1342 3651 1519 3681 numero
1547 3637 1748 3689 vigesimo
1778 3635 1954 3689 septimo
1972 3635 2147 3678 dicetur.
