2352 3880
1046 76 1068 99 ‚gl

177 300 362 347 dicentia,
383 297 523 351 quales
550 302 646 338 sunt
675 299 969 353 promptitudo,
999 300 1199 350 0111011105,

175 361 492 414 perseverantia,
508 363 549 398 et
563 359 728 409 similes,
739 373 830 413 quae
847 374 939 402 eum
953 362 1200 403 dissensione

171 422 316 474 judicii
338 421 405 458 vix
423 420 567 460 baberi
583 426 766 473 possunt,
790 427 831 462 et
856 423 1095 462 exercitium
1113 423 1200 475 plu·

173 483 283 522 rium
315 481 492 520 aliarum
517 481 715 521 virtutum
744 483 790 522 in
825 496 868 524 se
902 484 1197 535 complectitur,

173 543 340 589 scilicet,
373 542 630 591 humilitatis,
664 555 706 583 se
742 549 876 583 totum
910 546 1032 584 etiam
1064 545 1198 596 quoad

171 609 355 643 mentem
379 603 513 643 altiori
548 604 839 652 submittendo,
870 607 1124 654 reverentiae,
1158 611 1199 646 et

171 664 333 704 fiduciae
347 664 392 703 in
409 665 551 713 Deum,
567 671 733 717 propter
747 679 867 717 quem
886 667 972 718 ejus
993 668 1194 715 ministro,

169 727 220 766 de
254 739 328 766 sua
356 728 612 778 providentia
636 728 894 773 confidendo,
915 729 974 766 ita
993 727 1194 767 obeditur.

169 787 286 828 Unde
305 788 427 827 etiam
447 787 496 826 fit
514 792 561 826 ut
580 801 652 839 per
670 789 780 827 hunc
804 789 971 827 modum
1006 789 1196 828 caecitatis

168 849 367 888 tollantur
397 850 680 898 cogitationes,
700 849 766 888 vel
789 849 997 888 discursus
1018 850 1089 900 qui
1110 862 1197 900 pos-

169 915 263 950 sent
295 911 584 962 perfectionem
615 910 859 950 ohedientiae
888 911 1099 962 impedire.
1118 912 1197 950 Me-

167 971 248 1011 rito
281 984 379 1022 ergo
415 971 482 1010 hic
516 971 660 1010 modus
692 971 935 1012 obedientiae
972 971 1198 1012 consulitur

166 1035 363 1082 tauquam
387 1032 601 1083 perfectus.

218 1096 284 1134 30.
319 1095 485 1144 Satisfit
504 1094 815 1135 auctoritatibus
843 1098 979 1135 contra
1004 1095 1104 1137 mne
1135 1107 1195 1137 se·

165 1158 332 1198 eandam
351 1157 622 1206 perfectionem
639 1157 786 1206 positis
801 1155 844 1195 in
863 1168 1021 1196 numero
1045 1158 1192 1210 primo.

162 1238 215 1247 --
229 1219 361 1267 Atque
377 1227 428 1255 ex
447 1216 510 1254 his
529 1216 694 1255 taudem
712 1217 964 1256 satisfactum
985 1222 1045 1256 cst
1062 1218 1194 1268 objec-

162 1279 356 1319 tionibus,
369 1289 461 1328 quae
476 1278 620 1317 ultimo
640 1278 728 1317 loco
748 1284 888 1318 contra
908 1279 1014 1318 hanc
1034 1285 1194 1331 partem

162 1339 329 1379 fiebant.
343 1340 434 1379 Jam
447 1341 556 1378 enim
569 1340 722 1378 dictum
733 1348 792 1379 est
808 1353 891 1378 non
906 1341 993 1378 tolli
1005 1353 1077 1391 per
1086 1341 1195 1380 hanc

162 1401 401 1441 obedientia}
417 1401 731 1451 simplicitatem,
756 1402 1020 1440 sufficientem
1038 1402 1193 1441 ‹liseur-

161 1477 250 1504 sum
258 1495 266 1504 .
280 1476 326 1502 ac
336 1464 618 1501 discretionem
629 1463 679 1501 ad
689 1475 769 1501 non
781 1464 1008 1514 parendum
1020 1464 1062 1502 in
1072 1464 1194 1503 rebus

161 1525 336 1573 illicitis;
357 1529 510 1570 tamen,
533 1524 630 1575 quia
650 1524 719 1563 illa
738 1524 964 1562 sollicitudo
986 1525 1193 1564 moraliter

161 1587 227 1625 vix
250 1589 309 1624 est
330 1585 556 1623 necessaria
570 1614 580 1631 ‚
599 1596 696 1623 nam
714 1585 957 1636 regulariter
972 1597 1052 1623 non
1064 1586 1194 1636 impo-

162 1651 317 1686 nuntur
336 1645 406 1684 illa
428 1650 647 1696 praecepta,
662 1649 702 1684 et
721 1648 754 1684 si
771 1646 811 1684 id
834 1646 1060 1694 contingat,
1073 1646 1192 1686 facile

162 1711 202 1747 et
213 1719 332 1758 perse
344 1707 479 1744 statim
492 1710 629 1758 patere
638 1706 752 1753 solet,
764 1706 856 1745 ideo
868 1707 1050 1745 absolute
1060 1707 1191 1746 solent

161 1769 295 1807 dicere
327 1769 480 1814 Sancti,
511 1767 747 1818 simpliciter
770 1772 810 1806 et
835 1769 922 1807 sine
941 1768 1192 1808 discussione

162 1830 432 1870 obediendum
443 1841 539 1868 esse.
551 1830 609 1868 De
620 1842 702 1880 qua
712 1842 755 1868 re
770 1834 829 1868 est
842 1830 994 1881 optima
1007 1831 1193 1870 doctrina

161 1891 373 1937 Bernardi,
391 1891 434 1927 in
454 1890 619 1940 Epistol.
639 1892 678 1938 7,
697 1890 766 1928 ubi
780 1892 959 1940 graviter
975 1892 1192 1941 reprehen-

163 1953 223 1993 dit
245 1951 464 2003 quemdam
486 1950 745 1996 monachum,
767 1952 838 2001 qui
859 1951 929 2000 (ut
948 1963 998 1989 ex
1013 1952 1190 2001 superio·

161 2014 276 2053 ribus
288 2011 465 2064 epistolis
485 2013 669 2061 constat)
686 2023 772 2050 rem
792 2023 862 2062 per
876 2023 917 2049 se
936 2012 1136 2059 illicitam,
1151 2017 1192 2051 et

165 2075 411 2114 contrariam
432 2077 539 2121 voto,
567 2084 659 2111 cum
682 2073 871 2111 seandalo
890 2073 1062 2111 fratrum
1082 2085 1190 2112 com-

163 2137 342 2182 miserat,
371 2146 412 2172 se
432 2138 568 2172 antem
589 2134 832 2181 excusabat,
853 2145 901 2172 eo
930 2135 1038 2185 quod
1068 2135 1112 2173 in
1143 2147 1193 2174 ea

164 2196 323 2236 cuidam
344 2194 489 2234 Abbati
509 2194 716 2233 obedierat
732 2205 743 2243 ;
763 2199 803 2233 ct
820 2207 867 2233 ea
884 2197 1093 2234 occasione
1112 2195 1191 2234 dis-

164 2259 314 2308 tinguit
345 2256 596 2304 Bernardus,
632 2256 819 2306 quaedam
838 2268 924 2294 esse
943 2268 1044 2306 pure
1067 2256 1189 2304 bona,

165 2331 255 2370 quae
277 2322 433 2356 constat
459 2328 544 2355 esse
563 2316 764 2363 facienda,
785 2318 961 2355 maxime
995 2317 1028 2355 si
1050 2318 1192 2367 praeci-

165 2381 355 2432 piantur3
391 2377 580 2429 quaedam
608 2390 708 2428 pure
729 2377 859 2425 mala,
888 2389 981 2428 quae
1005 2377 1192 2417 facienda

166 2452 248 2479 non
272 2443 390 2485 sunt,
421 2450 445 2476 a
465 2450 720 2489 quocumque
740 2439 1053 2489 praeeipiantur3
1078 2451 1190 2489 quae-

165 2502 260 2540 dam
280 2500 427 2549 media,
449 2511 539 2550 quae
560 2511 632 2549 pro
653 2499 795 2548 modo,
815 2499 926 2548 loco,
948 2504 1130 2550 tempore
1152 2505 1192 2540 et

166 2574 352 2614 persona,
374 2566 415 2599 et
433 2561 541 2599 mala
560 2566 728 2612 possunt
748 2572 833 2600 esse
862 2565 903 2599 et
935 2561 1062 2608 bona;
1087 2566 1128 2600 et
1145 2563 1190 2602 in

165 2624 229 2662 his
250 2623 434 2674 (inquit)
454 2623 518 2662 lem
537 2623 670 2673 posita
689 2626 746 2662 est
771 2622 1006 2669 obedientie&
1031 2622 1080 2661 de
1102 2625 1191 2674 qui-

165 2685 243 2724 bus
269 2689 407 2735 postea
428 2683 630 2722 concludit
648 2683 754 2721 nihil
784 2695 870 2722 esse
892 2684 999 2721 inter
1019 2695 1068 2722 ea
1085 2684 1192 2735 diju-

168 2746 403 2793 dicandum,
418 2744 486 2782 sed
505 2756 594 2782 earn
614 2748 774 2782 tantum
802 2744 1061 2795 prudentiam
1076 2745 1193 2784 adhi-

168 2805 360 2852 bendam,
390 2816 481 2855 quae
502 2805 551 2843 ad
570 2816 669 2855 pure
689 2804 798 2842 mala
817 2805 1062 2842 secernenda
1079 2805 1195 2844 suffi-

169 2868 262 2914 ciat,
280 2867 330 2904 ad
347 2878 471 2916 quam
491 2865 776 2911 exhibendam,
793 2869 839 2902 ut
857 2865 1050 2910 diximus,
1069 2878 1194 2916 parva

169 2928 360 2967 discussio
393 2927 618 2966 necessaria
642 2931 726 2972 est;
755 2938 853 2966 nam
871 2937 963 2978 quae
978 2931 1074 2965 sunt
1091 2939 1194 2979 pure

170 2988 292 3034 mala,
314 2999 386 3039 per
403 2999 444 3025 se
467 2988 603 3025 statim
623 2991 778 3038 patent.

223 3050 288 3088 31.
319 3048 384 3087 Ad
400 3047 615 3099 exemplum
630 3047 724 3099 fidei
741 3046 884 3088 ibidem
901 3046 1125 3090 adductum.
1141 3063 1194 3079 -2

170 3111 287 3151 Unde
317 3110 440 3148 etiam
470 3112 625 3147 constat
651 3120 734 3159 qno
766 3121 886 3147 sensu
915 3110 1197 3161 accipiendum

172 3172 225 3212 sit
242 3170 472 3220 exemplum
505 3169 622 3215 fidei,
647 3181 727 3220 quo
758 3169 862 3207 circa
884 3169 989 3208 hane
1005 3171 1197 3209 obedien-

172 3231 270 3271 tiam
293 3230 416 3268 iidem
439 3231 573 3268 Patres
588 3233 777 3276 utuntur,
797 3230 963 3276 scilicet,
983 3231 1088 3268 sicut
1103 3242 1198 3281 cap-

172 3294 326 3332 tivatur
342 3291 571 3330 intellectus
589 3291 632 3330 in
649 3291 890 3342 obsequium
912 3290 1022 3337 fide-i,
1039 3292 1097 3329 ita
1112 3303 1198 3330 esse

174 3355 291 3405 quasi
323 3352 604 3392 excaecandum
649 3352 693 3390 in
730 3352 903 3402 gratiam
939 3351 1196 3389 obedientiae.

175 3416 244 3455 Est
257 3415 369 3454 enim
385 3414 461 3452 hoc
477 3425 548 3464 per
561 3413 780 3464 quamdam
802 3413 1071 3451 imitationem
1088 3415 1128 3450 et
1145 3413 1199 3451 si-

176 3475 451 3515 militudinem
483 3473 796 3522 intelligendum
809 3503 821 3521 ,
861 3485 944 3511 non
976 3473 1200 3512 secundum

176 3537 477 3588 aequalitatem3
496 3537 594 3588 quia
612 3534 695 3574 haec
710 3534 908 3585 sulzicctio
928 3536 1092 3579 mentis,
1110 3545 1201 3585 quae

439 24 454 46 ¹,
471 0 560 34 '²153
576 0 621 8 *⁴
659 0 752 50 ⁴32¹)
718 13 730 21 -·
846 0 1264 60 edwffinssfffflfe
1269 0 1482 66 ‘ww
1454 0 1550 27 -ῑΨ

1112 63 1131 88 ι’·

1098 86 1287 110 ἣ.,--,-.

537 235 614 269 ΠΒ.
636 233 691 268 tv.
713 232 769 267 nt:
788 233 910 271 mm
931 233 1183 271 smmmts
1201 235 1442 272 castium
1462 239 1516 273 ET
1534 223 1829 282 PAUPER'PA‘rls,
1851 241 1942 275 mc.

1255 303 1508 349 auctoritate,
1542 305 1605 343 vel
1636 305 1806 345 veritate
1831 305 1907 354 rei,
1934 287 2056 346 stent
2067 311 2160 346 cu
2169 292 2245 338 ’Νἶῖ

1252 363 1375 413 fidei3
1401 365 1471 403 secl
1487 365 1616 404 solum
1647 366 1689 404 in
1716 369 1913 417 potestate
1933 354 2241 436 praecipiendffi»,

1252 426 1497 465 certitudine
1516 427 1719 478 practica,
1739 439 1830 478 quae
1850 438 1900 466 ex
1918 427 1989 467 illa
2009 427 2109 468 oriri
2168 445 2177 464 ι
2196 404 2260 465 ,ἴθ’

1253 485 1460 536 supposita
1477 499 1561 526 non
1589 488 1861 538 repugnantia
1879 500 1929 527 ex
1949 493 2061 539 parte
2081 481 2255 550 metet-21

1253 545 1302 583 Et
1318 546 1434 595 juxta
1446 547 1553 586 hanc
1567 549 1689 587 etiam
1704 549 1930 588 doctrinam
1944 517 2266 602 exponend'ss'us
2226 575 2250 584 „

1252 606 1507 646 Bernardus
1496 621 1540 648 111
1562 609 1632 648 lib.
1657 610 1708 649 de
1728 610 1932 662 Praecepto
1963 614 2005 650 et
2035 609 2213 662 dispens
2255 636 2259 642 ι

1252 679 1344 706 cum
1364 670 1435 715 ait,
1456 669 1500 708 in
1518 670 1640 709 rebus
1659 670 1791 710 dubiis
1810 671 1957 711 debere
1975 672 2185 710 subditum
2203 671 2262 713 Su

1251 729 1451 779 periorem
1471 731 1696 778 consulere,
1715 735 1756 771 et
1774 734 1952 772 rationes
1970 733 2188 772 dubitandi
2218 732 2231 740 '
2244 738 2278 767 1ιέ

1251 790 1425 839 aperire,
1447 795 1486 829 et
1502 791 1702 840 judicium
1723 793 1811 844 ejus
1826 794 1956 845 sequi,
1980 795 2073 845 quia
2091 806 2139 834 em
2164 792 2221 834 So
2264 836 2266 839 ,

1246 852 1384 903 pturis
1403 851 1582 904 (inquit)
1609 853 1803 901 habemus,
1834 857 1939 907 quod
1961 856 2069 895 labia
2100 853 2286 898 sacerdvs,

1251 916 1308 955 tis
1338 916 1564 955 custodiunt
1592 916 1817 962 scientiam,
1838 921 1876 957 et
1895 918 2015 965 leuem
2038 929 2086 957 em
2105 929 2169 956 ore
2193 917 2280 967 ejus

1249 977 1483 1027 requirunt,
1518 976 1614 1028 qaia
1642 975 1824 1025 Anystus
1843 978 2009 1024 Domini
2037 979 2279 1019 exercituum

1249 1043 1320 1078 esc.
1344 1038 1439 1084 Quae
1460 1037 1645 1076 doctrina
1666 1037 1717 1075 ad
1737 1049 1880 1076 omnes
1896 1042 2079 1088 pastores
2094 1038 2277 1078 Ecclesiae

1249 1099 1550 1139 accommodari
1570 1102 1723 1150 potest,
1754 1111 1837 1137 non
1856 1103 1995 1138 tamen
2016 1100 2068 1138 de
2089 1099 2278 1138 omnibus

1249 1161 1389 1200 eodem
1417 1159 1539 1198 modo
1564 1159 1834 1209 intelligenda
1861 1164 1934 1198 est.
1969 1160 2070 1198 Nam
2092 1163 2279 1210 respectu

1248 1221 1408 1261 Summi
1429 1219 1633 1259 Pontificis
1661 1220 1809 1258 decisio
1836 1219 1967 1268 dubii,
1987 1222 2020 1258 si
2047 1220 2277 1260 authentice
2310 1267 2311 1270 Ἴ

1246 1281 1334 1330 fiat,
1355 1282 1398 1319 in
1418 1293 1463 1319 re
1493 1282 1579 1331 ipsa
1600 1281 1822 1319 infallibilis
1843 1282 1941 1327 erit,
1973 1284 2157 1332 respectu
2182 1290 2277 1319 vero
2304 1311 2306 1315 .

1247 1342 1422 1382 aliorum
1443 1341 1682 1380 inferiorum
1714 1354 1798 1380 non
1826 1341 1884 1380 ita
1899 1371 1909 1389 ‚
1934 1343 2002 1380 sed
2026 1341 2172 1392 poterit
2191 1340 2278 1380 effi·

1248 1414 1338 1442 cere
1356 1403 1578 1453 practicam
1599 1402 1884 1441 certitudinem
1900 1402 2018 1452 juxta
2034 1402 2197 1450 regulas
2210 1413 2276 1441 su·
2310 1439 2312 1445 ,

1248 1464 1385 1514 peritis
1402 1463 1530 1502 dictas
1541 1474 1552 1512 ;
1574 1467 1614 1501 et
1630 1463 1830 1502 tunclicet
1843 1465 2055 1513 contingat
2073 1463 2276 1511 J'udicium
2303 1489 2308 1500 .

1249 1524 1478 1575 Superioris
1496 1536 1539 1563 re
1559 1524 1645 1574 ipsa
1664 1524 1813 1562 falsum
1843 1536 1928 1563 esse
1943 1553 1955 1571 ,
1988 1523 2174 1561 subditus
2204 1534 2277 1575 per

1247 1585 1524 1631 ignorantiam
1544 1583 1823 1623 invincibilem
1841 1583 2118 1633 excusabitur,
2136 1588 2178 1623 et
2201 1595 2277 1636 per

1245 1646 1439 1685 virtutem
1459 1645 1698 1684 obedientiae
1717 1645 1955 1684 merebitur.

1300 1708 1365 1746 3‘2.
1400 1707 1568 1757 objectio
1591 1710 1726 1746 contra
1749 1707 1925 1756 exempla
1946 1707 1993 1747 S.
2024 1706 2186 1761 anatz'z'
2200 1718 2275 1759 pro

1246 1768 1462 1808 obedientia
1481 1780 1594 1808 coeca.
1611 1788 1664 1796 —
1679 1768 1880 1820 Exempla
1901 1769 1984 1808 alia
2000 1781 2046 1808 ex
2067 1770 2206 1809 Surio.
2222 1793 2275 1798 —

1245 1830 1349 1870 Item
1370 1829 1452 1870 alia
1476 1841 1523 1869 ex
1543 1827 1766 1875 Benedicto‚
1792 1828 1998 1875 Cassiano,
2020 1835 2096 1868 etc.
2114 1852 2167 1859 —
2184 1830 2276 1870 Una

1245 1902 1343 1930 velo
1359 1890 1532 1941 objectio
1552 1890 1682 1928 adhuc
1698 1895 1878 1940 superest
1895 1890 2163 1938 dissolvenda,
2179 1892 2276 1942 quia

1244 1953 1288 1992 B.
1314 1953 1493 2000 Ignatins
1511 1952 1555 1989 in
1582 1951 1688 1989 dicta
1723 1952 1892 2002 epistola
1923 1953 2106 1992 imitatus
2140 1954 2275 1992 Bona-

1244 2017 1474 2059 venturam,
1508 2013 1552 2051 in
1589 2012 1761 2051 Stimulo
1797 2013 1924 2050 divini
1962 2014 2126 2059 amoris,
2159 2026 2200 2065 p.
2230 2016 2272 2063 2,

1245 2087 1332 2125 cap.
1354 2075 1573 2113 undecimo
1587 2103 1596 2116 ,
1617 2075 1661 2112 in
1692 2079 1793 2113 tom.
1814 2076 1991 2113 secundo
2012 2076 2213 2126 opuscul.,
2233 2079 2275 2116 et

1245 2137 1349 2176 alios·
1366 2137 1548 2185 Sauctos,
1575 2136 1761 2186 exempla
1788 2137 1974 2186 quaedam
1994 2137 2110 2175 nohis
2129 2149 2274 2188 propo-

1246 2198 1307 2236 nit
1330 2198 1454 2248 hujus
1485 2197 1744 2244 obedientiae,
1776 2208 1867 2247 quae
1890 2209 1964 2235 nos
1986 2197 2137 2236 imitari
2168 2198 2272 2247 vult,

1246 2270 1339 2297 cum
1357 2263 1496 2297 tamen
1523 2270 1586 2297 res
1617 2269 1688 2296 seu
1706 2270 1831 2309 opera
1856 2258 1899 2296 in
1930 2258 1988 2297 eis
2007 2264 2222 2308 praecepta,
2240 2258 2275 2298 si

1245 2332 1318 2372 per
1333 2332 1374 2358 se
1402 2324 1442 2358 et
1471 2331 1521 2358 ex
1541 2319 1697 2370 objecto
1720 2315 1967 2369 spectentur,
1991 2319 2098 2357 mala
2115 2319 2211 2367 sint,
2234 2323 2274 2358 et

1245 2386 1386 2420 contra
1409 2381 1623 2419 rationem.
1647 2380 1889 2430 Hujusmodi
1915 2383 1976 2418 est
2003 2391 2124 2430 super
2149 2392 2274 2431 aquas

1245 2443 1420 2493 ingredi,
1449 2446 1495 2480 ut
1524 2442 1574 2480 de
1604 2441 1744 2480 Mauro
1776 2441 1901 2480 refert
1934 2440 2165 2490 Gregorius,
2197 2439 2269 2480 lib.

1246 2503 1422 2542 secundo
1456 2502 1732 2550 Dialogorum,
1767 2513 1855 2552 cap.
1891 2502 2077 2552 septimo,
2102 2501 2272 2541 leaenam

1245 2578 1386 2616 capere
1406 2569 1446 2603 et
1465 2565 1515 2603 ad
1533 2564 1790 2614 Superiorem
1819 2562 1992 2610 deferre,
2010 2574 2061 2601 ex
2083 2563 2177 2601 vitis
2198 2563 2274 2602 Pa-

1244 2630 1369 2664 trum.
1394 2626 1492 2664 Haec
1525 2625 1652 2670 enim,
1690 2628 1731 2662 et
1769 2622 1932 2668 similia,
1962 2622 1996 2659 si
2032 2633 2082 2659 ex
2115 2622 2272 2671 obJ'ecto

1245 2692 1500 2738 spectentur,
1538 2685 1645 2722 mala
1678 2687 1869 2727 511111,οῐ
1901 2685 2042 2720 contra
2081 2683 2271 2732 quintum

1245 2754 1489 2798 praeceptum
1509 2744 1711 2793 Decalogi,
1727 2743 1824 2793 quia
1846 2742 1887 2780 in
1907 2742 1963 2780 eis
1982 2742 2065 2779 vita
2084 2742 2272 2782 0111111ῐο5-
2322 2763 2323 2766 =

1245 2811 1289 2845 to
1310 2806 1488 2857 periculo
1526 2805 1764 2854 exponunt-3
1787 2803 1895 2853 quod
1923 2802 1956 2840 si
1986 2813 2054 2852 spe
2088 2803 2272 2842 miraculi

1246 2868 1362 2915 fiant,
1381 2866 1641 2918 praesumptio
1661 2865 1850 2915 quaedam
1878 2865 1971 2911 erit,
1993 2866 2076 2902 sive
2095 2865 2167 2903 Dei
2183 2869 2272 2904 ten-

1246 2930 1370 2976 tatio,
1391 2926 1619 2977 cujusmodi
1639 2926 1761 2964 etiam
1783 2924 1902 2963 fuisse
1928 2924 2089 2963 videtur
2117 2925 2272 2964 factum

1246 2988 1364 3035 illud,
1382 2991 1490 3038 quon⁴
1507 2986 1557 3024 de
1579 2987 1620 3026 S.
1638 2985 1848 3025 Theodora
1868 2985 1991 3024 refert
2009 2986 2172 3024 Simeon
2191 2985 2273 3026 Mc-

1247 3049 1483 3100 taphrastcs-
1501 3047 1609 3099 apud
1640 3047 1820 3095 Surium,
1841 3049 1886 3085 lt
1914 3047 1979 3086 die
2009 3038 2274 3098 Septembris,
2314 3075 2315 3078 =

1247 3113 1359 3149 tomo
1378 3113 1416 3148 5.
1440 3109 1510 3148 Illa
1531 3110 1657 3157 enim,
1677 3120 1771 3146 cum
1798 3108 1871 3146 sub
1907 3108 1986 3146 viri
2016 3108 2146 3159 specie
2166 3105 2314 3148 inteff'.

1249 3170 1470 3209 monachos
1489 3171 1615 3208 vitam
1642 3173 1795 3219 ageret,
1820 3181 1844 3208 a
1871 3169 2038 3208 Praelato
2065 3169 2186 3208 missa
2213 3162 2286 3208 est*
2319 3184 2321 3188 ’

1250 3231 1300 3270 ad
1324 3231 1587 3270 deferendam
1607 3242 1683 3281 aqi.
1675 3242 1753 3269 .am
1787 3242 1836 3269 ex
1869 3229 1959 3268 lacu
1977 3241 2070 3269 cum
2094 3227 2287 3269 evidenti

1249 3293 1343 3331 vitae
1364 3292 1544 3344 periculo
1564 3296 1730 3343 propter
1755 3291 2003 3330 crocodilum
2033 3291 2079 3330 in
2105 3301 2154 3330 eo
2181 3287 2307 3337 Iam

1251 3352 1482 3400 degentem,
1501 3357 1542 3392 et
1570 3364 1711 3391 omnes
1731 3364 1777 3390 eo
1809 3352 2043 3391 accedentes
2073 3342 2295 3391 dilaniati-⁶

1250 3416 1346 3451 tem.
1377 3414 1456 3452 Nec
1493 3417 1554 3451 est
1589 3412 1810 3452 admodum
1837 3408 2054 3459 dissimile,
2083 3410 2192 3462 quod

1250 3475 1448 3513 monacho
1470 3474 1634 3513 Elstano
1666 3475 1775 3514 idem
1806 3474 1946 3513 Surius
1975 3475 2129 3519 narrat,
2150 3472 2169 3511 1
2208 3470 2277 3513 die
2295 3469 2305 3521 ⁵.

1253 3535 1438 3586 Augusti,
1457 3540 1557 3574 tom.
1578 3535 1710 3574 4.·11·1e
1728 3535 1854 3582 euim,
1871 3532 2008 3584 ‘jussus
2030 3530 2083 3571 ab
2103 3531 2216 3571 Abba
2291 3549 2301 3586 g

178 3595 227 3636 fit
238 3608 312 3650 per
330 3597 618 3647 obedientiam,
631 3607 714 3637 non
730 3596 926 3636 tundatur
938 3595 982 3634 iu
998 3594 1203 3633 infallibili
1257 3606 1423 3655 manum
1441 3596 1552 3635 misit
1565 3598 1611 3634 in
1627 3594 1868 3634 bullientem
1885 3602 2050 3644 aquam,
2062 3595 2112 3631 ut
2125 3602 2176 3632 ex
2218 3611 2237 3625 υ
