2352 3880
1045 256 1172 292 mnEx
1192 257 1348 292 mnu.

177 325 377 364 Prohibitio
390 324 619 368 Tridentini,
643 332 691 360 ne
708 322 886 359 moniales
905 330 927 357 a
942 320 1167 356 monasteriis

177 376 423 420 egrediantur,
445 377 540 412 solas
563 374 742 420 professas
765 371 1050 416 comprehendit,
1064 373 1108 405 tr.
1132 372 1165 412 8,

177 425 203 461 l.
216 430 249 469 1,
264 435 295 461 c.
312 429 342 459 8.

177 476 271 517 Quas
299 483 426 519 poenas
446 473 635 509 incurrant
654 472 863 517 hujusmodi
886 469 1167 515 prohibitionem

175 531 212 561 et
236 526 440 560 clausuram
457 524 645 560 violantes.
662 530 694 559 c.
708 526 743 558 9.

174 576 258 612 Haec
280 577 445 610 clausura
474 574 689 609 monialium
710 571 913 607 extenditur
939 570 1027 606 adeo
1051 571 1092 604 ut
1118 575 1167 602 ne

176 626 224 661 ad
235 625 429 659 Ecclesiam
452 624 613 667 quidem,
628 623 668 658 in
682 631 791 667 quam
810 621 999 656 saeculares
1019 619 1164 658 intrant,

176 676 298 720 egredi
313 675 462 718 possint,
477 683 508 708 c.
524 677 555 707 8.

133 724 298 763 lonialis
316 724 454 759 novitia
467 723 578 758 semel
596 722 815 758 monasterio
831 721 1020 764 egrediens
1039 726 1087 753 an
1105 717 1167 752 in-

174 777 373 816 terrumpat
390 773 446 808 vel
466 773 604 807 amittat
621 772 836 807 novitiatum
849 772 867 805 ‘2

132 823 303 861 moniales
313 832 495 858 conversae
506 824 551 858 ad
564 832 674 866 quam
683 823 885 857 clausuram
900 821 1101 859 teneantur,
1116 816 1166 851 ib.

173 875 324 915 Utrum,
356 878 454 917 quot,
477 878 512 908 et
532 874 579 908 ad
605 874 695 917 quid
725 874 763 906 in
783 870 1012 906 monasteriis
1034 868 1170 912 possint

174 932 274 959 nunc
292 924 445 965 admitti,
463 927 498 958 et
516 932 591 958 esse
611 931 792 958 conversae
813 922 995 965 professae,
1017 919 1065 953 ib.

174 974 364 1008 conversae
388 982 462 1007 non
495 974 666 1016 professae
695 972 835 1007 admitti
868 979 943 1005 non
967 970 1117 1013 possunt
1130 968 1172 1002 ut

174 1024 270 1058 intra
287 1023 505 1057 monasteria
522 1024 664 1066 degant,
685 1023 735 1057 ib.

131 1072 237 1110 Extra
255 1074 472 1108 monasteria
492 1077 613 1107 tamen
633 1082 694 1107 eas
712 1073 844 1107 habere
858 1069 1082 1115 prohibitum
1094 1073 1168 1102 non

174 1128 227 1157 est
237 1125 317 1165 jure
332 1124 515 1158 communi
532 1127 594 1158 aut
606 1123 774 1164 naturali,
790 1123 841 1156 ib.

127 1171 344 1210 monianum
360 1174 525 1208 clausura
546 1177 721 1216 quantum
735 1170 944 1206 extendatur
965 1166 1085 1210 quoad
1103 1173 1167 1201 ex-

173 1226 297 1256 ternas
313 1231 496 1265 personas,
514 1231 561 1257 ne
575 1223 615 1256 in
637 1230 763 1257 earum
781 1218 998 1255 monasteria
1026 1215 1166 1259 ingredi

172 1272 325 1315 possint,
341 1281 371 1305 c.
390 1275 440 1305 10.

170 1322 278 1357 Pueri
312 1326 394 1355 ante
426 1329 532 1355 usum
565 1320 717 1355 rationis
744 1317 926 1353 introduci
953 1318 1104 1360 possunt
1127 1315 1167 1350 in

172 1373 393 1406 monasteria
411 1371 638 1413 monialium,
655 1370 705 1404 ib.

171 1421 297 1456 Utrum
314 1426 348 1455 et
366 1425 536 1462 amentes,
555 1420 604 1453 ib.

171 1470 258 1511 Quis
275 1471 320 1504 sit
341 1471 518 1504 terminus
533 1468 703 1503 clausulae
719 1467 759 1501 in
776 1474 886 1509 quem
905 1464 1084 1500 seculares
1106 1462 1168 1498 in-

171 1521 283 1563 gredi,
308 1523 343 1554 et
363 1529 384 1554 a
407 1528 478 1562 quo
501 1519 678 1554 moniales
697 1517 818 1560 egredi
841 1516 1093 1559 prohibentur,
1116 1514 1164 1548 ib.

170 1570 256 1611 Quis
278 1571 390 1613 possit
407 1571 632 1613 dispensare,
651 1568 708 1603 vel
727 1568 932 1601 facultatem
949 1566 1034 1600 dare
1047 1565 1094 1599 ad
1108 1565 1169 1598 in-

170 1621 411 1663 grediendum
430 1619 648 1653 monasteria
665 1618 895 1657 monialium,
913 1616 962 1650 ib.

170 1673 225 1704 An
250 1671 368 1703 valeat
399 1670 549 1704 licentia
572 1669 738 1712 Episcopi
764 1668 843 1702 sine
870 1666 1031 1710 legitima
1060 1673 1168 1699 causa

172 1727 351 1759 concessa,
371 1720 420 1753 ib.

171 1769 256 1809 Quae
276 1770 322 1803 sit
339 1769 501 1812 legitima
521 1776 628 1803 causa
647 1767 695 1802 ad
712 1768 809 1801 hanc
826 1765 1011 1799 licentiam
1035 1771 1168 1799 conce-

171 1820 341 1858 dendam,
359 1819 408 1851 ib.

130 1867 255 1905 Utrum
286 1873 414 1910 praeter
449 1867 634 1901 licentiam
662 1866 801 1902 Praelati
828 1864 1034 1907 requiratur
1060 1863 1168 1897 etiam

169 1926 367 1951 consensus
383 1917 590 1956 Abbatissae,
604 1916 654 1949 ib.

127 1966 193 2002 Cui
215 1966 325 2009 possit
343 1966 499 2008 delegari
516 1968 672 2008 potestas
690 1964 735 1998 ad
749 1963 1019 1998 concedendam
1035 1962 1169 1996 dictam

170 2017 392 2053 facultatem,
409 2016 460 2048 ib.

167 2066 330 2101 Licentia
351 2065 397 2098 ad
417 2063 697 2106 ingrediendum
717 2062 812 2096 dicta
828 2060 1047 2095 monasteria
1062 2060 1169 2094 debet

171 2116 251 2150 dari
269 2116 307 2148 in
324 2114 479 2156 scriptis,
503 2113 639 2155 alioqui
663 2112 732 2146 erit
751 2111 976 2145 insufficiens
989 2111 1036 2145 ad
1047 2110 1168 2144 vitan-

171 2166 255 2200 dam
278 2165 420 2206 culpam
439 2166 474 2197 et
489 2162 915 2202 excommunicationem,
931 2160 981 2194 ib.

170 2215 211 2250 In
238 2214 381 2248 casibus
408 2212 629 2246 necessitatis
654 2211 874 2254 repentinis,
901 2210 1048 2252 quando
1071 2210 1170 2244 abest

171 2265 350 2302 Praelatus‚
367 2266 480 2306 potest
494 2262 680 2297 Abbatissa
692 2265 732 2295 ut
746 2260 902 2302 epiikeia
919 2260 957 2292 in
974 2259 1169 2293 admitten-

172 2315 230 2349 dis
251 2313 472 2348 secularibus
492 2313 586 2345 intra
606 2310 877 2350 monasterium,
897 2309 947 2342 ib.

129 2364 340 2402 monialium
358 2363 504 2397 famulae
524 2371 584 2402 an,
605 2370 677 2404 qua
695 2360 918 2401 necessitate,
933 2362 968 2392 et
982 2367 1064 2392 cum
1083 2359 1169 2400 qui-

171 2415 241 2449 bus
255 2413 527 2448 conditionibus
543 2410 693 2445 concedi
721 2410 861 2453 possint
886 2418 907 2443 a
932 2408 1102 2450 Praelatis,
1127 2411 1168 2443 ut

171 2465 245 2499 sint
267 2468 301 2497 et
323 2463 485 2496 habitent
504 2462 599 2495 intra
618 2460 848 2499 monasteria,
867 2459 916 2492 ib.

169 2513 213 2549 ln
249 2511 479 2546 monasteriis
517 2510 733 2545 monialium
770 2517 817 2542 an
850 2507 996 2542 educari
1028 2506 1167 2550 possint

171 2564 314 2607 puellae,
329 2566 390 2597 aut
403 2563 483 2596 aliae
506 2569 632 2603 graves
651 2560 797 2594 feminae
818 2559 857 2592 in
874 2558 927 2593 eis
945 2565 1165 2592 commemo·

172 2614 259 2654 rari,
276 2623 318 2647 ex
337 2613 411 2647 sola
429 2613 660 2646 Praelatorum
675 2610 854 2650 facultate,
871 2609 919 2642 ib.

129 2662 339 2699 Honialium
358 2662 575 2696 monasteria
594 2669 640 2694 ne
661 2660 728 2702 ipsi
747 2659 894 2701 quidem
913 2656 1051 2691 Praelati
1078 2664 1165 2700 pos-

171 2717 256 2747 sunt
271 2712 423 2754 ingredi,
445 2711 516 2744 nisi
534 2710 573 2744 in
589 2710 733 2744 casibus
756 2707 988 2748 necessitatis,
1010 2706 1059 2740 ib.

129 2761 340 2799 Ionialium
358 2761 576 2795 monasteria
589 2760 690 2794 adire
702 2758 873 2792 visitandi
888 2760 923 2791 et
935 2756 1164 2798 colloquendi

171 2813 305 2856 gratia,
328 2815 362 2845 et
386 2811 415 2845 si
440 2811 528 2845 olim
551 2810 661 2844 fuerit
680 2810 761 2851 jure
791 2807 974 2842 communi
1001 2807 1168 2850 prohibi·

173 2864 263 2902 tum,
286 2861 394 2895 hodie
414 2864 534 2894 tamen
553 2860 602 2893 ita
621 2858 844 2893 censendum
860 2866 933 2891 non
956 2861 1018 2896 est,
1035 2857 1083 2890 ib.

171 2909 387 2952 Frequentia
408 2913 527 2942 tamen
550 2908 709 2943 adeundi
725 2908 806 2950 Jure
827 2910 880 2941 est
898 2906 1091 2949 prohibita,
1116 2905 1166 2940 ib.

173 2960 228 2995 Ad
246 2968 306 2992 eas
326 2966 410 2992 vero
433 2958 601 3000 epistolas
621 2957 761 2991 mittere
777 2956 1000 3000 prohibitum
1024 2963 1096 2989 non
1117 2957 1171 2990 est

173 3009 255 3052 jure
275 3008 472 3050 communi,
490 3008 539 3041 ib.

132 3057 304 3095 loniales
320 3057 450 3091 furtive
472 3055 608 3098 alloqui
624 3058 677 3089 est
696 3057 882 3098 peccatum
896 3055 1056 3096 mortale,
1072 3062 1167 3098 prae-

175 3108 299 3142 sertim
329 3106 358 3140 si
388 3106 448 3139 fiat
469 3114 534 3149 per
551 3106 630 3140 loca
658 3104 847 3146 inusitata;
874 3104 984 3147 idque
1009 3105 1117 3139 etiam
1135 3104 1166 3140 si

176 3157 369 3192 collocutio
389 3164 507 3197 neque
539 3163 584 3189 ex
612 3162 723 3197 pravo
741 3153 814 3187 fine
835 3153 1007 3189 habeatur
1022 3182 1030 3197 ,
1050 3162 1168 3198 neque

177 3207 218 3241 in
240 3214 278 3241 se
300 3206 394 3239 mala
416 3205 473 3247 sit,
491 3204 542 3239 ib.

134 3254 306 3293 ssoniales
325 3255 417 3288 nulli
440 3252 637 3288 confessori
656 3255 807 3296 possunt
822 3251 984 3286 confiteri
997 3279 1006 3295 ,
1031 3253 1103 3288 nisi
1121 3252 1169 3288 de

178 3305 328 3339 licentia
349 3312 498 3338 suorum
511 3303 755 3343 Praelatorum,
770 3302 794 3335 l.
812 3304 844 3343 ι,
862 3309 892 3335 c.
910 3304 963 3335 1⁶.

136 3355 309 3392 moniales
331 3362 374 3388 ex
400 3353 436 3387 vi
453 3353 547 3396 juris
567 3352 774 3387 communis
788 3351 941 3385 transire
958 3355 1108 3394 possunt
1121 3353 1168 3388 ad

178 3403 393 3447 religionem
409 3402 640 3444 strictiorem;
652 3402 818 3444 indigent
830 3404 950 3435 tamen
965 3400 1110 3435 licentia
1121 3401 1168 3436 ad

178 3454 385 3489 exeundum
408 3453 452 3486 de
474 3461 539 3487 suo
560 3451 791 3493 monasterio,
804 3451 829 3484 l.
845 3454 877 3493 3,
897 3459 928 3485 c.
949 3453 1002 3484 1⁰.

137 3503 308 3540 Uoniales
324 3503 370 3537 ab
389 3502 508 3543 initio,
528 3501 692 3545 quamvis
705 3501 890 3544 Episcopis
907 3500 1075 3542 subjectae
1093 3508 1170 3535 mo-

179 3553 348 3589 nasteriis
369 3552 611 3587 nihilominus
623 3552 786 3587 virorum
798 3554 900 3586 erant
912 3551 1164 3594 subordinatae,

179 3611 334 3646 quorum
356 3602 518 3645 regulam
542 3606 579 3637 et
593 3601 740 3638 vivendi
755 3601 904 3637 modum
923 3601 1165 3644 imitabantur,

180 3655 226 3689 tr.
239 3656 274 3697 ο,
287 3653 313 3688 l.
330 3656 364 3696 1,
378 3660 414 3690 ea
425 3655 475 3686 10.

2147 250 2254 291 1189

1261 322 1301 354 ln
1320 328 1380 353 eas
1397 321 1519 353 tamen
1538 325 1612 353 non
1631 317 1727 352 cadit
1745 316 1929 352 distinctio
1946 315 2119 351 laicarum
2133 319 2169 349 et
2183 315 2254 350 cle·

1262 369 1441 411 ricalium,
1457 368 1762 411 quemadmodum
1779 368 1818 402 in
1834 367 1925 402 alios
1945 366 2144 409 religiosos,
2162 365 2212 398 ib.

1261 420 1395 454 cadere
1416 423 1537 453 tamen
1560 419 1683 462 aliquo
1704 419 1813 453 modo
1834 421 1949 461 potest
1969 415 2256 452 mendicantium

1261 471 1297 502 et
1321 477 1396 504 non
1416 469 1717 511 mendicantium,
1740 469 2019 510 canonicarum,
2041 464 2255 500 militarium

1262 521 1342 560 etc.,
1365 519 1474 560 idque
1490 528 1562 560 qua
1583 519 1736 562 ratione,
1750 519 1800 553 ib.

1261 568 1349 601 Item
1367 568 1550 602 distinctio
1574 577 1637 611 per
1656 571 1858 611 respectum
1874 567 1923 603 ad
1932 567 2135 608 Praelatum,
2149 564 2255 608 Epis-

1262 624 1405 659 copum,
1419 618 1476 651 vel
1490 618 1703 659 regularem,
1722 619 1771 652 ib.

1219 666 1430 701 Monialium
1452 667 1581 709 religio
1596 667 1739 701 institui
1762 676 1837 702 non
1859 669 1974 711 potest
1991 665 2063 701 nisi
2091 665 2159 700 sub
2185 662 2256 699 ati-

1262 725 1334 758 qua
1353 717 1476 760 regula
1495 726 1517 750 a
1531 717 1677 751 Summo
1691 718 1861 751 Pontifice
1879 717 2085 760 approbata,
2102 715 2154 749 ib.

1220 766 1429 801 Monialium
1451 767 1647 808 antiquitas
1667 770 1813 809 quanta,
1834 767 1882 800 ib.

1220 816 1391 852 Moniales
1411 826 1433 850 a
1455 825 1526 859 quo
1547 816 1659 859 recipi
1682 816 1822 858 possint
1835 816 1874 849 in
1890 815 2160 856 monasterium,
2181 817 2255 857 quo

1264 875 1427 907 numero,
1443 870 1562 909 etqua
1577 867 1670 907 dote,
1687 875 1718 899 c.
1735 868 1785 898 11.

1263 916 1339 950 Non
1356 920 1495 959 oportet
1514 925 1590 949 esse
1605 916 1785 958 virginem
1799 922 1880 957 quae
1896 913 2080 957 recipitur,
2099 913 2150 947 ib.

1263 965 1357 1006 Quid
1376 967 1405 1000 si
1425 967 1558 1000 sciatur
1573 974 1650 999 esse
1670 969 1848 1008 corrupta,
1866 964 1915 998 ib.

1263 1018 1390 1050 Annus
1410 1017 1447 1050 in
1466 1017 1644 1050 novitiatu
1667 1016 1877 1058 explendus,
1897 1015 1945 1049 ib.

1262 1066 1422 1100 Libertas
1449 1066 1733 1108 ingredientium
1752 1064 1991 1108 exploranda3
2019 1063 2084 1097 dos
2110 1061 2257 1105 quando

1263 1117 1437 1150 tradenda
1456 1116 1696 1158 monasterio,
1720 1118 1756 1149 et
1781 1115 1820 1149 in
1851 1115 1955 1157 cujus
1979 1113 2150 1147 manibus
2170 1119 2256 1155 pro-—

1262 1165 1368 1200 fessio
1389 1166 1568 1206 facienda,
1587 1166 1636 1199 ib.

1220 1215 1429 1250 Monialium
1452 1220 1641 1259 paupertas
1661 1223 1754 1258 quae,
1773 1217 1872 1249 c.12.

1263 1266 1339 1306 Qua
1357 1266 1495 1300 ratione
1511 1267 1643 1300 habere
1663 1265 1802 1308 possint
1823 1263 2030 1308 pensiones,
2049 1261 2174 1304 eisque
2186 1259 2257 1301 uti,

1263 1315 1313 1349 ib.

1220 1365 1431 1401 Monialium
1451 1366 1593 1400 castitas
1610 1373 1653 1399 ex
1674 1369 1770 1406 voto,
1786 1364 1836 1398 ib.

1261 1417 1316 1450 An
1333 1416 1386 1449 eis
1407 1416 1514 1450 liceat
1532 1415 1671 1449 nutrire
1694 1422 1845 1455 comam,
1863 1411 1913 1446 ib.

1219 1464 1431 1502 Honialium
1462 1465 1670 1500 obedientia
1700 1465 1746 1498 ad
1775 1464 1964 1497 Praelatum
1997 1463 2034 1495 et
2057 1460 2255 1502 Praelatam,

1264 1523 1357 1558 quae,
1376 1515 1426 1548 ib.

1262 1565 1450 1600 Abbatissa
1471 1567 1586 1607 potest
1614 1573 1674 1598 eas
1701 1563 1860 1606 obligare
1880 1562 1918 1595 in
1937 1560 2158 1595 conscientia
2181 1559 2257 1594 vir-

1263 1618 1336 1649 tute
1358 1615 1431 1648 voti
1453 1614 1690 1654 obedientiae,
1708 1612 1857 1646 servatis
1882 1611 2013 1645 debitis
2034 1608 2258 1644 conditioni-

1262 1665 1342 1704 bus,
1359 1665 1408 1698 ib.

1220 1715 1332 1755 Quam
1355 1714 1612 1757 obligationem
1631 1713 1788 1747 habeant
1809 1712 1855 1746 ad
1874 1711 2046 1753 regulam,
2062 1710 2111 1743 ib.

1218 1764 1428 1800 Monialium
1444 1764 1641 1797 aliarumve
1660 1763 1878 1795 feminarum
1893 1769 2016 1794 curam
2029 1767 2093 1793 cur
2103 1758 2259 1793 Societas

1262 1822 1338 1848 non
1355 1814 1563 1856 susceperit,
1583 1817 1627 1847 tr.
1645 1816 1697 1854 10,
1713 1813 1736 1845 l.
1755 1816 1787 1853 9,
1803 1820 1834 1845 c.
1856 1815 1886 1844 8.

1262 1865 1396 1898 caetera
1419 1872 1485 1907 pro
1508 1863 1742 1903 monialibus,
1756 1862 1841 1896 vide
1853 1860 2050 1895 Abbatissa.

1587 1948 1720 1971 uomrto
1743 1946 1895 1970 sachun.

1220 2013 1312 2048 Vide
1332 2013 1514 2048 correctio
1534 2016 1571 2046 et
1591 2011 1843 2045 Denunciatio.

1573 2096 1693 2122 nonus
1718 2095 1907 2121 Alincum&

1220 2160 1311 2198 Vide
1329 2162 1512 2198 Articulus
1529 2161 1668 2196 mortis.

1630 2245 1849 2271 noluntmnus.

1220 2311 1426 2347 moribundi
1453 2314 1541 2354 quot
1562 2311 1724 2354 pericula
1754 2313 1788 2343 et
1822 2308 2038 2343 tentationes
2061 2308 2256 2351 patiantur,

1262 2364 1306 2395 tr.
1327 2365 1380 2403 10,
1399 2361 1422 2395 1.
1440 2365 1472 2403 9,
1493 2369 1523 2394 c.
1545 2364 1577 2393 9.

1218 2410 1424 2446 floribundi
1442 2420 1515 2453 qua
1530 2418 1617 2444 cura
1636 2412 1671 2443 et
1693 2408 1802 2442 modo
1819 2407 1971 2450 juvandi
1995 2407 2088 2450 sint,
2106 2414 2258 2450 eamque

1260 2469 1385 2495 curam
1405 2468 1481 2494 esse
1501 2460 1655 2492 maxime
1679 2458 1863 2501 propriam
1883 2456 2079 2499 societatis,
2101 2459 2137 2491 et
2150 2456 2257 2491 statui

1262 2510 1430 2552 religioso
1453 2513 1745 2548 consentaneam,
1762 2507 1811 2540 ib.

1217 2559 1452 2595 moribundos
1471 2559 1645 2592 inducere
1663 2559 1709 2591 ad
1728 2555 1919 2591 condenda
1939 2558 2150 2590 testamenta
2173 2564 2257 2590 mu-

1260 2618 1331 2644 nus
1344 2614 1397 2643 est
1413 2609 1639 2650 confessarii,
1656 2608 1705 2641 ib.

1258 2660 1335 2693 Non
1362 2663 1484 2692 tamen
1510 2666 1553 2692 ea
1580 2658 1655 2692 illis
1676 2657 1873 2699 conticere,
1897 2655 2178 2692 conficiendisve
2196 2662 2259 2691 as-

1259 2709 1395 2749 sistere,
1419 2708 1468 2742 ib.

1218 2758 1474 2793 floribundum
1499 2757 1670 2790 inducere
1697 2759 1737 2791 ut
1764 2756 1922 2799 propriae
1942 2755 2061 2798 potius
2088 2753 2256 2797 religioni

1262 2809 1417 2850 legatum
1440 2807 1589 2849 aliquod
1626 2806 1806 2849 relinquat
1839 2814 1948 2848 quam
1979 2805 2084 2846 aliis,
2116 2804 2256 2838 licitum

1262 2858 1475 2900 simpliciter
1506 2860 1558 2890 est
1588 2855 1777 2898 religiosis,
1814 2855 1967 2889 minime
1997 2858 2116 2887 tamen
2147 2861 2257 2896 expe-

1262 2907 1389 2948 diens,
1413 2911 1448 2940 et
1467 2915 1505 2939 1n
1528 2905 1735 2948 particulari
1769 2905 1950 2947 religiosis
1977 2903 2163 2938 societatis
2188 2903 2258 2937 hoe

1263 2965 1326 3000 per
1345 2965 1429 2990 suas
1445 2955 1725 2990 constitutiones
1740 2955 1962 2997 prohibetur,
1977 2954 2027 2987 ib.

1221 3007 1476 3042 moribundum
1500 3007 1537 3039 in
1556 3006 1784 3042 confectione
1809 3004 2011 3039 testamenti
2036 3004 2215 3037 retrahere
2232 3011 2254 3037 a

1263 3056 1550 3091 restitutionibus
1566 3055 1710 3095 debitis,
1735 3058 1796 3089 aut
1811 3055 1936 3098 legatis
1952 3053 2160 3088 matricibus
2184 3052 2253 3086 Ec·-

1263 3107 1383 3141 clesiis
1402 3106 1674 3148 relinquendis;
1692 3114 1798 3140 eosvc
1810 3106 1982 3139 inducere
2001 3107 2040 3137 ut
2058 3103 2180 3144 legata,
2195 3101 2252 3135 vel

1262 3155 1395 3197 debita,
1411 3159 1472 3190 aut
1490 3155 1583 3189 male
1602 3155 1719 3190 ablata
1735 3155 1883 3195 incerta,
1906 3153 1975 3187 sibi
1995 3154 2055 3185 aut
2076 3149 2254 3193 religiosis

1263 3207 1319 3242 sui
1335 3207 1476 3241 ordinis
1494 3206 1714 3248 relinquant,
1732 3205 1902 3240 omnibus
1923 3201 2100 3244 religiosis
2115 3200 2153 3234 in
2169 3201 2252 3242 jure

1262 3257 1484 3301 prohibetur.
1514 3257 1555 3290 In
1583 3256 1724 3290 duobus
1749 3259 1866 3288 autem
1889 3256 2025 3286 tantum
2047 3251 2188 3285 casibus
2209 3256 2251 3283 ea

1262 3306 1463 3349 prohibitio
1481 3306 1591 3349 viget,
1607 3309 1642 3339 et
1658 3305 1807 3346 quinam
1828 3302 1880 3336 illi
1894 3301 1979 3344 sint,
1996 3300 2046 3335 ib.

1619 3386 1860 3412 nonmtcuto.

1219 3450 1440 3487 uoniflcatio
1458 3458 1629 3486 sensuum
1642 3453 1817 3492 quantum
1836 3449 1874 3483 in
1890 3446 2074 3482 societatis
2089 3446 2250 3482 instituto

1262 3502 1342 3545 ejus
1355 3502 1532 3545 religiosis
1547 3501 1828 3542 commendetur,
1841 3502 1886 3534 tr.
1903 3502 1954 3540 10,
1972 3499 1997 3532 l.
2016 3501 2048 3541 8,
2066 3506 2098 3531 c.
2114 3500 2147 3531 9.

1639 3585 1838 3632 Ιΰιῇτῦῳο

1221 3650 1408 3687 Multitudo
1423 3651 1625 3693 hominum,
1638 3650 1746 3684 etiam
1758 3649 2021 3693 religiosorum,
2037 3647 2249 3683 inurbanior
