<?xml version="1.0" encoding="UTF-8"?>
<!DOCTYPE html PUBLIC "-//W3C//DTD XHTML 1.0 Transitional//EN"
    "http://www.w3.org/TR/xhtml1/DTD/xhtml1-transitional.dtd">
<html xmlns="http://www.w3.org/1999/xhtml" xml:lang="en" lang="en">
 <head>
  <title>
</title>
<meta http-equiv="Content-Type" content="text/html;charset=utf-8" />
  <meta name='ocr-system' content='tesseract 3.04.00' />
  <meta name='ocr-capabilities' content='ocr_page ocr_carea ocr_par ocr_line ocrx_word'/>
</head>
<body>
  <div class='ocr_page' id='page_1' title='image "./operaomnia16suaauoft_0041.png"; bbox 0 0 2352 3880; ppageno 0'>
   <div class='ocr_carea' id='block_1_1' title="bbox 0 0 284 192">
    <p class='ocr_par' dir='ltr' id='par_1_1' title="bbox 0 0 362 192">
     <span class='ocr_line' id='line_1_1' title="bbox 0 0 114 135; baseline 0.017 -1"><span class='ocrx_word' id='word_1_1' title='bbox 0 0 114 135; x_wconf 47' lang='grc' dir='ltr'><em>Ψ</em></span> 
     </span>
     <span class='ocr_line' id='line_1_2' title="bbox 0 103 70 143; baseline 0 -8"><span class='ocrx_word' id='word_1_2' title='bbox 0 103 70 143; x_wconf 64' lang='grc' dir='ltr'>,ι</span> 
     </span>
     <span class='ocr_line' id='line_1_3' title="bbox 0 157 284 192; baseline 0 -19"><span class='ocrx_word' id='word_1_3' title='bbox 0 163 197 192; x_wconf 50' lang='lat'>÷--,</span> <span class='ocrx_word' id='word_1_4' title='bbox 276 157 284 168; x_wconf 62' lang='lat'>⁹</span> 
     </span>
    </p>
   </div>
   <div class='ocr_carea' id='block_1_2' title="bbox 38 310 98 370">
    <p class='ocr_par' dir='ltr' id='par_1_2' title="bbox 38 310 98 370">
     <span class='ocr_line' id='line_1_4' title="bbox 38 310 98 370; baseline 0 -2"><span class='ocrx_word' id='word_1_5' title='bbox 38 310 98 370; x_wconf 62' lang='lat' dir='ltr'>&gt;U</span> 
     </span>
    </p>
   </div>
   <div class='ocr_carea' id='block_1_3' title="bbox 437 203 1908 264">
    <p class='ocr_par' dir='ltr' id='par_1_3' title="bbox 437 203 1908 264">
     <span class='ocr_line' id='line_1_5' title="bbox 437 203 1908 264; baseline 0.001 -7"><span class='ocrx_word' id='word_1_6' title='bbox 437 224 526 259; x_wconf 77' lang='lat' dir='ltr'>CAP.</span> <span class='ocrx_word' id='word_1_7' title='bbox 549 224 605 259; x_wconf 80' lang='lat' dir='ltr'>VI.</span> <span class='ocrx_word' id='word_1_8' title='bbox 628 219 725 264; x_wconf 60' lang='grc' dir='ltr'>ΟΠΞ</span> <span class='ocrx_word' id='word_1_9' title='bbox 743 203 1010 258; x_wconf 63' lang='lat' dir='ltr'>commones</span> <span class='ocrx_word' id='word_1_10' title='bbox 1029 219 1321 263; x_wconf 70' lang='lat' dir='ltr'>Raoumfflwn</span> <span class='ocrx_word' id='word_1_11' title='bbox 1342 221 1399 256; x_wconf 70' lang='lat' dir='ltr'>Ex</span> <span class='ocrx_word' id='word_1_12' title='bbox 1418 222 1557 259; x_wconf 68' lang='lat' dir='ltr'>mars</span> <span class='ocrx_word' id='word_1_13' title='bbox 1576 219 1792 264; x_wconf 62' lang='lat' dir='ltr'>vovimus,</span> <span class='ocrx_word' id='word_1_14' title='bbox 1814 213 1908 258; x_wconf 74' lang='lat' dir='ltr'>zw&#39;.</span> 
     </span>
    </p>
   </div>
   <div class='ocr_carea' id='block_1_4' title="bbox 101 251 1152 3600">
    <p class='ocr_par' dir='ltr' id='par_1_4' title="bbox 101 251 1138 1814">
     <span class='ocr_line' id='line_1_6' title="bbox 103 251 1136 347; baseline -0.007 -16"><span class='ocrx_word' id='word_1_15' title='bbox 103 251 279 347; x_wconf 74' lang='lat' dir='ltr'>prietate</span> <span class='ocrx_word' id='word_1_16' title='bbox 308 288 355 329; x_wconf 86' lang='lat' dir='ltr'>in</span> <span class='ocrx_word' id='word_1_17' title='bbox 386 288 496 328; x_wconf 88' lang='lat' dir='ltr'>hunc</span> <span class='ocrx_word' id='word_1_18' title='bbox 512 289 749 339; x_wconf 83' lang='lat' dir='ltr'>ingressum</span> <span class='ocrx_word' id='word_1_19' title='bbox 766 284 1018 326; x_wconf 84' lang='lat' dir='ltr'>scholarium</span> <span class='ocrx_word' id='word_1_20' title='bbox 1039 297 1136 326; x_wconf 89' lang='lat' dir='ltr'>con-</span> 
     </span>
     <span class='ocr_line' id='line_1_7' title="bbox 104 345 1134 395; baseline -0.008 -1"><span class='ocrx_word' id='word_1_21' title='bbox 104 351 291 395; x_wconf 81' lang='lat' dir='ltr'>veniunt.</span> <span class='ocrx_word' id='word_1_22' title='bbox 322 350 440 392; x_wconf 84' lang='lat' dir='ltr'>Unde</span> <span class='ocrx_word' id='word_1_23' title='bbox 473 349 606 389; x_wconf 86' lang='lat' dir='ltr'>obiter</span> <span class='ocrx_word' id='word_1_24' title='bbox 636 346 782 393; x_wconf 82' lang='lat' dir='ltr'>infero,</span> <span class='ocrx_word' id='word_1_25' title='bbox 813 345 891 386; x_wconf 88' lang='lat' dir='ltr'>hos</span> <span class='ocrx_word' id='word_1_26' title='bbox 924 347 1134 388; x_wconf 85' lang='lat' dir='ltr'><strong>scholares</strong></span> 
     </span>
     <span class='ocr_line' id='line_1_8' title="bbox 104 407 1135 467; baseline -0.008 -12"><span class='ocrx_word' id='word_1_27' title='bbox 104 412 356 467; x_wconf 78' lang='lat' dir='ltr'>approbatos</span> <span class='ocrx_word' id='word_1_28' title='bbox 387 411 514 451; x_wconf 86' lang='lat' dir='ltr'>etiam</span> <span class='ocrx_word' id='word_1_29' title='bbox 539 407 836 460; x_wconf 81' lang='lat' dir='ltr'>comprehendi</span> <span class='ocrx_word' id='word_1_30' title='bbox 855 408 933 447; x_wconf 89' lang='lat' dir='ltr'>sub</span> <span class='ocrx_word' id='word_1_31' title='bbox 964 408 1033 448; x_wconf 91' lang='lat' dir='ltr'>illo</span> <span class='ocrx_word' id='word_1_32' title='bbox 1061 407 1135 447; x_wconf 91' lang='lat' dir='ltr'>de-</span> 
     </span>
     <span class='ocr_line' id='line_1_9' title="bbox 105 469 1132 522; baseline -0.008 -6"><span class='ocrx_word' id='word_1_33' title='bbox 105 480 216 516; x_wconf 84' lang='lat' dir='ltr'>creto</span> <span class='ocrx_word' id='word_1_34' title='bbox 235 473 402 515; x_wconf 83' lang='lat' dir='ltr'>Conciln</span> <span class='ocrx_word' id='word_1_35' title='bbox 417 471 659 519; x_wconf 78' lang='lat' dir='ltr'>Tridentini,</span> <span class='ocrx_word' id='word_1_36' title='bbox 678 481 779 508; x_wconf 85' lang='lat' dir='ltr'>sess.</span> <span class='ocrx_word' id='word_1_37' title='bbox 798 470 864 516; x_wconf 83' lang='lat'>25,</span> <span class='ocrx_word' id='word_1_38' title='bbox 884 482 973 522; x_wconf 90' lang='lat' dir='ltr'>cap.</span> <span class='ocrx_word' id='word_1_39' title='bbox 998 471 1062 517; x_wconf 71' lang='lat'>⁴9,</span> <span class='ocrx_word' id='word_1_40' title='bbox 1079 469 1132 509; x_wconf 92' lang='lat' dir='ltr'>de</span> 
     </span>
     <span class='ocr_line' id='line_1_10' title="bbox 105 531 1134 588; baseline -0.004 -12"><span class='ocrx_word' id='word_1_41' title='bbox 105 536 300 588; x_wconf 85' lang='lat' dir='ltr'>Regular.</span> <span class='ocrx_word' id='word_1_42' title='bbox 321 545 333 574; x_wconf 89' lang='lat'><strong>:</strong></span> <span class='ocrx_word' id='word_1_43' title='bbox 357 533 597 584; x_wconf 76' lang='lat' dir='ltr'>Quicumque</span> <span class='ocrx_word' id='word_1_44' title='bbox 625 531 827 582; x_wconf 74' lang='lat' dir='ltr'>reqularis</span> <span class='ocrx_word' id='word_1_45' title='bbox 856 533 1075 582; x_wconf 70' lang='lat' dir='ltr'>praetendat</span> <span class='ocrx_word' id='word_1_46' title='bbox 1093 542 1134 572; x_wconf 78' lang='lat' dir='ltr'>sc</span> 
     </span>
     <span class='ocr_line' id='line_1_11' title="bbox 104 594 1129 650; baseline -0.007 -12"><span class='ocrx_word' id='word_1_47' title='bbox 104 609 175 650; x_wconf 78' lang='lat' dir='ltr'>per</span> <span class='ocrx_word' id='word_1_48' title='bbox 193 598 274 638; x_wconf 83' lang='lat' dir='ltr'>vim</span> <span class='ocrx_word' id='word_1_49' title='bbox 305 598 344 636; x_wconf 81' lang='lat' dir='ltr'>et</span> <span class='ocrx_word' id='word_1_50' title='bbox 371 597 516 635; x_wconf 82' lang='lat' dir='ltr'>metum</span> <span class='ocrx_word' id='word_1_51' title='bbox 542 594 765 644; x_wconf 73' lang='lat' dir='ltr'>inqressum</span> <span class='ocrx_word' id='word_1_52' title='bbox 791 604 872 633; x_wconf 89' lang='lat' dir='ltr'>esse</span> <span class='ocrx_word' id='word_1_53' title='bbox 889 594 1129 645; x_wconf 61' lang='lat' dir='ltr'>relictorum,</span> 
     </span>
     <span class='ocr_line' id='line_1_12' title="bbox 105 654 1132 708; baseline -0.007 -8"><span class='ocrx_word' id='word_1_54' title='bbox 105 657 312 700; x_wconf 82' lang='lat' dir='ltr'>autetiam</span> <span class='ocrx_word' id='word_1_55' title='bbox 341 657 449 696; x_wconf 83' lang='lat' dir='ltr'>dicat</span> <span class='ocrx_word' id='word_1_56' title='bbox 479 658 570 695; x_wconf 87' lang='lat' dir='ltr'>ante</span> <span class='ocrx_word' id='word_1_57' title='bbox 602 657 758 694; x_wconf 77' lang='lat' dir='ltr'>oetatem</span> <span class='ocrx_word' id='word_1_58' title='bbox 789 654 958 695; x_wconf 80' lang='lat' dir='ltr'><em>debitam</em></span> <span class='ocrx_word' id='word_1_59' title='bbox 976 655 1132 708; x_wconf 82' lang='lat' dir='ltr'>profes-</span> 
     </span>
     <span class='ocr_line' id='line_1_13' title="bbox 103 714 1132 768; baseline -0.007 -7"><span class='ocrx_word' id='word_1_60' title='bbox 103 721 251 761; x_wconf 80' lang='lat' dir='ltr'>sionem</span> <span class='ocrx_word' id='word_1_61' title='bbox 267 718 422 768; x_wconf 84' lang='lat' dir='ltr'>secisse,</span> <span class='ocrx_word' id='word_1_62' title='bbox 451 720 548 765; x_wconf 68' lang='lat' dir='ltr'>etc„</span> <span class='ocrx_word' id='word_1_63' title='bbox 580 727 657 755; x_wconf 86' lang='lat' dir='ltr'>non</span> <span class='ocrx_word' id='word_1_64' title='bbox 676 714 886 765; x_wconf 78' lang='lat' dir='ltr'><em>audiatur,</em></span> <span class='ocrx_word' id='word_1_65' title='bbox 918 717 1002 756; x_wconf 82' lang='lat' dir='ltr'>nisi</span> <span class='ocrx_word' id='word_1_66' title='bbox 1021 715 1132 754; x_wconf 77' lang='lat' dir='ltr'>intra</span> 
     </span>
     <span class='ocr_line' id='line_1_14' title="bbox 104 776 1131 834; baseline -0.007 -12"><span class='ocrx_word' id='word_1_67' title='bbox 104 780 434 834; x_wconf 71' lang='lat' dir='ltr'><em>quinquennium,</em></span> <span class='ocrx_word' id='word_1_68' title='bbox 466 782 544 818; x_wconf 85' lang='lat' dir='ltr'>etc.</span> <span class='ocrx_word' id='word_1_69' title='bbox 577 778 677 816; x_wconf 91' lang='lat' dir='ltr'>Nam</span> <span class='ocrx_word' id='word_1_70' title='bbox 717 777 827 816; x_wconf 92' lang='lat' dir='ltr'>idem</span> <span class='ocrx_word' id='word_1_71' title='bbox 864 776 1131 829; x_wconf 87' lang='lat' dir='ltr'>quinquennii</span> 
     </span>
     <span class='ocr_line' id='line_1_15' title="bbox 102 839 1132 894; baseline -0.006 -12"><span class='ocrx_word' id='word_1_72' title='bbox 102 846 267 894; x_wconf 81' lang='lat' dir='ltr'>tempus</span> <span class='ocrx_word' id='word_1_73' title='bbox 287 841 473 880; x_wconf 82' lang='lat' dir='ltr'>existimo</span> <span class='ocrx_word' id='word_1_74' title='bbox 496 839 747 879; x_wconf 87' lang='lat' dir='ltr'>servandum</span> <span class='ocrx_word' id='word_1_75' title='bbox 766 851 857 878; x_wconf 91' lang='lat' dir='ltr'>esse</span> <span class='ocrx_word' id='word_1_76' title='bbox 878 840 931 879; x_wconf 90' lang='lat' dir='ltr'>ad</span> <span class='ocrx_word' id='word_1_77' title='bbox 957 839 1132 878; x_wconf 87' lang='lat' dir='ltr'><strong>similem</strong></span> 
     </span>
     <span class='ocr_line' id='line_1_16' title="bbox 106 902 1131 955; baseline -0.004 -12"><span class='ocrx_word' id='word_1_78' title='bbox 106 915 181 944; x_wconf 87' lang='lat' dir='ltr'>seu</span> <span class='ocrx_word' id='word_1_79' title='bbox 199 903 553 955; x_wconf 88' lang='lat' dir='ltr'>proportionatum</span> <span class='ocrx_word' id='word_1_80' title='bbox 581 902 788 948; x_wconf 82' lang='lat' dir='ltr'>effectum,</span> <span class='ocrx_word' id='word_1_81' title='bbox 807 905 997 952; x_wconf 86' lang='lat' dir='ltr'>respectu</span> <span class='ocrx_word' id='word_1_82' title='bbox 1021 904 1131 939; x_wconf 88' lang='lat' dir='ltr'>voto-</span> 
     </span>
     <span class='ocr_line' id='line_1_17' title="bbox 103 962 1128 1015; baseline -0.006 -10"><span class='ocrx_word' id='word_1_83' title='bbox 103 977 211 1014; x_wconf 86' lang='lat' dir='ltr'>rum,</span> <span class='ocrx_word' id='word_1_84' title='bbox 229 977 303 1004; x_wconf 87' lang='lat' dir='ltr'>seu</span> <span class='ocrx_word' id='word_1_85' title='bbox 324 963 666 1015; x_wconf 78' lang='lat' dir='ltr'>incorporationis</span> <span class='ocrx_word' id='word_1_86' title='bbox 683 962 832 1001; x_wconf 91' lang='lat' dir='ltr'>horum</span> <span class='ocrx_word' id='word_1_87' title='bbox 853 962 1127 1001; x_wconf 81' lang='lat' dir='ltr'>scholarium·</span> <span class='ocrx_word' id='word_1_88' title='bbox 1118 991 1128 1007; x_wconf 93' lang='lat'>‚</span> 
     </span>
     <span class='ocr_line' id='line_1_18' title="bbox 105 1023 1132 1078; baseline -0.005 -12"><span class='ocrx_word' id='word_1_89' title='bbox 105 1031 228 1078; x_wconf 88' lang='lat' dir='ltr'>atque</span> <span class='ocrx_word' id='word_1_90' title='bbox 247 1026 352 1065; x_wconf 89' lang='lat' dir='ltr'>adeo</span> <span class='ocrx_word' id='word_1_91' title='bbox 375 1027 542 1064; x_wconf 89' lang='lat' dir='ltr'>nomine</span> <span class='ocrx_word' id='word_1_92' title='bbox 573 1025 830 1075; x_wconf 75' lang='lat' dir='ltr'>professionis</span> <span class='ocrx_word' id='word_1_93' title='bbox 859 1023 915 1062; x_wconf 90' lang='lat' dir='ltr'>ibi</span> <span class='ocrx_word' id='word_1_94' title='bbox 947 1035 1132 1073; x_wconf 87' lang='lat' dir='ltr'>compre-</span> 
     </span>
     <span class='ocr_line' id='line_1_19' title="bbox 104 1084 1134 1137; baseline -0.004 -11"><span class='ocrx_word' id='word_1_95' title='bbox 104 1087 247 1135; x_wconf 89' lang='lat' dir='ltr'>hendi;</span> <span class='ocrx_word' id='word_1_96' title='bbox 269 1088 365 1137; x_wconf 86' lang='lat' dir='ltr'>quia</span> <span class='ocrx_word' id='word_1_97' title='bbox 385 1086 452 1125; x_wconf 87' lang='lat' dir='ltr'>illa</span> <span class='ocrx_word' id='word_1_98' title='bbox 473 1087 594 1125; x_wconf 84' lang='lat' dir='ltr'>etiam</span> <span class='ocrx_word' id='word_1_99' title='bbox 613 1085 846 1124; x_wconf 85' lang='lat' dir='ltr'>constitutio</span> <span class='ocrx_word' id='word_1_100' title='bbox 865 1097 948 1123; x_wconf 91' lang='lat' dir='ltr'>non</span> <span class='ocrx_word' id='word_1_101' title='bbox 968 1084 1134 1135; x_wconf 83' lang='lat' dir='ltr'>respicit</span> 
     </span>
     <span class='ocr_line' id='line_1_20' title="bbox 105 1146 1134 1201; baseline -0.004 -13"><span class='ocrx_word' id='word_1_102' title='bbox 105 1148 386 1201; x_wconf 83' lang='lat' dir='ltr'>principaliter</span> <span class='ocrx_word' id='word_1_103' title='bbox 412 1146 712 1186; x_wconf 83' lang='lat' dir='ltr'>solemnitatem</span> <span class='ocrx_word' id='word_1_104' title='bbox 744 1147 849 1193; x_wconf 90' lang='lat' dir='ltr'>voti,</span> <span class='ocrx_word' id='word_1_105' title='bbox 874 1146 947 1185; x_wconf 89' lang='lat' dir='ltr'>sed</span> <span class='ocrx_word' id='word_1_106' title='bbox 980 1146 1134 1185; x_wconf 90' lang='lat' dir='ltr'>stabili-</span> 
     </span>
     <span class='ocr_line' id='line_1_21' title="bbox 106 1207 1135 1259; baseline -0.005 -8"><span class='ocrx_word' id='word_1_107' title='bbox 106 1215 233 1250; x_wconf 82' lang='lat' dir='ltr'><strong>tatem</strong></span> <span class='ocrx_word' id='word_1_108' title='bbox 255 1208 434 1259; x_wconf 77' lang='lat' dir='ltr'>religiosi</span> <span class='ocrx_word' id='word_1_109' title='bbox 463 1210 619 1251; x_wconf 84' lang='lat' dir='ltr'>status,</span> <span class='ocrx_word' id='word_1_110' title='bbox 653 1211 693 1245; x_wconf 88' lang='lat' dir='ltr'>et</span> <span class='ocrx_word' id='word_1_111' title='bbox 725 1207 908 1257; x_wconf 87' lang='lat' dir='ltr'>quietem</span> <span class='ocrx_word' id='word_1_112' title='bbox 941 1219 1135 1258; x_wconf 88' lang='lat' dir='ltr'>persona-</span> 
     </span>
     <span class='ocr_line' id='line_1_22' title="bbox 107 1266 1133 1320; baseline -0.004 -9"><span class='ocrx_word' id='word_1_113' title='bbox 107 1283 199 1311; x_wconf 89' lang='lat' dir='ltr'>rum</span> <span class='ocrx_word' id='word_1_114' title='bbox 221 1268 485 1320; x_wconf 79' lang='lat' dir='ltr'>regularium.</span> <span class='ocrx_word' id='word_1_115' title='bbox 507 1266 624 1307; x_wconf 84' lang='lat' dir='ltr'>Unde</span> <span class='ocrx_word' id='word_1_116' title='bbox 647 1267 782 1318; x_wconf 91' lang='lat' dir='ltr'>(quod</span> <span class='ocrx_word' id='word_1_117' title='bbox 800 1268 1028 1307; x_wconf 85' lang='lat' dir='ltr'>notandum</span> <span class='ocrx_word' id='word_1_118' title='bbox 1047 1270 1133 1318; x_wconf 84' lang='lat' dir='ltr'>est)</span> 
     </span>
     <span class='ocr_line' id='line_1_23' title="bbox 107 1329 1136 1383; baseline -0.003 -10"><span class='ocrx_word' id='word_1_119' title='bbox 107 1334 215 1373; x_wconf 91' lang='lat' dir='ltr'>idem</span> <span class='ocrx_word' id='word_1_120' title='bbox 233 1331 461 1382; x_wconf 85' lang='lat' dir='ltr'>significare</span> <span class='ocrx_word' id='word_1_121' title='bbox 481 1330 689 1376; x_wconf 88' lang='lat' dir='ltr'>videntur,</span> <span class='ocrx_word' id='word_1_122' title='bbox 707 1330 748 1368; x_wconf 90' lang='lat' dir='ltr'>in</span> <span class='ocrx_word' id='word_1_123' title='bbox 766 1329 834 1368; x_wconf 93' lang='lat' dir='ltr'>illo</span> <span class='ocrx_word' id='word_1_124' title='bbox 858 1342 967 1381; x_wconf 61' lang='lat' dir='ltr'>cap„</span> <span class='ocrx_word' id='word_1_125' title='bbox 982 1331 1136 1383; x_wconf 64' lang='lat' dir='ltr'>inpres-</span> 
     </span>
     <span class='ocr_line' id='line_1_24' title="bbox 106 1391 1138 1445; baseline -0.005 -10"><span class='ocrx_word' id='word_1_126' title='bbox 106 1405 174 1435; x_wconf 83' lang='lat' dir='ltr'>sus</span> <span class='ocrx_word' id='word_1_127' title='bbox 204 1392 424 1445; x_wconf 64' lang='lat' dir='ltr'>rehfflonis,</span> <span class='ocrx_word' id='word_1_128' title='bbox 449 1395 486 1431; x_wconf 88' lang='lat' dir='ltr'>et</span> <span class='ocrx_word' id='word_1_129' title='bbox 507 1391 726 1442; x_wconf 70' lang='lat' dir='ltr'>professio,</span> <span class='ocrx_word' id='word_1_130' title='bbox 760 1391 857 1441; x_wconf 86' lang='lat' dir='ltr'>quia</span> <span class='ocrx_word' id='word_1_131' title='bbox 888 1391 1046 1430; x_wconf 88' lang='lat' dir='ltr'>clarum</span> <span class='ocrx_word' id='word_1_132' title='bbox 1075 1395 1138 1430; x_wconf 90' lang='lat' dir='ltr'>est</span> 
     </span>
     <span class='ocr_line' id='line_1_25' title="bbox 104 1452 1137 1503; baseline -0.003 -9"><span class='ocrx_word' id='word_1_133' title='bbox 104 1466 188 1494; x_wconf 88' lang='lat' dir='ltr'>non</span> <span class='ocrx_word' id='word_1_134' title='bbox 208 1465 298 1493; x_wconf 88' lang='lat' dir='ltr'>esse</span> <span class='ocrx_word' id='word_1_135' title='bbox 319 1453 378 1492; x_wconf 91' lang='lat' dir='ltr'>ibi</span> <span class='ocrx_word' id='word_1_136' title='bbox 409 1464 644 1491; x_wconf 90' lang='lat' dir='ltr'>sermonem</span> <span class='ocrx_word' id='word_1_137' title='bbox 674 1452 725 1491; x_wconf 87' lang='lat' dir='ltr'>de</span> <span class='ocrx_word' id='word_1_138' title='bbox 746 1453 934 1503; x_wconf 88' lang='lat' dir='ltr'>ingressu</span> <span class='ocrx_word' id='word_1_139' title='bbox 954 1453 1007 1491; x_wconf 90' lang='lat' dir='ltr'>ad</span> <span class='ocrx_word' id='word_1_140' title='bbox 1026 1452 1137 1491; x_wconf 87' lang='lat' dir='ltr'>novi-</span> 
     </span>
     <span class='ocr_line' id='line_1_26' title="bbox 104 1514 1132 1565; baseline -0.002 -10"><span class='ocrx_word' id='word_1_141' title='bbox 104 1517 264 1563; x_wconf 87' lang='lat' dir='ltr'>tiatum,</span> <span class='ocrx_word' id='word_1_142' title='bbox 304 1514 377 1554; x_wconf 93' lang='lat' dir='ltr'>sed</span> <span class='ocrx_word' id='word_1_143' title='bbox 413 1514 465 1553; x_wconf 88' lang='lat' dir='ltr'>ad</span> <span class='ocrx_word' id='word_1_144' title='bbox 502 1514 639 1565; x_wconf 89' lang='lat' dir='ltr'>ipsum</span> <span class='ocrx_word' id='word_1_145' title='bbox 677 1514 918 1565; x_wconf 87' lang='lat' dir='ltr'>religiosum</span> <span class='ocrx_word' id='word_1_146' title='bbox 955 1519 1132 1562; x_wconf 88' lang='lat' dir='ltr'>statum;</span> 
     </span>
     <span class='ocr_line' id='line_1_27' title="bbox 101 1575 1132 1627; baseline 0 -11"><span class='ocrx_word' id='word_1_147' title='bbox 101 1577 217 1616; x_wconf 73' lang='lat' dir='ltr'>&#39;hunc</span> <span class='ocrx_word' id='word_1_148' title='bbox 238 1577 347 1616; x_wconf 91' lang='lat' dir='ltr'>enim</span> <span class='ocrx_word' id='word_1_149' title='bbox 369 1579 530 1627; x_wconf 85' lang='lat' dir='ltr'>oportet</span> <span class='ocrx_word' id='word_1_150' title='bbox 549 1576 677 1615; x_wconf 86' lang='lat' dir='ltr'>libere</span> <span class='ocrx_word' id='word_1_151' title='bbox 697 1575 800 1624; x_wconf 87' lang='lat' dir='ltr'>fieri,</span> <span class='ocrx_word' id='word_1_152' title='bbox 822 1581 863 1616; x_wconf 88' lang='lat' dir='ltr'>et</span> <span class='ocrx_word' id='word_1_153' title='bbox 880 1578 968 1616; x_wconf 89' lang='lat' dir='ltr'>sine</span> <span class='ocrx_word' id='word_1_154' title='bbox 988 1579 1132 1626; x_wconf 81' lang='lat' dir='ltr'>metu3</span> 
     </span>
     <span class='ocr_line' id='line_1_28' title="bbox 102 1626 1136 1693; baseline 0 -15"><span class='ocrx_word' id='word_1_155' title='bbox 102 1626 266 1693; x_wconf 49' lang='lat' dir='ltr'>*constat</span> <span class='ocrx_word' id='word_1_156' title='bbox 295 1642 434 1677; x_wconf 88' lang='lat' dir='ltr'>autem</span> <span class='ocrx_word' id='word_1_157' title='bbox 465 1638 542 1676; x_wconf 89' lang='lat' dir='ltr'>sub</span> <span class='ocrx_word' id='word_1_158' title='bbox 563 1638 730 1676; x_wconf 89' lang='lat' dir='ltr'>nomine</span> <span class='ocrx_word' id='word_1_159' title='bbox 752 1639 958 1689; x_wconf 63' lang='lat' dir='ltr'>inpressus</span> <span class='ocrx_word' id='word_1_160' title='bbox 978 1638 1136 1689; x_wconf 74' lang='lat' dir='ltr'>reliyio-</span> 
     </span>
     <span class='ocr_line' id='line_1_29' title="bbox 104 1699 1134 1750; baseline -0.003 -9"><span class='ocrx_word' id='word_1_161' title='bbox 104 1699 171 1741; x_wconf 80' lang='lat' dir='ltr'>nis</span> <span class='ocrx_word' id='word_1_162' title='bbox 185 1699 479 1750; x_wconf 87' lang='lat' dir='ltr'>comprehendi</span> <span class='ocrx_word' id='word_1_163' title='bbox 495 1699 604 1737; x_wconf 90' lang='lat' dir='ltr'>hunc</span> <span class='ocrx_word' id='word_1_164' title='bbox 621 1701 853 1750; x_wconf 84' lang='lat' dir='ltr'>ingressum</span> <span class='ocrx_word' id='word_1_165' title='bbox 869 1700 1134 1748; x_wconf 87' lang='lat' dir='ltr'>scholarium;</span> 
     </span>
     <span class='ocr_line' id='line_1_30' title="bbox 108 1761 815 1814; baseline -0.004 -11"><span class='ocrx_word' id='word_1_166' title='bbox 108 1775 207 1814; x_wconf 80' lang='lat' dir='ltr'>ergo</span> <span class='ocrx_word' id='word_1_167' title='bbox 225 1763 347 1802; x_wconf 88' lang='lat' dir='ltr'>etiam</span> <span class='ocrx_word' id='word_1_168' title='bbox 364 1761 531 1800; x_wconf 91' lang='lat' dir='ltr'>nomine</span> <span class='ocrx_word' id='word_1_169' title='bbox 545 1761 815 1811; x_wconf 71' lang='lat' dir='ltr'>professionis.</span> 
     </span>
    </p>

    <p class='ocr_par' dir='ltr' id='par_1_5' title="bbox 107 1821 1140 2738">
     <span class='ocr_line' id='line_1_31' title="bbox 162 1821 1137 1873; baseline -0.001 -11"><span class='ocrx_word' id='word_1_170' title='bbox 162 1826 200 1862; x_wconf 88' lang='lat'>7.</span> <span class='ocrx_word' id='word_1_171' title='bbox 230 1824 415 1863; x_wconf 76' lang='lat' dir='ltr'>Procedit</span> <span class='ocrx_word' id='word_1_172' title='bbox 438 1824 527 1862; x_wconf 82' lang='lat' dir='ltr'>item</span> <span class='ocrx_word' id='word_1_173' title='bbox 553 1826 698 1873; x_wconf 84' lang='lat' dir='ltr'>quarta</span> <span class='ocrx_word' id='word_1_174' title='bbox 732 1821 915 1862; x_wconf 83' lang='lat' dir='ltr'>conditio.</span> <span class='ocrx_word' id='word_1_175' title='bbox 932 1844 986 1852; x_wconf 93' lang='lat'>—</span> <span class='ocrx_word' id='word_1_176' title='bbox 1003 1824 1137 1873; x_wconf 88' lang='lat' dir='ltr'>Atque</span> 
     </span>
     <span class='ocr_line' id='line_1_32' title="bbox 107 1882 1136 1930; baseline -0.002 -6"><span class='ocrx_word' id='word_1_177' title='bbox 107 1882 203 1925; x_wconf 78' lang='lat' dir='ltr'>hinc</span> <span class='ocrx_word' id='word_1_178' title='bbox 237 1884 359 1923; x_wconf 89' lang='lat' dir='ltr'>etiam</span> <span class='ocrx_word' id='word_1_179' title='bbox 391 1884 536 1930; x_wconf 87' lang='lat' dir='ltr'>infero,</span> <span class='ocrx_word' id='word_1_180' title='bbox 562 1883 708 1922; x_wconf 87' lang='lat' dir='ltr'>eodem</span> <span class='ocrx_word' id='word_1_181' title='bbox 729 1883 852 1922; x_wconf 89' lang='lat' dir='ltr'>modo</span> <span class='ocrx_word' id='word_1_182' title='bbox 892 1884 930 1922; x_wconf 91' lang='lat' dir='ltr'>in</span> <span class='ocrx_word' id='word_1_183' title='bbox 966 1883 1045 1922; x_wconf 88' lang='lat' dir='ltr'>hoc</span> <span class='ocrx_word' id='word_1_184' title='bbox 1077 1883 1136 1922; x_wconf 90' lang='lat' dir='ltr'>in-</span> 
     </span>
     <span class='ocr_line' id='line_1_33' title="bbox 108 1945 1134 1999; baseline -0.003 -13"><span class='ocrx_word' id='word_1_185' title='bbox 108 1959 250 1999; x_wconf 86' lang='lat' dir='ltr'>gressu</span> <span class='ocrx_word' id='word_1_186' title='bbox 265 1976 274 1993; x_wconf 94' lang='lat'>,</span> <span class='ocrx_word' id='word_1_187' title='bbox 297 1946 401 1985; x_wconf 89' lang='lat' dir='ltr'>sicut</span> <span class='ocrx_word' id='word_1_188' title='bbox 419 1947 459 1984; x_wconf 90' lang='lat' dir='ltr'>in</span> <span class='ocrx_word' id='word_1_189' title='bbox 481 1957 742 1996; x_wconf 87' lang='lat' dir='ltr'>quacumque</span> <span class='ocrx_word' id='word_1_190' title='bbox 763 1945 842 1983; x_wconf 87' lang='lat' dir='ltr'>alia</span> <span class='ocrx_word' id='word_1_191' title='bbox 863 1945 1134 1996; x_wconf 82' lang='lat' dir='ltr'>professione,</span> 
     </span>
     <span class='ocr_line' id='line_1_34' title="bbox 107 2007 1138 2058; baseline -0.001 -11"><span class='ocrx_word' id='word_1_192' title='bbox 107 2008 258 2058; x_wconf 88' lang='lat' dir='ltr'>requiri</span> <span class='ocrx_word' id='word_1_193' title='bbox 294 2007 573 2046; x_wconf 88' lang='lat' dir='ltr'>conditionem</span> <span class='ocrx_word' id='word_1_194' title='bbox 605 2011 808 2057; x_wconf 86' lang='lat' dir='ltr'>quartam,</span> <span class='ocrx_word' id='word_1_195' title='bbox 846 2007 1054 2052; x_wconf 87' lang='lat' dir='ltr'>nimirum,</span> <span class='ocrx_word' id='word_1_196' title='bbox 1092 2010 1138 2046; x_wconf 85' lang='lat' dir='ltr'>ut</span> 
     </span>
     <span class='ocr_line' id='line_1_35' title="bbox 108 2069 1138 2120; baseline -0.003 -11"><span class='ocrx_word' id='word_1_197' title='bbox 108 2082 331 2110; x_wconf 84' lang='lat' dir='ltr'>consensus</span> <span class='ocrx_word' id='word_1_198' title='bbox 350 2069 551 2120; x_wconf 87' lang='lat' dir='ltr'>praestitus</span> <span class='ocrx_word' id='word_1_199' title='bbox 573 2069 624 2107; x_wconf 89' lang='lat' dir='ltr'>ad</span> <span class='ocrx_word' id='word_1_200' title='bbox 646 2069 771 2107; x_wconf 88' lang='lat' dir='ltr'>talem</span> <span class='ocrx_word' id='word_1_201' title='bbox 797 2073 935 2107; x_wconf 85' lang='lat' dir='ltr'>actum</span> <span class='ocrx_word' id='word_1_202' title='bbox 975 2080 1058 2108; x_wconf 89' lang='lat' dir='ltr'>non</span> <span class='ocrx_word' id='word_1_203' title='bbox 1088 2070 1138 2107; x_wconf 91' lang='lat' dir='ltr'>sit</span> 
     </span>
     <span class='ocr_line' id='line_1_36' title="bbox 108 2130 1138 2184; baseline -0.002 -13"><span class='ocrx_word' id='word_1_204' title='bbox 108 2144 182 2184; x_wconf 88' lang='lat' dir='ltr'>per</span> <span class='ocrx_word' id='word_1_205' title='bbox 201 2131 355 2178; x_wconf 89' lang='lat' dir='ltr'>dolum,</span> <span class='ocrx_word' id='word_1_206' title='bbox 371 2131 436 2169; x_wconf 88' lang='lat' dir='ltr'>vel</span> <span class='ocrx_word' id='word_1_207' title='bbox 452 2131 743 2181; x_wconf 86' lang='lat' dir='ltr'>ignorantiam,</span> <span class='ocrx_word' id='word_1_208' title='bbox 764 2130 828 2168; x_wconf 83' lang='lat' dir='ltr'>vel</span> <span class='ocrx_word' id='word_1_209' title='bbox 850 2130 1138 2181; x_wconf 80' lang='lat' dir='ltr'>deceptionem</span> 
     </span>
     <span class='ocr_line' id='line_1_37' title="bbox 109 2192 1138 2245; baseline -0.002 -13"><span class='ocrx_word' id='word_1_210' title='bbox 109 2194 151 2232; x_wconf 90' lang='lat' dir='ltr'>in</span> <span class='ocrx_word' id='word_1_211' title='bbox 181 2206 225 2233; x_wconf 92' lang='lat' dir='ltr'>re</span> <span class='ocrx_word' id='word_1_212' title='bbox 252 2193 363 2245; x_wconf 86' lang='lat' dir='ltr'>gravi</span> <span class='ocrx_word' id='word_1_213' title='bbox 385 2196 593 2239; x_wconf 77' lang='lat' dir='ltr'>extortus;</span> <span class='ocrx_word' id='word_1_214' title='bbox 617 2192 699 2230; x_wconf 90' lang='lat' dir='ltr'>imo</span> <span class='ocrx_word' id='word_1_215' title='bbox 725 2192 765 2230; x_wconf 88' lang='lat' dir='ltr'>in</span> <span class='ocrx_word' id='word_1_216' title='bbox 793 2192 870 2231; x_wconf 89' lang='lat' dir='ltr'>hoc</span> <span class='ocrx_word' id='word_1_217' title='bbox 890 2205 957 2231; x_wconf 90' lang='lat' dir='ltr'>res</span> <span class='ocrx_word' id='word_1_218' title='bbox 988 2192 1138 2232; x_wconf 86' lang='lat' dir='ltr'>certior</span> 
     </span>
     <span class='ocr_line' id='line_1_38' title="bbox 112 2253 1137 2306; baseline -0.001 -13"><span class='ocrx_word' id='word_1_219' title='bbox 112 2259 187 2302; x_wconf 88' lang='lat' dir='ltr'>est,</span> <span class='ocrx_word' id='word_1_220' title='bbox 206 2255 301 2306; x_wconf 88' lang='lat' dir='ltr'>quia</span> <span class='ocrx_word' id='word_1_221' title='bbox 321 2255 406 2293; x_wconf 81' lang='lat' dir='ltr'>haec</span> <span class='ocrx_word' id='word_1_222' title='bbox 428 2254 606 2293; x_wconf 90' lang='lat' dir='ltr'>conditio</span> <span class='ocrx_word' id='word_1_223' title='bbox 631 2266 714 2292; x_wconf 92' lang='lat' dir='ltr'>non</span> <span class='ocrx_word' id='word_1_224' title='bbox 738 2255 832 2305; x_wconf 85' lang='lat' dir='ltr'>jure</span> <span class='ocrx_word' id='word_1_225' title='bbox 861 2254 1035 2305; x_wconf 88' lang='lat' dir='ltr'>positivo</span> <span class='ocrx_word' id='word_1_226' title='bbox 1065 2253 1137 2292; x_wconf 88' lang='lat' dir='ltr'>sed</span> 
     </span>
     <span class='ocr_line' id='line_1_39' title="bbox 112 2316 1137 2367; baseline 0 -13"><span class='ocrx_word' id='word_1_227' title='bbox 112 2316 288 2355; x_wconf 86' lang='lat' dir='ltr'>naturali</span> <span class='ocrx_word' id='word_1_228' title='bbox 327 2316 559 2355; x_wconf 88' lang='lat' dir='ltr'>necessaria</span> <span class='ocrx_word' id='word_1_229' title='bbox 581 2320 658 2363; x_wconf 86' lang='lat' dir='ltr'>est,</span> <span class='ocrx_word' id='word_1_230' title='bbox 692 2327 741 2354; x_wconf 91' lang='lat' dir='ltr'>eo</span> <span class='ocrx_word' id='word_1_231' title='bbox 772 2316 881 2366; x_wconf 87' lang='lat' dir='ltr'>quod</span> <span class='ocrx_word' id='word_1_232' title='bbox 910 2316 1001 2355; x_wconf 85' lang='lat' dir='ltr'>talis</span> <span class='ocrx_word' id='word_1_233' title='bbox 1022 2316 1137 2367; x_wconf 82' lang='lat' dir='ltr'>igno-</span> 
     </span>
     <span class='ocr_line' id='line_1_40' title="bbox 112 2377 1138 2417; baseline -0.001 0"><span class='ocrx_word' id='word_1_234' title='bbox 112 2378 244 2417; x_wconf 89' lang='lat' dir='ltr'>rantia</span> <span class='ocrx_word' id='word_1_235' title='bbox 259 2389 342 2416; x_wconf 90' lang='lat' dir='ltr'>non</span> <span class='ocrx_word' id='word_1_236' title='bbox 360 2377 493 2415; x_wconf 88' lang='lat' dir='ltr'>solum</span> <span class='ocrx_word' id='word_1_237' title='bbox 512 2377 635 2416; x_wconf 87' lang='lat' dir='ltr'>faciat</span> <span class='ocrx_word' id='word_1_238' title='bbox 654 2377 975 2416; x_wconf 89' lang='lat' dir='ltr'>involuntarium</span> <span class='ocrx_word' id='word_1_239' title='bbox 993 2389 1138 2416; x_wconf 88' lang='lat' dir='ltr'>secun-</span> 
     </span>
     <span class='ocr_line' id='line_1_41' title="bbox 112 2438 1138 2489; baseline 0 -11"><span class='ocrx_word' id='word_1_240' title='bbox 112 2439 210 2478; x_wconf 91' lang='lat' dir='ltr'>dum</span> <span class='ocrx_word' id='word_1_241' title='bbox 231 2438 343 2489; x_wconf 86' lang='lat' dir='ltr'>quid,</span> <span class='ocrx_word' id='word_1_242' title='bbox 363 2438 467 2477; x_wconf 87' lang='lat' dir='ltr'>sicut</span> <span class='ocrx_word' id='word_1_243' title='bbox 483 2443 633 2485; x_wconf 86' lang='lat' dir='ltr'>metus,</span> <span class='ocrx_word' id='word_1_244' title='bbox 650 2439 724 2477; x_wconf 88' lang='lat' dir='ltr'>sed</span> <span class='ocrx_word' id='word_1_245' title='bbox 740 2439 977 2489; x_wconf 87' lang='lat' dir='ltr'>simpliciter</span> <span class='ocrx_word' id='word_1_246' title='bbox 996 2443 1138 2478; x_wconf 89' lang='lat' dir='ltr'>causat</span> 
     </span>
     <span class='ocr_line' id='line_1_42' title="bbox 110 2494 1139 2551; baseline -0.002 -11"><span class='ocrx_word' id='word_1_247' title='bbox 110 2494 195 2540; x_wconf 80' lang='lat' dir='ltr'>non</span> <span class='ocrx_word' id='word_1_248' title='bbox 213 2500 504 2546; x_wconf 88' lang='lat' dir='ltr'>voluntarium,</span> <span class='ocrx_word' id='word_1_249' title='bbox 524 2505 570 2538; x_wconf 89' lang='lat' dir='ltr'>ut</span> <span class='ocrx_word' id='word_1_250' title='bbox 593 2500 637 2538; x_wconf 90' lang='lat' dir='ltr'>in</span> <span class='ocrx_word' id='word_1_251' title='bbox 660 2500 940 2551; x_wconf 88' lang='lat' dir='ltr'>superioribus</span> <span class='ocrx_word' id='word_1_252' title='bbox 957 2500 1139 2540; x_wconf 88' lang='lat' dir='ltr'>declara·</span> 
     </span>
     <span class='ocr_line' id='line_1_43' title="bbox 109 2559 1140 2620; baseline 0 -19"><span class='ocrx_word' id='word_1_253' title='bbox 109 2559 197 2620; x_wconf 65' lang='lat' dir='ltr'>tum</span> <span class='ocrx_word' id='word_1_254' title='bbox 216 2567 298 2609; x_wconf 88' lang='lat' dir='ltr'>cst;</span> <span class='ocrx_word' id='word_1_255' title='bbox 322 2573 546 2601; x_wconf 86' lang='lat' dir='ltr'>consensus</span> <span class='ocrx_word' id='word_1_256' title='bbox 563 2566 702 2601; x_wconf 89' lang='lat' dir='ltr'>autem</span> <span class='ocrx_word' id='word_1_257' title='bbox 722 2561 942 2600; x_wconf 87' lang='lat' dir='ltr'>voluntatis</span> <span class='ocrx_word' id='word_1_258' title='bbox 962 2567 1047 2601; x_wconf 88' lang='lat' dir='ltr'>tam</span> <span class='ocrx_word' id='word_1_259' title='bbox 1066 2574 1140 2601; x_wconf 92' lang='lat' dir='ltr'>ne-</span> 
     </span>
     <span class='ocr_line' id='line_1_44' title="bbox 111 2624 1140 2675; baseline 0 -11"><span class='ocrx_word' id='word_1_260' title='bbox 111 2625 314 2664; x_wconf 91' lang='lat' dir='ltr'>cessarius</span> <span class='ocrx_word' id='word_1_261' title='bbox 336 2628 397 2663; x_wconf 90' lang='lat' dir='ltr'>est</span> <span class='ocrx_word' id='word_1_262' title='bbox 415 2625 457 2662; x_wconf 92' lang='lat' dir='ltr'>in</span> <span class='ocrx_word' id='word_1_263' title='bbox 487 2624 564 2663; x_wconf 92' lang='lat' dir='ltr'>hac</span> <span class='ocrx_word' id='word_1_264' title='bbox 593 2624 926 2675; x_wconf 84' lang='lat' dir='ltr'>incorporatione</span> <span class='ocrx_word' id='word_1_265' title='bbox 940 2654 955 2673; x_wconf 91' lang='lat'>,</span> <span class='ocrx_word' id='word_1_266' title='bbox 973 2625 1078 2664; x_wconf 91' lang='lat' dir='ltr'>sicut</span> <span class='ocrx_word' id='word_1_267' title='bbox 1097 2625 1140 2664; x_wconf 90' lang='lat' dir='ltr'>in</span> 
     </span>
     <span class='ocr_line' id='line_1_45' title="bbox 111 2685 487 2738; baseline -0.005 -13"><span class='ocrx_word' id='word_1_268' title='bbox 111 2697 371 2738; x_wconf 85' lang='lat' dir='ltr'>quacumque</span> <span class='ocrx_word' id='word_1_269' title='bbox 392 2685 487 2724; x_wconf 87' lang='lat' dir='ltr'>alia.</span> 
     </span>
    </p>

    <p class='ocr_par' dir='ltr' id='par_1_6' title="bbox 109 2747 1143 3343">
     <span class='ocr_line' id='line_1_46' title="bbox 163 2747 1141 2800; baseline -0.002 -11"><span class='ocrx_word' id='word_1_270' title='bbox 163 2750 202 2789; x_wconf 89' lang='lat'>8.</span> <span class='ocrx_word' id='word_1_271' title='bbox 222 2749 404 2788; x_wconf 78' lang='lat' dir='ltr'>Procedit</span> <span class='ocrx_word' id='word_1_272' title='bbox 429 2751 465 2787; x_wconf 84' lang='lat' dir='ltr'>et</span> <span class='ocrx_word' id='word_1_273' title='bbox 480 2747 619 2800; x_wconf 82' lang='lat' dir='ltr'>quinta</span> <span class='ocrx_word' id='word_1_274' title='bbox 637 2748 759 2788; x_wconf 81' lang='lat' dir='ltr'>multo</span> <span class='ocrx_word' id='word_1_275' title='bbox 778 2748 926 2799; x_wconf 73' lang='lat' dir='ltr'>maqis,</span> <span class='ocrx_word' id='word_1_276' title='bbox 948 2759 1066 2800; x_wconf 85' lang='lat' dir='ltr'>quam</span> <span class='ocrx_word' id='word_1_277' title='bbox 1096 2748 1141 2788; x_wconf 87' lang='lat' dir='ltr'>in</span> 
     </span>
     <span class='ocr_line' id='line_1_47' title="bbox 109 2810 1140 2863; baseline -0.001 -13"><span class='ocrx_word' id='word_1_278' title='bbox 109 2811 356 2863; x_wconf 79' lang='lat' dir='ltr'>professione</span> <span class='ocrx_word' id='word_1_279' title='bbox 374 2810 550 2850; x_wconf 86' lang='lat' dir='ltr'>solemni.</span> <span class='ocrx_word' id='word_1_280' title='bbox 571 2832 624 2840; x_wconf 95' lang='lat'><strong>—</strong></span> <span class='ocrx_word' id='word_1_281' title='bbox 643 2810 699 2849; x_wconf 92' lang='lat' dir='ltr'>De</span> <span class='ocrx_word' id='word_1_282' title='bbox 721 2811 863 2860; x_wconf 84' lang='lat' dir='ltr'>quinta</span> <span class='ocrx_word' id='word_1_283' title='bbox 883 2822 981 2849; x_wconf 89' lang='lat' dir='ltr'>vero</span> <span class='ocrx_word' id='word_1_284' title='bbox 1002 2810 1140 2849; x_wconf 88' lang='lat' dir='ltr'>condi-</span> 
     </span>
     <span class='ocr_line' id='line_1_48' title="bbox 112 2871 1136 2923; baseline 0 -12"><span class='ocrx_word' id='word_1_285' title='bbox 112 2871 238 2919; x_wconf 85' lang='lat' dir='ltr'>tione,</span> <span class='ocrx_word' id='word_1_286' title='bbox 260 2883 349 2922; x_wconf 83' lang='lat' dir='ltr'>quae</span> <span class='ocrx_word' id='word_1_287' title='bbox 378 2875 439 2910; x_wconf 88' lang='lat' dir='ltr'>est</span> <span class='ocrx_word' id='word_1_288' title='bbox 460 2871 627 2910; x_wconf 89' lang='lat' dir='ltr'>libertas</span> <span class='ocrx_word' id='word_1_289' title='bbox 646 2883 670 2910; x_wconf 86' lang='lat' dir='ltr'>a</span> <span class='ocrx_word' id='word_1_290' title='bbox 689 2871 875 2923; x_wconf 84' lang='lat' dir='ltr'>legitima</span> <span class='ocrx_word' id='word_1_291' title='bbox 912 2872 1108 2911; x_wconf 87' lang='lat' dir='ltr'>servitute</span> <span class='ocrx_word' id='word_1_292' title='bbox 1126 2902 1136 2919; x_wconf 93' lang='lat'>‚</span> 
     </span>
     <span class='ocr_line' id='line_1_49' title="bbox 109 2924 1138 2985; baseline 0.001 -14"><span class='ocrx_word' id='word_1_293' title='bbox 109 2924 214 2972; x_wconf 81' lang='lat' dir='ltr'>&#39;nihil</span> <span class='ocrx_word' id='word_1_294' title='bbox 233 2932 299 2972; x_wconf 93' lang='lat' dir='ltr'>hic</span> <span class='ocrx_word' id='word_1_295' title='bbox 317 2932 470 2972; x_wconf 90' lang='lat' dir='ltr'>addere</span> <span class='ocrx_word' id='word_1_296' title='bbox 487 2944 657 2972; x_wconf 88' lang='lat' dir='ltr'>necesse</span> <span class='ocrx_word' id='word_1_297' title='bbox 681 2938 756 2982; x_wconf 90' lang='lat' dir='ltr'>est,</span> <span class='ocrx_word' id='word_1_298' title='bbox 779 2934 875 2985; x_wconf 88' lang='lat' dir='ltr'>quia</span> <span class='ocrx_word' id='word_1_299' title='bbox 892 2934 979 2985; x_wconf 87' lang='lat' dir='ltr'>jam</span> <span class='ocrx_word' id='word_1_300' title='bbox 997 2945 1138 2984; x_wconf 88' lang='lat' dir='ltr'>supra,</span> 
     </span>
     <span class='ocr_line' id='line_1_50' title="bbox 114 2996 1136 3049; baseline 0 -13"><span class='ocrx_word' id='word_1_301' title='bbox 114 2996 184 3036; x_wconf 85' lang='lat' dir='ltr'>lib.</span> <span class='ocrx_word' id='word_1_302' title='bbox 205 2998 243 3045; x_wconf 72' lang='lat'>2,</span> <span class='ocrx_word' id='word_1_303' title='bbox 265 3009 354 3049; x_wconf 88' lang='lat' dir='ltr'>cap.</span> <span class='ocrx_word' id='word_1_304' title='bbox 378 2997 536 3048; x_wconf 91' lang='lat' dir='ltr'>quinto,</span> <span class='ocrx_word' id='word_1_305' title='bbox 563 3009 736 3036; x_wconf 90' lang='lat' dir='ltr'>numero</span> <span class='ocrx_word' id='word_1_306' title='bbox 760 2998 959 3049; x_wconf 84' lang='lat' dir='ltr'>vigesimo</span> <span class='ocrx_word' id='word_1_307' title='bbox 978 2998 1136 3048; x_wconf 85' lang='lat' dir='ltr'>quinto,</span> 
     </span>
     <span class='ocr_line' id='line_1_51' title="bbox 114 3057 1141 3110; baseline 0.001 -14"><span class='ocrx_word' id='word_1_308' title='bbox 114 3057 290 3097; x_wconf 79' lang='lat' dir='ltr'>vidimus</span> <span class='ocrx_word' id='word_1_309' title='bbox 305 3089 318 3107; x_wconf 90' lang='lat'>,</span> <span class='ocrx_word' id='word_1_310' title='bbox 353 3059 448 3098; x_wconf 87' lang='lat' dir='ltr'>licet</span> <span class='ocrx_word' id='word_1_311' title='bbox 481 3059 656 3098; x_wconf 87' lang='lat' dir='ltr'>servitus</span> <span class='ocrx_word' id='word_1_312' title='bbox 686 3059 782 3110; x_wconf 89' lang='lat' dir='ltr'>jure</span> <span class='ocrx_word' id='word_1_313' title='bbox 823 3059 1034 3099; x_wconf 91' lang='lat' dir='ltr'>communi</span> <span class='ocrx_word' id='word_1_314' title='bbox 1066 3059 1141 3097; x_wconf 92' lang='lat' dir='ltr'>im-</span> 
     </span>
     <span class='ocr_line' id='line_1_52' title="bbox 116 3118 1142 3172; baseline 0.003 -15"><span class='ocrx_word' id='word_1_315' title='bbox 116 3118 268 3170; x_wconf 88' lang='lat' dir='ltr'>pediat,</span> <span class='ocrx_word' id='word_1_316' title='bbox 289 3122 330 3159; x_wconf 87' lang='lat' dir='ltr'>et</span> <span class='ocrx_word' id='word_1_317' title='bbox 358 3132 443 3160; x_wconf 92' lang='lat' dir='ltr'>non</span> <span class='ocrx_word' id='word_1_318' title='bbox 478 3120 643 3160; x_wconf 86' lang='lat' dir='ltr'>dirimat</span> <span class='ocrx_word' id='word_1_319' title='bbox 666 3121 968 3172; x_wconf 88' lang='lat' dir='ltr'>professionem</span> <span class='ocrx_word' id='word_1_320' title='bbox 997 3120 1142 3160; x_wconf 90' lang='lat' dir='ltr'>subse-</span> 
     </span>
     <span class='ocr_line' id='line_1_53' title="bbox 119 3182 1142 3234; baseline 0.003 -16"><span class='ocrx_word' id='word_1_321' title='bbox 119 3182 270 3227; x_wconf 83' lang='lat' dir='ltr'>cutam,</span> <span class='ocrx_word' id='word_1_322' title='bbox 289 3192 338 3219; x_wconf 85' lang='lat' dir='ltr'>ex</span> <span class='ocrx_word' id='word_1_323' title='bbox 362 3182 530 3232; x_wconf 90' lang='lat' dir='ltr'>speciali</span> <span class='ocrx_word' id='word_1_324' title='bbox 546 3186 687 3222; x_wconf 85' lang='lat' dir='ltr'>tamen</span> <span class='ocrx_word' id='word_1_325' title='bbox 706 3183 799 3234; x_wconf 84' lang='lat' dir='ltr'>jure</span> <span class='ocrx_word' id='word_1_326' title='bbox 817 3182 1029 3223; x_wconf 88' lang='lat' dir='ltr'>Societatis</span> <span class='ocrx_word' id='word_1_327' title='bbox 1050 3194 1142 3222; x_wconf 88' lang='lat' dir='ltr'>esse</span> 
     </span>
     <span class='ocr_line' id='line_1_54' title="bbox 116 3239 1143 3298; baseline 0.005 -20"><span class='ocrx_word' id='word_1_328' title='bbox 116 3239 456 3298; x_wconf 24' lang='lat' dir='ltr'>{impedimentum</span> <span class='ocrx_word' id='word_1_329' title='bbox 470 3243 737 3285; x_wconf 88' lang='lat' dir='ltr'>inhabilitans</span> <span class='ocrx_word' id='word_1_330' title='bbox 749 3256 987 3296; x_wconf 86' lang='lat' dir='ltr'>personam,</span> <span class='ocrx_word' id='word_1_331' title='bbox 1000 3255 1143 3296; x_wconf 89' lang='lat' dir='ltr'>quam-</span> 
     </span>
     <span class='ocr_line' id='line_1_55' title="bbox 123 3300 538 3343; baseline 0.007 -3"><span class='ocrx_word' id='word_1_332' title='bbox 123 3300 196 3340; x_wconf 89' lang='lat' dir='ltr'>diu</span> <span class='ocrx_word' id='word_1_333' title='bbox 213 3301 387 3341; x_wconf 79' lang='lat' dir='ltr'>servitus</span> <span class='ocrx_word' id='word_1_334' title='bbox 405 3301 538 3343; x_wconf 85' lang='lat' dir='ltr'>durat.</span> 
     </span>
    </p>

    <p class='ocr_par' dir='ltr' id='par_1_7' title="bbox 124 3361 1152 3600">
     <span class='ocr_line' id='line_1_56' title="bbox 133 3361 1147 3422; baseline 0.002 -20"><span class='ocrx_word' id='word_1_335' title='bbox 133 3418 140 3422; x_wconf 24' lang='grc' dir='ltr'>ι</span> <span class='ocrx_word' id='word_1_336' title='bbox 175 3363 215 3402; x_wconf 86' lang='grc'>9.</span> <span class='ocrx_word' id='word_1_337' title='bbox 250 3361 455 3403; x_wconf 80' lang='lat' dir='ltr'>Similiter</span> <span class='ocrx_word' id='word_1_338' title='bbox 488 3367 525 3404; x_wconf 80' lang='lat' dir='ltr'>et</span> <span class='ocrx_word' id='word_1_339' title='bbox 559 3370 684 3407; x_wconf 70' lang='lat' dir='ltr'>serta.</span> <span class='ocrx_word' id='word_1_340' title='bbox 716 3390 770 3396; x_wconf 93' lang='lat'><strong>—</strong></span> <span class='ocrx_word' id='word_1_341' title='bbox 801 3368 861 3407; x_wconf 90' lang='lat' dir='ltr'>De</span> <span class='ocrx_word' id='word_1_342' title='bbox 896 3365 1147 3406; x_wconf 84' lang='lat' dir='ltr'>matrimonii</span> 
     </span>
     <span class='ocr_line' id='line_1_57' title="bbox 124 3423 1148 3480; baseline 0.002 -17"><span class='ocrx_word' id='word_1_343' title='bbox 124 3423 250 3463; x_wconf 75' lang='lat' dir='ltr'>etiam</span> <span class='ocrx_word' id='word_1_344' title='bbox 268 3423 447 3471; x_wconf 87' lang='lat' dir='ltr'>vinculo,</span> <span class='ocrx_word' id='word_1_345' title='bbox 470 3424 587 3476; x_wconf 86' lang='lat' dir='ltr'>cujus</span> <span class='ocrx_word' id='word_1_346' title='bbox 607 3429 786 3467; x_wconf 84' lang='lat' dir='ltr'>carentia</span> <span class='ocrx_word' id='word_1_347' title='bbox 810 3432 950 3480; x_wconf 88' lang='lat' dir='ltr'>posset</span> <span class='ocrx_word' id='word_1_348' title='bbox 968 3432 1014 3466; x_wconf 86' lang='lat' dir='ltr'>ut</span> <span class='ocrx_word' id='word_1_349' title='bbox 1033 3432 1148 3467; x_wconf 83' lang='lat' dir='ltr'>sexta</span> 
     </span>
     <span class='ocr_line' id='line_1_58' title="bbox 125 3485 1148 3538; baseline 0.001 -13"><span class='ocrx_word' id='word_1_350' title='bbox 125 3485 306 3525; x_wconf 87' lang='lat' dir='ltr'>conditio</span> <span class='ocrx_word' id='word_1_351' title='bbox 324 3486 537 3538; x_wconf 87' lang='lat' dir='ltr'>postulari,</span> <span class='ocrx_word' id='word_1_352' title='bbox 570 3486 691 3526; x_wconf 88' lang='lat' dir='ltr'>etiam</span> <span class='ocrx_word' id='word_1_353' title='bbox 722 3489 890 3534; x_wconf 84' lang='lat' dir='ltr'>ibidem,</span> <span class='ocrx_word' id='word_1_354' title='bbox 919 3502 942 3527; x_wconf 92' lang='lat' dir='ltr'>a</span> <span class='ocrx_word' id='word_1_355' title='bbox 973 3499 1148 3527; x_wconf 91' lang='lat' dir='ltr'>numero</span> 
     </span>
     <span class='ocr_line' id='line_1_59' title="bbox 124 3546 1152 3600; baseline 0.003 -15"><span class='ocrx_word' id='word_1_356' title='bbox 124 3546 325 3598; x_wconf 81' lang='lat' dir='ltr'>vigesimo</span> <span class='ocrx_word' id='word_1_357' title='bbox 345 3548 541 3598; x_wconf 89' lang='lat' dir='ltr'>secundo,</span> <span class='ocrx_word' id='word_1_358' title='bbox 568 3548 744 3587; x_wconf 84' lang='lat' dir='ltr'>diximus</span> <span class='ocrx_word' id='word_1_359' title='bbox 758 3578 768 3595; x_wconf 91' lang='lat'>,</span> <span class='ocrx_word' id='word_1_360' title='bbox 787 3551 995 3600; x_wconf 75' lang='lat' dir='ltr'>quomodo</span> <span class='ocrx_word' id='word_1_361' title='bbox 1015 3550 1058 3589; x_wconf 92' lang='lat' dir='ltr'>in</span> <span class='ocrx_word' id='word_1_362' title='bbox 1077 3550 1152 3590; x_wconf 89' lang='lat' dir='ltr'>So-</span> 
     </span>
    </p>
   </div>
   <div class='ocr_carea' id='block_1_5' title="bbox 119 3610 1156 3665">
    <p class='ocr_par' dir='ltr' id='par_1_8' title="bbox 119 3610 1156 3665">
     <span class='ocr_line' id='line_1_60' title="bbox 119 3610 1156 3665; baseline 0.002 -14"><span class='ocrx_word' id='word_1_363' title='bbox 119 3610 275 3652; x_wconf 76' lang='lat' dir='ltr'>¹cietate</span> <span class='ocrx_word' id='word_1_364' title='bbox 310 3612 546 3653; x_wconf 83' lang='lat' dir='ltr'>necessaria</span> <span class='ocrx_word' id='word_1_365' title='bbox 579 3611 660 3660; x_wconf 84' lang='lat' dir='ltr'>sit,</span> <span class='ocrx_word' id='word_1_366' title='bbox 690 3610 816 3651; x_wconf 87' lang='lat' dir='ltr'>etiam</span> <span class='ocrx_word' id='word_1_367' title='bbox 843 3623 896 3652; x_wconf 81' lang='lat' dir='ltr'>ex</span> <span class='ocrx_word' id='word_1_368' title='bbox 922 3613 1090 3665; x_wconf 86' lang='lat' dir='ltr'>proprio</span> <span class='ocrx_word' id='word_1_369' title='bbox 1110 3615 1156 3653; x_wconf 81' lang='lat' dir='ltr'>et</span> 
     </span>
    </p>
   </div>
   <div class='ocr_carea' id='block_1_6' title="bbox 2143 215 2218 259">
    <p class='ocr_par' dir='ltr' id='par_1_9' title="bbox 2143 215 2218 259">
     <span class='ocr_line' id='line_1_61' title="bbox 2143 215 2218 259; baseline 0.027 -2"><span class='ocrx_word' id='word_1_370' title='bbox 2143 215 2218 259; x_wconf 74' lang='lat'>⁶81</span> 
     </span>
    </p>
   </div>
   <div class='ocr_carea' id='block_1_7' title="bbox 1185 283 2218 646">
    <p class='ocr_par' dir='ltr' id='par_1_10' title="bbox 1185 283 2218 646">
     <span class='ocr_line' id='line_1_62' title="bbox 1188 283 2217 336; baseline 0.001 -11"><span class='ocrx_word' id='word_1_371' title='bbox 1188 285 1356 336; x_wconf 87' lang='lat' dir='ltr'>speciali</span> <span class='ocrx_word' id='word_1_372' title='bbox 1371 287 1466 336; x_wconf 86' lang='lat' dir='ltr'>jure</span> <span class='ocrx_word' id='word_1_373' title='bbox 1482 286 1606 334; x_wconf 89' lang='lat' dir='ltr'>illius,</span> <span class='ocrx_word' id='word_1_374' title='bbox 1626 292 1668 327; x_wconf 88' lang='lat' dir='ltr'>et</span> <span class='ocrx_word' id='word_1_375' title='bbox 1684 287 1781 327; x_wconf 88' lang='lat' dir='ltr'>ideo</span> <span class='ocrx_word' id='word_1_376' title='bbox 1806 286 1903 327; x_wconf 82' lang='lat' dir='ltr'>licet</span> <span class='ocrx_word' id='word_1_377' title='bbox 1919 284 1988 326; x_wconf 83' lang='lat' dir='ltr'>hic</span> <span class='ocrx_word' id='word_1_378' title='bbox 2004 283 2132 326; x_wconf 82' lang='lat' dir='ltr'>etiam</span> <span class='ocrx_word' id='word_1_379' title='bbox 2146 286 2217 326; x_wconf 84' lang='lat' dir='ltr'>ha·</span> 
     </span>
     <span class='ocr_line' id='line_1_63' title="bbox 1188 346 2217 400; baseline 0.001 -14"><span class='ocrx_word' id='word_1_380' title='bbox 1188 346 1289 387; x_wconf 87' lang='lat' dir='ltr'>bere</span> <span class='ocrx_word' id='word_1_381' title='bbox 1321 346 1452 398; x_wconf 88' lang='lat' dir='ltr'>possit</span> <span class='ocrx_word' id='word_1_382' title='bbox 1473 346 1611 385; x_wconf 90' lang='lat' dir='ltr'>locum</span> <span class='ocrx_word' id='word_1_383' title='bbox 1631 349 1819 398; x_wconf 75' lang='lat' dir='ltr'>quaestio,</span> <span class='ocrx_word' id='word_1_384' title='bbox 1840 360 1895 388; x_wconf 87' lang='lat' dir='ltr'>an</span> <span class='ocrx_word' id='word_1_385' title='bbox 1909 348 2019 400; x_wconf 86' lang='lat' dir='ltr'>jura,</span> <span class='ocrx_word' id='word_1_386' title='bbox 2042 359 2135 399; x_wconf 80' lang='lat' dir='ltr'>quoe</span> <span class='ocrx_word' id='word_1_387' title='bbox 2167 347 2217 387; x_wconf 87' lang='lat' dir='ltr'>ir-</span> 
     </span>
     <span class='ocr_line' id='line_1_64' title="bbox 1187 407 2218 462; baseline 0.002 -15"><span class='ocrx_word' id='word_1_388' title='bbox 1187 407 1316 447; x_wconf 85' lang='lat' dir='ltr'>ritant</span> <span class='ocrx_word' id='word_1_389' title='bbox 1335 407 1638 459; x_wconf 87' lang='lat' dir='ltr'>professionem</span> <span class='ocrx_word' id='word_1_390' title='bbox 1671 408 1822 448; x_wconf 90' lang='lat' dir='ltr'>factam</span> <span class='ocrx_word' id='word_1_391' title='bbox 1857 410 1910 449; x_wconf 86' lang='lat' dir='ltr'>ab</span> <span class='ocrx_word' id='word_1_392' title='bbox 1935 421 2021 449; x_wconf 90' lang='lat' dir='ltr'>uno</span> <span class='ocrx_word' id='word_1_393' title='bbox 2040 409 2218 462; x_wconf 85' lang='lat' dir='ltr'>conjuge</span> 
     </span>
     <span class='ocr_line' id='line_1_65' title="bbox 1189 468 2215 519; baseline 0.002 -11"><span class='ocrx_word' id='word_1_394' title='bbox 1189 469 1277 509; x_wconf 88' lang='lat' dir='ltr'>sine</span> <span class='ocrx_word' id='word_1_395' title='bbox 1297 468 1462 508; x_wconf 90' lang='lat' dir='ltr'>licentia</span> <span class='ocrx_word' id='word_1_396' title='bbox 1483 468 1651 508; x_wconf 89' lang='lat' dir='ltr'>alterius</span> <span class='ocrx_word' id='word_1_397' title='bbox 1671 474 1764 519; x_wconf 83' lang='lat' dir='ltr'>post</span> <span class='ocrx_word' id='word_1_398' title='bbox 1781 475 2114 512; x_wconf 90' lang='lat' dir='ltr'>consummatum</span> <span class='ocrx_word' id='word_1_399' title='bbox 2132 482 2215 510; x_wconf 86' lang='lat' dir='ltr'>ma-</span> 
     </span>
     <span class='ocr_line' id='line_1_66' title="bbox 1185 530 2216 584; baseline 0.004 -15"><span class='ocrx_word' id='word_1_400' title='bbox 1185 531 1439 579; x_wconf 88' lang='lat' dir='ltr'>trimonium,</span> <span class='ocrx_word' id='word_1_401' title='bbox 1460 530 1599 569; x_wconf 91' lang='lat' dir='ltr'>locum</span> <span class='ocrx_word' id='word_1_402' title='bbox 1618 530 1800 569; x_wconf 86' lang='lat' dir='ltr'>habeant</span> <span class='ocrx_word' id='word_1_403' title='bbox 1814 531 1855 570; x_wconf 91' lang='lat' dir='ltr'>in</span> <span class='ocrx_word' id='word_1_404' title='bbox 1876 533 2133 573; x_wconf 78' lang='lat' dir='ltr'>scholaribus</span> <span class='ocrx_word' id='word_1_405' title='bbox 2145 534 2216 584; x_wconf 59' lang='lat'>807</span> 
     </span>
     <span class='ocr_line' id='line_1_67' title="bbox 1185 591 2216 646; baseline 0.004 -15"><span class='ocrx_word' id='word_1_406' title='bbox 1185 593 1360 637; x_wconf 87' lang='lat' dir='ltr'>cietatis,</span> <span class='ocrx_word' id='word_1_407' title='bbox 1377 596 1518 631; x_wconf 84' lang='lat' dir='ltr'>tamen</span> <span class='ocrx_word' id='word_1_408' title='bbox 1538 591 1606 630; x_wconf 89' lang='lat' dir='ltr'>hic</span> <span class='ocrx_word' id='word_1_409' title='bbox 1625 591 1761 629; x_wconf 90' lang='lat' dir='ltr'>minus</span> <span class='ocrx_word' id='word_1_410' title='bbox 1779 595 1840 630; x_wconf 89' lang='lat' dir='ltr'>est</span> <span class='ocrx_word' id='word_1_411' title='bbox 1858 595 2102 644; x_wconf 85' lang='lat' dir='ltr'>necessaria,</span> <span class='ocrx_word' id='word_1_412' title='bbox 2119 594 2216 646; x_wconf 84' lang='lat' dir='ltr'>quia</span> 
     </span>
    </p>
   </div>
   <div class='ocr_carea' id='block_1_8' title="bbox 1181 652 2220 705">
    <p class='ocr_par' dir='ltr' id='par_1_11' title="bbox 1181 652 2220 705">
     <span class='ocr_line' id='line_1_68' title="bbox 1181 652 2220 705; baseline 0.004 -13"><span class='ocrx_word' id='word_1_413' title='bbox 1181 654 1239 693; x_wconf 77' lang='lat' dir='ltr'>&#39;ex</span> <span class='ocrx_word' id='word_1_414' title='bbox 1258 654 1425 705; x_wconf 89' lang='lat' dir='ltr'>speciali</span> <span class='ocrx_word' id='word_1_415' title='bbox 1456 655 1552 704; x_wconf 75' lang='lat' dir='ltr'>Jure</span> <span class='ocrx_word' id='word_1_416' title='bbox 1575 652 1798 692; x_wconf 69' lang='lat' dir='ltr'>Sovietatis</span> <span class='ocrx_word' id='word_1_417' title='bbox 1819 657 1980 693; x_wconf 85' lang='lat' dir='ltr'>constat</span> <span class='ocrx_word' id='word_1_418' title='bbox 2014 655 2093 695; x_wconf 86' lang='lat' dir='ltr'>hoc</span> <span class='ocrx_word' id='word_1_419' title='bbox 2125 667 2220 696; x_wconf 76' lang='lat' dir='ltr'>esse</span> 
     </span>
    </p>
   </div>
   <div class='ocr_carea' id='block_1_9' title="bbox 1186 715 2238 3660">
    <p class='ocr_par' dir='ltr' id='par_1_12' title="bbox 1186 715 2217 890">
     <span class='ocr_line' id='line_1_69' title="bbox 1187 715 2216 768; baseline 0.002 -13"><span class='ocrx_word' id='word_1_420' title='bbox 1187 716 1532 767; x_wconf 89' lang='lat' dir='ltr'>impedimentum</span> <span class='ocrx_word' id='word_1_421' title='bbox 1570 715 1734 754; x_wconf 87' lang='lat' dir='ltr'>irritans</span> <span class='ocrx_word' id='word_1_422' title='bbox 1784 715 2019 763; x_wconf 87' lang='lat' dir='ltr'>ingressum</span> <span class='ocrx_word' id='word_1_423' title='bbox 2040 745 2052 762; x_wconf 91' lang='lat'>,</span> <span class='ocrx_word' id='word_1_424' title='bbox 2091 721 2216 768; x_wconf 85' lang='lat' dir='ltr'>atque</span> 
     </span>
     <span class='ocr_line' id='line_1_70' title="bbox 1186 775 2217 832; baseline 0.002 -17"><span class='ocrx_word' id='word_1_425' title='bbox 1186 777 1291 815; x_wconf 91' lang='lat' dir='ltr'>adeo</span> <span class='ocrx_word' id='word_1_426' title='bbox 1311 777 1578 815; x_wconf 84' lang='lat' dir='ltr'>inhabilitaus</span> <span class='ocrx_word' id='word_1_427' title='bbox 1597 787 1819 828; x_wconf 84' lang='lat' dir='ltr'>personam</span> <span class='ocrx_word' id='word_1_428' title='bbox 1842 775 1897 815; x_wconf 84' lang='lat' dir='ltr'>ad</span> <span class='ocrx_word' id='word_1_429' title='bbox 1912 788 2217 832; x_wconf 84' lang='lat' dir='ltr'>quemcumque</span> 
     </span>
     <span class='ocr_line' id='line_1_71' title="bbox 1186 838 1612 890; baseline 0 -14"><span class='ocrx_word' id='word_1_430' title='bbox 1186 838 1284 890; x_wconf 88' lang='lat' dir='ltr'>grad</span> <span class='ocrx_word' id='word_1_431' title='bbox 1294 851 1361 876; x_wconf 92' lang='lat' dir='ltr'>um</span> <span class='ocrx_word' id='word_1_432' title='bbox 1383 839 1612 878; x_wconf 85' lang='lat' dir='ltr'>Societatis.</span> 
     </span>
    </p>

    <p class='ocr_par' dir='ltr' id='par_1_13' title="bbox 1186 899 2232 3035">
     <span class='ocr_line' id='line_1_72' title="bbox 1241 899 2221 952; baseline 0 -13"><span class='ocrx_word' id='word_1_433' title='bbox 1241 901 1304 939; x_wconf 86' lang='lat'>10.</span> <span class='ocrx_word' id='word_1_434' title='bbox 1337 901 1390 939; x_wconf 85' lang='lat' dir='ltr'>In</span> <span class='ocrx_word' id='word_1_435' title='bbox 1422 899 1619 940; x_wconf 82' lang='lat' dir='ltr'>Societate</span> <span class='ocrx_word' id='word_1_436' title='bbox 1649 911 1718 939; x_wconf 85' lang='lat' dir='ltr'>nec</span> <span class='ocrx_word' id='word_1_437' title='bbox 1742 899 1944 952; x_wconf 78' lang='lat' dir='ltr'>professio</span> <span class='ocrx_word' id='word_1_438' title='bbox 1977 909 2098 950; x_wconf 75' lang='lat' dir='ltr'>neque</span> <span class='ocrx_word' id='word_1_439' title='bbox 2124 901 2221 945; x_wconf 82' lang='lat' dir='ltr'>vota.</span> 
     </span>
     <span class='ocr_line' id='line_1_73' title="bbox 1186 959 2222 1014; baseline -0.002 -13"><span class='ocrx_word' id='word_1_440' title='bbox 1186 962 1426 1002; x_wconf 70' lang='lat' dir='ltr'>scholarium</span> <span class='ocrx_word' id='word_1_441' title='bbox 1445 962 1575 1002; x_wconf 84' lang='lat' dir='ltr'>valent</span> <span class='ocrx_word' id='word_1_442' title='bbox 1595 973 1620 1000; x_wconf 85' lang='lat' dir='ltr'><strong><em>a</em></strong></span> <span class='ocrx_word' id='word_1_443' title='bbox 1639 961 1849 1014; x_wconf 67' lang='lat' dir='ltr'>conjvzqato</span> <span class='ocrx_word' id='word_1_444' title='bbox 1865 961 2023 1005; x_wconf 86' lang='lat' dir='ltr'>emissa,</span> <span class='ocrx_word' id='word_1_445' title='bbox 2041 959 2123 999; x_wconf 86' lang='lat' dir='ltr'>nisi</span> <span class='ocrx_word' id='word_1_446' title='bbox 2142 971 2222 999; x_wconf 88' lang='lat' dir='ltr'>om-</span> 
     </span>
     <span class='ocr_line' id='line_1_74' title="bbox 1186 1020 2222 1073; baseline -0.003 -11"><span class='ocrx_word' id='word_1_447' title='bbox 1186 1023 1279 1062; x_wconf 77' lang='lat' dir='ltr'>nino</span> <span class='ocrx_word' id='word_1_448' title='bbox 1294 1024 1411 1063; x_wconf 88' lang='lat' dir='ltr'>libero</span> <span class='ocrx_word' id='word_1_449' title='bbox 1425 1023 1472 1061; x_wconf 85' lang='lat' dir='ltr'>ab</span> <span class='ocrx_word' id='word_1_450' title='bbox 1486 1022 1918 1070; x_wconf 75' lang='lat' dir='ltr'>uxore.—1mo‚licet</span> <span class='ocrx_word' id='word_1_451' title='bbox 1903 1033 1996 1073; x_wconf 83' lang='lat' dir='ltr'>Jure</span> <span class='ocrx_word' id='word_1_452' title='bbox 2010 1020 2222 1060; x_wconf 83' lang='lat' dir='ltr'>communi</span> 
     </span>
     <span class='ocr_line' id='line_1_75' title="bbox 1188 1083 2221 1135; baseline -0.001 -12"><span class='ocrx_word' id='word_1_453' title='bbox 1188 1084 1396 1124; x_wconf 85' lang='lat' dir='ltr'>interdum</span> <span class='ocrx_word' id='word_1_454' title='bbox 1409 1085 1544 1123; x_wconf 84' lang='lat' dir='ltr'>valeat</span> <span class='ocrx_word' id='word_1_455' title='bbox 1562 1084 1764 1135; x_wconf 89' lang='lat' dir='ltr'>professio</span> <span class='ocrx_word' id='word_1_456' title='bbox 1790 1085 1911 1122; x_wconf 91' lang='lat' dir='ltr'>unius</span> <span class='ocrx_word' id='word_1_457' title='bbox 1930 1083 2118 1134; x_wconf 89' lang='lat' dir='ltr'>conjugis</span> <span class='ocrx_word' id='word_1_458' title='bbox 2132 1083 2221 1122; x_wconf 83' lang='lat' dir='ltr'>sine</span> 
     </span>
     <span class='ocr_line' id='line_1_76' title="bbox 1189 1144 2223 1196; baseline -0.002 -12"><span class='ocrx_word' id='word_1_459' title='bbox 1189 1146 1372 1195; x_wconf 85' lang='lat' dir='ltr'>legitima</span> <span class='ocrx_word' id='word_1_460' title='bbox 1405 1147 1674 1185; x_wconf 89' lang='lat' dir='ltr'>conversione</span> <span class='ocrx_word' id='word_1_461' title='bbox 1701 1146 1891 1194; x_wconf 88' lang='lat' dir='ltr'>alterius,</span> <span class='ocrx_word' id='word_1_462' title='bbox 1915 1145 1984 1196; x_wconf 90' lang='lat' dir='ltr'>qui</span> <span class='ocrx_word' id='word_1_463' title='bbox 2011 1144 2223 1183; x_wconf 87' lang='lat' dir='ltr'>licentiam</span> 
     </span>
     <span class='ocr_line' id='line_1_77' title="bbox 1189 1205 2220 1256; baseline -0.003 -10"><span class='ocrx_word' id='word_1_464' title='bbox 1189 1207 1317 1254; x_wconf 88' lang='lat' dir='ltr'>dedit,</span> <span class='ocrx_word' id='word_1_465' title='bbox 1338 1220 1431 1246; x_wconf 90' lang='lat' dir='ltr'>cum</span> <span class='ocrx_word' id='word_1_466' title='bbox 1452 1207 1806 1246; x_wconf 81' lang='lat' dir='ltr'>moderationibus</span> <span class='ocrx_word' id='word_1_467' title='bbox 1827 1209 1869 1245; x_wconf 90' lang='lat' dir='ltr'>in</span> <span class='ocrx_word' id='word_1_468' title='bbox 1887 1208 1979 1256; x_wconf 81' lang='lat' dir='ltr'>jure</span> <span class='ocrx_word' id='word_1_469' title='bbox 1998 1205 2220 1255; x_wconf 87' lang='lat' dir='ltr'>expressis,</span> 
     </span>
     <span class='ocr_line' id='line_1_78' title="bbox 1192 1263 2225 1320; baseline -0.003 -12"><span class='ocrx_word' id='word_1_470' title='bbox 1192 1274 1232 1308; x_wconf 91' lang='lat' dir='ltr'>et</span> <span class='ocrx_word' id='word_1_471' title='bbox 1264 1270 1465 1320; x_wconf 85' lang='lat' dir='ltr'>superiori</span> <span class='ocrx_word' id='word_1_472' title='bbox 1485 1274 1597 1308; x_wconf 86' lang='lat' dir='ltr'>tomo</span> <span class='ocrx_word' id='word_1_473' title='bbox 1619 1270 1862 1317; x_wconf 87' lang='lat' dir='ltr'>declaratis,</span> <span class='ocrx_word' id='word_1_474' title='bbox 1885 1268 2157 1307; x_wconf 85' lang='lat' dir='ltr'>nihilominus</span> <span class='ocrx_word' id='word_1_475' title='bbox 2179 1263 2225 1305; x_wconf 88' lang='lat' dir='ltr'>in</span> 
     </span>
     <span class='ocr_line' id='line_1_79' title="bbox 1192 1331 2224 1381; baseline -0.004 -11"><span class='ocrx_word' id='word_1_476' title='bbox 1192 1332 1396 1370; x_wconf 89' lang='lat' dir='ltr'>Societate</span> <span class='ocrx_word' id='word_1_477' title='bbox 1418 1331 1517 1369; x_wconf 90' lang='lat' dir='ltr'>mihi</span> <span class='ocrx_word' id='word_1_478' title='bbox 1538 1331 1915 1381; x_wconf 87' lang='lat' dir='ltr'>probabilissimum</span> <span class='ocrx_word' id='word_1_479' title='bbox 1938 1334 2013 1377; x_wconf 85' lang='lat' dir='ltr'>est,</span> <span class='ocrx_word' id='word_1_480' title='bbox 2032 1341 2109 1367; x_wconf 90' lang='lat' dir='ltr'>nec</span> <span class='ocrx_word' id='word_1_481' title='bbox 2127 1339 2224 1379; x_wconf 91' lang='lat' dir='ltr'>pro-</span> 
     </span>
     <span class='ocr_line' id='line_1_80' title="bbox 1190 1390 2224 1443; baseline -0.004 -12"><span class='ocrx_word' id='word_1_482' title='bbox 1190 1393 1427 1438; x_wconf 85' lang='lat' dir='ltr'>fessionem,</span> <span class='ocrx_word' id='word_1_483' title='bbox 1458 1405 1595 1443; x_wconf 91' lang='lat' dir='ltr'>neque</span> <span class='ocrx_word' id='word_1_484' title='bbox 1614 1394 1721 1431; x_wconf 90' lang='lat' dir='ltr'>hanc</span> <span class='ocrx_word' id='word_1_485' title='bbox 1738 1391 1990 1431; x_wconf 87' lang='lat' dir='ltr'>scholarium</span> <span class='ocrx_word' id='word_1_486' title='bbox 2010 1390 2224 1429; x_wconf 85' lang='lat' dir='ltr'>admissio-</span> 
     </span>
     <span class='ocr_line' id='line_1_81' title="bbox 1190 1450 2226 1504; baseline -0.003 -12"><span class='ocrx_word' id='word_1_487' title='bbox 1190 1466 1288 1493; x_wconf 91' lang='lat' dir='ltr'>nem</span> <span class='ocrx_word' id='word_1_488' title='bbox 1306 1454 1486 1492; x_wconf 87' lang='lat' dir='ltr'>validam</span> <span class='ocrx_word' id='word_1_489' title='bbox 1507 1466 1612 1500; x_wconf 89' lang='lat' dir='ltr'>esse,</span> <span class='ocrx_word' id='word_1_490' title='bbox 1635 1454 1712 1492; x_wconf 88' lang='lat' dir='ltr'>nisi</span> <span class='ocrx_word' id='word_1_491' title='bbox 1738 1454 1858 1504; x_wconf 90' lang='lat' dir='ltr'>plene</span> <span class='ocrx_word' id='word_1_492' title='bbox 1880 1465 1929 1492; x_wconf 86' lang='lat' dir='ltr'>ac</span> <span class='ocrx_word' id='word_1_493' title='bbox 1948 1452 2130 1504; x_wconf 85' lang='lat' dir='ltr'>perfecte</span> <span class='ocrx_word' id='word_1_494' title='bbox 2152 1450 2226 1490; x_wconf 87' lang='lat' dir='ltr'>tol-</span> 
     </span>
     <span class='ocr_line' id='line_1_82' title="bbox 1190 1508 2228 1568; baseline -0.004 -14"><span class='ocrx_word' id='word_1_495' title='bbox 1190 1508 1408 1555; x_wconf 77' lang='lat' dir='ltr'>lathrillud</span> <span class='ocrx_word' id='word_1_496' title='bbox 1419 1515 1779 1566; x_wconf 86' lang='lat' dir='ltr'>impedimentum,</span> <span class='ocrx_word' id='word_1_497' title='bbox 1794 1515 1932 1566; x_wconf 86' lang='lat' dir='ltr'>quoad</span> <span class='ocrx_word' id='word_1_498' title='bbox 1944 1525 2109 1553; x_wconf 89' lang='lat' dir='ltr'>omnem</span> <span class='ocrx_word' id='word_1_499' title='bbox 2127 1511 2228 1568; x_wconf 76' lang='lat' dir='ltr'>obli-¹</span> 
     </span>
     <span class='ocr_line' id='line_1_83' title="bbox 1191 1576 2228 1629; baseline -0.004 -13"><span class='ocrx_word' id='word_1_500' title='bbox 1191 1579 1398 1629; x_wconf 77' lang='lat' dir='ltr'>gationem</span> <span class='ocrx_word' id='word_1_501' title='bbox 1428 1578 1630 1616; x_wconf 88' lang='lat' dir='ltr'>redeundi</span> <span class='ocrx_word' id='word_1_502' title='bbox 1663 1589 1848 1628; x_wconf 86' lang='lat' dir='ltr'>unquam</span> <span class='ocrx_word' id='word_1_503' title='bbox 1885 1576 1936 1615; x_wconf 89' lang='lat' dir='ltr'>ad</span> <span class='ocrx_word' id='word_1_504' title='bbox 1972 1576 2228 1615; x_wconf 68' lang='lat' dir='ltr'>consortium</span> 
     </span>
     <span class='ocr_line' id='line_1_84' title="bbox 1191 1634 2229 1702; baseline -0.003 -25"><span class='ocrx_word' id='word_1_505' title='bbox 1191 1639 1344 1685; x_wconf 88' lang='lat' dir='ltr'>uxoris,</span> <span class='ocrx_word' id='word_1_506' title='bbox 1375 1639 1441 1677; x_wconf 89' lang='lat' dir='ltr'>vel</span> <span class='ocrx_word' id='word_1_507' title='bbox 1474 1639 1675 1677; x_wconf 89' lang='lat' dir='ltr'>reddendi</span> <span class='ocrx_word' id='word_1_508' title='bbox 1706 1639 1907 1687; x_wconf 86' lang='lat' dir='ltr'>debitum,</span> <span class='ocrx_word' id='word_1_509' title='bbox 1942 1638 2099 1676; x_wconf 89' lang='lat' dir='ltr'>etiamsi</span> <span class='ocrx_word' id='word_1_510' title='bbox 2136 1634 2229 1702; x_wconf 78' lang='lat' dir='ltr'>ipsa</span> 
     </span>
     <span class='ocr_line' id='line_1_85' title="bbox 1193 1686 2229 1768; baseline -0.003 -29"><span class='ocrx_word' id='word_1_511' title='bbox 1193 1705 1318 1752; x_wconf 84' lang='lat' dir='ltr'>petat,</span> <span class='ocrx_word' id='word_1_512' title='bbox 1350 1701 1559 1768; x_wconf 84' lang='lat' dir='ltr'>quomodo</span> <span class='ocrx_word' id='word_1_513' title='bbox 1586 1713 1670 1739; x_wconf 90' lang='lat' dir='ltr'>non</span> <span class='ocrx_word' id='word_1_514' title='bbox 1707 1701 1864 1739; x_wconf 88' lang='lat' dir='ltr'>tollitur</span> <span class='ocrx_word' id='word_1_515' title='bbox 1894 1700 2015 1751; x_wconf 87' lang='lat' dir='ltr'>plene</span> <span class='ocrx_word' id='word_1_516' title='bbox 2049 1698 2128 1737; x_wconf 91' lang='lat' dir='ltr'>hoc</span> <span class='ocrx_word' id='word_1_517' title='bbox 2154 1686 2229 1736; x_wconf 92' lang='lat' dir='ltr'>im-</span> 
     </span>
     <span class='ocr_line' id='line_1_86' title="bbox 1192 1758 2230 1814; baseline -0.005 -13"><span class='ocrx_word' id='word_1_518' title='bbox 1192 1763 1494 1814; x_wconf 85' lang='lat' dir='ltr'>pedimentum,</span> <span class='ocrx_word' id='word_1_519' title='bbox 1516 1762 1594 1800; x_wconf 90' lang='lat' dir='ltr'>nisi</span> <span class='ocrx_word' id='word_1_520' title='bbox 1620 1774 1712 1801; x_wconf 91' lang='lat' dir='ltr'>cum</span> <span class='ocrx_word' id='word_1_521' title='bbox 1734 1762 1927 1800; x_wconf 75' lang='lat' dir='ltr'>facultate</span> <span class='ocrx_word' id='word_1_522' title='bbox 1948 1761 2087 1799; x_wconf 88' lang='lat' dir='ltr'>uxoris</span> <span class='ocrx_word' id='word_1_523' title='bbox 2105 1758 2230 1797; x_wconf 85' lang='lat' dir='ltr'>simul</span> 
     </span>
     <span class='ocr_line' id='line_1_87' title="bbox 1194 1822 2230 1874; baseline -0.004 -11"><span class='ocrx_word' id='word_1_524' title='bbox 1194 1828 1413 1863; x_wconf 84' lang='lat' dir='ltr'>concurrat</span> <span class='ocrx_word' id='word_1_525' title='bbox 1431 1824 1611 1874; x_wconf 81' lang='lat' dir='ltr'>legitima</span> <span class='ocrx_word' id='word_1_526' title='bbox 1631 1824 1843 1862; x_wconf 85' lang='lat' dir='ltr'>conversio</span> <span class='ocrx_word' id='word_1_527' title='bbox 1865 1823 1968 1872; x_wconf 85' lang='lat' dir='ltr'>ejus.</span> <span class='ocrx_word' id='word_1_528' title='bbox 1987 1822 2072 1860; x_wconf 90' lang='lat' dir='ltr'>Hoc</span> <span class='ocrx_word' id='word_1_529' title='bbox 2088 1826 2230 1859; x_wconf 88' lang='lat' dir='ltr'>autem</span> 
     </span>
     <span class='ocr_line' id='line_1_88' title="bbox 1190 1882 2229 1935; baseline -0.005 -10"><span class='ocrx_word' id='word_1_530' title='bbox 1190 1885 1341 1935; x_wconf 79' lang='lat' dir='ltr'>colligo</span> <span class='ocrx_word' id='word_1_531' title='bbox 1371 1897 1421 1923; x_wconf 83' lang='lat' dir='ltr'>ex</span> <span class='ocrx_word' id='word_1_532' title='bbox 1449 1885 1538 1934; x_wconf 90' lang='lat' dir='ltr'>ipso</span> <span class='ocrx_word' id='word_1_533' title='bbox 1558 1885 1651 1934; x_wconf 83' lang='lat' dir='ltr'>jure</span> <span class='ocrx_word' id='word_1_534' title='bbox 1674 1885 1887 1923; x_wconf 86' lang='lat' dir='ltr'>Societatis</span> <span class='ocrx_word' id='word_1_535' title='bbox 1915 1897 1938 1922; x_wconf 90' lang='lat' dir='ltr'>a</span> <span class='ocrx_word' id='word_1_536' title='bbox 1966 1882 2229 1922; x_wconf 78' lang='lat' dir='ltr'>Pontificibus</span> 
     </span>
     <span class='ocr_line' id='line_1_89' title="bbox 1193 1944 2230 1995; baseline -0.003 -10"><span class='ocrx_word' id='word_1_537' title='bbox 1193 1946 1450 1985; x_wconf 82' lang='lat' dir='ltr'>confirmato.</span> <span class='ocrx_word' id='word_1_538' title='bbox 1472 1947 1572 1984; x_wconf 84' lang='lat' dir='ltr'>Nam</span> <span class='ocrx_word' id='word_1_539' title='bbox 1595 1946 1635 1983; x_wconf 91' lang='lat' dir='ltr'>in</span> <span class='ocrx_word' id='word_1_540' title='bbox 1654 1958 1744 1995; x_wconf 87' lang='lat' dir='ltr'>cap.</span> <span class='ocrx_word' id='word_1_541' title='bbox 1767 1947 1792 1984; x_wconf 73' lang='grc' dir='ltr'>Ξ).</span> <span class='ocrx_word' id='word_1_542' title='bbox 1812 1945 2020 1984; x_wconf 84' lang='lat' dir='ltr'>Examinis</span> <span class='ocrx_word' id='word_1_543' title='bbox 2041 1944 2230 1982; x_wconf 85' lang='lat' dir='ltr'>absolute</span> 
     </span>
     <span class='ocr_line' id='line_1_90' title="bbox 1192 2006 2230 2060; baseline -0.003 -14"><span class='ocrx_word' id='word_1_544' title='bbox 1192 2008 1373 2060; x_wconf 87' lang='lat' dir='ltr'>ponitur,</span> <span class='ocrx_word' id='word_1_545' title='bbox 1388 2010 1431 2046; x_wconf 90' lang='lat' dir='ltr'>ut</span> <span class='ocrx_word' id='word_1_546' title='bbox 1451 2007 1795 2058; x_wconf 82' lang='lat' dir='ltr'>impedimentum</span> <span class='ocrx_word' id='word_1_547' title='bbox 1814 2007 1992 2051; x_wconf 87' lang='lat' dir='ltr'>irritans,</span> <span class='ocrx_word' id='word_1_548' title='bbox 2016 2006 2230 2044; x_wconf 89' lang='lat' dir='ltr'>matrimo-</span> 
     </span>
     <span class='ocr_line' id='line_1_91' title="bbox 1191 2067 2228 2119; baseline -0.003 -11"><span class='ocrx_word' id='word_1_549' title='bbox 1191 2070 1309 2108; x_wconf 89' lang='lat' dir='ltr'>nium</span> <span class='ocrx_word' id='word_1_550' title='bbox 1336 2074 1682 2108; x_wconf 88' lang='lat' dir='ltr'>consummatum.</span> <span class='ocrx_word' id='word_1_551' title='bbox 1712 2070 1756 2107; x_wconf 91' lang='lat' dir='ltr'>In</span> <span class='ocrx_word' id='word_1_552' title='bbox 1794 2081 1882 2119; x_wconf 89' lang='lat' dir='ltr'>cap.</span> <span class='ocrx_word' id='word_1_553' title='bbox 1916 2080 2013 2106; x_wconf 87' lang='lat' dir='ltr'>vero</span> <span class='ocrx_word' id='word_1_554' title='bbox 2043 2070 2082 2113; x_wconf 88' lang='lat'>3,</span> <span class='ocrx_word' id='word_1_555' title='bbox 2106 2068 2163 2106; x_wconf 90' lang='lat' dir='ltr'>lit.</span> <span class='ocrx_word' id='word_1_556' title='bbox 2185 2067 2228 2115; x_wconf 88' lang='lat' dir='ltr'>C,</span> 
     </span>
     <span class='ocr_line' id='line_1_92' title="bbox 1193 2130 2228 2172; baseline -0.002 -2"><span class='ocrx_word' id='word_1_557' title='bbox 1193 2132 1359 2171; x_wconf 84' lang='lat' dir='ltr'>additur</span> <span class='ocrx_word' id='word_1_558' title='bbox 1392 2131 1617 2170; x_wconf 79' lang='lat' dir='ltr'>declaratio</span> <span class='ocrx_word' id='word_1_559' title='bbox 1646 2145 1655 2168; x_wconf 91' lang='lat'>:</span> <span class='ocrx_word' id='word_1_560' title='bbox 1684 2131 1787 2172; x_wconf 77' lang='lat' dir='ltr'>Nisi</span> <span class='ocrx_word' id='word_1_561' title='bbox 1821 2131 1954 2170; x_wconf 82' lang='lat' dir='ltr'>adsint</span> <span class='ocrx_word' id='word_1_562' title='bbox 1987 2130 2228 2169; x_wconf 73' lang='lat' dir='ltr'>conditiones</span> 
     </span>
     <span class='ocr_line' id='line_1_93' title="bbox 1190 2190 2229 2245; baseline -0.005 -11"><span class='ocrx_word' id='word_1_563' title='bbox 1190 2194 1292 2241; x_wconf 73' lang='lat' dir='ltr'>illae,</span> <span class='ocrx_word' id='word_1_564' title='bbox 1326 2205 1410 2245; x_wconf 82' lang='lat' dir='ltr'>quoe</span> <span class='ocrx_word' id='word_1_565' title='bbox 1439 2192 1545 2245; x_wconf 73' lang='lat' dir='ltr'>eoeiyi</span> <span class='ocrx_word' id='word_1_566' title='bbox 1578 2193 1726 2240; x_wconf 79' lang='lat' dir='ltr'>solent,</span> <span class='ocrx_word' id='word_1_567' title='bbox 1748 2197 1793 2233; x_wconf 86' lang='lat' dir='ltr'>ut</span> <span class='ocrx_word' id='word_1_568' title='bbox 1812 2193 2048 2242; x_wconf 59' lang='lat' dir='ltr'>conjugatus</span> <span class='ocrx_word' id='word_1_569' title='bbox 2070 2190 2229 2241; x_wconf 60' lang='lat' dir='ltr'>religio-</span> 
     </span>
     <span class='ocr_line' id='line_1_94' title="bbox 1192 2252 2232 2307; baseline -0.005 -12"><span class='ocrx_word' id='word_1_570' title='bbox 1192 2268 1279 2295; x_wconf 84' lang='lat' dir='ltr'>nem</span> <span class='ocrx_word' id='word_1_571' title='bbox 1298 2255 1452 2306; x_wconf 68' lang='lat' dir='ltr'>inqredi</span> <span class='ocrx_word' id='word_1_572' title='bbox 1473 2255 1614 2305; x_wconf 78' lang='lat' dir='ltr'>possit.</span> <span class='ocrx_word' id='word_1_573' title='bbox 1646 2254 1693 2292; x_wconf 88' lang='lat' dir='ltr'>Et</span> <span class='ocrx_word' id='word_1_574' title='bbox 1726 2253 1766 2291; x_wconf 89' lang='lat' dir='ltr'>in</span> <span class='ocrx_word' id='word_1_575' title='bbox 1788 2254 1919 2304; x_wconf 85' lang='lat' dir='ltr'>prima</span> <span class='ocrx_word' id='word_1_576' title='bbox 1941 2258 2057 2304; x_wconf 86' lang='lat' dir='ltr'>parte</span> <span class='ocrx_word' id='word_1_577' title='bbox 2073 2252 2232 2307; x_wconf 51' lang='lat' dir='ltr'>Consti-¹</span> 
     </span>
     <span class='ocr_line' id='line_1_95' title="bbox 1193 2315 2227 2367; baseline -0.004 -11"><span class='ocrx_word' id='word_1_578' title='bbox 1193 2318 1416 2362; x_wconf 86' lang='lat' dir='ltr'>tutionum‚</span> <span class='ocrx_word' id='word_1_579' title='bbox 1440 2328 1531 2367; x_wconf 87' lang='lat' dir='ltr'>cap.</span> <span class='ocrx_word' id='word_1_580' title='bbox 1555 2317 1592 2362; x_wconf 90' lang='lat'>3,</span> <span class='ocrx_word' id='word_1_581' title='bbox 1616 2315 1674 2355; x_wconf 88' lang='lat' dir='ltr'>lit.</span> <span class='ocrx_word' id='word_1_582' title='bbox 1695 2315 1738 2362; x_wconf 92' lang='lat' dir='ltr'>F,</span> <span class='ocrx_word' id='word_1_583' title='bbox 1771 2315 1952 2366; x_wconf 83' lang='lat' dir='ltr'>apertius</span> <span class='ocrx_word' id='word_1_584' title='bbox 1979 2315 2227 2361; x_wconf 80' lang='lat' dir='ltr'>declaratur,</span> 
     </span>
     <span class='ocr_line' id='line_1_96' title="bbox 1195 2377 2231 2427; baseline -0.006 -8"><span class='ocrx_word' id='word_1_585' title='bbox 1195 2383 1293 2419; x_wconf 86' lang='lat' dir='ltr'>tunc</span> <span class='ocrx_word' id='word_1_586' title='bbox 1311 2379 1390 2417; x_wconf 91' lang='lat' dir='ltr'>hoc</span> <span class='ocrx_word' id='word_1_587' title='bbox 1411 2378 1600 2417; x_wconf 84' lang='lat' dir='ltr'>desinere</span> <span class='ocrx_word' id='word_1_588' title='bbox 1618 2389 1708 2415; x_wconf 89' lang='lat' dir='ltr'>esse</span> <span class='ocrx_word' id='word_1_589' title='bbox 1723 2377 2083 2427; x_wconf 85' lang='lat' dir='ltr'>impedimentum,</span> <span class='ocrx_word' id='word_1_590' title='bbox 2100 2387 2231 2425; x_wconf 88' lang='lat' dir='ltr'>quan-</span> 
     </span>
     <span class='ocr_line' id='line_1_97' title="bbox 1193 2437 2230 2490; baseline -0.004 -10"><span class='ocrx_word' id='word_1_591' title='bbox 1193 2441 1248 2480; x_wconf 89' lang='lat' dir='ltr'>do</span> <span class='ocrx_word' id='word_1_592' title='bbox 1268 2453 1292 2480; x_wconf 90' lang='lat' dir='ltr'>a</span> <span class='ocrx_word' id='word_1_593' title='bbox 1313 2441 1490 2490; x_wconf 77' lang='lat' dir='ltr'>conjuge</span> <span class='ocrx_word' id='word_1_594' title='bbox 1519 2439 1693 2477; x_wconf 87' lang='lat' dir='ltr'>facultas</span> <span class='ocrx_word' id='word_1_595' title='bbox 1715 2438 2037 2486; x_wconf 84' lang='lat' dir='ltr'>concederetur,</span> <span class='ocrx_word' id='word_1_596' title='bbox 2057 2437 2230 2477; x_wconf 83' lang='lat' dir='ltr'>servatis</span> 
     </span>
     <span class='ocr_line' id='line_1_98' title="bbox 1195 2499 2231 2551; baseline -0.005 -8"><span class='ocrx_word' id='word_1_597' title='bbox 1195 2502 1289 2543; x_wconf 86' lang='lat' dir='ltr'>aliis</span> <span class='ocrx_word' id='word_1_598' title='bbox 1310 2501 1641 2547; x_wconf 76' lang='lat' dir='ltr'>circumstantiis,</span> <span class='ocrx_word' id='word_1_599' title='bbox 1666 2513 1751 2551; x_wconf 78' lang='lat' dir='ltr'>quoe</span> <span class='ocrx_word' id='word_1_600' title='bbox 1762 2501 1889 2550; x_wconf 74' lang='lat' dir='ltr'>juxta</span> <span class='ocrx_word' id='word_1_601' title='bbox 1915 2512 2054 2539; x_wconf 85' lang='lat' dir='ltr'>sanam</span> <span class='ocrx_word' id='word_1_602' title='bbox 2082 2499 2231 2539; x_wconf 88' lang='lat' dir='ltr'>doctri-</span> 
     </span>
     <span class='ocr_line' id='line_1_99' title="bbox 1194 2560 2227 2605; baseline -0.005 -1"><span class='ocrx_word' id='word_1_603' title='bbox 1194 2577 1287 2605; x_wconf 86' lang='lat' dir='ltr'>nam</span> <span class='ocrx_word' id='word_1_604' title='bbox 1305 2567 1342 2603; x_wconf 90' lang='lat' dir='ltr'>et</span> <span class='ocrx_word' id='word_1_605' title='bbox 1360 2575 1478 2603; x_wconf 84' lang='lat' dir='ltr'>usum</span> <span class='ocrx_word' id='word_1_606' title='bbox 1492 2566 1638 2602; x_wconf 79' lang='lat' dir='ltr'>sanctae</span> <span class='ocrx_word' id='word_1_607' title='bbox 1652 2562 1842 2601; x_wconf 74' lang='lat' dir='ltr'>Ecclesiae</span> <span class='ocrx_word' id='word_1_608' title='bbox 1865 2561 1987 2601; x_wconf 78' lang='lat' dir='ltr'>solent</span> <span class='ocrx_word' id='word_1_609' title='bbox 2011 2560 2227 2601; x_wconf 84' lang='lat' dir='ltr'>observari.</span> 
     </span>
     <span class='ocr_line' id='line_1_100' title="bbox 1195 2622 2230 2676; baseline -0.005 -11"><span class='ocrx_word' id='word_1_610' title='bbox 1195 2627 1285 2666; x_wconf 86' lang='lat' dir='ltr'>Non</span> <span class='ocrx_word' id='word_1_611' title='bbox 1307 2637 1406 2676; x_wconf 86' lang='lat' dir='ltr'>ergo</span> <span class='ocrx_word' id='word_1_612' title='bbox 1426 2623 1580 2662; x_wconf 89' lang='lat' dir='ltr'>tollitur</span> <span class='ocrx_word' id='word_1_613' title='bbox 1612 2622 1958 2673; x_wconf 87' lang='lat' dir='ltr'>impedimentum</span> <span class='ocrx_word' id='word_1_614' title='bbox 1993 2634 2069 2673; x_wconf 90' lang='lat' dir='ltr'>per</span> <span class='ocrx_word' id='word_1_615' title='bbox 2097 2622 2230 2661; x_wconf 85' lang='lat' dir='ltr'>solam</span> 
     </span>
     <span class='ocr_line' id='line_1_101' title="bbox 1194 2683 2231 2736; baseline -0.005 -10"><span class='ocrx_word' id='word_1_616' title='bbox 1194 2687 1433 2726; x_wconf 86' lang='lat' dir='ltr'>facultatem</span> <span class='ocrx_word' id='word_1_617' title='bbox 1453 2684 1655 2736; x_wconf 83' lang='lat' dir='ltr'>conjugis,</span> <span class='ocrx_word' id='word_1_618' title='bbox 1678 2683 1755 2721; x_wconf 85' lang='lat' dir='ltr'>nisi</span> <span class='ocrx_word' id='word_1_619' title='bbox 1774 2687 2021 2722; x_wconf 87' lang='lat' dir='ltr'>concurrant</span> <span class='ocrx_word' id='word_1_620' title='bbox 2041 2683 2131 2721; x_wconf 86' lang='lat' dir='ltr'>aliae</span> <span class='ocrx_word' id='word_1_621' title='bbox 2152 2684 2231 2722; x_wconf 89' lang='lat' dir='ltr'>cir-</span> 
     </span>
     <span class='ocr_line' id='line_1_102' title="bbox 1196 2745 2231 2797; baseline -0.006 -8"><span class='ocrx_word' id='word_1_622' title='bbox 1196 2748 1467 2794; x_wconf 81' lang='lat' dir='ltr'>cumstantiae‚</span> <span class='ocrx_word' id='word_1_623' title='bbox 1497 2758 1589 2797; x_wconf 83' lang='lat' dir='ltr'>quae</span> <span class='ocrx_word' id='word_1_624' title='bbox 1628 2745 1797 2785; x_wconf 87' lang='lat' dir='ltr'>omnino</span> <span class='ocrx_word' id='word_1_625' title='bbox 1836 2745 2011 2784; x_wconf 85' lang='lat' dir='ltr'>liberam</span> <span class='ocrx_word' id='word_1_626' title='bbox 2039 2749 2079 2784; x_wconf 89' lang='lat' dir='ltr'>et</span> <span class='ocrx_word' id='word_1_627' title='bbox 2103 2757 2231 2797; x_wconf 87' lang='lat' dir='ltr'>expe-</span> 
     </span>
     <span class='ocr_line' id='line_1_103' title="bbox 1195 2807 2231 2860; baseline -0.006 -9"><span class='ocrx_word' id='word_1_628' title='bbox 1195 2812 1324 2852; x_wconf 90' lang='lat' dir='ltr'>ditam</span> <span class='ocrx_word' id='word_1_629' title='bbox 1351 2810 1587 2859; x_wconf 90' lang='lat' dir='ltr'>relinquant</span> <span class='ocrx_word' id='word_1_630' title='bbox 1624 2819 1847 2860; x_wconf 89' lang='lat' dir='ltr'>personam</span> <span class='ocrx_word' id='word_1_631' title='bbox 1885 2807 1938 2846; x_wconf 89' lang='lat' dir='ltr'>ad</span> <span class='ocrx_word' id='word_1_632' title='bbox 1978 2807 2231 2846; x_wconf 83' lang='lat' dir='ltr'>sumendum</span> 
     </span>
     <span class='ocr_line' id='line_1_104' title="bbox 1195 2868 2229 2922; baseline -0.004 -10"><span class='ocrx_word' id='word_1_633' title='bbox 1195 2876 1346 2913; x_wconf 82' lang='lat' dir='ltr'>statum</span> <span class='ocrx_word' id='word_1_634' title='bbox 1380 2871 1619 2922; x_wconf 74' lang='lat' dir='ltr'>relig10sum</span> <span class='ocrx_word' id='word_1_635' title='bbox 1635 2900 1645 2917; x_wconf 93' lang='lat'>‚</span> <span class='ocrx_word' id='word_1_636' title='bbox 1668 2874 1708 2909; x_wconf 89' lang='lat' dir='ltr'>et</span> <span class='ocrx_word' id='word_1_637' title='bbox 1729 2868 2056 2920; x_wconf 86' lang='lat' dir='ltr'>permanendum</span> <span class='ocrx_word' id='word_1_638' title='bbox 2087 2869 2131 2908; x_wconf 91' lang='lat' dir='ltr'>in</span> <span class='ocrx_word' id='word_1_639' title='bbox 2159 2868 2229 2908; x_wconf 90' lang='lat' dir='ltr'>illo</span> 
     </span>
     <span class='ocr_line' id='line_1_105' title="bbox 1193 2930 2230 2982; baseline -0.003 -10"><span class='ocrx_word' id='word_1_640' title='bbox 1193 2934 1282 2973; x_wconf 90' lang='lat' dir='ltr'>sine</span> <span class='ocrx_word' id='word_1_641' title='bbox 1298 2933 1380 2971; x_wconf 89' lang='lat' dir='ltr'>ulla</span> <span class='ocrx_word' id='word_1_642' title='bbox 1397 2932 1550 2982; x_wconf 86' lang='lat' dir='ltr'>injuria</span> <span class='ocrx_word' id='word_1_643' title='bbox 1573 2930 1775 2982; x_wconf 86' lang='lat' dir='ltr'>conjugis,</span> <span class='ocrx_word' id='word_1_644' title='bbox 1793 2930 1954 2969; x_wconf 89' lang='lat' dir='ltr'>etiamsi</span> <span class='ocrx_word' id='word_1_645' title='bbox 1969 2930 2064 2981; x_wconf 86' lang='lat' dir='ltr'>ipsa</span> <span class='ocrx_word' id='word_1_646' title='bbox 2083 2934 2230 2981; x_wconf 80' lang='lat' dir='ltr'>postea.</span> 
     </span>
     <span class='ocr_line' id='line_1_106' title="bbox 1193 2994 1730 3035; baseline -0.009 0"><span class='ocrx_word' id='word_1_647' title='bbox 1193 2996 1291 3035; x_wconf 86' lang='lat' dir='ltr'>velit</span> <span class='ocrx_word' id='word_1_648' title='bbox 1307 2994 1499 3033; x_wconf 89' lang='lat' dir='ltr'>maritum</span> <span class='ocrx_word' id='word_1_649' title='bbox 1520 3004 1730 3031; x_wconf 90' lang='lat' dir='ltr'>revocare.</span> 
     </span>
    </p>

    <p class='ocr_par' dir='ltr' id='par_1_14' title="bbox 1194 3052 2238 3660">
     <span class='ocr_line' id='line_1_107' title="bbox 1249 3052 2230 3107; baseline -0.006 -10"><span class='ocrx_word' id='word_1_650' title='bbox 1249 3058 1313 3097; x_wconf 82' lang='lat'>11.</span> <span class='ocrx_word' id='word_1_651' title='bbox 1345 3057 1450 3096; x_wconf 86' lang='lat' dir='ltr'>Item</span> <span class='ocrx_word' id='word_1_652' title='bbox 1470 3061 1506 3095; x_wconf 82' lang='lat' dir='ltr'>et</span> <span class='ocrx_word' id='word_1_653' title='bbox 1532 3053 1716 3107; x_wconf 86' lang='lat' dir='ltr'>septima.</span> <span class='ocrx_word' id='word_1_654' title='bbox 1731 3075 1785 3084; x_wconf 97' lang='lat'><strong>—</strong></span> <span class='ocrx_word' id='word_1_655' title='bbox 1803 3053 1989 3105; x_wconf 89' lang='lat' dir='ltr'>Septimo</span> <span class='ocrx_word' id='word_1_656' title='bbox 2007 3053 2099 3092; x_wconf 90' lang='lat' dir='ltr'>loco</span> <span class='ocrx_word' id='word_1_657' title='bbox 2129 3052 2230 3091; x_wconf 48' lang='lat' dir='ltr'>dixi-⁷</span> 
     </span>
     <span class='ocr_line' id='line_1_108' title="bbox 1194 3114 2230 3165; baseline -0.007 -6"><span class='ocrx_word' id='word_1_658' title='bbox 1194 3131 1290 3159; x_wconf 90' lang='lat' dir='ltr'>mus</span> <span class='ocrx_word' id='word_1_659' title='bbox 1318 3117 1468 3157; x_wconf 88' lang='lat' dir='ltr'>eodem</span> <span class='ocrx_word' id='word_1_660' title='bbox 1491 3122 1615 3162; x_wconf 75' lang='lat' dir='ltr'>tomo,</span> <span class='ocrx_word' id='word_1_661' title='bbox 1639 3115 1692 3153; x_wconf 89' lang='lat' dir='ltr'>ad</span> <span class='ocrx_word' id='word_1_662' title='bbox 1713 3115 1788 3154; x_wconf 92' lang='lat' dir='ltr'>has</span> <span class='ocrx_word' id='word_1_663' title='bbox 1821 3115 2077 3154; x_wconf 85' lang='lat' dir='ltr'>conditiones</span> <span class='ocrx_word' id='word_1_664' title='bbox 2108 3114 2230 3165; x_wconf 90' lang='lat' dir='ltr'>perti-</span> 
     </span>
     <span class='ocr_line' id='line_1_109' title="bbox 1196 3175 2230 3230; baseline -0.007 -9"><span class='ocrx_word' id='word_1_665' title='bbox 1196 3192 1313 3228; x_wconf 87' lang='lat' dir='ltr'>nere,</span> <span class='ocrx_word' id='word_1_666' title='bbox 1335 3183 1382 3218; x_wconf 88' lang='lat' dir='ltr'>ut</span> <span class='ocrx_word' id='word_1_667' title='bbox 1413 3190 1591 3230; x_wconf 90' lang='lat' dir='ltr'>persona</span> <span class='ocrx_word' id='word_1_668' title='bbox 1627 3177 1930 3229; x_wconf 87' lang='lat' dir='ltr'>professionem</span> <span class='ocrx_word' id='word_1_669' title='bbox 1965 3176 2156 3215; x_wconf 86' lang='lat' dir='ltr'>emittens</span> <span class='ocrx_word' id='word_1_670' title='bbox 2186 3175 2230 3214; x_wconf 90' lang='lat' dir='ltr'>in</span> 
     </span>
     <span class='ocr_line' id='line_1_110' title="bbox 1198 3236 2232 3293; baseline -0.009 -11"><span class='ocrx_word' id='word_1_671' title='bbox 1198 3242 1397 3293; x_wconf 82' lang='lat' dir='ltr'>dignitate</span> <span class='ocrx_word' id='word_1_672' title='bbox 1425 3239 1655 3290; x_wconf 87' lang='lat' dir='ltr'>Episcopali</span> <span class='ocrx_word' id='word_1_673' title='bbox 1676 3238 1898 3278; x_wconf 83' lang='lat' dir='ltr'>constituta</span> <span class='ocrx_word' id='word_1_674' title='bbox 1924 3249 2009 3276; x_wconf 90' lang='lat' dir='ltr'>non</span> <span class='ocrx_word' id='word_1_675' title='bbox 2027 3237 2091 3275; x_wconf 88' lang='lat' dir='ltr'>sit.</span> <span class='ocrx_word' id='word_1_676' title='bbox 2115 3236 2232 3275; x_wconf 86' lang='lat' dir='ltr'>Circa</span> 
     </span>
     <span class='ocr_line' id='line_1_111' title="bbox 1200 3296 2232 3355; baseline -0.009 -13"><span class='ocrx_word' id='word_1_677' title='bbox 1200 3314 1327 3355; x_wconf 90' lang='lat' dir='ltr'>quam</span> <span class='ocrx_word' id='word_1_678' title='bbox 1349 3301 1452 3341; x_wconf 85' lang='lat' dir='ltr'>nihil</span> <span class='ocrx_word' id='word_1_679' title='bbox 1480 3300 1658 3351; x_wconf 90' lang='lat' dir='ltr'>speciale</span> <span class='ocrx_word' id='word_1_680' title='bbox 1693 3303 1756 3339; x_wconf 90' lang='lat' dir='ltr'>est</span> <span class='ocrx_word' id='word_1_681' title='bbox 1785 3300 1826 3338; x_wconf 91' lang='lat' dir='ltr'>in</span> <span class='ocrx_word' id='word_1_682' title='bbox 1846 3299 2050 3338; x_wconf 87' lang='lat' dir='ltr'>Societate</span> <span class='ocrx_word' id='word_1_683' title='bbox 2070 3296 2232 3335; x_wconf 89' lang='lat' dir='ltr'>institu-</span> 
     </span>
     <span class='ocr_line' id='line_1_112' title="bbox 1201 3357 2232 3406; baseline -0.008 -2"><span class='ocrx_word' id='word_1_684' title='bbox 1201 3370 1289 3406; x_wconf 88' lang='lat' dir='ltr'>tum</span> <span class='ocrx_word' id='word_1_685' title='bbox 1310 3368 1382 3403; x_wconf 90' lang='lat' dir='ltr'>aut</span> <span class='ocrx_word' id='word_1_686' title='bbox 1399 3363 1670 3402; x_wconf 90' lang='lat' dir='ltr'>declaratum.</span> <span class='ocrx_word' id='word_1_687' title='bbox 1690 3362 1856 3401; x_wconf 89' lang='lat' dir='ltr'>Certum</span> <span class='ocrx_word' id='word_1_688' title='bbox 1877 3365 2016 3399; x_wconf 87' lang='lat' dir='ltr'>tamen</span> <span class='ocrx_word' id='word_1_689' title='bbox 2043 3357 2232 3396; x_wconf 82' lang='lat' dir='ltr'>existimo</span> 
     </span>
     <span class='ocr_line' id='line_1_113' title="bbox 1203 3417 2236 3474; baseline -0.007 -9"><span class='ocrx_word' id='word_1_690' title='bbox 1203 3426 1305 3466; x_wconf 92' lang='lat' dir='ltr'>illud</span> <span class='ocrx_word' id='word_1_691' title='bbox 1324 3435 1544 3465; x_wconf 89' lang='lat' dir='ltr'>commune</span> <span class='ocrx_word' id='word_1_692' title='bbox 1562 3424 1628 3474; x_wconf 85' lang='lat' dir='ltr'>jus</span> <span class='ocrx_word' id='word_1_693' title='bbox 1643 3435 1667 3461; x_wconf 92' lang='lat' dir='ltr'>a</span> <span class='ocrx_word' id='word_1_694' title='bbox 1686 3421 1845 3462; x_wconf 85' lang='lat' dir='ltr'>fortiori</span> <span class='ocrx_word' id='word_1_695' title='bbox 1864 3421 2016 3459; x_wconf 88' lang='lat' dir='ltr'>habere</span> <span class='ocrx_word' id='word_1_696' title='bbox 2036 3417 2173 3456; x_wconf 91' lang='lat' dir='ltr'>locum</span> <span class='ocrx_word' id='word_1_697' title='bbox 2188 3417 2236 3458; x_wconf 84' lang='lat' dir='ltr'>in</span> 
     </span>
     <span class='ocr_line' id='line_1_114' title="bbox 1203 3477 2236 3537; baseline -0.008 -11"><span class='ocrx_word' id='word_1_698' title='bbox 1203 3489 1282 3527; x_wconf 90' lang='lat' dir='ltr'>hoc</span> <span class='ocrx_word' id='word_1_699' title='bbox 1302 3487 1492 3537; x_wconf 83' lang='lat' dir='ltr'>ingressu</span> <span class='ocrx_word' id='word_1_700' title='bbox 1512 3484 1740 3529; x_wconf 88' lang='lat' dir='ltr'>Societatis,</span> <span class='ocrx_word' id='word_1_701' title='bbox 1763 3483 1859 3532; x_wconf 87' lang='lat' dir='ltr'>quia</span> <span class='ocrx_word' id='word_1_702' title='bbox 1875 3479 2000 3518; x_wconf 88' lang='lat' dir='ltr'>etiam</span> <span class='ocrx_word' id='word_1_703' title='bbox 2018 3478 2058 3516; x_wconf 90' lang='lat' dir='ltr'>in</span> <span class='ocrx_word' id='word_1_704' title='bbox 2079 3477 2236 3530; x_wconf 85' lang='lat' dir='ltr'>profes-</span> 
     </span>
     <span class='ocr_line' id='line_1_115' title="bbox 1205 3539 2237 3598; baseline -0.012 -10"><span class='ocrx_word' id='word_1_705' title='bbox 1205 3549 1322 3589; x_wconf 89' lang='lat' dir='ltr'>sione</span> <span class='ocrx_word' id='word_1_706' title='bbox 1340 3548 1430 3598; x_wconf 89' lang='lat' dir='ltr'>ejus</span> <span class='ocrx_word' id='word_1_707' title='bbox 1450 3547 1551 3585; x_wconf 87' lang='lat' dir='ltr'>citra</span> <span class='ocrx_word' id='word_1_708' title='bbox 1570 3557 1693 3585; x_wconf 89' lang='lat' dir='ltr'>omne</span> <span class='ocrx_word' id='word_1_709' title='bbox 1713 3543 1884 3582; x_wconf 90' lang='lat' dir='ltr'>dubium</span> <span class='ocrx_word' id='word_1_710' title='bbox 1912 3539 2051 3577; x_wconf 90' lang='lat' dir='ltr'>locum</span> <span class='ocrx_word' id='word_1_711' title='bbox 2078 3539 2204 3578; x_wconf 87' lang='lat' dir='ltr'>habet</span> <span class='ocrx_word' id='word_1_712' title='bbox 2219 3553 2237 3589; x_wconf 85' lang='lat'>;</span> 
     </span>
     <span class='ocr_line' id='line_1_116' title="bbox 1205 3599 2238 3660; baseline -0.013 -9"><span class='ocrx_word' id='word_1_713' title='bbox 1205 3622 1292 3651; x_wconf 86' lang='lat' dir='ltr'>non</span> <span class='ocrx_word' id='word_1_714' title='bbox 1310 3610 1423 3650; x_wconf 87' lang='lat' dir='ltr'>enim</span> <span class='ocrx_word' id='word_1_715' title='bbox 1443 3611 1584 3660; x_wconf 83' lang='lat' dir='ltr'>potest</span> <span class='ocrx_word' id='word_1_716' title='bbox 1599 3606 1831 3657; x_wconf 81' lang='lat' dir='ltr'>Episcopus</span> <span class='ocrx_word' id='word_1_717' title='bbox 1848 3600 1941 3640; x_wconf 80' lang='lat' dir='ltr'>sine</span> <span class='ocrx_word' id='word_1_718' title='bbox 1953 3599 2119 3642; x_wconf 79' lang='lat' dir='ltr'>licentia</span> <span class='ocrx_word' id='word_1_719' title='bbox 2129 3601 2238 3642; x_wconf 77' lang='lat' dir='ltr'>Pon-</span> 
     </span>
    </p>
   </div>
  </div>
 </body>
</html>
