<?xml version="1.0" encoding="UTF-8"?>
<!DOCTYPE html PUBLIC "-//W3C//DTD XHTML 1.0 Transitional//EN"
    "http://www.w3.org/TR/xhtml1/DTD/xhtml1-transitional.dtd">
<html xmlns="http://www.w3.org/1999/xhtml" xml:lang="en" lang="en">
 <head>
  <title>
</title>
<meta http-equiv="Content-Type" content="text/html;charset=utf-8" />
  <meta name='ocr-system' content='tesseract 3.04.00' />
  <meta name='ocr-capabilities' content='ocr_page ocr_carea ocr_par ocr_line ocrx_word'/>
</head>
<body>
  <div class='ocr_page' id='page_1' title='image "./operaomnia16suaauoft_0088.png"; bbox 0 0 2352 3880; ppageno 0'>
   <div class='ocr_carea' id='block_1_1' title="bbox 484 0 873 32">
    <p class='ocr_par' dir='ltr' id='par_1_1' title="bbox 484 0 873 32">
     <span class='ocr_line' id='line_1_1' title="bbox 484 0 873 32; baseline -0.01 0"><span class='ocrx_word' id='word_1_1' title='bbox 484 0 555 32; x_wconf 57' lang='grc' dir='ltr'><strong>*υ</strong></span> <span class='ocrx_word' id='word_1_2' title='bbox 851 0 873 28; x_wconf 72' lang='lat'><em>0</em></span> 
     </span>
    </p>
   </div>
   <div class='ocr_carea' id='block_1_2' title="bbox 314 81 353 100">
    <p class='ocr_par' dir='ltr' id='par_1_2' title="bbox 314 81 353 100">
     <span class='ocr_line' id='line_1_2' title="bbox 314 81 353 100; baseline -0.077 0"><span class='ocrx_word' id='word_1_3' title='bbox 314 81 327 100; x_wconf 67' lang='grc' dir='ltr'>ί</span> <span class='ocrx_word' id='word_1_4' title='bbox 348 92 353 97; x_wconf 95' lang='grc'><em>.</em></span> 
     </span>
    </p>
   </div>
   <div class='ocr_carea' id='block_1_3' title="bbox 310 103 350 121">
    <p class='ocr_par' dir='ltr' id='par_1_3' title="bbox 310 103 350 121">
     <span class='ocr_line' id='line_1_3' title="bbox 310 103 350 121; baseline 0 0"><span class='ocrx_word' id='word_1_5' title='bbox 310 103 350 121; x_wconf 58' lang='lat'><strong>«³³¹</strong></span> 
     </span>
    </p>
   </div>
   <div class='ocr_carea' id='block_1_4' title="bbox 49 228 1143 3591">
    <p class='ocr_par' dir='ltr' id='par_1_4' title="bbox 49 228 1143 711">
     <span class='ocr_line' id='line_1_4' title="bbox 108 228 1142 289; baseline -0.004 -13"><span class='ocrx_word' id='word_1_6' title='bbox 108 236 257 289; x_wconf 86' lang='lat' dir='ltr'><strong>quarto</strong></span> <span class='ocrx_word' id='word_1_7' title='bbox 277 244 368 285; x_wconf 85' lang='lat' dir='ltr'><strong>cap.</strong></span> <span class='ocrx_word' id='word_1_8' title='bbox 389 231 614 279; x_wconf 86' lang='lat' dir='ltr'><strong>Examinis,</strong></span> <span class='ocrx_word' id='word_1_9' title='bbox 639 228 698 270; x_wconf 36' lang='lat' dir='ltr'><strong>de*</strong></span> <span class='ocrx_word' id='word_1_10' title='bbox 722 229 987 281; x_wconf 82' lang='lat' dir='ltr'><strong>dispositione</strong></span> <span class='ocrx_word' id='word_1_11' title='bbox 1013 230 1142 272; x_wconf 89' lang='lat' dir='ltr'><strong>bono-</strong></span> 
     </span>
     <span class='ocr_line' id='line_1_5' title="bbox 106 290 1143 346; baseline -0.002 -11"><span class='ocrx_word' id='word_1_12' title='bbox 106 305 203 338; x_wconf 74' lang='lat' dir='ltr'><strong>rum</strong></span> <span class='ocrx_word' id='word_1_13' title='bbox 223 294 389 346; x_wconf 85' lang='lat' dir='ltr'><strong>(saltem</strong></span> <span class='ocrx_word' id='word_1_14' title='bbox 405 295 605 344; x_wconf 87' lang='lat' dir='ltr'><strong>quantum</strong></span> <span class='ocrx_word' id='word_1_15' title='bbox 628 290 680 331; x_wconf 88' lang='lat' dir='ltr'><strong>ad</strong></span> <span class='ocrx_word' id='word_1_16' title='bbox 702 293 924 344; x_wconf 79' lang='lat' dir='ltr'>pauperes)</span> <span class='ocrx_word' id='word_1_17' title='bbox 943 293 1143 334; x_wconf 88' lang='lat' dir='ltr'><strong>sumenda</strong></span> 
     </span>
     <span class='ocr_line' id='line_1_6' title="bbox 49 353 1143 406; baseline 0.001 -13"><span class='ocrx_word' id='word_1_18' title='bbox 49 391 53 393; x_wconf 87' lang='lat'><strong>.</strong></span> <span class='ocrx_word' id='word_1_19' title='bbox 109 368 197 398; x_wconf 85' lang='lat' dir='ltr'><strong>esse</strong></span> <span class='ocrx_word' id='word_1_20' title='bbox 215 360 412 406; x_wconf 83' lang='lat' dir='ltr'><strong>tanquam</strong></span> <span class='ocrx_word' id='word_1_21' title='bbox 426 353 659 405; x_wconf 78' lang='lat' dir='ltr'><strong>generalem</strong></span> <span class='ocrx_word' id='word_1_22' title='bbox 676 353 895 405; x_wconf 89' lang='lat' dir='ltr'><strong>quamdam</strong></span> <span class='ocrx_word' id='word_1_23' title='bbox 912 354 1143 394; x_wconf 90' lang='lat' dir='ltr'><strong>instructio-</strong></span> 
     </span>
     <span class='ocr_line' id='line_1_7' title="bbox 108 414 1142 466; baseline -0.003 -8"><span class='ocrx_word' id='word_1_24' title='bbox 108 429 220 466; x_wconf 87' lang='lat' dir='ltr'><strong>nem,</strong></span> <span class='ocrx_word' id='word_1_25' title='bbox 241 420 282 456; x_wconf 91' lang='lat' dir='ltr'><strong>et</strong></span> <span class='ocrx_word' id='word_1_26' title='bbox 314 416 465 465; x_wconf 89' lang='lat' dir='ltr'><strong>legem,</strong></span> <span class='ocrx_word' id='word_1_27' title='bbox 500 426 582 466; x_wconf 89' lang='lat' dir='ltr'><strong>qua</strong></span> <span class='ocrx_word' id='word_1_28' title='bbox 601 414 729 454; x_wconf 83' lang='lat' dir='ltr'><strong>nostri</strong></span> <span class='ocrx_word' id='word_1_29' title='bbox 760 414 911 455; x_wconf 89' lang='lat' dir='ltr'><strong>debent</strong></span> <span class='ocrx_word' id='word_1_30' title='bbox 940 416 1049 455; x_wconf 90' lang='lat' dir='ltr'><strong>bona</strong></span> <span class='ocrx_word' id='word_1_31' title='bbox 1068 427 1142 456; x_wconf 84' lang='lat' dir='ltr'><strong>sua</strong></span> 
     </span>
     <span class='ocr_line' id='line_1_8' title="bbox 108 475 1139 527; baseline -0.002 -9"><span class='ocrx_word' id='word_1_32' title='bbox 108 477 190 518; x_wconf 91' lang='lat' dir='ltr'><strong>illis</strong></span> <span class='ocrx_word' id='word_1_33' title='bbox 231 475 476 516; x_wconf 81' lang='lat' dir='ltr'>distribuere</span> <span class='ocrx_word' id='word_1_34' title='bbox 490 505 504 524; x_wconf 92' lang='lat'><strong>,</strong></span> <span class='ocrx_word' id='word_1_35' title='bbox 534 487 608 527; x_wconf 78' lang='lat' dir='ltr'><strong>pro</strong></span> <span class='ocrx_word' id='word_1_36' title='bbox 641 475 837 517; x_wconf 76' lang='lat' dir='ltr'><strong>devocione</strong></span> <span class='ocrx_word' id='word_1_37' title='bbox 881 480 1011 518; x_wconf 74' lang='lat' dir='ltr'><strong>tamen</strong></span> <span class='ocrx_word' id='word_1_38' title='bbox 1048 487 1139 518; x_wconf 71' lang='lat' dir='ltr'><strong>aaa.</strong></span> 
     </span>
     <span class='ocr_line' id='line_1_9' title="bbox 107 536 1141 590; baseline 0 -12"><span class='ocrx_word' id='word_1_39' title='bbox 107 537 376 579; x_wconf 87' lang='lat' dir='ltr'><strong>Concluditur</strong></span> <span class='ocrx_word' id='word_1_40' title='bbox 394 548 492 588; x_wconf 87' lang='lat' dir='ltr'><strong>ergo</strong></span> <span class='ocrx_word' id='word_1_41' title='bbox 511 536 839 576; x_wconf 83' lang='lat' dir='ltr'><strong>distributionem</strong></span> <span class='ocrx_word' id='word_1_42' title='bbox 864 538 974 578; x_wconf 87' lang='lat' dir='ltr'><strong>inter</strong></span> <span class='ocrx_word' id='word_1_43' title='bbox 991 550 1141 590; x_wconf 90' lang='lat' dir='ltr'><strong>paupe-</strong></span> 
     </span>
     <span class='ocr_line' id='line_1_10' title="bbox 106 598 1141 650; baseline 0.001 -12"><span class='ocrx_word' id='word_1_44' title='bbox 106 611 171 639; x_wconf 85' lang='lat' dir='ltr'><strong>res</strong></span> <span class='ocrx_word' id='word_1_45' title='bbox 190 611 350 650; x_wconf 88' lang='lat' dir='ltr'><strong>semper</strong></span> <span class='ocrx_word' id='word_1_46' title='bbox 367 598 548 650; x_wconf 77' lang='lat' dir='ltr'><strong>relinqui</strong></span> <span class='ocrx_word' id='word_1_47' title='bbox 565 598 753 647; x_wconf 85' lang='lat' dir='ltr'><strong>liberam,</strong></span> <span class='ocrx_word' id='word_1_48' title='bbox 772 599 934 639; x_wconf 89' lang='lat' dir='ltr'><strong>etiamsi</strong></span> <span class='ocrx_word' id='word_1_49' title='bbox 962 600 1141 641; x_wconf 84' lang='lat' dir='ltr'><strong>Societas</strong></span> 
     </span>
     <span class='ocr_line' id='line_1_11' title="bbox 106 659 950 711; baseline 0.002 -13"><span class='ocrx_word' id='word_1_50' title='bbox 106 659 215 699; x_wconf 92' lang='lat' dir='ltr'><strong>inter</strong></span> <span class='ocrx_word' id='word_1_51' title='bbox 230 671 428 711; x_wconf 86' lang='lat' dir='ltr'><strong>pauperes</strong></span> <span class='ocrx_word' id='word_1_52' title='bbox 442 660 548 711; x_wconf 87' lang='lat' dir='ltr'><strong>ipsos</strong></span> <span class='ocrx_word' id='word_1_53' title='bbox 567 660 950 711; x_wconf 84' lang='lat' dir='ltr'><strong>comprehendatur.</strong></span> 
     </span>
    </p>

    <p class='ocr_par' dir='ltr' id='par_1_5' title="bbox 85 719 1142 3591">
     <span class='ocr_line' id='line_1_12' title="bbox 148 719 1141 774; baseline 0.002 -14"><span class='ocrx_word' id='word_1_54' title='bbox 148 722 189 760; x_wconf 77' lang='lat'><strong>7.</strong></span> <span class='ocrx_word' id='word_1_55' title='bbox 206 719 569 769; x_wconf 75' lang='lat' dir='ltr'><strong>Quidsarvandam,</strong></span> <span class='ocrx_word' id='word_1_56' title='bbox 579 726 625 762; x_wconf 81' lang='lat' dir='ltr'><strong>ut</strong></span> <span class='ocrx_word' id='word_1_57' title='bbox 639 721 833 763; x_wconf 67' lang='lat' dir='ltr'><strong>societati</strong></span> <span class='ocrx_word' id='word_1_58' title='bbox 843 722 999 774; x_wconf 73' lang='lat' dir='ltr'><strong>aliquid</strong></span> <span class='ocrx_word' id='word_1_59' title='bbox 1004 720 1141 762; x_wconf 72' lang='lat' dir='ltr'><strong>distri·</strong></span> 
     </span>
     <span class='ocr_line' id='line_1_13' title="bbox 107 779 1141 834; baseline 0.002 -14"><span class='ocrx_word' id='word_1_60' title='bbox 107 779 254 822; x_wconf 62' lang='lat' dir='ltr'><strong>bibatur</strong></span> <span class='ocrx_word' id='word_1_61' title='bbox 267 782 668 834; x_wconf 78' lang='lat' dir='ltr'><strong>licilo.—Supposita</strong></span> <span class='ocrx_word' id='word_1_62' title='bbox 676 786 811 822; x_wconf 84' lang='lat' dir='ltr'><strong>autem</strong></span> <span class='ocrx_word' id='word_1_63' title='bbox 821 782 1028 821; x_wconf 88' lang='lat' dir='ltr'><strong>voluntate</strong></span> <span class='ocrx_word' id='word_1_64' title='bbox 1042 783 1141 822; x_wconf 89' lang='lat' dir='ltr'><strong>dan-</strong></span> 
     </span>
     <span class='ocr_line' id='line_1_14' title="bbox 106 841 1142 894; baseline 0.001 -12"><span class='ocrx_word' id='word_1_65' title='bbox 106 841 147 882; x_wconf 89' lang='lat' dir='ltr'><strong>di</strong></span> <span class='ocrx_word' id='word_1_66' title='bbox 163 842 318 894; x_wconf 89' lang='lat' dir='ltr'><strong>aliquid</strong></span> <span class='ocrx_word' id='word_1_67' title='bbox 335 843 538 891; x_wconf 88' lang='lat' dir='ltr'><strong>Societati‚</strong></span> <span class='ocrx_word' id='word_1_68' title='bbox 552 843 702 882; x_wconf 89' lang='lat' dir='ltr'><strong>dicitur</strong></span> <span class='ocrx_word' id='word_1_69' title='bbox 716 843 984 882; x_wconf 88' lang='lat' dir='ltr'><strong>nihilominus</strong></span> <span class='ocrx_word' id='word_1_70' title='bbox 1001 843 1044 882; x_wconf 88' lang='lat' dir='ltr'><strong>iu</strong></span> <span class='ocrx_word' id='word_1_71' title='bbox 1060 851 1142 883; x_wconf 89' lang='lat' dir='ltr'><strong>ter-</strong></span> 
     </span>
     <span class='ocr_line' id='line_1_15' title="bbox 104 902 1139 956; baseline 0.001 -14"><span class='ocrx_word' id='word_1_72' title='bbox 104 902 163 942; x_wconf 88' lang='lat' dir='ltr'><strong>tia</strong></span> <span class='ocrx_word' id='word_1_73' title='bbox 172 908 288 956; x_wconf 80' lang='lat' dir='ltr'><strong>parte</strong></span> <span class='ocrx_word' id='word_1_74' title='bbox 307 905 669 952; x_wconf 87' lang='lat' dir='ltr'><strong>Constitutionum‚</strong></span> <span class='ocrx_word' id='word_1_75' title='bbox 691 917 779 956; x_wconf 90' lang='lat' dir='ltr'><strong>cap.</strong></span> <span class='ocrx_word' id='word_1_76' title='bbox 800 905 948 956; x_wconf 88' lang='lat' dir='ltr'><strong>primo,</strong></span> <span class='ocrx_word' id='word_1_77' title='bbox 970 904 994 956; x_wconf 66' lang='grc' dir='ltr'>ξ</span> <span class='ocrx_word' id='word_1_78' title='bbox 1014 915 1139 954; x_wconf 84' lang='grc'>110110,</span> 
     </span>
     <span class='ocr_line' id='line_1_16' title="bbox 106 965 1140 1018; baseline 0.001 -15"><span class='ocrx_word' id='word_1_79' title='bbox 106 967 152 1004; x_wconf 85' lang='grc'><strong>01</strong></span> <span class='ocrx_word' id='word_1_80' title='bbox 173 965 393 1017; x_wconf 85' lang='lat' dir='ltr'><strong>applicatio</strong></span> <span class='ocrx_word' id='word_1_81' title='bbox 413 967 547 1018; x_wconf 90' lang='lat' dir='ltr'><strong>potius</strong></span> <span class='ocrx_word' id='word_1_82' title='bbox 566 967 615 1005; x_wconf 90' lang='lat' dir='ltr'><strong>ad</strong></span> <span class='ocrx_word' id='word_1_83' title='bbox 635 966 742 1005; x_wconf 89' lang='lat' dir='ltr'><strong>hanc</strong></span> <span class='ocrx_word' id='word_1_84' title='bbox 757 971 930 1017; x_wconf 90' lang='lat' dir='ltr'><strong>partem,</strong></span> <span class='ocrx_word' id='word_1_85' title='bbox 947 978 1071 1018; x_wconf 84' lang='lat' dir='ltr'><strong>quam</strong></span> <span class='ocrx_word' id='word_1_86' title='bbox 1088 965 1140 1005; x_wconf 91' lang='lat' dir='ltr'><strong>ad</strong></span> 
     </span>
     <span class='ocr_line' id='line_1_17' title="bbox 103 1025 1137 1076; baseline 0.001 -12"><span class='ocrx_word' id='word_1_87' title='bbox 103 1025 218 1066; x_wconf 87' lang='lat' dir='ltr'><strong>illam</strong></span> <span class='ocrx_word' id='word_1_88' title='bbox 235 1028 457 1075; x_wconf 88' lang='lat' dir='ltr'><strong>Societatis,</strong></span> <span class='ocrx_word' id='word_1_89' title='bbox 477 1027 544 1067; x_wconf 82' lang='lat' dir='ltr'><strong>vel</strong></span> <span class='ocrx_word' id='word_1_90' title='bbox 570 1027 622 1066; x_wconf 90' lang='lat' dir='ltr'><strong>ad</strong></span> <span class='ocrx_word' id='word_1_91' title='bbox 644 1027 754 1066; x_wconf 89' lang='lat' dir='ltr'><strong>hunc</strong></span> <span class='ocrx_word' id='word_1_92' title='bbox 776 1031 848 1066; x_wconf 88' lang='lat' dir='ltr'><strong>aut</strong></span> <span class='ocrx_word' id='word_1_93' title='bbox 866 1027 982 1066; x_wconf 90' lang='lat' dir='ltr'><strong>illum</strong></span> <span class='ocrx_word' id='word_1_94' title='bbox 1000 1039 1137 1076; x_wconf 89' lang='lat' dir='ltr'><strong>usum,</strong></span> 
     </span>
     <span class='ocr_line' id='line_1_18' title="bbox 103 1087 1139 1128; baseline 0 -1"><span class='ocrx_word' id='word_1_95' title='bbox 103 1087 291 1127; x_wconf 91' lang='lat' dir='ltr'><strong>Generali</strong></span> <span class='ocrx_word' id='word_1_96' title='bbox 311 1089 605 1128; x_wconf 78' lang='lat' dir='ltr'><strong>committatur.</strong></span> <span class='ocrx_word' id='word_1_97' title='bbox 621 1088 679 1128; x_wconf 86' lang='lat' dir='ltr'><strong>Ex</strong></span> <span class='ocrx_word' id='word_1_98' title='bbox 697 1090 738 1127; x_wconf 91' lang='lat' dir='ltr'><strong>vi</strong></span> <span class='ocrx_word' id='word_1_99' title='bbox 751 1093 891 1128; x_wconf 89' lang='lat' dir='ltr'><strong>tamen</strong></span> <span class='ocrx_word' id='word_1_100' title='bbox 911 1088 1021 1128; x_wconf 90' lang='lat' dir='ltr'><strong>illius</strong></span> <span class='ocrx_word' id='word_1_101' title='bbox 1039 1089 1139 1127; x_wconf 89' lang='lat' dir='ltr'><strong>Con-</strong></span> 
     </span>
     <span class='ocr_line' id='line_1_19' title="bbox 102 1148 1139 1202; baseline 0.002 -15"><span class='ocrx_word' id='word_1_102' title='bbox 102 1148 324 1188; x_wconf 87' lang='lat' dir='ltr'><strong>stitutionis</strong></span> <span class='ocrx_word' id='word_1_103' title='bbox 357 1162 441 1189; x_wconf 89' lang='lat' dir='ltr'><strong>non</strong></span> <span class='ocrx_word' id='word_1_104' title='bbox 474 1150 637 1189; x_wconf 89' lang='lat' dir='ltr'><strong>videtur</strong></span> <span class='ocrx_word' id='word_1_105' title='bbox 667 1151 791 1189; x_wconf 90' lang='lat' dir='ltr'><strong>etiam</strong></span> <span class='ocrx_word' id='word_1_106' title='bbox 823 1150 1028 1202; x_wconf 88' lang='lat' dir='ltr'><strong>pertinere</strong></span> <span class='ocrx_word' id='word_1_107' title='bbox 1062 1149 1139 1189; x_wconf 90' lang='lat' dir='ltr'><strong>hoc</strong></span> 
     </span>
     <span class='ocr_line' id='line_1_20' title="bbox 101 1209 1139 1262; baseline 0 -13"><span class='ocrx_word' id='word_1_108' title='bbox 101 1209 155 1249; x_wconf 90' lang='lat' dir='ltr'><strong>ad</strong></span> <span class='ocrx_word' id='word_1_109' title='bbox 187 1210 401 1249; x_wconf 82' lang='lat' dir='ltr'><strong>materiam</strong></span> <span class='ocrx_word' id='word_1_110' title='bbox 436 1211 686 1262; x_wconf 85' lang='lat' dir='ltr'><strong>paupertatis</strong></span> <span class='ocrx_word' id='word_1_111' title='bbox 699 1241 709 1259; x_wconf 91' lang='lat'><strong>,</strong></span> <span class='ocrx_word' id='word_1_112' title='bbox 730 1223 864 1262; x_wconf 87' lang='lat' dir='ltr'><strong>neque</strong></span> <span class='ocrx_word' id='word_1_113' title='bbox 900 1222 1026 1262; x_wconf 52' lang='grc'>110550,</span> <span class='ocrx_word' id='word_1_114' title='bbox 1045 1214 1139 1250; x_wconf 88' lang='lat' dir='ltr'><strong>tan-</strong></span> 
     </span>
     <span class='ocr_line' id='line_1_21' title="bbox 100 1271 1137 1324; baseline 0.002 -16"><span class='ocrx_word' id='word_1_115' title='bbox 100 1282 224 1321; x_wconf 85' lang='lat' dir='ltr'><strong>quam</strong></span> <span class='ocrx_word' id='word_1_116' title='bbox 241 1272 339 1322; x_wconf 88' lang='lat' dir='ltr'><strong>quid</strong></span> <span class='ocrx_word' id='word_1_117' title='bbox 359 1274 630 1311; x_wconf 83' lang='lat' dir='ltr'><strong>necessarium</strong></span> <span class='ocrx_word' id='word_1_118' title='bbox 646 1272 867 1324; x_wconf 83' lang='lat' dir='ltr'><strong>praescribi,</strong></span> <span class='ocrx_word' id='word_1_119' title='bbox 888 1272 984 1323; x_wconf 91' lang='lat' dir='ltr'><strong>quia</strong></span> <span class='ocrx_word' id='word_1_120' title='bbox 1005 1271 1137 1310; x_wconf 91' lang='lat' dir='ltr'><strong>solum</strong></span> 
     </span>
     <span class='ocr_line' id='line_1_22' title="bbox 100 1333 1136 1387; baseline 0 -15"><span class='ocrx_word' id='word_1_121' title='bbox 100 1333 330 1373; x_wconf 81' lang='lat' dir='ltr'><strong>declaratur</strong></span> <span class='ocrx_word' id='word_1_122' title='bbox 349 1334 450 1374; x_wconf 89' lang='lat' dir='ltr'><strong>illud</strong></span> <span class='ocrx_word' id='word_1_123' title='bbox 469 1347 554 1375; x_wconf 91' lang='grc'>0550</span> <span class='ocrx_word' id='word_1_124' title='bbox 573 1347 674 1387; x_wconf 89' lang='lat' dir='ltr'><strong>opus</strong></span> <span class='ocrx_word' id='word_1_125' title='bbox 688 1336 854 1387; x_wconf 86' lang='lat' dir='ltr'><strong>majoris</strong></span> <span class='ocrx_word' id='word_1_126' title='bbox 865 1334 1136 1387; x_wconf 79' lang='lat' dir='ltr'><strong>perfectionis,</strong></span> 
     </span>
     <span class='ocr_line' id='line_1_23' title="bbox 99 1396 1139 1448; baseline 0.001 -15"><span class='ocrx_word' id='word_1_127' title='bbox 99 1398 141 1434; x_wconf 89' lang='lat' dir='ltr'><strong>et</strong></span> <span class='ocrx_word' id='word_1_128' title='bbox 167 1396 302 1447; x_wconf 89' lang='lat' dir='ltr'><strong>quoad</strong></span> <span class='ocrx_word' id='word_1_129' title='bbox 322 1396 400 1435; x_wconf 92' lang='grc'>1100</span> <span class='ocrx_word' id='word_1_130' title='bbox 422 1409 505 1436; x_wconf 90' lang='grc'>11011</span> <span class='ocrx_word' id='word_1_131' title='bbox 525 1397 690 1436; x_wconf 88' lang='lat' dir='ltr'><strong>additur</strong></span> <span class='ocrx_word' id='word_1_132' title='bbox 710 1401 756 1436; x_wconf 88' lang='lat' dir='ltr'><strong>ut</strong></span> <span class='ocrx_word' id='word_1_133' title='bbox 784 1398 828 1437; x_wconf 92' lang='grc'><strong>111</strong></span> <span class='ocrx_word' id='word_1_134' title='bbox 859 1397 931 1435; x_wconf 84' lang='grc'>1011</span> <span class='ocrx_word' id='word_1_135' title='bbox 963 1396 1139 1448; x_wconf 83' lang='grc'>011111100-</span> 
     </span>
     <span class='ocr_line' id='line_1_24' title="bbox 97 1455 1135 1510; baseline 0.002 -16"><span class='ocrx_word' id='word_1_136' title='bbox 97 1455 209 1495; x_wconf 88' lang='lat' dir='ltr'><strong>tione</strong></span> <span class='ocrx_word' id='word_1_137' title='bbox 225 1457 428 1496; x_wconf 87' lang='lat' dir='ltr'><strong>voluntati</strong></span> <span class='ocrx_word' id='word_1_138' title='bbox 446 1459 674 1510; x_wconf 86' lang='lat' dir='ltr'><strong>Superioris</strong></span> <span class='ocrx_word' id='word_1_139' title='bbox 688 1462 830 1498; x_wconf 82' lang='lat' dir='ltr'><strong>stetur.</strong></span> <span class='ocrx_word' id='word_1_140' title='bbox 845 1458 1020 1497; x_wconf 83' lang='lat' dir='ltr'><strong>Additur</strong></span> <span class='ocrx_word' id='word_1_141' title='bbox 1038 1468 1135 1496; x_wconf 83' lang='lat' dir='ltr'><strong>vero</strong></span> 
     </span>
     <span class='ocr_line' id='line_1_25' title="bbox 95 1506 1135 1567; baseline 0 -12"><span class='ocrx_word' id='word_1_142' title='bbox 95 1506 144 1556; x_wconf 72' lang='lat' dir='ltr'><strong>&#39;in</strong></span> <span class='ocrx_word' id='word_1_143' title='bbox 168 1518 359 1567; x_wconf 83' lang='lat' dir='ltr'><strong>praedicto</strong></span> <span class='ocrx_word' id='word_1_144' title='bbox 381 1531 537 1558; x_wconf 86' lang='lat' dir='ltr'><strong>canone</strong></span> <span class='ocrx_word' id='word_1_145' title='bbox 557 1520 678 1558; x_wconf 87' lang='lat' dir='ltr'><strong>tertio</strong></span> <span class='ocrx_word' id='word_1_146' title='bbox 698 1519 885 1558; x_wconf 84' lang='lat' dir='ltr'><strong>secundae</strong></span> <span class='ocrx_word' id='word_1_147' title='bbox 903 1520 1135 1567; x_wconf 84' lang='lat' dir='ltr'><strong>Congrega-</strong></span> 
     </span>
     <span class='ocr_line' id='line_1_26' title="bbox 94 1571 1134 1631; baseline 0.003 -17"><span class='ocrx_word' id='word_1_148' title='bbox 94 1571 219 1616; x_wconf 87' lang='lat' dir='ltr'><strong>&#39;tionis</strong></span> <span class='ocrx_word' id='word_1_149' title='bbox 238 1579 441 1628; x_wconf 87' lang='lat' dir='ltr'><strong>generalis</strong></span> <span class='ocrx_word' id='word_1_150' title='bbox 458 1580 649 1619; x_wconf 77' lang='lat' dir='ltr'><strong>limitatio</strong></span> <span class='ocrx_word' id='word_1_151' title='bbox 669 1581 854 1631; x_wconf 81' lang='lat' dir='ltr'><strong>quaedam</strong></span> <span class='ocrx_word' id='word_1_152' title='bbox 874 1579 1007 1631; x_wconf 86' lang='lat' dir='ltr'><strong>quoad</strong></span> <span class='ocrx_word' id='word_1_153' title='bbox 1028 1579 1134 1617; x_wconf 88' lang='lat' dir='ltr'><strong>hanc</strong></span> 
     </span>
     <span class='ocr_line' id='line_1_27' title="bbox 93 1641 1130 1693; baseline 0.001 -16"><span class='ocrx_word' id='word_1_154' title='bbox 93 1641 265 1690; x_wconf 88' lang='lat' dir='ltr'><strong>partem,</strong></span> <span class='ocrx_word' id='word_1_155' title='bbox 286 1644 327 1679; x_wconf 87' lang='grc'><strong>01</strong></span> <span class='ocrx_word' id='word_1_156' title='bbox 345 1641 389 1679; x_wconf 92' lang='grc'><strong>111</strong></span> <span class='ocrx_word' id='word_1_157' title='bbox 408 1653 554 1680; x_wconf 81' lang='lat' dir='ltr'><strong>canon.</strong></span> <span class='ocrx_word' id='word_1_158' title='bbox 579 1643 603 1680; x_wconf 91' lang='lat'><strong>3</strong></span> <span class='ocrx_word' id='word_1_159' title='bbox 630 1641 966 1693; x_wconf 87' lang='lat' dir='ltr'><strong>Cougregationis</strong></span> <span class='ocrx_word' id='word_1_160' title='bbox 985 1641 1130 1689; x_wconf 82' lang='lat' dir='ltr'><strong>tertiae,</strong></span> 
     </span>
     <span class='ocr_line' id='line_1_28' title="bbox 92 1699 1127 1741; baseline 0.001 -2"><span class='ocrx_word' id='word_1_161' title='bbox 92 1699 246 1739; x_wconf 83' lang='lat' dir='ltr'><strong>scilicet</strong></span> <span class='ocrx_word' id='word_1_162' title='bbox 270 1701 367 1739; x_wconf 85' lang='lat' dir='ltr'><strong>talia</strong></span> <span class='ocrx_word' id='word_1_163' title='bbox 386 1701 497 1740; x_wconf 86' lang='lat' dir='ltr'><strong>bona</strong></span> <span class='ocrx_word' id='word_1_164' title='bbox 516 1702 797 1741; x_wconf 84' lang='lat' dir='ltr'><strong>distribuenda</strong></span> <span class='ocrx_word' id='word_1_165' title='bbox 813 1703 1021 1741; x_wconf 87' lang='grc'>0550111110</span> <span class='ocrx_word' id='word_1_166' title='bbox 1036 1713 1127 1740; x_wconf 88' lang='lat' dir='ltr'><strong>eam</strong></span> 
     </span>
     <span class='ocr_line' id='line_1_29' title="bbox 90 1760 1129 1815; baseline 0.002 -15"><span class='ocrx_word' id='word_1_167' title='bbox 90 1760 303 1801; x_wconf 86' lang='lat' dir='ltr'><strong>Societatis</strong></span> <span class='ocrx_word' id='word_1_168' title='bbox 327 1764 594 1814; x_wconf 87' lang='lat' dir='ltr'><strong>provinciam,</strong></span> <span class='ocrx_word' id='word_1_169' title='bbox 624 1765 667 1803; x_wconf 89' lang='lat' dir='ltr'><strong>in</strong></span> <span class='ocrx_word' id='word_1_170' title='bbox 686 1776 769 1815; x_wconf 89' lang='lat' dir='ltr'><strong>qua</strong></span> <span class='ocrx_word' id='word_1_171' title='bbox 787 1764 896 1803; x_wconf 92' lang='lat' dir='ltr'><strong>bona</strong></span> <span class='ocrx_word' id='word_1_172' title='bbox 916 1765 1129 1803; x_wconf 86' lang='lat' dir='ltr'><strong>continen-</strong></span> 
     </span>
     <span class='ocr_line' id='line_1_30' title="bbox 89 1823 1127 1876; baseline 0.003 -16"><span class='ocrx_word' id='word_1_173' title='bbox 89 1824 171 1861; x_wconf 88' lang='lat' dir='ltr'><strong>tur.</strong></span> <span class='ocrx_word' id='word_1_174' title='bbox 206 1823 321 1870; x_wconf 81' lang='lat' dir='ltr'><strong>Quod</strong></span> <span class='ocrx_word' id='word_1_175' title='bbox 357 1825 391 1862; x_wconf 88' lang='lat' dir='ltr'><strong>si</strong></span> <span class='ocrx_word' id='word_1_176' title='bbox 427 1825 637 1876; x_wconf 85' lang='lat' dir='ltr'><strong>religiosus</strong></span> <span class='ocrx_word' id='word_1_177' title='bbox 667 1825 767 1876; x_wconf 90' lang='lat' dir='ltr'><strong>ipse,</strong></span> <span class='ocrx_word' id='word_1_178' title='bbox 797 1826 848 1864; x_wconf 91' lang='lat' dir='ltr'><strong>ad</strong></span> <span class='ocrx_word' id='word_1_179' title='bbox 874 1837 998 1876; x_wconf 87' lang='lat' dir='ltr'><strong>quem</strong></span> <span class='ocrx_word' id='word_1_180' title='bbox 1029 1825 1127 1863; x_wconf 90' lang='lat' dir='ltr'><strong>talia</strong></span> 
     </span>
     <span class='ocr_line' id='line_1_31' title="bbox 88 1881 1127 1934; baseline 0.002 -12"><span class='ocrx_word' id='word_1_181' title='bbox 88 1881 198 1922; x_wconf 85' lang='lat' dir='ltr'><strong>bona</strong></span> <span class='ocrx_word' id='word_1_182' title='bbox 234 1885 455 1934; x_wconf 84' lang='lat' dir='ltr'><strong>pertinent,</strong></span> <span class='ocrx_word' id='word_1_183' title='bbox 495 1886 725 1925; x_wconf 84' lang='lat' dir='ltr'><strong>consentire</strong></span> <span class='ocrx_word' id='word_1_184' title='bbox 762 1886 880 1932; x_wconf 86' lang='lat' dir='ltr'><strong>nolit,</strong></span> <span class='ocrx_word' id='word_1_185' title='bbox 913 1887 982 1924; x_wconf 89' lang='lat' dir='ltr'><strong>sed</strong></span> <span class='ocrx_word' id='word_1_186' title='bbox 1008 1886 1127 1925; x_wconf 86' lang='lat' dir='ltr'><strong>alteri</strong></span> 
     </span>
     <span class='ocr_line' id='line_1_32' title="bbox 87 1944 1129 1996; baseline 0.004 -14"><span class='ocrx_word' id='word_1_187' title='bbox 87 1944 309 1996; x_wconf 74' lang='lat' dir='ltr'><strong>provinciae</strong></span> <span class='ocrx_word' id='word_1_188' title='bbox 328 1945 398 1984; x_wconf 89' lang='grc'>1110</span> <span class='ocrx_word' id='word_1_189' title='bbox 413 1946 509 1984; x_wconf 82' lang='grc'>11010</span> <span class='ocrx_word' id='word_1_190' title='bbox 525 1946 639 1996; x_wconf 88' lang='lat' dir='ltr'><strong>velit,</strong></span> <span class='ocrx_word' id='word_1_191' title='bbox 658 1947 819 1985; x_wconf 87' lang='lat' dir='ltr'><strong>additur</strong></span> <span class='ocrx_word' id='word_1_192' title='bbox 834 1945 890 1985; x_wconf 88' lang='lat' dir='ltr'><strong>ibi</strong></span> <span class='ocrx_word' id='word_1_193' title='bbox 909 1947 1006 1985; x_wconf 86' lang='lat' dir='ltr'><strong>talia</strong></span> <span class='ocrx_word' id='word_1_194' title='bbox 1020 1947 1129 1986; x_wconf 90' lang='lat' dir='ltr'><strong>bona</strong></span> 
     </span>
     <span class='ocr_line' id='line_1_33' title="bbox 87 2007 1130 2059; baseline 0.004 -15"><span class='ocrx_word' id='word_1_195' title='bbox 87 2014 174 2045; x_wconf 85' lang='lat' dir='ltr'><strong>non</strong></span> <span class='ocrx_word' id='word_1_196' title='bbox 195 2017 283 2045; x_wconf 89' lang='lat' dir='ltr'><strong>esse</strong></span> <span class='ocrx_word' id='word_1_197' title='bbox 316 2007 562 2058; x_wconf 88' lang='lat' dir='ltr'><strong>acceptanda</strong></span> <span class='ocrx_word' id='word_1_198' title='bbox 582 2019 606 2046; x_wconf 89' lang='lat' dir='ltr'><strong>a</strong></span> <span class='ocrx_word' id='word_1_199' title='bbox 637 2008 853 2055; x_wconf 89' lang='lat' dir='ltr'><strong>Societate,</strong></span> <span class='ocrx_word' id='word_1_200' title='bbox 885 2009 955 2048; x_wconf 77' lang='lat' dir='ltr'><strong>sed</strong></span> <span class='ocrx_word' id='word_1_201' title='bbox 981 2021 1024 2048; x_wconf 83' lang='lat' dir='ltr'><strong>ea</strong></span> <span class='ocrx_word' id='word_1_202' title='bbox 1042 2009 1130 2059; x_wconf 89' lang='lat' dir='ltr'><strong>(in-</strong></span> 
     </span>
     <span class='ocr_line' id='line_1_34' title="bbox 86 2067 1129 2121; baseline 0.005 -16"><span class='ocrx_word' id='word_1_203' title='bbox 86 2067 200 2118; x_wconf 87' lang='lat' dir='ltr'><strong>quit)</strong></span> <span class='ocrx_word' id='word_1_204' title='bbox 219 2071 401 2108; x_wconf 76' lang='lat' dir='ltr'><strong>teneatur</strong></span> <span class='ocrx_word' id='word_1_205' title='bbox 431 2070 515 2119; x_wconf 77' lang='lat' dir='ltr'><strong>ipse</strong></span> <span class='ocrx_word' id='word_1_206' title='bbox 542 2069 587 2108; x_wconf 79' lang='lat' dir='ltr'><strong>in</strong></span> <span class='ocrx_word' id='word_1_207' title='bbox 615 2080 725 2109; x_wconf 79' lang='lat' dir='ltr'><strong>veros</strong></span> <span class='ocrx_word' id='word_1_208' title='bbox 755 2068 909 2110; x_wconf 73' lang='lat' dir='ltr'><strong>Christi</strong></span> <span class='ocrx_word' id='word_1_209' title='bbox 935 2081 1129 2121; x_wconf 75' lang='lat' dir='ltr'><strong>pauperes</strong></span> 
     </span>
     <span class='ocr_line' id='line_1_35' title="bbox 87 2127 1129 2182; baseline 0.004 -15"><span class='ocrx_word' id='word_1_210' title='bbox 87 2131 203 2169; x_wconf 74' lang='lat' dir='ltr'><strong>extra</strong></span> <span class='ocrx_word' id='word_1_211' title='bbox 214 2127 454 2169; x_wconf 68' lang='lat' dir='ltr'><strong>Societatem</strong></span> <span class='ocrx_word' id='word_1_212' title='bbox 469 2131 710 2180; x_wconf 71' lang='lat' dir='ltr'><strong>dispensare.</strong></span> <span class='ocrx_word' id='word_1_213' title='bbox 728 2130 804 2169; x_wconf 86' lang='lat' dir='ltr'><strong>Ubi</strong></span> <span class='ocrx_word' id='word_1_214' title='bbox 817 2131 1129 2182; x_wconf 89' lang='lat' dir='ltr'><strong>ponderandum</strong></span> 
     </span>
     <span class='ocr_line' id='line_1_36' title="bbox 87 2190 1128 2244; baseline 0.003 -15"><span class='ocrx_word' id='word_1_215' title='bbox 87 2193 147 2229; x_wconf 82' lang='lat' dir='ltr'><strong>est</strong></span> <span class='ocrx_word' id='word_1_216' title='bbox 167 2190 338 2229; x_wconf 87' lang='lat' dir='ltr'><strong>verbum</strong></span> <span class='ocrx_word' id='word_1_217' title='bbox 364 2194 564 2239; x_wconf 78' lang='lat' dir='ltr'><strong>teneatur,</strong></span> <span class='ocrx_word' id='word_1_218' title='bbox 588 2191 697 2242; x_wconf 90' lang='lat' dir='ltr'><strong>quod</strong></span> <span class='ocrx_word' id='word_1_219' title='bbox 723 2191 810 2231; x_wconf 90' lang='lat' dir='ltr'><strong>sine</strong></span> <span class='ocrx_word' id='word_1_220' title='bbox 831 2192 956 2230; x_wconf 91' lang='lat' dir='ltr'><strong>dubio</strong></span> <span class='ocrx_word' id='word_1_221' title='bbox 972 2192 1128 2244; x_wconf 88' lang='lat' dir='ltr'><strong>obliga-</strong></span> 
     </span>
     <span class='ocr_line' id='line_1_37' title="bbox 86 2250 1126 2303; baseline 0.003 -13"><span class='ocrx_word' id='word_1_222' title='bbox 86 2250 241 2290; x_wconf 80' lang='lat' dir='ltr'><strong>tionem</strong></span> <span class='ocrx_word' id='word_1_223' title='bbox 262 2251 476 2303; x_wconf 88' lang='lat' dir='ltr'><strong>significat,</strong></span> <span class='ocrx_word' id='word_1_224' title='bbox 499 2253 597 2303; x_wconf 89' lang='lat' dir='ltr'><strong>quia</strong></span> <span class='ocrx_word' id='word_1_225' title='bbox 611 2253 699 2303; x_wconf 86' lang='lat' dir='ltr'><strong>jam</strong></span> <span class='ocrx_word' id='word_1_226' title='bbox 726 2257 824 2292; x_wconf 90' lang='lat' dir='ltr'><strong>tunc</strong></span> <span class='ocrx_word' id='word_1_227' title='bbox 844 2254 914 2293; x_wconf 91' lang='lat' dir='ltr'><strong>illa</strong></span> <span class='ocrx_word' id='word_1_228' title='bbox 934 2254 1126 2293; x_wconf 89' lang='lat' dir='ltr'><strong>distribu-</strong></span> 
     </span>
     <span class='ocr_line' id='line_1_38' title="bbox 90 2310 1125 2365; baseline 0.002 -14"><span class='ocrx_word' id='word_1_229' title='bbox 90 2310 148 2351; x_wconf 77' lang='lat' dir='ltr'><strong>tio</strong></span> <span class='ocrx_word' id='word_1_230' title='bbox 179 2313 429 2364; x_wconf 74' lang='lat' dir='ltr'><strong>relinquitur</strong></span> <span class='ocrx_word' id='word_1_231' title='bbox 458 2317 504 2352; x_wconf 90' lang='lat' dir='ltr'><strong>ut</strong></span> <span class='ocrx_word' id='word_1_232' title='bbox 535 2315 761 2353; x_wconf 88' lang='lat' dir='ltr'><strong>necessaria</strong></span> <span class='ocrx_word' id='word_1_233' title='bbox 782 2326 832 2353; x_wconf 81' lang='lat' dir='ltr'><strong>ex</strong></span> <span class='ocrx_word' id='word_1_234' title='bbox 851 2316 891 2353; x_wconf 91' lang='lat' dir='ltr'><strong>vi</strong></span> <span class='ocrx_word' id='word_1_235' title='bbox 911 2316 995 2353; x_wconf 85' lang='lat' dir='ltr'><strong>voti</strong></span> <span class='ocrx_word' id='word_1_236' title='bbox 1024 2327 1125 2365; x_wconf 92' lang='lat' dir='ltr'><strong>pau-</strong></span> 
     </span>
     <span class='ocr_line' id='line_1_39' title="bbox 87 2374 1125 2426; baseline 0.002 -14"><span class='ocrx_word' id='word_1_237' title='bbox 87 2374 270 2424; x_wconf 86' lang='lat' dir='ltr'><strong>pertatis,</strong></span> <span class='ocrx_word' id='word_1_238' title='bbox 292 2374 347 2413; x_wconf 86' lang='lat' dir='ltr'><strong>ita</strong></span> <span class='ocrx_word' id='word_1_239' title='bbox 369 2378 416 2412; x_wconf 91' lang='lat' dir='ltr'><strong>ut</strong></span> <span class='ocrx_word' id='word_1_240' title='bbox 435 2386 519 2414; x_wconf 91' lang='lat' dir='ltr'><strong>non</strong></span> <span class='ocrx_word' id='word_1_241' title='bbox 540 2376 666 2426; x_wconf 86' lang='lat' dir='ltr'><strong>possit</strong></span> <span class='ocrx_word' id='word_1_242' title='bbox 685 2376 729 2414; x_wconf 92' lang='lat' dir='ltr'><strong>in</strong></span> <span class='ocrx_word' id='word_1_243' title='bbox 751 2376 1013 2414; x_wconf 88' lang='lat' dir='ltr'><strong>commodum</strong></span> <span class='ocrx_word' id='word_1_244' title='bbox 1030 2387 1125 2415; x_wconf 87' lang='lat' dir='ltr'><strong>con-</strong></span> 
     </span>
     <span class='ocr_line' id='line_1_40' title="bbox 86 2435 1124 2485; baseline 0.003 -12"><span class='ocrx_word' id='word_1_245' title='bbox 86 2435 406 2485; x_wconf 82' lang='lat' dir='ltr'><strong>sanguineorum</strong></span> <span class='ocrx_word' id='word_1_246' title='bbox 436 2437 695 2475; x_wconf 81' lang='lat' dir='ltr'><strong>commutari.</strong></span> <span class='ocrx_word' id='word_1_247' title='bbox 730 2438 787 2475; x_wconf 90' lang='lat' dir='ltr'><strong>Ea</strong></span> <span class='ocrx_word' id='word_1_248' title='bbox 814 2441 951 2476; x_wconf 89' lang='lat' dir='ltr'><strong>autem</strong></span> <span class='ocrx_word' id='word_1_249' title='bbox 971 2437 1124 2476; x_wconf 88' lang='lat' dir='ltr'><strong>limita-</strong></span> 
     </span>
     <span class='ocr_line' id='line_1_41' title="bbox 87 2495 1125 2549; baseline 0.004 -16"><span class='ocrx_word' id='word_1_250' title='bbox 87 2495 144 2533; x_wconf 81' lang='lat' dir='ltr'><strong>tio</strong></span> <span class='ocrx_word' id='word_1_251' title='bbox 184 2495 370 2546; x_wconf 90' lang='lat' dir='ltr'><strong>regulam</strong></span> <span class='ocrx_word' id='word_1_252' title='bbox 393 2497 457 2549; x_wconf 90' lang='lat' dir='ltr'><strong>(ut</strong></span> <span class='ocrx_word' id='word_1_253' title='bbox 494 2498 635 2548; x_wconf 88' lang='lat' dir='ltr'><strong>aiunt)</strong></span> <span class='ocrx_word' id='word_1_254' title='bbox 669 2497 833 2537; x_wconf 87' lang='lat' dir='ltr'><strong>firmare</strong></span> <span class='ocrx_word' id='word_1_255' title='bbox 856 2498 1019 2537; x_wconf 88' lang='lat' dir='ltr'><strong>videtur</strong></span> <span class='ocrx_word' id='word_1_256' title='bbox 1052 2509 1125 2549; x_wconf 89' lang='lat' dir='ltr'><strong>pro</strong></span> 
     </span>
     <span class='ocr_line' id='line_1_42' title="bbox 86 2554 1124 2609; baseline 0.003 -15"><span class='ocrx_word' id='word_1_257' title='bbox 86 2554 423 2607; x_wconf 86' lang='lat' dir='ltr'><strong>dispositionibus</strong></span> <span class='ocrx_word' id='word_1_258' title='bbox 445 2559 522 2609; x_wconf 89' lang='lat' dir='ltr'><strong>piis</strong></span> <span class='ocrx_word' id='word_1_259' title='bbox 542 2563 657 2598; x_wconf 84' lang='lat' dir='ltr'><strong>extra</strong></span> <span class='ocrx_word' id='word_1_260' title='bbox 685 2571 824 2598; x_wconf 84' lang='lat' dir='ltr'><strong>casum</strong></span> <span class='ocrx_word' id='word_1_261' title='bbox 852 2559 1033 2598; x_wconf 87' lang='lat' dir='ltr'><strong>donandi</strong></span> <span class='ocrx_word' id='word_1_262' title='bbox 1063 2558 1124 2598; x_wconf 92' lang='lat' dir='ltr'><strong>al-</strong></span> 
     </span>
     <span class='ocr_line' id='line_1_43' title="bbox 89 2617 1124 2671; baseline 0.004 -16"><span class='ocrx_word' id='word_1_263' title='bbox 89 2617 163 2656; x_wconf 88' lang='lat' dir='ltr'><strong>teri</strong></span> <span class='ocrx_word' id='word_1_264' title='bbox 182 2618 417 2669; x_wconf 67' lang='lat' dir='ltr'><strong>provinciae.</strong></span> <span class='ocrx_word' id='word_1_265' title='bbox 438 2620 618 2671; x_wconf 88' lang='lat' dir='ltr'><strong>Denique</strong></span> <span class='ocrx_word' id='word_1_266' title='bbox 637 2620 801 2659; x_wconf 89' lang='lat' dir='ltr'><strong>additur</strong></span> <span class='ocrx_word' id='word_1_267' title='bbox 820 2620 989 2669; x_wconf 89' lang='lat' dir='ltr'><strong>ibidem,</strong></span> <span class='ocrx_word' id='word_1_268' title='bbox 1011 2620 1045 2659; x_wconf 89' lang='lat' dir='ltr'><strong>si</strong></span> <span class='ocrx_word' id='word_1_269' title='bbox 1060 2632 1124 2659; x_wconf 89' lang='lat' dir='ltr'><strong>re·</strong></span> 
     </span>
     <span class='ocr_line' id='line_1_44' title="bbox 86 2678 1124 2732; baseline 0.005 -16"><span class='ocrx_word' id='word_1_270' title='bbox 86 2678 255 2728; x_wconf 82' lang='lat' dir='ltr'><strong>ligiosus</strong></span> <span class='ocrx_word' id='word_1_271' title='bbox 274 2680 373 2719; x_wconf 91' lang='lat' dir='ltr'><strong>velit</strong></span> <span class='ocrx_word' id='word_1_272' title='bbox 397 2681 601 2732; x_wconf 87' lang='lat' dir='ltr'><strong>applicare</strong></span> <span class='ocrx_word' id='word_1_273' title='bbox 630 2694 704 2727; x_wconf 84' lang='lat' dir='ltr'><strong>sua</strong></span> <span class='ocrx_word' id='word_1_274' title='bbox 731 2682 840 2721; x_wconf 88' lang='lat' dir='ltr'><strong>bona</strong></span> <span class='ocrx_word' id='word_1_275' title='bbox 874 2683 984 2721; x_wconf 89' lang='lat' dir='ltr'><strong>intra</strong></span> <span class='ocrx_word' id='word_1_276' title='bbox 1015 2694 1124 2722; x_wconf 89' lang='lat' dir='ltr'><strong>eam-</strong></span> 
     </span>
     <span class='ocr_line' id='line_1_45' title="bbox 86 2738 1122 2792; baseline 0.005 -14"><span class='ocrx_word' id='word_1_277' title='bbox 86 2738 180 2779; x_wconf 88' lang='lat' dir='ltr'><strong>dem</strong></span> <span class='ocrx_word' id='word_1_278' title='bbox 202 2742 469 2791; x_wconf 85' lang='lat' dir='ltr'><strong>provinciam,</strong></span> <span class='ocrx_word' id='word_1_279' title='bbox 491 2742 613 2780; x_wconf 90' lang='lat' dir='ltr'><strong>alicui</strong></span> <span class='ocrx_word' id='word_1_280' title='bbox 633 2746 771 2781; x_wconf 90' lang='lat' dir='ltr'><strong>tamen</strong></span> <span class='ocrx_word' id='word_1_281' title='bbox 793 2748 902 2782; x_wconf 89' lang='lat' dir='ltr'><strong>certo</strong></span> <span class='ocrx_word' id='word_1_282' title='bbox 920 2743 1026 2792; x_wconf 89' lang='grc'>1000,</span> <span class='ocrx_word' id='word_1_283' title='bbox 1037 2755 1122 2783; x_wconf 90' lang='grc'>0550</span> 
     </span>
     <span class='ocr_line' id='line_1_46' title="bbox 85 2798 1121 2854; baseline 0.004 -16"><span class='ocrx_word' id='word_1_284' title='bbox 85 2798 130 2839; x_wconf 88' lang='lat' dir='ltr'><strong>in</strong></span> <span class='ocrx_word' id='word_1_285' title='bbox 149 2805 346 2850; x_wconf 86' lang='lat' dir='ltr'><strong>potestate</strong></span> <span class='ocrx_word' id='word_1_286' title='bbox 366 2802 574 2841; x_wconf 88' lang='lat' dir='ltr'><strong>Generalis</strong></span> <span class='ocrx_word' id='word_1_287' title='bbox 599 2802 715 2841; x_wconf 89' lang='lat' dir='ltr'><strong>illam</strong></span> <span class='ocrx_word' id='word_1_288' title='bbox 744 2804 991 2854; x_wconf 88' lang='lat' dir='ltr'><strong>improbare,</strong></span> <span class='ocrx_word' id='word_1_289' title='bbox 1013 2804 1121 2854; x_wconf 91' lang='lat' dir='ltr'><strong>quod</strong></span> 
     </span>
     <span class='ocr_line' id='line_1_47' title="bbox 87 2861 1124 2916; baseline 0.005 -18"><span class='ocrx_word' id='word_1_290' title='bbox 87 2861 186 2899; x_wconf 81' lang='lat' dir='ltr'><strong>satis</strong></span> <span class='ocrx_word' id='word_1_291' title='bbox 206 2861 363 2900; x_wconf 91' lang='lat' dir='ltr'><strong>clarum</strong></span> <span class='ocrx_word' id='word_1_292' title='bbox 386 2866 459 2910; x_wconf 91' lang='grc'>051,</span> <span class='ocrx_word' id='word_1_293' title='bbox 481 2864 578 2913; x_wconf 88' lang='lat' dir='ltr'><strong>quia</strong></span> <span class='ocrx_word' id='word_1_294' title='bbox 598 2867 728 2914; x_wconf 89' lang='lat' dir='ltr'><strong>potest</strong></span> <span class='ocrx_word' id='word_1_295' title='bbox 746 2863 858 2902; x_wconf 90' lang='lat' dir='ltr'><strong>illam</strong></span> <span class='ocrx_word' id='word_1_296' title='bbox 885 2876 967 2902; x_wconf 91' lang='lat' dir='ltr'><strong>non</strong></span> <span class='ocrx_word' id='word_1_297' title='bbox 985 2876 1124 2916; x_wconf 87' lang='lat' dir='ltr'><strong>accep-</strong></span> 
     </span>
     <span class='ocr_line' id='line_1_48' title="bbox 86 2921 1123 2976; baseline 0.005 -17"><span class='ocrx_word' id='word_1_298' title='bbox 86 2924 188 2960; x_wconf 84' lang='lat' dir='ltr'><strong>tare.</strong></span> <span class='ocrx_word' id='word_1_299' title='bbox 205 2921 310 2969; x_wconf 89' lang='lat' dir='ltr'><strong>Quid</strong></span> <span class='ocrx_word' id='word_1_300' title='bbox 318 2925 456 2960; x_wconf 83' lang='lat' dir='ltr'><strong>autem</strong></span> <span class='ocrx_word' id='word_1_301' title='bbox 467 2926 566 2962; x_wconf 89' lang='lat' dir='ltr'><strong>tunc</strong></span> <span class='ocrx_word' id='word_1_302' title='bbox 577 2935 697 2974; x_wconf 89' lang='lat' dir='ltr'><strong>agere</strong></span> <span class='ocrx_word' id='word_1_303' title='bbox 709 2928 897 2963; x_wconf 86' lang='lat' dir='ltr'><strong>teneatur</strong></span> <span class='ocrx_word' id='word_1_304' title='bbox 909 2925 1123 2976; x_wconf 88' lang='lat' dir='ltr'><strong>religiosus</strong></span> 
     </span>
     <span class='ocr_line' id='line_1_49' title="bbox 89 2981 1124 3029; baseline 0.006 -9"><span class='ocrx_word' id='word_1_305' title='bbox 89 2981 355 3029; x_wconf 88' lang='lat' dir='ltr'><strong>distribuens,</strong></span> <span class='ocrx_word' id='word_1_306' title='bbox 371 2982 429 3021; x_wconf 90' lang='lat' dir='ltr'><strong>ibi</strong></span> <span class='ocrx_word' id='word_1_307' title='bbox 449 2995 532 3022; x_wconf 91' lang='lat' dir='ltr'><strong>non</strong></span> <span class='ocrx_word' id='word_1_308' title='bbox 552 2984 795 3024; x_wconf 87' lang='lat' dir='ltr'><strong>declaratur.</strong></span> <span class='ocrx_word' id='word_1_309' title='bbox 809 2987 858 3024; x_wconf 90' lang='lat' dir='ltr'><strong>Et</strong></span> <span class='ocrx_word' id='word_1_310' title='bbox 873 2986 964 3026; x_wconf 90' lang='lat' dir='ltr'><strong>ideo</strong></span> <span class='ocrx_word' id='word_1_311' title='bbox 984 2986 1124 3026; x_wconf 90' lang='lat' dir='ltr'><strong>dicen-</strong></span> 
     </span>
     <span class='ocr_line' id='line_1_50' title="bbox 87 3041 1127 3096; baseline 0.004 -12"><span class='ocrx_word' id='word_1_312' title='bbox 87 3041 190 3084; x_wconf 86' lang='lat' dir='ltr'><strong>dum</strong></span> <span class='ocrx_word' id='word_1_313' title='bbox 209 3049 506 3096; x_wconf 83' lang='lat' dir='ltr'><strong>consequenter</strong></span> <span class='ocrx_word' id='word_1_314' title='bbox 525 3046 686 3086; x_wconf 90' lang='lat' dir='ltr'><strong>videtur</strong></span> <span class='ocrx_word' id='word_1_315' title='bbox 700 3077 714 3096; x_wconf 95' lang='lat'><strong>,</strong></span> <span class='ocrx_word' id='word_1_316' title='bbox 736 3048 880 3087; x_wconf 88' lang='lat' dir='ltr'><strong>eodem</strong></span> <span class='ocrx_word' id='word_1_317' title='bbox 908 3048 1029 3087; x_wconf 91' lang='lat' dir='ltr'><strong>modo</strong></span> <span class='ocrx_word' id='word_1_318' title='bbox 1063 3052 1127 3088; x_wconf 53' lang='lat' dir='ltr'><strong>tea</strong></span> 
     </span>
     <span class='ocr_line' id='line_1_51' title="bbox 86 3105 1122 3161; baseline 0.006 -18"><span class='ocrx_word' id='word_1_319' title='bbox 86 3105 177 3144; x_wconf 85' lang='lat' dir='ltr'><strong>neri</strong></span> <span class='ocrx_word' id='word_1_320' title='bbox 195 3105 247 3144; x_wconf 86' lang='lat' dir='ltr'><strong>ad</strong></span> <span class='ocrx_word' id='word_1_321' title='bbox 265 3105 596 3146; x_wconf 88' lang='lat' dir='ltr'><strong>distributionem</strong></span> <span class='ocrx_word' id='word_1_322' title='bbox 616 3108 861 3158; x_wconf 88' lang='lat' dir='ltr'><strong>faciendam,</strong></span> <span class='ocrx_word' id='word_1_323' title='bbox 882 3121 962 3161; x_wconf 89' lang='lat' dir='ltr'><strong>quo</strong></span> <span class='ocrx_word' id='word_1_324' title='bbox 987 3115 1122 3159; x_wconf 84' lang='lat' dir='ltr'><strong>antea,</strong></span> 
     </span>
     <span class='ocr_line' id='line_1_52' title="bbox 89 3166 1123 3210; baseline 0.005 -5"><span class='ocrx_word' id='word_1_325' title='bbox 89 3169 131 3206; x_wconf 86' lang='lat' dir='ltr'><strong>et</strong></span> <span class='ocrx_word' id='word_1_326' title='bbox 154 3166 342 3206; x_wconf 86' lang='lat' dir='ltr'><strong>eamdem</strong></span> <span class='ocrx_word' id='word_1_327' title='bbox 363 3167 591 3208; x_wconf 83' lang='lat' dir='ltr'><strong>libertatem</strong></span> <span class='ocrx_word' id='word_1_328' title='bbox 611 3170 789 3210; x_wconf 82' lang='lat' dir='ltr'><strong>retinere</strong></span> <span class='ocrx_word' id='word_1_329' title='bbox 809 3171 860 3209; x_wconf 91' lang='lat' dir='ltr'><strong>ad</strong></span> <span class='ocrx_word' id='word_1_330' title='bbox 879 3171 1123 3210; x_wconf 84' lang='lat' dir='ltr'><strong>distribuen-</strong></span> 
     </span>
     <span class='ocr_line' id='line_1_53' title="bbox 88 3226 1124 3272; baseline 0.006 -7"><span class='ocrx_word' id='word_1_331' title='bbox 88 3226 188 3266; x_wconf 89' lang='lat' dir='ltr'><strong>dum</strong></span> <span class='ocrx_word' id='word_1_332' title='bbox 211 3227 320 3267; x_wconf 89' lang='lat' dir='ltr'><strong>inter</strong></span> <span class='ocrx_word' id='word_1_333' title='bbox 346 3228 425 3267; x_wconf 88' lang='lat' dir='ltr'><strong>alia</strong></span> <span class='ocrx_word' id='word_1_334' title='bbox 445 3229 532 3268; x_wconf 89' lang='lat' dir='ltr'><strong>loca</strong></span> <span class='ocrx_word' id='word_1_335' title='bbox 552 3231 765 3271; x_wconf 87' lang='lat' dir='ltr'><strong>Societatis</strong></span> <span class='ocrx_word' id='word_1_336' title='bbox 795 3231 907 3271; x_wconf 89' lang='lat' dir='ltr'><strong>intra</strong></span> <span class='ocrx_word' id='word_1_337' title='bbox 937 3232 1124 3272; x_wconf 86' lang='lat' dir='ltr'><strong>eamdem</strong></span> 
     </span>
     <span class='ocr_line' id='line_1_54' title="bbox 87 3288 1125 3346; baseline 0.005 -19"><span class='ocrx_word' id='word_1_338' title='bbox 87 3288 357 3340; x_wconf 87' lang='lat' dir='ltr'><strong>provinciam,</strong></span> <span class='ocrx_word' id='word_1_339' title='bbox 379 3290 507 3329; x_wconf 89' lang='lat' dir='ltr'><strong>donec</strong></span> <span class='ocrx_word' id='word_1_340' title='bbox 526 3290 664 3343; x_wconf 90' lang='lat' dir='ltr'><strong>aliqua</strong></span> <span class='ocrx_word' id='word_1_341' title='bbox 683 3293 849 3333; x_wconf 88' lang='lat' dir='ltr'><strong>tandem</strong></span> <span class='ocrx_word' id='word_1_342' title='bbox 875 3293 963 3344; x_wconf 84' lang='lat' dir='ltr'><strong>ejus</strong></span> <span class='ocrx_word' id='word_1_343' title='bbox 995 3293 1125 3346; x_wconf 89' lang='lat' dir='ltr'><strong>appli-</strong></span> 
     </span>
     <span class='ocr_line' id='line_1_55' title="bbox 88 3349 1124 3405; baseline 0.006 -17"><span class='ocrx_word' id='word_1_344' title='bbox 88 3349 194 3389; x_wconf 85' lang='lat' dir='ltr'><strong>catio</strong></span> <span class='ocrx_word' id='word_1_345' title='bbox 213 3351 489 3403; x_wconf 82' lang='lat' dir='ltr'><strong>approbetur3</strong></span> <span class='ocrx_word' id='word_1_346' title='bbox 516 3353 698 3405; x_wconf 90' lang='lat' dir='ltr'><strong>alioquin</strong></span> <span class='ocrx_word' id='word_1_347' title='bbox 716 3357 847 3405; x_wconf 89' lang='lat' dir='ltr'><strong>potest</strong></span> <span class='ocrx_word' id='word_1_348' title='bbox 866 3354 991 3393; x_wconf 89' lang='lat' dir='ltr'><strong>etiam</strong></span> <span class='ocrx_word' id='word_1_349' title='bbox 1004 3355 1039 3393; x_wconf 90' lang='lat' dir='ltr'><strong>si</strong></span> <span class='ocrx_word' id='word_1_350' title='bbox 1056 3366 1124 3394; x_wconf 91' lang='lat' dir='ltr'><strong>ve-</strong></span> 
     </span>
     <span class='ocr_line' id='line_1_56' title="bbox 88 3408 1123 3467; baseline 0.007 -19"><span class='ocrx_word' id='word_1_351' title='bbox 88 3408 139 3449; x_wconf 90' lang='lat' dir='ltr'><strong>lit</strong></span> <span class='ocrx_word' id='word_1_352' title='bbox 169 3411 278 3452; x_wconf 90' lang='lat' dir='ltr'><strong>inter</strong></span> <span class='ocrx_word' id='word_1_353' title='bbox 305 3413 406 3453; x_wconf 81' lang='lat' dir='ltr'><strong>alios</strong></span> <span class='ocrx_word' id='word_1_354' title='bbox 436 3426 635 3467; x_wconf 79' lang='lat' dir='ltr'><strong>pauperes</strong></span> <span class='ocrx_word' id='word_1_355' title='bbox 674 3415 943 3464; x_wconf 83' lang='lat' dir='ltr'><strong>distribuere3</strong></span> <span class='ocrx_word' id='word_1_356' title='bbox 976 3415 1123 3456; x_wconf 89' lang='lat' dir='ltr'><strong>melius</strong></span> 
     </span>
     <span class='ocr_line' id='line_1_57' title="bbox 92 3474 1124 3530; baseline 0.01 -22"><span class='ocrx_word' id='word_1_357' title='bbox 92 3476 229 3511; x_wconf 86' lang='lat' dir='ltr'><strong>autem</strong></span> <span class='ocrx_word' id='word_1_358' title='bbox 246 3485 406 3527; x_wconf 85' lang='lat' dir='ltr'><strong>semper</strong></span> <span class='ocrx_word' id='word_1_359' title='bbox 418 3474 553 3525; x_wconf 83' lang='lat' dir='ltr'><strong>faciet,</strong></span> <span class='ocrx_word' id='word_1_360' title='bbox 569 3477 604 3516; x_wconf 90' lang='lat' dir='ltr'><strong>si</strong></span> <span class='ocrx_word' id='word_1_361' title='bbox 613 3477 842 3529; x_wconf 86' lang='lat' dir='ltr'><strong>Superioris</strong></span> <span class='ocrx_word' id='word_1_362' title='bbox 851 3476 1005 3529; x_wconf 86' lang='lat' dir='ltr'><strong>judicio</strong></span> <span class='ocrx_word' id='word_1_363' title='bbox 1020 3489 1124 3530; x_wconf 82' lang='lat' dir='ltr'><strong>prae-</strong></span> 
     </span>
     <span class='ocr_line' id='line_1_58' title="bbox 91 3530 838 3591; baseline 0.008 -19"><span class='ocrx_word' id='word_1_364' title='bbox 91 3530 128 3568; x_wconf 77' lang='lat' dir='ltr'><strong>d&#39;</strong></span> <span class='ocrx_word' id='word_1_365' title='bbox 139 3537 243 3572; x_wconf 61' lang='grc'>»111111</span> <span class='ocrx_word' id='word_1_366' title='bbox 261 3536 575 3588; x_wconf 87' lang='lat' dir='ltr'><strong>applicationem</strong></span> <span class='ocrx_word' id='word_1_367' title='bbox 592 3539 838 3591; x_wconf 70' lang='lat' dir='ltr'><strong>committat.</strong></span> 
     </span>
    </p>
   </div>
   <div class='ocr_carea' id='block_1_5' title="bbox 1767 0 2257 65">
    <p class='ocr_par' dir='ltr' id='par_1_6' title="bbox 1767 0 2257 65">
     <span class='ocr_line' id='line_1_59' title="bbox 1767 0 2239 39; baseline 0.004 -29"><span class='ocrx_word' id='word_1_368' title='bbox 1767 0 1770 2; x_wconf 41' lang='lat' dir='ltr'>v</span> <span class='ocrx_word' id='word_1_369' title='bbox 1799 9 1802 11; x_wconf 91' lang='grc'>,</span> <span class='ocrx_word' id='word_1_370' title='bbox 1815 16 1821 20; x_wconf 49' lang='grc'>1</span> <span class='ocrx_word' id='word_1_371' title='bbox 1878 2 1903 28; x_wconf 47' lang='lat'><em>⁴</em></span> <span class='ocrx_word' id='word_1_372' title='bbox 1923 0 1978 21; x_wconf 45' lang='grc' dir='ltr'>μην..</span> <span class='ocrx_word' id='word_1_373' title='bbox 2000 0 2010 19; x_wconf 37' lang='grc'><strong>·,</strong></span> <span class='ocrx_word' id='word_1_374' title='bbox 2023 0 2033 21; x_wconf 36' lang='lat'><strong>&lt;-</strong></span> <span class='ocrx_word' id='word_1_375' title='bbox 2058 0 2100 25; x_wconf 27' lang='lat'><strong>‘⁴⁷⁵⁷</strong></span> <span class='ocrx_word' id='word_1_376' title='bbox 2118 0 2239 39; x_wconf 47' lang='lat' dir='ltr'><strong>&#39;&#39;b-&#39;‘ffbf,</strong></span> 
     </span>
     <span class='ocr_line' id='line_1_60' title="bbox 1824 29 2257 52; baseline -0.005 -13"><span class='ocrx_word' id='word_1_377' title='bbox 1824 33 1830 39; x_wconf 79' lang='grc'><em>,</em></span> <span class='ocrx_word' id='word_1_378' title='bbox 1880 32 1891 42; x_wconf 63' lang='lat' dir='ltr'><strong>v.</strong></span> <span class='ocrx_word' id='word_1_379' title='bbox 2016 38 2019 43; x_wconf 41' lang='lat'><strong>⁴</strong></span> <span class='ocrx_word' id='word_1_380' title='bbox 2059 39 2062 42; x_wconf 77' lang='grc'>,</span> <span class='ocrx_word' id='word_1_381' title='bbox 2129 46 2133 50; x_wconf 36' lang='lat'><strong>⁴</strong></span> <span class='ocrx_word' id='word_1_382' title='bbox 2188 29 2203 42; x_wconf 49' lang='grc' dir='ltr'><strong>ρ.</strong></span> <span class='ocrx_word' id='word_1_383' title='bbox 2244 36 2257 52; x_wconf 47' lang='lat'>3</span> 
     </span>
     <span class='ocr_line' id='line_1_61' title="bbox 2117 53 2175 65; baseline -0.034 0"><span class='ocrx_word' id='word_1_384' title='bbox 2117 53 2123 63; x_wconf 74' lang='lat' dir='ltr'><em>a</em></span> <span class='ocrx_word' id='word_1_385' title='bbox 2136 58 2138 60; x_wconf 48' lang='lat' dir='ltr'>v</span> <span class='ocrx_word' id='word_1_386' title='bbox 2152 58 2175 65; x_wconf 72' lang='lat'><strong>.-</strong></span> 
     </span>
    </p>
   </div>
   <div class='ocr_carea' id='block_1_6' title="bbox 462 133 2299 280">
    <p class='ocr_par' dir='ltr' id='par_1_7' title="bbox 462 133 2299 280">
     <span class='ocr_line' id='line_1_62' title="bbox 462 133 1874 203; baseline -0.001 -2"><span class='ocrx_word' id='word_1_387' title='bbox 462 165 540 202; x_wconf 77' lang='lat' dir='ltr'><strong>Lm.</strong></span> <span class='ocrx_word' id='word_1_388' title='bbox 561 165 618 200; x_wconf 85' lang='lat' dir='ltr'><strong>lv.</strong></span> <span class='ocrx_word' id='word_1_389' title='bbox 640 163 696 198; x_wconf 57' lang='lat' dir='ltr'><strong>mi·</strong></span> <span class='ocrx_word' id='word_1_390' title='bbox 715 162 837 197; x_wconf 66' lang='lat' dir='ltr'><strong>vous</strong></span> <span class='ocrx_word' id='word_1_391' title='bbox 857 162 1110 200; x_wconf 66' lang='lat' dir='ltr'><strong>smnwmus</strong></span> <span class='ocrx_word' id='word_1_392' title='bbox 1127 134 1368 202; x_wconf 60' lang='lat' dir='ltr'><strong>maffiu&#39;ts</strong></span> <span class='ocrx_word' id='word_1_393' title='bbox 1389 167 1448 202; x_wconf 76' lang='lat' dir='ltr'><strong>m·</strong></span> <span class='ocrx_word' id='word_1_394' title='bbox 1464 133 1760 203; x_wconf 54' lang='lat' dir='ltr'><strong>moveamus,</strong></span> <span class='ocrx_word' id='word_1_395' title='bbox 1781 163 1874 200; x_wconf 75' lang='lat' dir='ltr'><strong>ETG.</strong></span> 
     </span>
     <span class='ocr_line' id='line_1_63' title="bbox 1247 229 2299 280; baseline -0.006 -5"><span class='ocrx_word' id='word_1_396' title='bbox 1247 234 1290 275; x_wconf 91' lang='lat'><strong>8.</strong></span> <span class='ocrx_word' id='word_1_397' title='bbox 1321 231 1519 275; x_wconf 73' lang='lat' dir='ltr'><strong>Extensio</strong></span> <span class='ocrx_word' id='word_1_398' title='bbox 1537 229 1736 273; x_wconf 76' lang='lat' dir='ltr'><strong>illationis</strong></span> <span class='ocrx_word' id='word_1_399' title='bbox 1751 233 1871 280; x_wconf 80' lang='lat' dir='ltr'><strong>faotoe</strong></span> <span class='ocrx_word' id='word_1_400' title='bbox 1881 229 1927 271; x_wconf 70' lang='lat' dir='ltr'><strong>in</strong></span> <span class='ocrx_word' id='word_1_401' title='bbox 1941 238 2104 274; x_wconf 74' lang='lat' dir='ltr'><strong>numero</strong></span> <span class='ocrx_word' id='word_1_402' title='bbox 2117 231 2160 272; x_wconf 89' lang='grc'><strong>6.</strong></span> <span class='ocrx_word' id='word_1_403' title='bbox 2172 234 2230 264; x_wconf 85' lang='lat'><strong>.;..</strong></span> <span class='ocrx_word' id='word_1_404' title='bbox 2282 233 2299 262; x_wconf 20' lang='lat'><strong>*¹</strong></span> 
     </span>
    </p>
   </div>
   <div class='ocr_carea' id='block_1_7' title="bbox 1175 290 2253 3595">
    <p class='ocr_par' dir='ltr' id='par_1_8' title="bbox 1175 290 2253 3595">
     <span class='ocr_line' id='line_1_64' title="bbox 1195 290 2229 344; baseline -0.001 -9"><span class='ocrx_word' id='word_1_405' title='bbox 1195 295 1256 336; x_wconf 81' lang='lat' dir='ltr'><strong>Ex</strong></span> <span class='ocrx_word' id='word_1_406' title='bbox 1269 296 1333 335; x_wconf 92' lang='lat' dir='ltr'><strong>his</strong></span> <span class='ocrx_word' id='word_1_407' title='bbox 1342 306 1454 344; x_wconf 86' lang='lat' dir='ltr'><strong>vero,</strong></span> <span class='ocrx_word' id='word_1_408' title='bbox 1466 294 1512 334; x_wconf 90' lang='lat' dir='ltr'><strong>in</strong></span> <span class='ocrx_word' id='word_1_409' title='bbox 1524 296 1610 334; x_wconf 85' lang='lat' dir='ltr'><strong>tota</strong></span> <span class='ocrx_word' id='word_1_410' title='bbox 1624 291 1702 331; x_wconf 86' lang='lat' dir='ltr'><strong>hac</strong></span> <span class='ocrx_word' id='word_1_411' title='bbox 1712 290 1895 330; x_wconf 84' lang='lat' dir='ltr'><strong>illatione</strong></span> <span class='ocrx_word' id='word_1_412' title='bbox 1911 301 1983 332; x_wconf 87' lang='lat' dir='ltr'><strong>seu</strong></span> <span class='ocrx_word' id='word_1_413' title='bbox 2000 290 2229 344; x_wconf 79' lang='lat' dir='ltr'><strong>objectione</strong></span> 
     </span>
     <span class='ocr_line' id='line_1_65' title="bbox 1197 351 2228 406; baseline -0.003 -10"><span class='ocrx_word' id='word_1_414' title='bbox 1197 361 1338 397; x_wconf 89' lang='lat' dir='ltr'><strong>contra</strong></span> <span class='ocrx_word' id='word_1_415' title='bbox 1369 356 1593 396; x_wconf 87' lang='lat' dir='ltr'><strong>secundam</strong></span> <span class='ocrx_word' id='word_1_416' title='bbox 1629 351 1894 393; x_wconf 86' lang='lat' dir='ltr'><strong>assertionem</strong></span> <span class='ocrx_word' id='word_1_417' title='bbox 1929 351 2066 401; x_wconf 87' lang='lat' dir='ltr'><strong>dictis,</strong></span> <span class='ocrx_word' id='word_1_418' title='bbox 2089 352 2228 406; x_wconf 78' lang='lat' dir='ltr'><strong>colligi</strong></span> 
     </span>
     <span class='ocr_line' id='line_1_66' title="bbox 1196 411 2229 469; baseline -0.003 -12"><span class='ocrx_word' id='word_1_419' title='bbox 1196 418 1368 457; x_wconf 89' lang='lat' dir='ltr'><strong>ulterius</strong></span> <span class='ocrx_word' id='word_1_420' title='bbox 1384 417 1549 469; x_wconf 90' lang='lat' dir='ltr'><strong>poterit,</strong></span> <span class='ocrx_word' id='word_1_421' title='bbox 1568 412 1900 455; x_wconf 88' lang='lat' dir='ltr'><strong>distributionem</strong></span> <span class='ocrx_word' id='word_1_422' title='bbox 1921 411 2075 453; x_wconf 81' lang='lat' dir='ltr'><strong>factam</strong></span> <span class='ocrx_word' id='word_1_423' title='bbox 2092 425 2119 454; x_wconf 80' lang='lat' dir='ltr'><strong>a</strong></span> <span class='ocrx_word' id='word_1_424' title='bbox 2132 413 2229 455; x_wconf 88' lang='lat' dir='ltr'><strong>reli-</strong></span> 
     </span>
     <span class='ocr_line' id='line_1_67' title="bbox 1195 474 2227 531; baseline -0.004 -12"><span class='ocrx_word' id='word_1_425' title='bbox 1195 481 1326 531; x_wconf 88' lang='lat' dir='ltr'><strong>gioso,</strong></span> <span class='ocrx_word' id='word_1_426' title='bbox 1355 479 1453 518; x_wconf 91' lang='lat' dir='ltr'><strong>siin</strong></span> <span class='ocrx_word' id='word_1_427' title='bbox 1470 489 1586 518; x_wconf 87' lang='lat' dir='ltr'><strong>veros</strong></span> <span class='ocrx_word' id='word_1_428' title='bbox 1618 486 1817 528; x_wconf 89' lang='lat' dir='ltr'><strong>pauperes</strong></span> <span class='ocrx_word' id='word_1_429' title='bbox 1843 474 1975 514; x_wconf 85' lang='lat' dir='ltr'><strong>aliave</strong></span> <span class='ocrx_word' id='word_1_430' title='bbox 2008 475 2078 526; x_wconf 80' lang='lat' dir='ltr'><strong>pia</strong></span> <span class='ocrx_word' id='word_1_431' title='bbox 2103 486 2227 527; x_wconf 88' lang='lat' dir='ltr'><strong>opera</strong></span> 
     </span>
     <span class='ocr_line' id='line_1_68' title="bbox 1195 535 2230 595; baseline -0.005 -14"><span class='ocrx_word' id='word_1_432' title='bbox 1195 541 1281 589; x_wconf 81' lang='lat' dir='ltr'><strong>fiat,</strong></span> <span class='ocrx_word' id='word_1_433' title='bbox 1300 540 1428 580; x_wconf 90' lang='lat' dir='ltr'><strong>inscio</strong></span> <span class='ocrx_word' id='word_1_434' title='bbox 1459 539 1581 580; x_wconf 90' lang='lat' dir='ltr'><strong>etiam</strong></span> <span class='ocrx_word' id='word_1_435' title='bbox 1603 542 1674 578; x_wconf 87' lang='lat' dir='ltr'><strong>aut</strong></span> <span class='ocrx_word' id='word_1_436' title='bbox 1706 537 1835 595; x_wconf 83' lang='lat' dir='ltr'><strong>invito</strong></span> <span class='ocrx_word' id='word_1_437' title='bbox 1862 535 2096 588; x_wconf 89' lang='lat' dir='ltr'><strong>Superiore,</strong></span> <span class='ocrx_word' id='word_1_438' title='bbox 2133 537 2230 577; x_wconf 87' lang='lat' dir='ltr'><strong>licet</strong></span> 
     </span>
     <span class='ocr_line' id='line_1_69' title="bbox 1195 596 2229 649; baseline -0.004 -7"><span class='ocrx_word' id='word_1_439' title='bbox 1195 605 1333 644; x_wconf 89' lang='lat' dir='ltr'><strong>minus</strong></span> <span class='ocrx_word' id='word_1_440' title='bbox 1355 601 1540 641; x_wconf 88' lang='lat' dir='ltr'><strong>ordinate</strong></span> <span class='ocrx_word' id='word_1_441' title='bbox 1557 600 1707 648; x_wconf 82' lang='lat' dir='ltr'><strong>fiat,et</strong></span> <span class='ocrx_word' id='word_1_442' title='bbox 1722 598 1813 637; x_wconf 92' lang='lat' dir='ltr'><strong>ideo</strong></span> <span class='ocrx_word' id='word_1_443' title='bbox 1833 609 1984 649; x_wconf 87' lang='lat' dir='ltr'><strong>magna</strong></span> <span class='ocrx_word' id='word_1_444' title='bbox 2010 597 2062 636; x_wconf 89' lang='lat' dir='ltr'><strong>sit</strong></span> <span class='ocrx_word' id='word_1_445' title='bbox 2076 596 2229 649; x_wconf 88' lang='lat' dir='ltr'><strong>imper-</strong></span> 
     </span>
     <span class='ocr_line' id='line_1_70' title="bbox 1193 658 2225 714; baseline -0.006 -10"><span class='ocrx_word' id='word_1_446' title='bbox 1193 665 1331 712; x_wconf 86' lang='lat' dir='ltr'><strong>fectio,</strong></span> <span class='ocrx_word' id='word_1_447' title='bbox 1354 667 1394 703; x_wconf 87' lang='lat' dir='ltr'><strong>et</strong></span> <span class='ocrx_word' id='word_1_448' title='bbox 1410 662 1654 714; x_wconf 83' lang='lat' dir='ltr'><strong>regulariter</strong></span> <span class='ocrx_word' id='word_1_449' title='bbox 1672 660 1809 712; x_wconf 88' lang='lat' dir='ltr'><strong>aliqua</strong></span> <span class='ocrx_word' id='word_1_450' title='bbox 1826 659 1877 698; x_wconf 89' lang='lat' dir='ltr'><strong>sit</strong></span> <span class='ocrx_word' id='word_1_451' title='bbox 1895 658 2066 698; x_wconf 89' lang='lat' dir='ltr'><strong>venialis</strong></span> <span class='ocrx_word' id='word_1_452' title='bbox 2082 658 2225 710; x_wconf 86' lang='lat' dir='ltr'><strong>culpa,</strong></span> 
     </span>
     <span class='ocr_line' id='line_1_71' title="bbox 1194 719 2227 766; baseline -0.005 -1"><span class='ocrx_word' id='word_1_453' title='bbox 1194 725 1463 766; x_wconf 87' lang='lat' dir='ltr'><strong>nihilominus</strong></span> <span class='ocrx_word' id='word_1_454' title='bbox 1483 727 1620 763; x_wconf 87' lang='lat' dir='ltr'><strong>tamen</strong></span> <span class='ocrx_word' id='word_1_455' title='bbox 1641 734 1726 762; x_wconf 89' lang='lat' dir='ltr'><strong>non</strong></span> <span class='ocrx_word' id='word_1_456' title='bbox 1755 719 1884 761; x_wconf 86' lang='lat' dir='ltr'><strong>videri</strong></span> <span class='ocrx_word' id='word_1_457' title='bbox 1914 720 2063 759; x_wconf 88' lang='lat' dir='ltr'><strong>directe</strong></span> <span class='ocrx_word' id='word_1_458' title='bbox 2085 727 2227 760; x_wconf 79' lang='lat' dir='ltr'><strong>contra</strong></span> 
     </span>
     <span class='ocr_line' id='line_1_72' title="bbox 1194 779 2227 840; baseline -0.006 -14"><span class='ocrx_word' id='word_1_459' title='bbox 1194 790 1492 840; x_wconf 84' lang='lat' dir='ltr'><strong>paupertatem.</strong></span> <span class='ocrx_word' id='word_1_460' title='bbox 1528 784 1726 824; x_wconf 86' lang='lat' dir='ltr'><strong>Probatur</strong></span> <span class='ocrx_word' id='word_1_461' title='bbox 1761 794 1813 823; x_wconf 86' lang='lat' dir='ltr'><strong>ex</strong></span> <span class='ocrx_word' id='word_1_462' title='bbox 1842 782 1975 830; x_wconf 80' lang='lat' dir='ltr'><strong>dictis,</strong></span> <span class='ocrx_word' id='word_1_463' title='bbox 2002 781 2099 833; x_wconf 89' lang='lat' dir='ltr'><strong>quia</strong></span> <span class='ocrx_word' id='word_1_464' title='bbox 2133 779 2227 821; x_wconf 88' lang='lat' dir='ltr'><strong>talis</strong></span> 
     </span>
     <span class='ocr_line' id='line_1_73' title="bbox 1196 844 2228 895; baseline -0.005 -7"><span class='ocrx_word' id='word_1_465' title='bbox 1196 847 1427 888; x_wconf 87' lang='lat' dir='ltr'><strong>distributio</strong></span> <span class='ocrx_word' id='word_1_466' title='bbox 1449 846 1665 886; x_wconf 90' lang='lat' dir='ltr'><strong>commissa</strong></span> <span class='ocrx_word' id='word_1_467' title='bbox 1683 849 1743 884; x_wconf 90' lang='lat' dir='ltr'><strong>est</strong></span> <span class='ocrx_word' id='word_1_468' title='bbox 1769 844 1976 884; x_wconf 88' lang='lat' dir='ltr'><strong>devotioni</strong></span> <span class='ocrx_word' id='word_1_469' title='bbox 2002 844 2132 895; x_wconf 91' lang='lat' dir='ltr'><strong>ipsius</strong></span> <span class='ocrx_word' id='word_1_470' title='bbox 2160 853 2228 883; x_wconf 84' lang='lat' dir='ltr'><strong>re·</strong></span> 
     </span>
     <span class='ocr_line' id='line_1_74' title="bbox 1195 905 2227 961; baseline -0.006 -12"><span class='ocrx_word' id='word_1_471' title='bbox 1195 911 1353 961; x_wconf 81' lang='lat' dir='ltr'><strong>ligiosi3</strong></span> <span class='ocrx_word' id='word_1_472' title='bbox 1373 921 1455 948; x_wconf 92' lang='lat' dir='ltr'><strong>non</strong></span> <span class='ocrx_word' id='word_1_473' title='bbox 1476 908 1627 960; x_wconf 85' lang='lat' dir='ltr'><strong>pendet</strong></span> <span class='ocrx_word' id='word_1_474' title='bbox 1640 918 1737 957; x_wconf 86' lang='lat' dir='ltr'><strong>ergo</strong></span> <span class='ocrx_word' id='word_1_475' title='bbox 1754 918 1778 946; x_wconf 90' lang='lat' dir='ltr'><strong>a</strong></span> <span class='ocrx_word' id='word_1_476' title='bbox 1798 906 1981 954; x_wconf 87' lang='lat' dir='ltr'><strong>scientia,</strong></span> <span class='ocrx_word' id='word_1_477' title='bbox 2002 905 2067 945; x_wconf 86' lang='lat' dir='ltr'><strong>vel</strong></span> <span class='ocrx_word' id='word_1_478' title='bbox 2083 905 2227 943; x_wconf 91' lang='lat' dir='ltr'><strong>volun-</strong></span> 
     </span>
     <span class='ocr_line' id='line_1_75' title="bbox 1194 966 2222 1023; baseline -0.007 -11"><span class='ocrx_word' id='word_1_479' title='bbox 1194 977 1276 1012; x_wconf 84' lang='lat' dir='ltr'><strong>tate</strong></span> <span class='ocrx_word' id='word_1_480' title='bbox 1296 970 1553 1023; x_wconf 88' lang='lat' dir='ltr'><strong>particularis</strong></span> <span class='ocrx_word' id='word_1_481' title='bbox 1576 967 1820 1019; x_wconf 80' lang='lat' dir='ltr'><strong>Superioris,</strong></span> <span class='ocrx_word' id='word_1_482' title='bbox 1849 967 1971 1006; x_wconf 89' lang='lat' dir='ltr'><strong>etiam</strong></span> <span class='ocrx_word' id='word_1_483' title='bbox 1989 966 2222 1014; x_wconf 87' lang='lat' dir='ltr'><strong>Generalis;</strong></span> 
     </span>
     <span class='ocr_line' id='line_1_76' title="bbox 1196 1028 2227 1084; baseline -0.007 -11"><span class='ocrx_word' id='word_1_484' title='bbox 1196 1046 1293 1084; x_wconf 90' lang='lat' dir='ltr'><strong>ergo</strong></span> <span class='ocrx_word' id='word_1_485' title='bbox 1312 1045 1395 1072; x_wconf 91' lang='lat' dir='ltr'><strong>non</strong></span> <span class='ocrx_word' id='word_1_486' title='bbox 1413 1031 1593 1071; x_wconf 87' lang='lat' dir='ltr'><strong>cernitur</strong></span> <span class='ocrx_word' id='word_1_487' title='bbox 1610 1029 1669 1068; x_wconf 93' lang='lat' dir='ltr'><strong>ibi</strong></span> <span class='ocrx_word' id='word_1_488' title='bbox 1686 1028 1896 1079; x_wconf 88' lang='lat' dir='ltr'><strong>usurpatio</strong></span> <span class='ocrx_word' id='word_1_489' title='bbox 1924 1028 2096 1079; x_wconf 88' lang='lat' dir='ltr'><strong>alicujus</strong></span> <span class='ocrx_word' id='word_1_490' title='bbox 2127 1039 2227 1067; x_wconf 89' lang='lat' dir='ltr'><strong>usus</strong></span> 
     </span>
     <span class='ocr_line' id='line_1_77' title="bbox 1192 1089 2226 1145; baseline -0.006 -10"><span class='ocrx_word' id='word_1_491' title='bbox 1192 1096 1275 1144; x_wconf 86' lang='lat' dir='ltr'><strong>rei,</strong></span> <span class='ocrx_word' id='word_1_492' title='bbox 1300 1098 1347 1133; x_wconf 90' lang='lat' dir='ltr'><strong>ut</strong></span> <span class='ocrx_word' id='word_1_493' title='bbox 1383 1093 1571 1145; x_wconf 65' lang='lat' dir='ltr'><strong>propriae,</strong></span> <span class='ocrx_word' id='word_1_494' title='bbox 1609 1091 1679 1130; x_wconf 91' lang='lat' dir='ltr'><strong>sed</strong></span> <span class='ocrx_word' id='word_1_495' title='bbox 1711 1094 1771 1130; x_wconf 88' lang='lat' dir='ltr'><strong>est</strong></span> <span class='ocrx_word' id='word_1_496' title='bbox 1801 1090 1921 1140; x_wconf 78' lang='lat' dir='ltr'><strong>juxta</strong></span> <span class='ocrx_word' id='word_1_497' title='bbox 1954 1089 2226 1129; x_wconf 87' lang='lat' dir='ltr'><strong>intentionem</strong></span> 
     </span>
     <span class='ocr_line' id='line_1_78' title="bbox 1192 1148 2228 1203; baseline -0.007 -8"><span class='ocrx_word' id='word_1_498' title='bbox 1192 1156 1291 1203; x_wconf 87' lang='lat' dir='ltr'><strong>voti,</strong></span> <span class='ocrx_word' id='word_1_499' title='bbox 1313 1167 1406 1195; x_wconf 91' lang='lat' dir='ltr'><strong>cum</strong></span> <span class='ocrx_word' id='word_1_500' title='bbox 1426 1154 1638 1194; x_wconf 86' lang='lat' dir='ltr'><strong>emittatur</strong></span> <span class='ocrx_word' id='word_1_501' title='bbox 1658 1151 1780 1202; x_wconf 85' lang='lat' dir='ltr'><strong>juxta</strong></span> <span class='ocrx_word' id='word_1_502' title='bbox 1796 1150 2006 1190; x_wconf 85' lang='lat' dir='ltr'><strong>Societatis</strong></span> <span class='ocrx_word' id='word_1_503' title='bbox 2026 1148 2228 1189; x_wconf 86' lang='lat' dir='ltr'><strong>Constitu-</strong></span> 
     </span>
     <span class='ocr_line' id='line_1_79' title="bbox 1192 1211 2197 1267; baseline -0.006 -10"><span class='ocrx_word' id='word_1_504' title='bbox 1192 1218 1338 1263; x_wconf 84' lang='lat' dir='ltr'><strong>tiones,</strong></span> <span class='ocrx_word' id='word_1_505' title='bbox 1357 1221 1397 1255; x_wconf 85' lang='lat' dir='ltr'><strong>et</strong></span> <span class='ocrx_word' id='word_1_506' title='bbox 1414 1217 1532 1267; x_wconf 86' lang='lat' dir='ltr'><strong>juxta</strong></span> <span class='ocrx_word' id='word_1_507' title='bbox 1554 1213 1721 1252; x_wconf 91' lang='lat' dir='ltr'><strong>modum</strong></span> <span class='ocrx_word' id='word_1_508' title='bbox 1741 1225 1766 1251; x_wconf 91' lang='lat' dir='ltr'><strong>a</strong></span> <span class='ocrx_word' id='word_1_509' title='bbox 1786 1211 1930 1262; x_wconf 88' lang='lat' dir='ltr'><strong>regula</strong></span> <span class='ocrx_word' id='word_1_510' title='bbox 1946 1223 2197 1251; x_wconf 84' lang='lat' dir='ltr'><strong>concessum.</strong></span> 
     </span>
     <span class='ocr_line' id='line_1_80' title="bbox 1243 1272 2227 1322; baseline -0.008 -3"><span class='ocrx_word' id='word_1_511' title='bbox 1243 1281 1287 1319; x_wconf 83' lang='lat'><strong>9.</strong></span> <span class='ocrx_word' id='word_1_512' title='bbox 1318 1277 1519 1318; x_wconf 74' lang='lat' dir='ltr'><strong>Evasiom·</strong></span> <span class='ocrx_word' id='word_1_513' title='bbox 1539 1274 1778 1316; x_wconf 78' lang='lat' dir='ltr'><strong>occurritur.</strong></span> <span class='ocrx_word' id='word_1_514' title='bbox 1797 1295 1850 1303; x_wconf 90' lang='lat'>—</span> <span class='ocrx_word' id='word_1_515' title='bbox 1869 1274 1983 1312; x_wconf 88' lang='lat' dir='ltr'><strong>Dices</strong></span> <span class='ocrx_word' id='word_1_516' title='bbox 1998 1303 2010 1322; x_wconf 88' lang='lat'><strong>,</strong></span> <span class='ocrx_word' id='word_1_517' title='bbox 2031 1273 2125 1312; x_wconf 90' lang='lat' dir='ltr'><strong>licet</strong></span> <span class='ocrx_word' id='word_1_518' title='bbox 2144 1272 2227 1312; x_wconf 90' lang='lat' dir='ltr'><strong>dis-</strong></span> 
     </span>
     <span class='ocr_line' id='line_1_81' title="bbox 1193 1334 2226 1389; baseline -0.007 -10"><span class='ocrx_word' id='word_1_519' title='bbox 1193 1339 1363 1379; x_wconf 86' lang='lat' dir='ltr'><strong>tributio</strong></span> <span class='ocrx_word' id='word_1_520' title='bbox 1383 1340 1424 1377; x_wconf 90' lang='lat' dir='ltr'><strong>in</strong></span> <span class='ocrx_word' id='word_1_521' title='bbox 1442 1349 1654 1389; x_wconf 88' lang='lat' dir='ltr'><strong>pauperes,</strong></span> <span class='ocrx_word' id='word_1_522' title='bbox 1673 1338 1872 1386; x_wconf 89' lang='lat' dir='ltr'><strong>quantum</strong></span> <span class='ocrx_word' id='word_1_523' title='bbox 1890 1334 1942 1373; x_wconf 88' lang='lat' dir='ltr'><strong>ad</strong></span> <span class='ocrx_word' id='word_1_524' title='bbox 1963 1334 2137 1372; x_wconf 87' lang='lat' dir='ltr'><strong>formam</strong></span> <span class='ocrx_word' id='word_1_525' title='bbox 2153 1343 2226 1373; x_wconf 87' lang='lat' dir='ltr'><strong>seu</strong></span> 
     </span>
     <span class='ocr_line' id='line_1_82' title="bbox 1194 1394 2227 1452; baseline -0.008 -12"><span class='ocrx_word' id='word_1_526' title='bbox 1194 1400 1553 1452; x_wconf 78' lang='lat' dir='ltr'><strong>specificationem,</strong></span> <span class='ocrx_word' id='word_1_527' title='bbox 1575 1402 1621 1436; x_wconf 90' lang='lat' dir='ltr'><strong>ut</strong></span> <span class='ocrx_word' id='word_1_528' title='bbox 1641 1397 1695 1436; x_wconf 89' lang='lat' dir='ltr'><strong>sic</strong></span> <span class='ocrx_word' id='word_1_529' title='bbox 1711 1396 1860 1444; x_wconf 88' lang='lat' dir='ltr'><strong>dicam,</strong></span> <span class='ocrx_word' id='word_1_530' title='bbox 1883 1408 1965 1434; x_wconf 91' lang='lat' dir='ltr'><strong>non</strong></span> <span class='ocrx_word' id='word_1_531' title='bbox 1995 1394 2169 1446; x_wconf 89' lang='lat' dir='ltr'><strong>pendeat</strong></span> <span class='ocrx_word' id='word_1_532' title='bbox 2200 1405 2227 1433; x_wconf 87' lang='lat' dir='ltr'><strong>a</strong></span> 
     </span>
     <span class='ocr_line' id='line_1_83' title="bbox 1193 1455 2226 1511; baseline -0.007 -11"><span class='ocrx_word' id='word_1_533' title='bbox 1193 1463 1404 1501; x_wconf 88' lang='lat' dir='ltr'><strong>voluntate</strong></span> <span class='ocrx_word' id='word_1_534' title='bbox 1425 1459 1667 1511; x_wconf 90' lang='lat' dir='ltr'><strong>Superioris,</strong></span> <span class='ocrx_word' id='word_1_535' title='bbox 1689 1463 1889 1509; x_wconf 89' lang='lat' dir='ltr'><strong>quantum</strong></span> <span class='ocrx_word' id='word_1_536' title='bbox 1908 1457 1959 1496; x_wconf 92' lang='lat' dir='ltr'><strong>ad</strong></span> <span class='ocrx_word' id='word_1_537' title='bbox 1982 1455 2226 1495; x_wconf 81' lang='lat' dir='ltr'><strong>exercitium</strong></span> 
     </span>
     <span class='ocr_line' id='line_1_84' title="bbox 1189 1515 2228 1574; baseline -0.008 -12"><span class='ocrx_word' id='word_1_538' title='bbox 1189 1523 1391 1574; x_wconf 83' lang='lat' dir='ltr'><strong>pendere3</strong></span> <span class='ocrx_word' id='word_1_539' title='bbox 1413 1533 1509 1560; x_wconf 91' lang='lat' dir='ltr'><strong>nam</strong></span> <span class='ocrx_word' id='word_1_540' title='bbox 1540 1520 1591 1559; x_wconf 93' lang='lat' dir='ltr'><strong>ad</strong></span> <span class='ocrx_word' id='word_1_541' title='bbox 1621 1519 1882 1571; x_wconf 88' lang='lat' dir='ltr'><strong>Superiorem</strong></span> <span class='ocrx_word' id='word_1_542' title='bbox 1915 1518 2092 1569; x_wconf 90' lang='lat' dir='ltr'><strong>pertinet</strong></span> <span class='ocrx_word' id='word_1_543' title='bbox 2122 1515 2228 1555; x_wconf 87' lang='lat' dir='ltr'><strong>desi-</strong></span> 
     </span>
     <span class='ocr_line' id='line_1_85' title="bbox 1189 1577 2224 1634; baseline -0.008 -11"><span class='ocrx_word' id='word_1_544' title='bbox 1189 1595 1315 1634; x_wconf 88' lang='lat' dir='ltr'><strong>gnare</strong></span> <span class='ocrx_word' id='word_1_545' title='bbox 1336 1588 1495 1633; x_wconf 90' lang='lat' dir='ltr'><strong>tempus</strong></span> <span class='ocrx_word' id='word_1_546' title='bbox 1519 1582 1564 1620; x_wconf 91' lang='lat' dir='ltr'><strong>in</strong></span> <span class='ocrx_word' id='word_1_547' title='bbox 1585 1593 1665 1632; x_wconf 90' lang='lat' dir='ltr'><strong>quo</strong></span> <span class='ocrx_word' id='word_1_548' title='bbox 1691 1580 1892 1618; x_wconf 87' lang='lat' dir='ltr'><strong>abdicatio</strong></span> <span class='ocrx_word' id='word_1_549' title='bbox 1913 1579 2061 1617; x_wconf 88' lang='lat' dir='ltr'><strong>horum</strong></span> <span class='ocrx_word' id='word_1_550' title='bbox 2092 1577 2224 1616; x_wconf 90' lang='lat' dir='ltr'><strong>bono-</strong></span> 
     </span>
     <span class='ocr_line' id='line_1_86' title="bbox 1187 1635 2253 1690; baseline -0.008 -6"><span class='ocrx_word' id='word_1_551' title='bbox 1187 1657 1281 1684; x_wconf 90' lang='lat' dir='ltr'><strong>rum</strong></span> <span class='ocrx_word' id='word_1_552' title='bbox 1303 1644 1488 1684; x_wconf 82' lang='lat' dir='ltr'><strong>facienda</strong></span> <span class='ocrx_word' id='word_1_553' title='bbox 1507 1646 1581 1690; x_wconf 84' lang='lat' dir='ltr'><strong>est,</strong></span> <span class='ocrx_word' id='word_1_554' title='bbox 1604 1641 1679 1680; x_wconf 89' lang='lat' dir='ltr'><strong>sub</strong></span> <span class='ocrx_word' id='word_1_555' title='bbox 1707 1641 1784 1679; x_wconf 89' lang='lat' dir='ltr'><strong>hac</strong></span> <span class='ocrx_word' id='word_1_556' title='bbox 1814 1641 1926 1679; x_wconf 89' lang='lat' dir='ltr'><strong>enim</strong></span> <span class='ocrx_word' id='word_1_557' title='bbox 1945 1640 2036 1689; x_wconf 90' lang='lat' dir='ltr'><strong>lege</strong></span> <span class='ocrx_word' id='word_1_558' title='bbox 2063 1638 2110 1677; x_wconf 88' lang='lat' dir='ltr'><strong>fit</strong></span> <span class='ocrx_word' id='word_1_559' title='bbox 2129 1649 2225 1689; x_wconf 89' lang='lat' dir='ltr'><strong>pro-</strong></span> <span class='ocrx_word' id='word_1_560' title='bbox 2250 1635 2253 1637; x_wconf 76' lang='grc'><strong>’</strong></span> 
     </span>
     <span class='ocr_line' id='line_1_87' title="bbox 1183 1696 2223 1755; baseline -0.008 -10"><span class='ocrx_word' id='word_1_561' title='bbox 1183 1707 1321 1746; x_wconf 87' lang='grc'>11115510</span> <span class='ocrx_word' id='word_1_562' title='bbox 1339 1736 1350 1755; x_wconf 89' lang='grc'>,</span> <span class='ocrx_word' id='word_1_563' title='bbox 1387 1717 1459 1744; x_wconf 87' lang='lat' dir='ltr'><strong>seu</strong></span> <span class='ocrx_word' id='word_1_564' title='bbox 1492 1702 1749 1755; x_wconf 78' lang='lat' dir='ltr'><strong>paupertatis</strong></span> <span class='ocrx_word' id='word_1_565' title='bbox 1779 1706 1935 1741; x_wconf 87' lang='lat' dir='ltr'><strong>votum.</strong></span> <span class='ocrx_word' id='word_1_566' title='bbox 1973 1696 2223 1751; x_wconf 88' lang='lat' dir='ltr'><strong>Responderi</strong></span> 
     </span>
     <span class='ocr_line' id='line_1_88' title="bbox 1183 1762 2224 1819; baseline -0.007 -13"><span class='ocrx_word' id='word_1_567' title='bbox 1183 1767 1386 1819; x_wconf 82' lang='lat' dir='ltr'><strong>imprimis</strong></span> <span class='ocrx_word' id='word_1_568' title='bbox 1398 1770 1528 1817; x_wconf 88' lang='lat' dir='ltr'><strong>potest</strong></span> <span class='ocrx_word' id='word_1_569' title='bbox 1548 1764 1826 1805; x_wconf 87' lang='lat' dir='ltr'><strong>conditionem</strong></span> <span class='ocrx_word' id='word_1_570' title='bbox 1848 1763 1960 1801; x_wconf 86' lang='lat' dir='ltr'><strong>illam</strong></span> <span class='ocrx_word' id='word_1_571' title='bbox 1972 1762 2147 1813; x_wconf 83' lang='lat' dir='ltr'><strong>positam</strong></span> <span class='ocrx_word' id='word_1_572' title='bbox 2164 1771 2224 1800; x_wconf 88' lang='lat' dir='ltr'><strong>es-</strong></span> 
     </span>
     <span class='ocr_line' id='line_1_89' title="bbox 1182 1820 2220 1871; baseline -0.007 -3"><span class='ocrx_word' id='word_1_573' title='bbox 1182 1841 1224 1868; x_wconf 90' lang='lat' dir='ltr'><strong>se</strong></span> <span class='ocrx_word' id='word_1_574' title='bbox 1249 1829 1301 1868; x_wconf 91' lang='lat' dir='ltr'><strong>ad</strong></span> <span class='ocrx_word' id='word_1_575' title='bbox 1329 1827 1632 1868; x_wconf 86' lang='lat' dir='ltr'><strong>terminandam</strong></span> <span class='ocrx_word' id='word_1_576' title='bbox 1660 1825 1914 1871; x_wconf 87' lang='lat' dir='ltr'><strong>dilationem,</strong></span> <span class='ocrx_word' id='word_1_577' title='bbox 1943 1835 2027 1862; x_wconf 91' lang='lat' dir='ltr'><strong>non</strong></span> <span class='ocrx_word' id='word_1_578' title='bbox 2048 1834 2143 1862; x_wconf 91' lang='lat' dir='ltr'><strong>vero</strong></span> <span class='ocrx_word' id='word_1_579' title='bbox 2168 1820 2220 1861; x_wconf 89' lang='lat' dir='ltr'><strong>ad</strong></span> 
     </span>
     <span class='ocr_line' id='line_1_90' title="bbox 1187 1885 2223 1939; baseline -0.007 -10"><span class='ocrx_word' id='word_1_580' title='bbox 1187 1902 1278 1930; x_wconf 89' lang='lat' dir='ltr'><strong>eam</strong></span> <span class='ocrx_word' id='word_1_581' title='bbox 1298 1889 1557 1939; x_wconf 85' lang='lat' dir='ltr'><strong>exigendam,</strong></span> <span class='ocrx_word' id='word_1_582' title='bbox 1578 1888 1635 1926; x_wconf 92' lang='lat' dir='ltr'><strong>ita</strong></span> <span class='ocrx_word' id='word_1_583' title='bbox 1655 1890 1702 1924; x_wconf 88' lang='lat' dir='ltr'><strong>ut</strong></span> <span class='ocrx_word' id='word_1_584' title='bbox 1722 1890 1818 1925; x_wconf 87' lang='lat' dir='ltr'><strong>ante</strong></span> <span class='ocrx_word' id='word_1_585' title='bbox 1838 1885 1938 1923; x_wconf 88' lang='lat' dir='ltr'><strong>illud</strong></span> <span class='ocrx_word' id='word_1_586' title='bbox 1960 1889 2120 1934; x_wconf 88' lang='lat' dir='ltr'><strong>tempus</strong></span> <span class='ocrx_word' id='word_1_587' title='bbox 2137 1894 2223 1923; x_wconf 89' lang='lat' dir='ltr'><strong>non</strong></span> 
     </span>
     <span class='ocr_line' id='line_1_91' title="bbox 1184 1945 2222 2003; baseline -0.006 -13"><span class='ocrx_word' id='word_1_588' title='bbox 1184 1952 1308 2003; x_wconf 89' lang='lat' dir='ltr'><strong>possit</strong></span> <span class='ocrx_word' id='word_1_589' title='bbox 1330 1950 1418 1989; x_wconf 81' lang='lat' dir='ltr'><strong>fieri</strong></span> <span class='ocrx_word' id='word_1_590' title='bbox 1447 1950 1651 1988; x_wconf 89' lang='lat' dir='ltr'><strong>bonorum</strong></span> <span class='ocrx_word' id='word_1_591' title='bbox 1683 1947 1900 1987; x_wconf 85' lang='lat' dir='ltr'><strong>abdicatio.</strong></span> <span class='ocrx_word' id='word_1_592' title='bbox 1927 1946 2042 1986; x_wconf 88' lang='lat' dir='ltr'><strong>Unde</strong></span> <span class='ocrx_word' id='word_1_593' title='bbox 2074 1946 2144 1997; x_wconf 88' lang='lat' dir='ltr'><strong>qui</strong></span> <span class='ocrx_word' id='word_1_594' title='bbox 2177 1945 2222 1985; x_wconf 88' lang='lat' dir='ltr'><strong>in</strong></span> 
     </span>
     <span class='ocr_line' id='line_1_92' title="bbox 1184 2009 2221 2061; baseline -0.004 -10"><span class='ocrx_word' id='word_1_595' title='bbox 1184 2013 1426 2052; x_wconf 81' lang='lat' dir='ltr'><strong>Societatem</strong></span> <span class='ocrx_word' id='word_1_596' title='bbox 1455 2010 1702 2061; x_wconf 84' lang='lat' dir='ltr'><strong>ingreditur,</strong></span> <span class='ocrx_word' id='word_1_597' title='bbox 1726 2009 1822 2050; x_wconf 82' lang='lat' dir='ltr'><strong>licet</strong></span> <span class='ocrx_word' id='word_1_598' title='bbox 1842 2020 1925 2046; x_wconf 92' lang='lat' dir='ltr'><strong>non</strong></span> <span class='ocrx_word' id='word_1_599' title='bbox 1951 2011 2139 2046; x_wconf 86' lang='lat' dir='ltr'><strong>teneatur</strong></span> <span class='ocrx_word' id='word_1_600' title='bbox 2169 2018 2221 2047; x_wconf 87' lang='lat' dir='ltr'><strong>ex</strong></span> 
     </span>
     <span class='ocr_line' id='line_1_93' title="bbox 1183 2069 2221 2124; baseline -0.007 -11"><span class='ocrx_word' id='word_1_601' title='bbox 1183 2074 1326 2124; x_wconf 82' lang='lat' dir='ltr'><strong>regula</strong></span> <span class='ocrx_word' id='word_1_602' title='bbox 1349 2077 1444 2113; x_wconf 89' lang='lat' dir='ltr'><strong>ante</strong></span> <span class='ocrx_word' id='word_1_603' title='bbox 1466 2072 1672 2123; x_wconf 83' lang='lat' dir='ltr'><strong>expletum</strong></span> <span class='ocrx_word' id='word_1_604' title='bbox 1692 2082 1849 2110; x_wconf 89' lang='lat' dir='ltr'><strong>annum</strong></span> <span class='ocrx_word' id='word_1_605' title='bbox 1870 2069 2106 2108; x_wconf 85' lang='lat' dir='ltr'><strong>renuntiare</strong></span> <span class='ocrx_word' id='word_1_606' title='bbox 2132 2079 2221 2107; x_wconf 92' lang='lat' dir='ltr'><strong>om-</strong></span> 
     </span>
     <span class='ocr_line' id='line_1_94' title="bbox 1184 2129 2215 2183; baseline -0.008 -8"><span class='ocrx_word' id='word_1_607' title='bbox 1184 2136 1305 2175; x_wconf 89' lang='lat' dir='ltr'><strong>nibus</strong></span> <span class='ocrx_word' id='word_1_608' title='bbox 1324 2135 1458 2182; x_wconf 88' lang='lat' dir='ltr'><strong>bonis,</strong></span> <span class='ocrx_word' id='word_1_609' title='bbox 1483 2146 1566 2173; x_wconf 89' lang='lat' dir='ltr'><strong>non</strong></span> <span class='ocrx_word' id='word_1_610' title='bbox 1590 2138 1729 2172; x_wconf 90' lang='lat' dir='ltr'><strong>tamen</strong></span> <span class='ocrx_word' id='word_1_611' title='bbox 1749 2131 1989 2183; x_wconf 83' lang='lat' dir='ltr'><strong>prohibetur</strong></span> <span class='ocrx_word' id='word_1_612' title='bbox 2005 2130 2046 2168; x_wconf 91' lang='lat' dir='ltr'><strong>id</strong></span> <span class='ocrx_word' id='word_1_613' title='bbox 2066 2129 2215 2178; x_wconf 84' lang='lat' dir='ltr'><strong>facere,</strong></span> 
     </span>
     <span class='ocr_line' id='line_1_95' title="bbox 1183 2192 2220 2246; baseline -0.008 -10"><span class='ocrx_word' id='word_1_614' title='bbox 1183 2197 1268 2236; x_wconf 88' lang='lat' dir='ltr'><strong>imo</strong></span> <span class='ocrx_word' id='word_1_615' title='bbox 1289 2196 1529 2244; x_wconf 88' lang='lat' dir='ltr'><strong>consulitur,</strong></span> <span class='ocrx_word' id='word_1_616' title='bbox 1568 2206 1643 2246; x_wconf 90' lang='lat' dir='ltr'><strong>per</strong></span> <span class='ocrx_word' id='word_1_617' title='bbox 1672 2205 1715 2234; x_wconf 91' lang='lat' dir='ltr'><strong>se</strong></span> <span class='ocrx_word' id='word_1_618' title='bbox 1752 2192 1970 2243; x_wconf 84' lang='lat' dir='ltr'><strong>loquendo.</strong></span> <span class='ocrx_word' id='word_1_619' title='bbox 1994 2192 2095 2230; x_wconf 88' lang='lat' dir='ltr'><strong>Item</strong></span> <span class='ocrx_word' id='word_1_620' title='bbox 2128 2193 2220 2241; x_wconf 89' lang='lat' dir='ltr'><strong>post</strong></span> 
     </span>
     <span class='ocr_line' id='line_1_96' title="bbox 1181 2251 2221 2307; baseline -0.005 -11"><span class='ocrx_word' id='word_1_621' title='bbox 1181 2270 1338 2296; x_wconf 89' lang='lat' dir='ltr'><strong>annum</strong></span> <span class='ocrx_word' id='word_1_622' title='bbox 1367 2257 1576 2307; x_wconf 84' lang='lat' dir='ltr'><strong>expletum</strong></span> <span class='ocrx_word' id='word_1_623' title='bbox 1609 2256 1704 2295; x_wconf 91' lang='lat' dir='ltr'><strong>licet</strong></span> <span class='ocrx_word' id='word_1_624' title='bbox 1740 2255 1952 2306; x_wconf 91' lang='lat' dir='ltr'><strong>promittat</strong></span> <span class='ocrx_word' id='word_1_625' title='bbox 1978 2251 2221 2291; x_wconf 81' lang='lat' dir='ltr'><strong>renuntiare</strong></span> 
     </span>
     <span class='ocr_line' id='line_1_97' title="bbox 1180 2314 2221 2369; baseline -0.006 -12"><span class='ocrx_word' id='word_1_626' title='bbox 1180 2330 1273 2357; x_wconf 88' lang='lat' dir='ltr'><strong>cum</strong></span> <span class='ocrx_word' id='word_1_627' title='bbox 1295 2318 1476 2369; x_wconf 88' lang='lat' dir='ltr'><strong>primum</strong></span> <span class='ocrx_word' id='word_1_628' title='bbox 1505 2316 1643 2366; x_wconf 86' lang='lat' dir='ltr'><strong>jussus</strong></span> <span class='ocrx_word' id='word_1_629' title='bbox 1678 2314 1818 2363; x_wconf 79' lang='lat' dir='ltr'><strong>fuerit,</strong></span> <span class='ocrx_word' id='word_1_630' title='bbox 1839 2326 1921 2354; x_wconf 89' lang='lat' dir='ltr'><strong>non</strong></span> <span class='ocrx_word' id='word_1_631' title='bbox 1956 2318 2095 2352; x_wconf 88' lang='lat' dir='ltr'><strong>tamen</strong></span> <span class='ocrx_word' id='word_1_632' title='bbox 2126 2322 2221 2364; x_wconf 88' lang='lat' dir='ltr'><strong>pro-</strong></span> 
     </span>
     <span class='ocr_line' id='line_1_98' title="bbox 1179 2373 2216 2425; baseline -0.008 -6"><span class='ocrx_word' id='word_1_633' title='bbox 1179 2380 1307 2419; x_wconf 88' lang='lat' dir='ltr'><strong>mittit</strong></span> <span class='ocrx_word' id='word_1_634' title='bbox 1327 2390 1410 2417; x_wconf 91' lang='lat' dir='ltr'><strong>non</strong></span> <span class='ocrx_word' id='word_1_635' title='bbox 1427 2377 1683 2424; x_wconf 89' lang='lat' dir='ltr'><strong>renuntiare,</strong></span> <span class='ocrx_word' id='word_1_636' title='bbox 1713 2376 1792 2414; x_wconf 89' lang='lat' dir='ltr'><strong>nisi</strong></span> <span class='ocrx_word' id='word_1_637' title='bbox 1810 2376 2027 2425; x_wconf 83' lang='lat' dir='ltr'><strong>jubeatur;</strong></span> <span class='ocrx_word' id='word_1_638' title='bbox 2049 2378 2090 2412; x_wconf 90' lang='lat' dir='ltr'><strong>et</strong></span> <span class='ocrx_word' id='word_1_639' title='bbox 2108 2373 2216 2422; x_wconf 88' lang='lat' dir='ltr'><strong>ideo,</strong></span> 
     </span>
     <span class='ocr_line' id='line_1_99' title="bbox 1179 2434 2218 2491; baseline -0.005 -12"><span class='ocrx_word' id='word_1_640' title='bbox 1179 2440 1273 2479; x_wconf 88' lang='lat' dir='ltr'><strong>licet</strong></span> <span class='ocrx_word' id='word_1_641' title='bbox 1310 2439 1476 2491; x_wconf 88' lang='lat' dir='ltr'><strong>proprio</strong></span> <span class='ocrx_word' id='word_1_642' title='bbox 1511 2442 1616 2476; x_wconf 88' lang='lat' dir='ltr'><strong>nutu</strong></span> <span class='ocrx_word' id='word_1_643' title='bbox 1647 2437 1689 2476; x_wconf 91' lang='lat' dir='ltr'><strong>id</strong></span> <span class='ocrx_word' id='word_1_644' title='bbox 1724 2437 1847 2475; x_wconf 83' lang='lat' dir='ltr'><strong>faciat</strong></span> <span class='ocrx_word' id='word_1_645' title='bbox 1882 2440 1976 2474; x_wconf 88' lang='lat' dir='ltr'><strong>ante</strong></span> <span class='ocrx_word' id='word_1_646' title='bbox 2009 2434 2218 2485; x_wconf 84' lang='lat' dir='ltr'><strong>expletum</strong></span> 
     </span>
     <span class='ocr_line' id='line_1_100' title="bbox 1180 2496 2218 2550; baseline -0.005 -10"><span class='ocrx_word' id='word_1_647' title='bbox 1180 2501 1413 2549; x_wconf 89' lang='lat' dir='ltr'><strong>biennium,</strong></span> <span class='ocrx_word' id='word_1_648' title='bbox 1429 2511 1512 2538; x_wconf 84' lang='lat' dir='ltr'><strong>non</strong></span> <span class='ocrx_word' id='word_1_649' title='bbox 1532 2502 1628 2550; x_wconf 86' lang='lat' dir='ltr'><strong>aget</strong></span> <span class='ocrx_word' id='word_1_650' title='bbox 1646 2502 1788 2537; x_wconf 87' lang='lat' dir='ltr'><strong>contra</strong></span> <span class='ocrx_word' id='word_1_651' title='bbox 1802 2496 2125 2548; x_wconf 89' lang='lat' dir='ltr'><strong>promissionem,</strong></span> <span class='ocrx_word' id='word_1_652' title='bbox 2139 2506 2218 2536; x_wconf 88' lang='lat' dir='ltr'><strong>nec</strong></span> 
     </span>
     <span class='ocr_line' id='line_1_101' title="bbox 1181 2557 2217 2614; baseline -0.007 -12"><span class='ocrx_word' id='word_1_653' title='bbox 1181 2567 1322 2603; x_wconf 85' lang='lat' dir='ltr'><strong>contra</strong></span> <span class='ocrx_word' id='word_1_654' title='bbox 1354 2565 1650 2614; x_wconf 86' lang='lat' dir='ltr'><strong>paupertatem,</strong></span> <span class='ocrx_word' id='word_1_655' title='bbox 1689 2565 1734 2598; x_wconf 93' lang='lat' dir='ltr'><strong>ut</strong></span> <span class='ocrx_word' id='word_1_656' title='bbox 1763 2570 1837 2611; x_wconf 91' lang='lat' dir='ltr'><strong>per</strong></span> <span class='ocrx_word' id='word_1_657' title='bbox 1871 2571 1911 2597; x_wconf 88' lang='lat' dir='ltr'><strong>se</strong></span> <span class='ocrx_word' id='word_1_658' title='bbox 1943 2561 2114 2596; x_wconf 89' lang='lat' dir='ltr'><strong>constat.</strong></span> <span class='ocrx_word' id='word_1_659' title='bbox 2151 2557 2217 2596; x_wconf 86' lang='lat' dir='ltr'><strong>Sic</strong></span> 
     </span>
     <span class='ocr_line' id='line_1_102' title="bbox 1180 2621 2215 2675; baseline -0.008 -11"><span class='ocrx_word' id='word_1_660' title='bbox 1180 2636 1303 2675; x_wconf 88' lang='lat' dir='ltr'><strong>ergo,</strong></span> <span class='ocrx_word' id='word_1_661' title='bbox 1324 2623 1418 2662; x_wconf 88' lang='lat' dir='ltr'><strong>licet</strong></span> <span class='ocrx_word' id='word_1_662' title='bbox 1441 2622 1601 2674; x_wconf 82' lang='lat' dir='ltr'><strong>expleto</strong></span> <span class='ocrx_word' id='word_1_663' title='bbox 1629 2621 1795 2660; x_wconf 91' lang='lat' dir='ltr'><strong>biennio</strong></span> <span class='ocrx_word' id='word_1_664' title='bbox 1824 2622 2013 2658; x_wconf 87' lang='lat' dir='ltr'><strong>teneatur</strong></span> <span class='ocrx_word' id='word_1_665' title='bbox 2042 2628 2088 2657; x_wconf 83' lang='lat' dir='ltr'><strong>ex</strong></span> <span class='ocrx_word' id='word_1_666' title='bbox 2119 2621 2215 2657; x_wconf 89' lang='lat' dir='ltr'><strong>voto</strong></span> 
     </span>
     <span class='ocr_line' id='line_1_103' title="bbox 1179 2678 2213 2740; baseline -0.009 -15"><span class='ocrx_word' id='word_1_667' title='bbox 1179 2685 1434 2740; x_wconf 88' lang='lat' dir='ltr'><strong>paupertatis</strong></span> <span class='ocrx_word' id='word_1_668' title='bbox 1469 2683 1701 2733; x_wconf 88' lang='lat' dir='ltr'><strong>relinquere</strong></span> <span class='ocrx_word' id='word_1_669' title='bbox 1732 2680 1871 2719; x_wconf 88' lang='lat' dir='ltr'><strong>omnia</strong></span> <span class='ocrx_word' id='word_1_670' title='bbox 1887 2709 1897 2727; x_wconf 93' lang='lat'>‚</span> <span class='ocrx_word' id='word_1_671' title='bbox 1919 2690 2012 2717; x_wconf 89' lang='lat' dir='ltr'><strong>cum</strong></span> <span class='ocrx_word' id='word_1_672' title='bbox 2033 2678 2213 2729; x_wconf 84' lang='lat' dir='ltr'><strong>primum</strong></span> 
     </span>
     <span class='ocr_line' id='line_1_104' title="bbox 1176 2740 2214 2799; baseline -0.006 -13"><span class='ocrx_word' id='word_1_673' title='bbox 1176 2748 1312 2799; x_wconf 86' lang='lat' dir='ltr'><strong>jussus</strong></span> <span class='ocrx_word' id='word_1_674' title='bbox 1331 2745 1468 2793; x_wconf 84' lang='lat' dir='ltr'><strong>fuerit,</strong></span> <span class='ocrx_word' id='word_1_675' title='bbox 1492 2755 1577 2782; x_wconf 92' lang='lat' dir='ltr'><strong>non</strong></span> <span class='ocrx_word' id='word_1_676' title='bbox 1596 2747 1734 2781; x_wconf 89' lang='lat' dir='ltr'><strong>tamen</strong></span> <span class='ocrx_word' id='word_1_677' title='bbox 1754 2754 1804 2780; x_wconf 84' lang='lat' dir='ltr'><strong>ex</strong></span> <span class='ocrx_word' id='word_1_678' title='bbox 1825 2741 1866 2779; x_wconf 89' lang='lat' dir='ltr'><strong>vi</strong></span> <span class='ocrx_word' id='word_1_679' title='bbox 1887 2740 1996 2779; x_wconf 87' lang='lat' dir='ltr'><strong>illius</strong></span> <span class='ocrx_word' id='word_1_680' title='bbox 2017 2741 2103 2779; x_wconf 91' lang='lat' dir='ltr'><strong>voti</strong></span> <span class='ocrx_word' id='word_1_681' title='bbox 2120 2752 2214 2792; x_wconf 92' lang='lat' dir='ltr'><strong>pro-</strong></span> 
     </span>
     <span class='ocr_line' id='line_1_105' title="bbox 1178 2802 2213 2856; baseline -0.005 -9"><span class='ocrx_word' id='word_1_682' title='bbox 1178 2808 1341 2848; x_wconf 86' lang='lat' dir='ltr'><strong>hibetur</strong></span> <span class='ocrx_word' id='word_1_683' title='bbox 1376 2806 1600 2856; x_wconf 80' lang='lat' dir='ltr'><strong>anticipare</strong></span> <span class='ocrx_word' id='word_1_684' title='bbox 1626 2810 1810 2854; x_wconf 85' lang='lat' dir='ltr'><strong>tempus,</strong></span> <span class='ocrx_word' id='word_1_685' title='bbox 1848 2806 1888 2841; x_wconf 91' lang='lat' dir='ltr'><strong>et</strong></span> <span class='ocrx_word' id='word_1_686' title='bbox 1926 2802 2063 2841; x_wconf 88' lang='lat' dir='ltr'><strong>statim</strong></span> <span class='ocrx_word' id='word_1_687' title='bbox 2090 2802 2213 2842; x_wconf 90' lang='lat' dir='ltr'><strong>relin-</strong></span> 
     </span>
     <span class='ocr_line' id='line_1_106' title="bbox 1178 2862 2212 2920; baseline -0.006 -13"><span class='ocrx_word' id='word_1_688' title='bbox 1178 2880 1301 2920; x_wconf 88' lang='lat' dir='ltr'><strong>quere</strong></span> <span class='ocrx_word' id='word_1_689' title='bbox 1320 2867 1444 2915; x_wconf 86' lang='lat' dir='ltr'><strong>bona,</strong></span> <span class='ocrx_word' id='word_1_690' title='bbox 1466 2878 1550 2905; x_wconf 90' lang='lat' dir='ltr'><strong>non</strong></span> <span class='ocrx_word' id='word_1_691' title='bbox 1569 2868 1783 2916; x_wconf 86' lang='lat' dir='ltr'><strong>expectata</strong></span> <span class='ocrx_word' id='word_1_692' title='bbox 1799 2863 2006 2914; x_wconf 84' lang='lat' dir='ltr'><strong>jussione3</strong></span> <span class='ocrx_word' id='word_1_693' title='bbox 2023 2874 2144 2913; x_wconf 86' lang='lat' dir='ltr'><strong>ergo,</strong></span> <span class='ocrx_word' id='word_1_694' title='bbox 2165 2862 2212 2902; x_wconf 93' lang='lat' dir='ltr'><strong>li-</strong></span> 
     </span>
     <span class='ocr_line' id='line_1_107' title="bbox 1179 2925 2212 2980; baseline -0.006 -11"><span class='ocrx_word' id='word_1_695' title='bbox 1179 2934 1241 2969; x_wconf 89' lang='lat' dir='ltr'><strong>cet</strong></span> <span class='ocrx_word' id='word_1_696' title='bbox 1259 2929 1301 2968; x_wconf 91' lang='lat' dir='ltr'><strong>id</strong></span> <span class='ocrx_word' id='word_1_697' title='bbox 1320 2928 1456 2976; x_wconf 88' lang='lat' dir='ltr'><strong>faciat,</strong></span> <span class='ocrx_word' id='word_1_698' title='bbox 1477 2939 1525 2966; x_wconf 91' lang='grc'><strong>00</strong></span> <span class='ocrx_word' id='word_1_699' title='bbox 1552 2929 1737 2980; x_wconf 86' lang='lat' dir='ltr'><strong>exparte</strong></span> <span class='ocrx_word' id='word_1_700' title='bbox 1756 2937 1838 2964; x_wconf 89' lang='lat' dir='ltr'><strong>non</strong></span> <span class='ocrx_word' id='word_1_701' title='bbox 1861 2925 2044 2976; x_wconf 88' lang='lat' dir='ltr'><strong>peccabit</strong></span> <span class='ocrx_word' id='word_1_702' title='bbox 2069 2927 2212 2964; x_wconf 87' lang='lat' dir='ltr'><strong>contra</strong></span> 
     </span>
     <span class='ocr_line' id='line_1_108' title="bbox 1178 2986 2213 3041; baseline -0.007 -10"><span class='ocrx_word' id='word_1_703' title='bbox 1178 2995 1321 3031; x_wconf 86' lang='lat' dir='ltr'><strong>votum</strong></span> <span class='ocrx_word' id='word_1_704' title='bbox 1341 2988 1605 3041; x_wconf 87' lang='lat' dir='ltr'><strong>paupertatis.</strong></span> <span class='ocrx_word' id='word_1_705' title='bbox 1636 2987 1751 3026; x_wconf 91' lang='lat' dir='ltr'><strong>Unde</strong></span> <span class='ocrx_word' id='word_1_706' title='bbox 1771 2988 1804 3026; x_wconf 90' lang='lat' dir='ltr'><strong>si</strong></span> <span class='ocrx_word' id='word_1_707' title='bbox 1826 2987 2008 3037; x_wconf 88' lang='lat' dir='ltr'><strong>alioquin</strong></span> <span class='ocrx_word' id='word_1_708' title='bbox 2024 2986 2092 3026; x_wconf 84' lang='lat' dir='ltr'><strong>det</strong></span> <span class='ocrx_word' id='word_1_709' title='bbox 2112 2997 2213 3037; x_wconf 87' lang='lat' dir='ltr'><strong>pau-</strong></span> 
     </span>
     <span class='ocr_line' id='line_1_109' title="bbox 1179 3047 2213 3105; baseline -0.005 -14"><span class='ocrx_word' id='word_1_710' title='bbox 1179 3052 1344 3105; x_wconf 90' lang='lat' dir='ltr'><strong>peribus</strong></span> <span class='ocrx_word' id='word_1_711' title='bbox 1364 3050 1495 3102; x_wconf 84' lang='lat' dir='ltr'><strong>(quod</strong></span> <span class='ocrx_word' id='word_1_712' title='bbox 1515 3049 1592 3088; x_wconf 93' lang='lat' dir='ltr'><strong>sibi</strong></span> <span class='ocrx_word' id='word_1_713' title='bbox 1623 3060 1855 3087; x_wconf 88' lang='lat' dir='ltr'><strong>concessum</strong></span> <span class='ocrx_word' id='word_1_714' title='bbox 1887 3049 1981 3099; x_wconf 90' lang='lat' dir='ltr'><strong>est),</strong></span> <span class='ocrx_word' id='word_1_715' title='bbox 2008 3059 2060 3087; x_wconf 88' lang='lat' dir='ltr'><strong>ex</strong></span> <span class='ocrx_word' id='word_1_716' title='bbox 2094 3047 2213 3087; x_wconf 90' lang='lat' dir='ltr'><strong>nullo</strong></span> 
     </span>
     <span class='ocr_line' id='line_1_110' title="bbox 1180 3109 2211 3165; baseline -0.004 -12"><span class='ocrx_word' id='word_1_717' title='bbox 1180 3114 1311 3165; x_wconf 88' lang='lat' dir='ltr'><strong>capite</strong></span> <span class='ocrx_word' id='word_1_718' title='bbox 1330 3111 1500 3151; x_wconf 88' lang='lat' dir='ltr'><strong>violabit</strong></span> <span class='ocrx_word' id='word_1_719' title='bbox 1519 3114 1825 3163; x_wconf 83' lang='lat' dir='ltr'><strong>paupertatem3</strong></span> <span class='ocrx_word' id='word_1_720' title='bbox 1844 3121 2094 3161; x_wconf 89' lang='lat' dir='ltr'><strong>quamquam</strong></span> <span class='ocrx_word' id='word_1_721' title='bbox 2112 3109 2211 3160; x_wconf 83' lang='lat' dir='ltr'><strong>quia</strong></span> 
     </span>
     <span class='ocr_line' id='line_1_111' title="bbox 1178 3170 2211 3219; baseline -0.004 -4"><span class='ocrx_word' id='word_1_722' title='bbox 1178 3178 1320 3215; x_wconf 86' lang='lat' dir='ltr'><strong>votum</strong></span> <span class='ocrx_word' id='word_1_723' title='bbox 1340 3173 1464 3212; x_wconf 89' lang='lat' dir='ltr'><strong>etiam</strong></span> <span class='ocrx_word' id='word_1_724' title='bbox 1483 3172 1605 3212; x_wconf 88' lang='lat' dir='ltr'><strong>habet</strong></span> <span class='ocrx_word' id='word_1_725' title='bbox 1627 3171 1891 3219; x_wconf 84' lang='lat' dir='ltr'><strong>obedieutiae,</strong></span> <span class='ocrx_word' id='word_1_726' title='bbox 1914 3170 2146 3210; x_wconf 91' lang='lat' dir='ltr'><strong>inordinate</strong></span> <span class='ocrx_word' id='word_1_727' title='bbox 2169 3173 2211 3211; x_wconf 88' lang='lat' dir='ltr'><strong>et</strong></span> 
     </span>
     <span class='ocr_line' id='line_1_112' title="bbox 1178 3231 2213 3288; baseline -0.004 -13"><span class='ocrx_word' id='word_1_728' title='bbox 1178 3235 1414 3288; x_wconf 79' lang='lat' dir='ltr'><strong>imperfecte</strong></span> <span class='ocrx_word' id='word_1_729' title='bbox 1447 3234 1570 3274; x_wconf 87' lang='lat' dir='ltr'><strong>faciet</strong></span> <span class='ocrx_word' id='word_1_730' title='bbox 1602 3234 1653 3273; x_wconf 92' lang='lat' dir='ltr'><strong>de</strong></span> <span class='ocrx_word' id='word_1_731' title='bbox 1687 3234 1769 3273; x_wconf 88' lang='lat' dir='ltr'><strong>suis</strong></span> <span class='ocrx_word' id='word_1_732' title='bbox 1804 3234 1921 3273; x_wconf 90' lang='lat' dir='ltr'><strong>bonis</strong></span> <span class='ocrx_word' id='word_1_733' title='bbox 1958 3231 2213 3284; x_wconf 89' lang='lat' dir='ltr'><strong>disponendo</strong></span> 
     </span>
     <span class='ocr_line' id='line_1_113' title="bbox 1179 3294 2210 3348; baseline -0.005 -11"><span class='ocrx_word' id='word_1_734' title='bbox 1179 3298 1304 3338; x_wconf 89' lang='lat' dir='ltr'><strong>etiam</strong></span> <span class='ocrx_word' id='word_1_735' title='bbox 1322 3297 1367 3336; x_wconf 90' lang='lat' dir='ltr'><strong>in</strong></span> <span class='ocrx_word' id='word_1_736' title='bbox 1387 3307 1583 3348; x_wconf 89' lang='lat' dir='ltr'><strong>pauperes</strong></span> <span class='ocrx_word' id='word_1_737' title='bbox 1612 3295 1699 3334; x_wconf 92' lang='lat' dir='ltr'><strong>sine</strong></span> <span class='ocrx_word' id='word_1_738' title='bbox 1721 3295 1885 3335; x_wconf 84' lang='lat' dir='ltr'><strong>licentia</strong></span> <span class='ocrx_word' id='word_1_739' title='bbox 1902 3294 2145 3346; x_wconf 71' lang='lat' dir='ltr'><strong>Superioris,</strong></span> <span class='ocrx_word' id='word_1_740' title='bbox 2162 3303 2210 3333; x_wconf 89' lang='lat' dir='ltr'><strong>ac</strong></span> 
     </span>
     <span class='ocr_line' id='line_1_114' title="bbox 1180 3354 2206 3409; baseline -0.004 -12"><span class='ocrx_word' id='word_1_741' title='bbox 1180 3358 1214 3397; x_wconf 92' lang='lat' dir='ltr'><strong>si</strong></span> <span class='ocrx_word' id='word_1_742' title='bbox 1230 3357 1332 3396; x_wconf 93' lang='lat' dir='ltr'><strong>illud</strong></span> <span class='ocrx_word' id='word_1_743' title='bbox 1347 3361 1452 3397; x_wconf 89' lang='lat' dir='ltr'><strong>esset</strong></span> <span class='ocrx_word' id='word_1_744' title='bbox 1465 3356 1719 3409; x_wconf 91' lang='lat' dir='ltr'><strong>prohibitum</strong></span> <span class='ocrx_word' id='word_1_745' title='bbox 1731 3356 1775 3395; x_wconf 85' lang='lat' dir='ltr'><strong>in</strong></span> <span class='ocrx_word' id='word_1_746' title='bbox 1782 3356 1932 3396; x_wconf 87' lang='lat' dir='ltr'><strong>virtute</strong></span> <span class='ocrx_word' id='word_1_747' title='bbox 1945 3354 2206 3403; x_wconf 75' lang='lat' dir='ltr'><strong>obedientiae,</strong></span> 
     </span>
     <span class='ocr_line' id='line_1_115' title="bbox 1177 3417 2207 3470; baseline -0.005 -11"><span class='ocrx_word' id='word_1_748' title='bbox 1177 3423 1282 3460; x_wconf 90' lang='lat' dir='ltr'><strong>esset</strong></span> <span class='ocrx_word' id='word_1_749' title='bbox 1304 3431 1354 3459; x_wconf 84' lang='lat' dir='ltr'><strong>ex</strong></span> <span class='ocrx_word' id='word_1_750' title='bbox 1371 3418 1449 3458; x_wconf 90' lang='lat' dir='ltr'><strong>hoc</strong></span> <span class='ocrx_word' id='word_1_751' title='bbox 1468 3419 1599 3470; x_wconf 87' lang='lat' dir='ltr'><strong>capite</strong></span> <span class='ocrx_word' id='word_1_752' title='bbox 1620 3422 1829 3469; x_wconf 89' lang='lat' dir='ltr'><strong>peccatum</strong></span> <span class='ocrx_word' id='word_1_753' title='bbox 1850 3427 1973 3468; x_wconf 83' lang='lat' dir='ltr'><strong>grave</strong></span> <span class='ocrx_word' id='word_1_754' title='bbox 1990 3417 2108 3467; x_wconf 77' lang='lat' dir='ltr'><strong>iuxta</strong></span> <span class='ocrx_word' id='word_1_755' title='bbox 2120 3425 2207 3454; x_wconf 79' lang='lat' dir='ltr'><strong>ma-</strong></span> 
     </span>
     <span class='ocr_line' id='line_1_116' title="bbox 1175 3473 2204 3531; baseline -0.006 -12"><span class='ocrx_word' id='word_1_756' title='bbox 1175 3479 1290 3519; x_wconf 84' lang='lat' dir='ltr'><strong>teriae</strong></span> <span class='ocrx_word' id='word_1_757' title='bbox 1310 3479 1565 3531; x_wconf 86' lang='lat' dir='ltr'><strong>qualitatem.</strong></span> <span class='ocrx_word' id='word_1_758' title='bbox 1586 3480 1689 3519; x_wconf 92' lang='lat' dir='ltr'><strong>Nam</strong></span> <span class='ocrx_word' id='word_1_759' title='bbox 1709 3477 1927 3531; x_wconf 86' lang='lat' dir='ltr'><strong>aliquando</strong></span> <span class='ocrx_word' id='word_1_760' title='bbox 1945 3478 2076 3529; x_wconf 87' lang='lat' dir='ltr'><strong>potest</strong></span> <span class='ocrx_word' id='word_1_761' title='bbox 2101 3473 2204 3514; x_wconf 91' lang='lat' dir='ltr'><strong>mul·</strong></span> 
     </span>
     <span class='ocr_line' id='line_1_117' title="bbox 1175 3538 2207 3595; baseline -0.006 -14"><span class='ocrx_word' id='word_1_762' title='bbox 1175 3543 1268 3582; x_wconf 88' lang='lat' dir='ltr'><strong>tum</strong></span> <span class='ocrx_word' id='word_1_763' title='bbox 1285 3541 1476 3595; x_wconf 84' lang='lat' dir='ltr'><strong>expedire</strong></span> <span class='ocrx_word' id='word_1_764' title='bbox 1504 3540 1557 3582; x_wconf 87' lang='lat' dir='ltr'><strong>ad</strong></span> <span class='ocrx_word' id='word_1_765' title='bbox 1575 3540 1885 3582; x_wconf 76' lang='lat' dir='ltr'><strong>aedificationem</strong></span> <span class='ocrx_word' id='word_1_766' title='bbox 1907 3538 2207 3591; x_wconf 86' lang='lat' dir='ltr'><strong>proximorum,</strong></span> 
     </span>
    </p>
   </div>
   <div class='ocr_carea' id='block_1_8' title="bbox 2233 0 2352 489">
    <p class='ocr_par' dir='ltr' id='par_1_9' title="bbox 2233 0 2352 489">
     <span class='ocr_line' id='line_1_118' title="bbox 2233 0 2352 489; baseline 0 3391"><span class='ocrx_word' id='word_1_767' title='bbox 2233 0 2352 489; x_wconf 95' lang='lat' dir='ltr'><strong> </strong></span> 
     </span>
    </p>
   </div>
  </div>
 </body>
</html>
