2352 3880
127 249 140 262 ·
254 219 255 222 ¹
279 214 292 261 ·⁷
309 250 401 287 mr.
421 249 494 285 vn.
514 249 568 285 nn
588 248 726 284 manns
746 247 790 282 m
809 246 1083 283 pannonum
1102 248 1182 283 ruo
1203 248 1436 284 emam-rr:
1456 251 1568 286 naon
1587 251 1807 292 rnoxmos,
1830 251 1922 287 mc.

92 303 118 337 '⁸'
142 306 145 325 ⁵
167 316 299 366 vnn,
316 315 423 356 venit
441 315 545 356 enim
563 318 602 356 et
625 315 681 356 ad
693 318 873 366 posteros
888 315 972 355 ista
986 313 1078 354 oha-

34 402 41 423 r
79 380 92 396 '²
121 401 138 423 ι,
163 381 172 426 Ἴ
216 378 426 420 exultatio.
453 376 571 417 Unde
604 375 718 415 idem
752 376 1009 426 Augustinus
1034 375 1078 415 in

152 440 294 492 regula
317 438 396 478 hoc
426 437 684 489 praecipuum
714 436 1012 477 documentum
1030 447 1079 476 ac

0 526 6 550 :
34 502 90 550 ,’“’”ῥ
105 504 229 546 'mum
243 502 350 539 inter
365 502 514 539 caetera
526 498 746 550 proponit:
767 498 970 546 Primum,
987 509 1080 550 pro-

0 585 7 620 „⁷
104 593 109 598 ,
143 563 258 616 -quod
271 561 314 601 in
331 573 454 602 unum
471 561 568 600 estis
593 561 848 613 oonyreyati,
870 564 907 600 ec
934 559 1080 600 unani-

0 621 6 636 “’
36 621 80 665 ἶ
106 652 108 654 -
144 624 336 665 habitatis
355 623 399 662 in
414 623 524 662 domo
543 622 724 670 Domini,
743 626 779 661 et
799 623 857 661 sit
870 621 976 662 vobis
993 620 1080 660 ani-

0 686 4 718 ἱ
45 682 64 737 s⁴
99 705 107 723 t
144 697 238 733 una,
260 687 298 725 et
317 696 382 725 cor
399 696 521 724 unum
547 684 592 724 in
621 684 716 724 Deo.
741 683 917 722 Basilius
938 683 1075 731 etiam,

0 749 9 793 ἶ
31 737 85 784 f·
112 746 477 788 Constitutionibus
496 749 692 791 monast.‚
711 756 734 784 a
757 757 793 784 c.
815 746 879 792 19,
903 743 1081 784 caenobi-

0 830 9 839 τ
23 827 27 832 >
39 810 172 867 ‘team
185 809 311 847 vitam
327 808 640 852 commendans,
654 807 971 847 fundamentum
989 806 1079 856 ejus

0 884 11 903 θ
43 859 143 922 §sse
173 869 294 919 dicit,
322 882 525 909 summam
563 870 796 909 animorum
829 867 1079 919 conjunctio-

5 967 11 971 .
34 940 161 989 wem,
189 936 230 972 et
247 932 466 980 unitatem,
496 932 585 972 sine
602 944 683 983 qua
702 931 860 983 (inquit
879 931 1081 981 Hierony-

7 1044 10 1046 v
32 1005 159 1043 mnus,
186 1006 259 1034 seu
280 999 425 1034 auctor
443 993 600 1046 regulae
621 992 881 1041 monialium,
900 1002 990 1043 cap.
1014 990 1077 1042 1),

42 1057 162 1107 'vanua
181 1056 267 1096 ‘cita
285 1062 343 1096 esc
360 1056 542 1104 deterior,
561 1066 680 1108 qnam
703 1053 823 1094 simul
838 1054 974 1104 deffere
999 1061 1080 1093 cor-

49 1126 153 1172 pore,
175 1122 214 1159 et
234 1129 311 1158 non
330 1122 469 1166 mente,
489 1124 526 1158 et
552 1128 639 1158 vere
667 1116 851 1165 infelices
878 1117 974 1155 sunt
991 1114 1079 1167 qui-

6 1180 11 1181 ’
49 1179 120 1223 bus
134 1191 212 1220 non
229 1179 331 1220 inest
349 1190 446 1226 una,
461 1180 529 1220 sed
545 1180 707 1219 diversa
723 1177 924 1217 voluntas.
946 1175 1005 1216 Ec
1023 1173 1083 1215 sio

41 1240 187 1289 >&abere
201 1242 387 1291 poteritis
410 1240 621 1294 ‘religionis
637 1240 903 1293 propositum,
926 1237 965 1278 si
979 1247 1081 1278 una·

5 1328 13 1337 2
35 1302 174 1351 ,animes
200 1302 246 1342 in
278 1304 387 1342 domo
417 1301 491 1343 Dei
518 1301 705 1342 habitetis
717 1315 734 1346 ;
753 1303 796 1340 et
814 1298 868 1340 ob
887 1298 1081 1343 eamdem

12 1412 15 1413 ⁷
48 1373 216 1405 causam
242 1364 342 1403 dixit
369 1363 481 1403 idem
504 1362 785 1413 Hieronymus
804 1389 815 1408 ‚
845 1361 889 1400 iu
922 1359 1081 1411 Regula

49 1424 361 1472 Monachorum‚
383 1437 420 1464 c.
441 1424 494 1464 de
512 1423 718 1465 Charitate
734 1435 746 1462 z
763 1422 969 1475 Quidquid
978 1421 1081 1464 divi·

49 1486 111 1531 dit
133 1488 238 1528 inter
265 1490 438 1537 fratres,
460 1488 641 1536 infernus
660 1486 846 1527 dicendus
868 1487 939 1525 esi.
962 1482 1083 1524 Unde

48 1548 354 1600 elegantissime
374 1548 625 1594 Bernartius,
646 1559 771 1587 serm.
791 1546 990 1595 vigesimo
1006 1557 1084 1586 no·

49 1618 103 1650 no
128 1611 172 1650 in
198 1612 384 1651 Cantica:
422 1610 500 1651 Vos
518 1609 704 1659 (inquit)
724 1607 876 1659 experti
900 1608 1027 1653 estis,
1045 1609 1084 1648 et

43 1673 217 1725 ’qnotidie
245 1671 495 1723 experfmini,
519 1682 636 1723 quain
661 1670 799 1709 bonum
817 1669 888 1717 sit,
908 1671 947 1709 et
964 1678 1082 1719 qnam

40 1734 270 1786 jocundum
291 1733 471 1774 habitare
490 1734 644 1779 fratres
669 1732 715 1771 in
732 1742 870 1778 ionum,
894 1729 933 1770 si
952 1734 1083 1770 tamen

47 1795 95 1835 in
119 1806 258 1841 annm,
286 1798 323 1835 et
354 1806 432 1834 non
454 1793 499 1833 in
525 1792 758 1834 scandalum
771 1807 788 1839 ,·
808 1791 988 1842 alioquin
1012 1801 1082 1831 neo

23 1855 264 1909 ,jucundum
290 1855 422 1906 plane,
448 1865 516 1894 nee
538 1855 691 1901 bonum,
713 1852 784 1893 sed
804 1855 1019 1904 pessimum
1036 1861 1082 1892 ae

46 1917 387 1958 molestissimum.
408 1916 467 1955 Ob
485 1916 593 1955 hanc
617 1926 716 1966 ergo
735 1925 905 1953 causam
935 1924 1081 1951 omnes

45 1979 295 2030 'religionum
313 1977 558 2016 fundatores
573 1976 680 2015 hanc
697 1980 885 2015 mutuam
906 1974 1082 2013 fratrum

44 2037 309 2081 'dilectionem
334 2040 513 2078 maxime
543 2038 850 2083 commendant,
877 2040 920 2075 ut
940 2036 1082 2075 videre

50 2101 177 2142 etiam
193 2101 288 2141 licet
307 2101 350 2140 in
371 2101 410 2140 S.
432 2099 671 2148 Benedieto,
688 2111 779 2151 cap.
795 2101 821 2139 4
839 2098 1017 2150 regulae3
1036 2097 1078 2137 S.

50 2161 297 2211 Bonavent.,
327 2163 371 2201 in
401 2162 705 2208 Quaestionibus
725 2172 851 2211 super
873 2160 1077 2210 regulam,

27 2245 30 2250 Δ
47 2225 274 2278 quaestione
295 2223 457 2263 decima
477 2228 644 2270 octavat,
670 2222 834 2270 Basilio,
853 2221 896 2260 in
911 2221 1079 2260 Constit.

48 2291 245 2332 monast,
266 2298 356 2337 cap.
385 2285 569 2325 secundo
591 2287 633 2324 et
650 2285 786 2331 tertio,
812 2295 861 2323 ac
881 2283 1078 2334 reliquis;

31 2347 148 2400 quia
167 2347 398 2387 communis
417 2347 499 2386 vita
520 2347 610 2386 sine
629 2344 709 2385 hac
727 2345 882 2382 unione
904 2352 983 2381 nec
1002 2341 1082 2381 uti-

30 2405 101 2451 llis
118 2422 210 2451 esse
229 2414 381 2462 potest,
402 2418 480 2446 nec
496 2405 700 2457 jucunda.

429 2540 592 2581 CAPUT
619 2540 704 2580 VII.

24 2648 104 2704 ism
125 2667 261 2698 manns
287 2666 500 2696 naonwrs
528 2665 664 2699 omnus
700 2663 912 2694 FRATERNA
949 2665 1086 2695 cmm-

70 2750 75 2759 .
131 2730 203 2761 'rAs
228 2729 280 2759 ΕΤ
316 2727 528 2758 concor-nm
555 2727 596 2756 m
625 2727 836 2756 sommum:
862 2726 1087 2756 consann-

68 2812 95 2825 f,
129 2792 222 2824 TUR-

106 2900 150 2941 Ι.
179 2900 366 2941 Primum
383 2898 552 2938 medium
579 2899 822 2949 neyationm,
847 2909 925 2937 non
944 2898 1083 2939 Zoedere

34 2962 224 3017 {mire-5.
245 2982 298 2990 —
313 2960 375 3000 Ad
393 2960 619 2998 fraternam
640 2959 882 2998 charitatem
904 2964 945 2999 et
966 2961 1081 2999 unio-

33 3026 153 3076 n'pm
182 3022 418 3068 fovendam,
439 3022 552 3060 varia
575 3021 711 3060 media
731 3021 774 3059 in
803 3021 1004 3061 Societate
1024 3023 1083 3061 in-

31 3078 243 3140 flfflducta
263 3089 303 3123 et
321 3083 608 3122 commendata
635 3087 744 3130 sunt,
767 3094 858 3133 quae
881 3083 924 3121 in
942 3088 1084 3123 octava

40 3143 175 3199 “We
192 3145 549 3186 constitutionum.
580 3157 670 3197 cap.
695 3144 844 3196 primo,
865 3149 906 3183 et
926 3145 1016 3184 aliis
1043 3146 1086 3184 in

62 3204 211 3261 Qulis
249 3207 555 3248 accuratissime
592 3207 887 3258 providentur3
918 3218 1012 3256 quae
1043 3208 1087 3246 in

74 3288 77 3290 ·
97 3287 130 3312 „2
157 3282 262 3310 mam
281 3270 450 3309 brevem
469 3268 722 3320 redigemus,
737 3272 778 3308 et
794 3281 845 3308 ex
857 3268 909 3307 iis
928 3269 1082 3320 aliqua,

134 3347 148 3373 x-
173 3332 306 3384 magis
329 3330 496 3382 propria
514 3330 730 3382 magisque
756 3330 872 3369 utilia
887 3329 1087 3368 videbun-

75 3443 79 3445 q
122 3401 126 3402 ’
171 3404 246 3444 pro
277 3391 460 3432 materiae
495 3391 690 3442 qualitate
727 3391 1085 3443 locupletabimus.

71 3496 74 3498 ,
174 3452 265 3493 imis
295 3465 395 3504 ergo
429 3453 607 3503 supponi
632 3452 787 3493 debent
812 3465 886 3500 ea,
912 3463 1006 3503 quae
1036 3464 1088 3492 ex

83 3528 95 3568 '.
114 3517 117 3520 ’
135 3513 264 3572 stege
285 3515 494 3554 charitatis
517 3514 655 3554 debita
682 3517 802 3559 sunt:
823 3526 914 3565 quae
939 3515 983 3553 in
1002 3525 1090 3553 me-

62 3568 106 3622 ”,
146 3623 148 3627 .
165 3578 346 3627 egativa
366 3581 409 3617 et
423 3576 667 3616 affirmativa
685 3575 883 3626 distingui
902 3579 1087 3627 possunt.

123 3675 130 3690 <.
164 3637 352 3690 fgafivis
372 3649 508 3693 pauca
526 3636 667 3679 dicere
692 3647 867 3678 necesse
896 3641 974 3687 est,
993 3637 1093 3689 quia

2083 249 2167 291 94⁹

1130 313 1251 365 plura
1270 320 1366 354 sunt
1385 315 1523 356 debita
1543 329 1593 357 ex
1613 318 1863 370 obligatione
1887 317 2072 369 justitiae,
2092 328 2165 370 po-

1131 376 1213 415 tius
1243 388 1368 428 quam
1396 377 1632 427 charitatis;
1657 379 1795 430 qualia
1817 385 1928 428 sunt,
1949 392 2025 420 nec
2055 379 2164 432 cogi-

1132 437 1305 486 tatione,
1321 449 1398 476 nec
1411 438 1552 486 verbo,
1574 452 1652 479 nec
1672 453 1814 492 opere,
1835 442 1952 482 alteri
1972 441 2166 493 injuriam

1133 499 1286 548 facere,
1307 499 1374 538 vel
1413 499 1456 537 in
1484 511 1530 538 re
1564 501 1701 551 aliqua
1732 505 1970 554 quempiam
1993 503 2162 543 laedere.

1132 559 1183 598 Et
1202 559 1296 598 ideo
1317 559 1368 599 de
1390 560 1470 598 hoc
1486 567 1691 611 praecepto
1712 564 1814 602 nihil
1833 564 1917 604 fere
1949 566 1991 603 in
2007 563 2164 604 Consti-

1131 620 1362 660 tutionibus
1389 625 1460 659 aut
1489 622 1643 671 regulis
1685 625 1891 673 statuitur,
1915 627 2013 676 quia
2034 626 2166 677 magis

1133 681 1186 721 ad
1208 682 1496 721 necessitatem
1527 682 1643 734 legiS,
1667 694 1792 734 quam
1813 685 1866 723 ad
1884 688 2052 725 consilia
2072 699 2166 739 per-

1133 743 1322 783 fectionis
1362 745 1555 795 pertinet.
1578 745 1680 793 Quia
1710 758 1807 784 vero
1847 759 1921 797 pro
1950 748 2168 789 hominum

1134 807 1415 846 imbecillitate
1450 807 1607 858 aliquid
1644 808 1882 859 hujusmodi
1899 810 1984 859 pati
2012 811 2169 850 contin-

1135 868 1207 918 git,
1226 881 1350 919 quam
1372 869 1565 908 citissime
1587 870 1817 908 curandum
1834 871 2070 920 praecipitur
2089 876 2169 911 ter-

1134 929 1190 969 tia
1227 934 1344 981 parte
1380 931 1743 978 Constitufionum,
1779 943 1870 982 cap.
1895 933 1932 980 1,
1952 931 2010 970 lit.
2041 933 2086 980 P,
2106 932 2168 972 his

1134 990 1272 1031 verbis
1291 1006 1300 1030 :
1321 992 1506 1032 Ferenda
1520 1004 1599 1032 non
1615 997 1672 1033 est
1693 993 1798 1033 inter
1818 991 1923 1033 ullos
1941 994 2169 1034 domestico-

1132 1062 1226 1092 rum
1243 1054 1507 1103 perturbatio,
1532 1054 1592 1094 vel
1610 1054 1678 1094 ira
1706 1058 1847 1094 mutua
1858 1071 1875 1101 ,·
1897 1059 1933 1096 et
1952 1055 1989 1095 si
2015 1054 2171 1106 aliquid

1135 1113 1365 1163 hujusmodi
1398 1115 1604 1164 acciderit,
1624 1119 1671 1156 nt
1703 1116 1843 1156 statim
1869 1129 1955 1156 cnm
1985 1118 2168 1166 satisfac-

1135 1175 1240 1216 tione
1254 1176 1386 1218 debz'tn
1408 1175 1452 1216 in
1477 1178 1656 1229 qratiam
1676 1179 1843 1218 invicem
1869 1180 2042 1219 redeant.
2069 1179 2168 1225 Quae

1134 1237 1262 1276 verba
1292 1248 1368 1289 pro
1398 1239 1544 1290 regula
1578 1240 1788 1290 proposita
1817 1244 1913 1278 sunt
1937 1229 2168 1291 Proepositis

1135 1303 1174 1340 et
1188 1300 1432 1339 Rectoribus
1456 1301 1500 1340 in
1524 1301 1610 1339 suis
1630 1301 1799 1353 regulis,
1819 1314 1933 1340 num.
1958 1303 2008 1340 32
2034 1307 2073 1341 et
2092 1303 2167 1353 333

1136 1366 1364 1401 consonant
1395 1362 1668 1401 Ecclesiastici
1699 1375 1881 1402 canones
1908 1363 2072 1401 Concilii
2095 1364 2169 1403 To-

1134 1422 1262 1462 letani
1293 1424 1362 1471 XI,
1387 1435 1478 1475 cap.
1511 1426 1557 1470 ·41;
1591 1423 1818 1462 Concilium
1847 1425 2167 1473 Wormatiense,

1135 1496 1226 1535 cap.
1241 1486 1561 1536 quadragesimo
1578 1486 1710 1536 primo
1722 1497 1735 1536 3
1748 1487 2072 1538 Carthaginense
2099 1486 2167 1536 lv,

1134 1558 1172 1586 c.
1195 1547 1262 1593 93,
1285 1558 1379 1586 cum
1401 1547 1490 1586 aliis
1511 1547 1622 1598 apud
1639 1547 1899 1598 Gratianum,
1920 1548 1962 1586 d.
1985 1547 2052 1598 90,
2076 1558 2166 1599 cap.

1137 1607 1304 1655 Ismael,
1321 1608 1361 1646 d.
1389 1610 1452 1647 56.

1191 1669 1231 1708 2.
1261 1668 1330 1711 Ad
1345 1670 1412 1709 hoo
1431 1671 1600 1710 medinm
1620 1674 1771 1722 spectat
1786 1672 1920 1722 primo
1939 1671 2080 1722 reqnla
2094 1681 2171 1710 non

1138 1731 1360 1770 seminandi
1392 1731 1698 1772 discordias.-
1718 1732 1884 1783 Speelat
1917 1733 2081 1772 secando
2111 1730 2171 1772 al-

1136 1795 1222 1832 tera
1244 1792 1385 1842 reyula
1401 1804 1478 1831 non
1498 1793 1691 1833 sentiendi
1717 1793 1880 1834 sinistre
1904 1794 1948 1834 de
1981 1793 2079 1833 aliis
2099 1804 2172 1832 na-

1137 1853 1320 1893 tionibus.
1340 1876 1393 1882 —
1413 1853 1515 1899 Quia
1541 1866 1639 1892 vero
1670 1853 1728 1891 illi
1761 1855 1968 1904 praecipue
1994 1854 2172 1892 charita-

1136 1917 1220 1954 tem
1239 1914 1468 1961 offendunt,
1489 1915 1560 1966 qui
1579 1915 1860 1953 dissensiones
1886 1915 1994 1953 inter
2023 1914 2171 1953 fratres

1138 1976 1358 2023 seminant,
1383 1977 1476 2015 ideo
1511 1976 1552 2014 in
1591 1981 1735 2015 octava
1768 1981 1884 2027 parte
1911 1976 2171 2016 Constitutio-

1137 2049 1252 2083 num,
1267 2050 1302 2077 c.
1328 2039 1366 2086 1,
1385 2037 1409 2090 ἓ
1429 2040 1452 2077 5
1474 2039 1580 2088 (quae
1599 2042 1660 2077 est
1675 2038 1799 2076 etiam
1817 2039 1961 2089 regula
1985 2040 2060 2077 128
2075 2039 2169 2078 Pro-

1136 2099 1354 2150 vincialis),
1378 2100 1618 2150 gravissime
1640 2103 1806 2138 cautum
1828 2104 1903 2144 est,
1926 2101 1962 2139 si
1984 2100 2072 2151 quis
2090 2099 2170 2138 dis-

1135 2161 1345 2209 sensionis,
1362 2162 1421 2200 ‘cel
1455 2159 1664 2201 divisionis
1681 2173 1813 2200 eornm
1836 2163 1903 2213 qni
1916 2173 1997 2201 nna
2018 2161 2167 2208 vienni,

1138 2223 1240 2261 inter
1258 2234 1314 2269 se,
1336 2223 1397 2262 vel
1430 2235 1517 2263 cnm
1550 2235 1619 2262 suo
1650 2224 1778 2273 capite
1809 2227 1946 2263 auctor
1976 2235 2057 2262 esse
2089 2234 2171 2263 oer-

1138 2288 1309 2328 nerecnr‚
1331 2284 1638 2334 diligentissime
1658 2286 1704 2324 ab
1726 2296 1770 2324 ea
1788 2286 2087 2336 conqreyatione
2106 2296 2171 2324 ve-

1137 2342 1196 2381 lut
1212 2345 1352 2392 pestis,
1375 2357 1462 2395 quoe
1494 2357 1577 2384 eam
1592 2349 1722 2397 potest
1741 2358 1982 2396 summopere
2000 2348 2169 2396 inficere,

1138 2404 1177 2443 si
1188 2416 1367 2457 praesens
1387 2406 1602 2445 ‘remedium
1624 2419 1701 2446 non
1725 2408 2172 2459 adlcibeatui-,sepwan-

1140 2465 1213 2505 dus
1227 2470 1302 2510 est‚·
1316 2467 1396 2504 imo
1412 2471 1449 2505 et
1462 2467 1568 2505 inter
1592 2479 1713 2506 casus
1733 2473 1963 2507 reservatos
1979 2469 2168 2508 habetur.

1141 2527 1312 2566 Additur
1339 2540 1436 2566 vero
1471 2528 1513 2566 in
1552 2529 1845 2578 declaratione,
1869 2531 2173 2580 separationem

1138 2589 1246 2627 hanc
1268 2600 1358 2627 esse
1380 2601 1515 2639 posse,
1538 2590 1603 2628 vel
1624 2591 1676 2628 ab
1695 2603 1743 2629 eo
1760 2591 1849 2630 loco
1885 2592 2172 2631 transferendo

1139 2662 1358 2702 personam
1381 2651 1420 2688 in
1442 2651 1584 2698 alium,
1602 2652 1666 2690 vel
1689 2664 1711 2690 a
1732 2656 1816 2691 tota
1833 2653 2051 2700 Societate‚
2066 2653 2098 2691 si
2119 2652 2173 2692 ad

1140 2725 1360 2752 commune
1381 2713 1538 2751 bonum
1577 2715 1830 2762 conveniret,
1848 2719 1891 2753 ut
1912 2727 2002 2753 esse
2035 2719 2175 2765 posset

1141 2775 1308 2826 quando
1339 2775 1402 2813 vel
1436 2787 1614 2826 persona
1652 2775 1942 2827 in⁰orrigibilis
1983 2780 2045 2815 est
2063 2806 2073 2823 ‚
2107 2775 2174 2815 vel

1142 2836 1382 2876 scandalum
1416 2837 1521 2876 adeo
1550 2841 1611 2876 est
1645 2849 1785 2888 grave,
1807 2841 1850 2876 ut
1883 2837 2001 2876 aliter
2038 2837 2172 2877 sedari

1141 2911 1222 2937 non
1244 2899 1371 2949 possit
1393 2909 1405 2948 3
1427 2910 1472 2938 ac
1493 2898 1672 2949 denique
1692 2911 1772 2950 quo
1788 2903 1907 2949 pacto
1931 2899 2007 2937 hoc
2030 2899 2172 2939 vitium

1141 2961 1369 2999 curandum
1391 2959 1456 3007 sit,
1480 2961 1656 2999 habetur
1673 2961 1712 2998 in
1735 2960 1947 2999 industriis
1967 2973 2041 3012 pro
2063 2973 2173 3000 mor-

1138 3022 1201 3061 bis
1223 3023 1388 3069 animae‚
1405 3033 1439 3061 c.
1458 3023 1522 3061 17.
1544 3022 1728 3061 Tandem
1753 3022 1832 3061 huc
1849 3026 2006 3074 spectat
2027 3022 2172 3074 regula

1140 3084 1366 3135 trigesima,
1390 3095 1438 3121 ex
1471 3083 1775 3130 communibus,
1797 3087 1842 3123 ut
1861 3096 1991 3124 omnes
2012 3084 2174 3124 caveant

1142 3146 1188 3185 ab
1220 3146 1289 3184 illo
1317 3146 1490 3196 affectu,
1519 3157 1593 3196 qno
1624 3143 1713 3184 alioe
1743 3145 1788 3184 de
1818 3145 1916 3185 aliis
1947 3144 2173 3184 nationibus

1142 3208 1305 3247 sinistre
1341 3206 1485 3245 sentire
1517 3209 1588 3246 aut
1621 3206 1728 3258 loqui
1753 3206 1877 3246 solent
1886 3223 1901 3253 ;
1924 3206 2020 3256 quia
2056 3205 2170 3243 nimi-

1140 3281 1233 3308 rum
1262 3267 1502 3318 hujusmodi
1534 3279 1748 3306 sermones
1775 3272 1815 3307 et
1833 3267 2024 3318 quaelibet
2056 3267 2171 3317 signa

1140 3331 1233 3370 talis
1267 3330 1439 3369 affectus
1469 3329 1644 3368 multum
1683 3330 1816 3368 solent
1837 3329 2078 3368 charitatem
2100 3324 2173 3364 mi·

1142 3405 1288 3440 nuere,
1309 3404 1394 3431 non
1415 3392 1550 3430 solum
1568 3391 1621 3430 ad
1646 3395 1851 3437 externos,
1872 3390 1945 3429 sed
1970 3390 2093 3428 etiam
2110 3386 2171 3425 in-

1143 3457 1207 3493 ter
1226 3453 1441 3503 religiosos
1461 3453 1584 3503 ipsos.
1614 3452 1730 3492 Unde
1761 3452 1936 3490 multum
1956 3448 2088 3498 magis
2107 3458 2169 3487 ca-

1143 3514 1323 3554 vendum
1341 3519 1402 3553 est
1422 3513 1759 3552 murmurationis
1778 3512 1918 3551 vitium
1930 3539 1940 3555 ‚
1957 3509 2068 3559 quod
2085 3519 2170 3549 ma-

1144 3576 1257 3615 xime
1268 3575 1493 3614 discordias
1504 3587 1649 3626 parere
1664 3574 1792 3619 solet;
1813 3575 1854 3610 ct
1869 3570 1963 3609 ideo
1983 3570 2173 3617 Basilius,

1146 3649 1238 3690 cap.
1253 3636 1464 3688 trigesimo
1479 3639 1626 3688 quarto
1641 3633 1817 3684 regulae:
1833 3630 1938 3675 Anto
1954 3630 2088 3674 omnia
2099 3631 2176 3682 (in-
