2352 3880
130 290 176 347 ',
194 295 347 341 nattum
363 301 424 341 est
439 302 588 349 votum,
605 301 700 353 quia
715 307 824 343 vovet
839 316 879 343 se
898 307 1107 355 facturum

8 386 23 397 .
48 369 103 419 jssj‘-
138 359 181 399 d
193 358 383 400 hominem
401 361 536 410 facere
553 362 686 409 ‘decet,·
703 366 746 403 et
762 363 950 409 Quodlib.
979 369 1018 416 5,
1041 379 1106 407 ar-

14 457 19 461 ,
132 419 201 460 ulo
218 420 419 471 vigesimo
435 423 638 478 secundo,
655 424 698 462 in
720 436 908 477 corpore,
928 432 970 468 et
986 428 1040 468 ad
1057 429 1098 476 2,

9 488 20 528 g
60 478 323 535 *generaliter
353 483 476 523 sentit
503 484 650 523 melius
670 496 760 524 esse
781 499 866 525 non
887 492 1100 540 acceptare

55 534 379 595 ὃῥ’,ΕΡίεωοΡειῒιω],
409 554 534 594 quam
554 548 783 596 acceptare,
804 550 1003 598 quamdiu
1027 561 1100 590 ne-

0 645 2 647 ,
71 599 240 646 ,cessitas
259 615 308 642 ex
325 607 442 654 parte
460 605 732 656 praecipientis
746 621 829 647 non
845 611 1094 661 agnoscitur.

55 663 265 715 „Sequitur
285 664 392 704 hanc
412 666 657 706 sententiam
683 669 912 711 Richardus
930 703 940 719 ,
965 672 1097 720 Quod-

59 719 140 777 lib.
165 725 203 771 3,
235 729 376 775 quaest.
400 727 444 765 21
468 739 478 773 ;
499 728 688 778 Sylvest.,
712 732 825 770 verb.
850 734 1023 781 Electio,
1056 736 1096 783 1,

31 825 36 828 ,
71 789 211 838 quaest.
249 786 300 827 19
337 790 378 826 et
414 789 480 828 ΞΟ.
517 789 630 828 Idem
665 793 847 833 sentiunt
882 796 1095 844 Antonin.,

70 845 247 897 CaJetan.
278 850 319 886 et
349 847 462 896 Soto‚
490 849 600 889 citati
622 853 821 902 superiori
842 856 991 906 capite,
1019 869 1097 896 nu-

51 917 182 946 .mero
195 909 214 948 1
231 920 241 955 ;
259 907 357 948 item
376 909 572 960 Cordub.‚
588 912 630 952 in
646 913 815 954 Summa
833 916 1031 968 Hispana,
1050 928 1091 970 q.

68 967 159 1008 154.

118 1029 156 1068 8.
174 1030 648 1091 Fundamentum-eorum
669 1037 1095 1088 praecipuum—Fun—

66 1090 305 1132 damentum
340 1094 567 1146 principale
600 1096 724 1147 hujus
754 1099 967 1137 sententiae
1002 1111 1094 1139 esse

66 1150 201 1199 debet,
224 1154 320 1202 quia
340 1156 594 1206 propositum
614 1170 697 1196 non
718 1160 959 1209 acceptandi
978 1161 1092 1211 Epis-

37 1237 43 1246 ι
65 1217 278 1263 copatum,
300 1217 497 1265 quamdiu
517 1218 557 1256 id
578 1217 665 1257 fieri
687 1220 814 1268 possit
833 1221 920 1259 sine
953 1222 1088 1273 culpa,

65 1276 260 1326 optimum
284 1281 360 1326 est,
382 1283 424 1318 et
443 1285 746 1331 consequenter
778 1287 839 1321 est
870 1288 1012 1334 aptum
1046 1289 1091 1324 ut

62 1340 153 1375 voto
177 1337 466 1387 confirmetur;
501 1342 562 1380 vel
589 1341 708 1380 aliter
727 1343 740 1392 (
757 1347 797 1382 et
828 1344 868 1382 in
895 1345 1006 1383 idem
1028 1357 1090 1384 re-

61 1395 139 1448 dit)
161 1398 257 1448 quia
278 1412 360 1438 non
386 1406 601 1453 acceptare
617 1404 907 1455 Episcopatum
942 1418 992 1445 ex
1014 1419 1088 1446 suo

60 1469 226 1510 genere,
246 1462 392 1500 melius
413 1468 475 1501 est
494 1476 618 1514 quam
641 1470 872 1516 acceptare,
890 1469 1089 1517 quamdiu

59 1522 280 1571 utrumque
299 1522 408 1571 licet,
427 1528 467 1564 et
484 1525 577 1564 ideo
598 1531 659 1565 est
679 1531 774 1577 apta
795 1529 968 1567 materia
988 1531 1084 1569 voti.

58 1580 357 1633 Consequentia
385 1598 460 1637 per
494 1598 538 1625 se
571 1587 679 1626 clara
709 1593 784 1627 est.
820 1591 1087 1641 Assumptum

57 1654 154 1682 vero
173 1650 321 1695 praeter
337 1647 457 1686 citata
475 1647 565 1686 loca
584 1649 690 1686 sumi
703 1654 838 1700 potest
853 1664 901 1690 ex
918 1653 963 1691 D.
983 1646 1086 1691 Tho-

56 1715 140 1752 ma,
159 1705 200 1743 in
219 1709 260 1753 4,
282 1707 321 1745 d.
345 1709 412 1757 29,
434 1710 603 1748 articulo
627 1715 785 1760 quarto,
809 1712 861 1750 ad
877 1714 917 1760 4,
938 1713 1006 1751 ubi
1023 1726 1085 1753 re-

55 1765 203 1816 probat
218 1768 453 1818 opinionem
469 1770 671 1809 dicentem
690 1772 840 1822 Papam
862 1785 944 1811 nou
964 1786 1084 1823 posse

54 1828 277 1878 praeeipere
309 1830 430 1868 alicui
445 1864 457 1877 ,
496 1834 539 1870 ut
575 1833 747 1883 accipiat
776 1834 1082 1884 Episcopatum,

53 1887 162 1939 quia,
185 1890 253 1928 hoc
267 1893 398 1940 posito
420 1891 430 1943 (
445 1892 613 1942 inquit),
628 1896 778 1944 periret
796 1896 1083 1934 ecclesiasticus

53 1950 159 1988 ordo.
187 1951 290 1991 Nisi
321 1954 423 1991 enim
445 1955 593 2005 aliquis
613 1957 743 2004 posset
763 1957 850 2004 coyt
870 1957 922 1995 ad
949 1958 1080 1996 susci-

52 2008 233 2060 piendum
258 2014 431 2063 reyimen
463 2015 680 2061 Ecclesiae,
710 2016 896 2056 Ecclesia
926 2029 1081 2057 conser-

53 2072 141 2111 vari
162 2085 237 2112 non
253 2078 398 2123 posset,
420 2087 505 2114 cum
523 2077 748 2127 quandoque
776 2077 869 2124 illi,
895 2078 961 2128 qui
985 2083 1080 2119 sunt

52 2131 193 2178 idonei,
215 2134 284 2173 hoc
302 2136 430 2174 nolint
451 2138 647 2188 suscipere
663 2138 745 2177 nisi
764 2140 896 2178 coacti.
921 2140 967 2177 In
991 2141 1081 2189 qui-

50 2191 128 2232 bus
160 2195 295 2234 verbis
327 2198 521 2248 supponit
548 2197 627 2236 hoc
656 2210 746 2236 esse
779 2199 1002 2238 laudabile.
1034 2201 1075 2239 S.

52 2255 173 2295 etiam
190 2256 628 2309 Bonaventura,super
642 2260 843 2309 regulam,
863 2262 947 2302 002,
970 2261 1078 2299 circa

48 2309 246 2373 Jmedium,
270 2319 443 2370 loquens
464 2319 515 2358 de
536 2320 737 2370 religiosis
758 2321 825 2370 qui
844 2321 895 2359 ad
911 2322 1079 2371 Episco-

48 2378 141 2428 'pale
162 2380 340 2434 officium
361 2385 642 2428 assumuntur,
673 2382 729 2419 ait
752 2392 762 2419 τ
794 2381 846 2422 Si
872 2384 997 2422 coacti
1028 2383 1075 2422 ab

47 2439 230 2480 'Ecclesia
248 2442 474 2492 hujusmodi
494 2442 717 2481 inevitabili
744 2444 970 2483 necessitate
989 2455 1077 2483 sus-

50 2500 202 2551 cipiunt
215 2503 386 2554 reqimen
401 2504 643 2547 animarum,
658 2515 734 2541 non
749 2507 845 2542 sunt
863 2505 1077 2553 reputandi

18 2568 23 2571 '
49 2561 98 2603 ab
114 2563 248 2601 ordine
264 2564 423 2613 eqressi,
438 2564 475 2603 si
491 2567 683 2615 quantum
703 2565 747 2603 in
764 2565 866 2613 ipsis
887 2568 960 2609 est,
978 2577 1077 2603 sem-

45 2633 119 2675 per
148 2629 333 2674 appelant
361 2625 404 2662 in
423 2625 516 2663 sinu
536 2625 687 2663 ordinis
719 2625 931 2671 confoveri.
968 2624 1080 2671 Quod

49 2684 89 2725 si
106 2694 182 2723 non
201 2686 326 2724 vocati
343 2686 397 2724 ad
421 2685 699 2735 Episcopalem
719 2685 903 2736 pradum,
926 2697 994 2724 nec
1014 2697 1076 2725 co-

50 2745 146 2793 acti,
167 2746 220 2784 ad
236 2746 406 2785 eumdem
424 2747 622 2796 aspirant,
642 2750 685 2784 ut
699 2748 862 2797 fuqiant
877 2758 1077 2786 (erumnas

47 2817 278 2859 pauperum,
308 2811 341 2846 et
364 2807 516 2846 ordinis
533 2806 704 2858 riyorem
718 2837 729 2855 ,
754 2809 863 2847 credo
884 2820 945 2847 eos
964 2810 1006 2846 in
1024 2808 1077 2847 il-

51 2865 130 2906 lius
155 2873 310 2920 partem
344 2879 538 2916 cessuros,
570 2870 637 2919 qui
668 2870 774 2908 dixit
808 2886 822 2907 .·
855 2868 999 2908 Sedebo
1033 2870 1077 2907 in

49 2932 176 2984 monte
197 2930 442 2977 testamenti,
468 2929 508 2968 in
527 2928 719 2969 lateribus
739 2929 964 2981 Aquilonis.
999 2929 1076 2969 Ubi
1131 2947 1141 2983 -Λ

50 2985 308 3029 considerare
344 3002 563 3041 possumus
606 2992 935 3030 Bonaventuram
972 2991 1076 3030 duos

51 3051 209 3091 tantum
239 3052 404 3091 ordines
422 3052 626 3103 posuisse,
649 3053 814 3097 scilicet,
835 3053 898 3091 vel
930 3065 1074 3091 eorum

51 3112 123 3165 qui
139 3118 357 3164 coguntur,
380 3115 444 3152 vel
464 3126 606 3153 eorum
635 3115 705 3164 qui
728 3115 833 3152 male
864 3115 1072 3163 affectant,

50 3175 93 3215 et
108 3180 331 3225 procurant
347 3176 658 3228 Episcopatum;
677 3188 771 3215 cum
791 3181 925 3215 tamen
947 3178 1077 3228 possit

47 3233 149 3281 addi
168 3235 326 3282 tertius,
353 3249 495 3275 eorum
529 3238 597 3288 qui
629 3237 694 3277 vel
726 3250 807 3276 non
830 3237 988 3283 illicite,
1010 3237 1077 3277 vel

42 3295 168 3347 {nullo
210 3296 332 3335 modo
366 3298 650 3350 Episcopatum
689 3303 900 3350 quaerunt,
938 3302 1075 3338 tamen

3 3366 6 3367 ’
47 3355 237 3410 {oblatum
273 3362 513 3409 acceptant,
549 3360 708 3399 etiamsi
744 3373 827 3399 non
862 3363 1074 3411 cogantur.

0 3420 3 3421 ⁷
50 3415 156 3472 Eum
177 3422 317 3458 tamen
339 3431 412 3459 eos
445 3420 579 3459 solum
597 3420 822 3469 defendat,
846 3421 916 3472 qui
948 3420 1079 3460 coacti

4 3482 9 3491 ²
46 3471 283 3532 ¹inevitabili
320 3485 566 3520 necessnate
599 3482 786 3533 regimen
821 3481 1076 3532 suscipiunt,

19 3566 23 3569 -
51 3535 179 3595 §lane
201 3541 323 3581 sentit
343 3542 447 3581 alios
475 3553 618 3581 omnes
646 3554 671 3580 a
700 3542 910 3594 religionis
930 3543 1082 3582 affectu

53 3597 198 3655 'aliquo
215 3602 341 3644 modo
358 3603 547 3655 deviare;
574 3607 701 3657 atque
719 3603 825 3644 adeo
844 3604 1083 3658 simpliciter

59 3839 86 3880 n
56 3786 85 3832 v''rv-
64 3754 75 3772 ‘⁸
58 3743 62 3747 .

422 230 515 269 CAP.
536 215 620 268 vlit.
643 233 702 270 Au
721 234 864 271 VOTUM
880 236 966 272 NON
985 237 1241 276 ACGEPTANDI
1262 241 1544 280 Episcopum
1563 247 1734 290 ABSQUE,
1755 244 1862 285 Ere.

1076 0 1164 24 t·⁷‘'
1206 0 1237 21 a·
1423 3 1447 34 '.
1485 0 1568 31 ,
1629 0 1750 31 νηᾞ
1773 0 2014 34 ,ry-'ssavos
2043 0 2217 46 ὕει-ζητῇ,

1086 28 1106 35 ··
1195 29 1199 34 ’
1316 29 1342 43 ¹⁴.
1372 37 1374 40 ,
1450 34 1456 44 t
1690 31 1693 35 ⁴
1753 30 1844 52 ¹“*‘'1⁹
1879 42 1891 53 Q
1942 35 1955 50 a
2031 36 2047 54 ..Α
2107 47 2109 51 Α
2140 35 2141 40 ,

2107 251 2186 296 885

1161 308 1309 349 melius
1333 322 1424 350 esse
1454 324 1540 352 non
1559 315 1746 368 accipere
1765 317 2060 372 Episcopatum
2074 349 2085 368 ‚
2107 324 2185 364 nisi
2226 320 2227 323 ’

1157 371 1357 420 praedicto
1382 373 1524 412 modo.

1209 433 1250 472 9.
1280 433 1482 474 Accedunt
1505 447 1579 485 pro
1603 437 1734 480 eadem
1753 443 1868 489 parte
1885 442 1992 484 dicta
2016 441 2183 485 Sancto-

1153 503 1330 534 rum.—
1356 494 1528 534 Suaderi
1562 501 1703 537 autem
1739 499 1784 538 id
1815 506 2014 552 praeterea
2050 508 2183 555 potest

1154 554 1431 605 antiquiorum
1468 557 1634 596 Patrum
1670 562 1895 602 sententiis.
1928 565 2183 617 Augustinus

1154 615 1281 663 enim,
1304 617 1354 656 19
1378 616 1430 655 de
1452 617 1585 665 civit„
1605 630 1696 670 cap.
1716 620 1877 662 decimo
1896 637 2023 671 nono,
2043 638 2182 666 neces·

1151 676 1315 715 sitalem
1346 679 1537 728 requirit,
1572 679 1716 737 dicens
1746 695 1756 720 τ
1788 682 2004 733 Neqotium
2024 688 2183 736 justum

1151 739 1322 788 suscipit
1343 742 1555 779 necessitas
1574 740 1812 789 charitatis,
1843 755 1960 794 quam
1981 749 2180 789 sarcinam

1150 799 1189 840 si
1208 800 1346 839 nullus
1376 801 1559 850 imponit,
1581 802 1743 842 veritati
1780 806 2086 855 contemplandae
2114 820 2181 849 va-

1150 862 1318 901 candum
1338 866 1407 901 est.
1438 862 1555 908 Quod
1585 864 1764 903 maxime
1784 864 1920 904 dicere
1941 867 2071 916 potuit
2090 881 2181 918 pro-

1149 923 1241 972 pter
1260 922 1463 961 sarcinam
1482 924 1780 974 Episcopalem,
1800 925 1851 964 de
1874 938 1955 977 qua
1974 927 2083 966 idem
2103 931 2180 967 Au-

1149 982 1354 1033 gustinus,
1374 984 1492 1034 epist.
1515 987 1605 1028 148,
1628 986 1679 1024 ad
1700 986 1924 1034 Valerium,
1946 991 1986 1027 et
2004 988 2181 1028 habetur

1149 1055 1185 1082 c.
1204 1043 1307 1083 Ante
1326 1047 1472 1092 omnia,
1501 1045 1541 1083 d.
1570 1048 1638 1093 40,
1658 1047 1758 1086 dixit
1783 1048 1882 1086 nihil
1904 1061 1995 1087 esse
2028 1050 2071 1087 in
2102 1051 2180 1089 hac

1148 1104 1244 1150 vita,
1266 1110 1306 1144 et
1326 1106 1502 1145 maxime
1523 1106 1602 1146 hoc
1623 1112 1807 1158 tempore
1828 1109 2047 1152 difficilius,
2069 1111 2181 1150 labo-

1146 1165 1308 1214 riosius,
1333 1172 1371 1205 et
1400 1168 1671 1218 periculosi-is
1698 1170 1890 1221 Episcopi
1912 1172 2059 1210 officio.
2082 1172 2180 1211 Gre-

1147 1229 1287 1277 gorius
1319 1229 1456 1276 etiam,
1481 1232 1498 1267 1
1537 1243 1576 1280 p.
1613 1231 1849 1270 Pastoralis.
1885 1244 1974 1282 cap.
2010 1233 2051 1279 6,
2088 1233 2178 1283 ejus

1145 1288 1418 1328 humilitatem
1436 1290 1592 1336 laudat,
1615 1292 1684 1340 qui
1706 1292 1919 1342 regiminis
1941 1293 2104 1331 culmen
2127 1306 2179 1333 ex

1145 1351 1268 1389 corde
1295 1352 1413 1402 fugit,
1450 1357 1603 1391 etcum
1635 1353 1710 1391 sibi
1744 1354 1994 1404 imperatur,
2026 1355 2177 1394 invitus

1145 1412 1296 1451 obedit.
1315 1414 1524 1463 Multaque
1538 1414 1684 1452 similia
1704 1415 1809 1452 sumi
1828 1420 1997 1466 possunt
2014 1428 2063 1454 ex
2083 1428 2174 1467 cap.

1145 1475 1168 1511 7
1187 1475 1398 1523 sequenti,
1419 1478 1459 1512 et
1492 1487 1541 1513 ex
1564 1475 1728 1519 eodem,
1753 1475 1824 1514 lib.
1858 1478 1898 1524 6,
1931 1477 2048 1526 epist.
2071 1479 2111 1522 5,
2135 1480 2176 1516 et

1145 1534 1321 1572 habetur
1343 1535 1382 1572 in
1406 1547 1496 1585 cap.
1519 1536 1572 1574 In
1593 1535 1826 1587 Scripturas
1842 1567 1852 1584 ,
1875 1538 1914 1583 8,
1942 1549 1980 1587 q.
2010 1545 2047 1575 1.
2072 1538 2175 1577 Sunt

1144 1596 1265 1633 etiam
1293 1595 1346 1633 ad
1373 1595 1450 1633 hoc
1487 1596 1743 1645 propositum
1773 1597 2013 1646 gravissima
2042 1598 2175 1648 impe-

1141 1661 1324 1694 ratorum
1347 1657 1473 1694 verba
1494 1658 1535 1694 in
1561 1657 1643 1707 leg.
1687 1657 1739 1696 Si
1770 1670 2016 1709 quemquam,
2039 1660 2105 1705 39,
2128 1659 2170 1698 C.

1141 1716 1191 1755 de
1220 1717 1431 1767 Episcopis
1462 1720 1502 1755 et
1537 1717 1694 1755 clericis
1724 1729 1734 1756 :
1763 1718 1906 1758 Castus
1943 1723 1980 1759 et
2008 1720 2174 1759 humilis

1139 1779 1287 1817 nostris
1311 1778 1547 1827 temporibus
1568 1778 1740 1830 eliqatur
1754 1779 1998 1830 Episcopus,
2019 1784 2063 1818 ut
2081 1792 2174 1831 quo-

1139 1850 1300 1889 cumque
1319 1838 1490 1876 loeorum
1506 1840 1758 1888 pervenerit,
1787 1838 1918 1878 omnia
1949 1841 2041 1878 vitoe
2073 1841 2174 1879 iute-

1137 1901 1286 1948 9ritate
1325 1899 1524 1947 purificet.
1569 1898 1744 1938 Tantum
1784 1899 1831 1938 ab
1866 1900 2019 1938 ambitu
2067 1901 2173 1940 debet

1137 1971 1217 1998 esse
1240 1960 1435 2009 sepositus
1449 1987 1457 2003 ,
1481 1962 1526 1997 ut
1546 1963 1754 2008 quoeratur
1777 1960 1984 2008 cauendus,
2004 1963 2171 2010 royatus

1135 2019 1307 2063 recedat,
1324 2020 1522 2057 invitatus
1539 2019 1724 2068 effuqiat,
1739 2019 1823 2058 sola
1839 2020 1904 2058 illi
1921 2021 2172 2071 suffroyetur

1135 2081 1347 2119 necessitas
1359 2080 1590 2119 excusandi.
1605 2081 1782 2127 Profecto
1790 2081 1892 2118 enim
1905 2081 1945 2117 in
1959 2082 1986 2118 d
1995 2083 2050 2112 'w
2091 2094 2103 2114 -τ
2114 2085 2171 2122 ast

1134 2142 1367 2186 sacerdotio,
1380 2142 1461 2179 nisi
1479 2141 1606 2188 fuerit
1621 2141 1829 2179 ordinatus
1842 2141 1953 2179 ineis>
1973 2153 2013 2188 s;
2026 2141 2082 2180 uti
2093 2154 2168 2192 „ue

1134 2205 1335 2251 quantum
1347 2201 1387 2237 in
1403 2201 1490 2250 ipso
1505 2204 1581 2246 est,
1603 2212 1699 2238 nam
1714 2200 1925 2239 absolutus
1939 2214 2167 2243 eonsensus

1127 2262 1395 2300 *necessarius
1413 2265 1489 2307 est,
1511 2261 1657 2299 saltem
1683 2262 1895 2311 supposito
1917 2268 2134 2313 praeceptO.

1187 2324 1252 2361 10.
1279 2323 1382 2361 Item
1403 2323 1575 2361 Putrum
1596 2323 1783 2374 exemplis
1804 2323 2053 2363 admirandis
2072 2356 2079 2367 ,
2099 2327 2169 2365 sed

1131 2395 1207 2423 non
1238 2384 1459 2422 imitandis.
1496 2404 1550 2411 —
1578 2383 1715 2422 Tertio
1759 2384 1906 2422 afferre
1946 2397 2166 2434 possumus

1130 2445 1183 2483 ad
1225 2446 1299 2483 hoc
1334 2444 1663 2484 confirmandum
1700 2445 1965 2495 antiquorum
2000 2448 2166 2487 Patrum

1132 2507 1337 2556 exempla,
1360 2507 1429 2556 qui
1447 2511 1648 2556 quantum
1663 2506 1896 2554 valuerunt,
1922 2507 2166 2556 dignitatem

1131 2568 1418 2618 Episcopalem
1433 2571 1692 2613 recusarunt,
1710 2569 1778 2617 qui
1796 2568 1918 2605 variis
1939 2569 2084 2607 mediis
2102 2570 2164 2608 usi

1133 2633 1240 2667 sunt.
1266 2630 1444 2666 Primum
1469 2628 1758 2666 admirandum
1773 2629 1909 2678 potius
1925 2640 2048 2678 quam
2067 2629 2164 2669 imi-

1131 2690 1301 2729 tandum
1349 2689 1585 2740 hujusmodi
1633 2693 1694 2727 est
1716 2719 1729 2736 ,
1781 2689 1894 2739 quod
1939 2690 1990 2728 de
2024 2691 2162 2730 Marco

1130 2751 1391 2801 Evangelista
1426 2750 1551 2788 refert
1585 2750 1882 2800 Hieronymus,
1914 2749 1955 2788 in
1990 2752 2163 2802 prologo

1131 2812 1185 2850 ad
1214 2812 1412 2856 Marcum,
1436 2812 1507 2860 qui
1534 2811 1576 2848 in
1595 2811 1739 2849 Glossa
1762 2811 1968 2849 ordinaria
1990 2811 2163 2851 circum-

1129 2873 1261 2911 fertur
1278 2902 1287 2918 ,
1312 2876 1549 2922 amputasse
1574 2871 1652 2908 sibi
1676 2871 1863 2921 pollicem
1879 2900 1890 2918 ,
1921 2883 1973 2910 ne
1997 2872 2162 2922 Episco-

1192 2948 1208 2970 s
1230 2933 1344 2971 tieret
1363 2947 1373 2980 ;
1397 2932 1470 2970 sed
1489 2932 1557 2970 ille
1579 2932 1776 2982 prologus
1799 2936 1839 2970 et
1862 2931 1965 2970 falso
1989 2932 2161 2971 ascribi-

1130 2999 1197 3033 tur
1231 2994 1498 3043 Hieronymo,
1529 2996 1569 3030 ut
1593 2995 1635 3030 '111
1665 2992 2016 3031 emendatioribus
2050 2993 2162 3032 libris

1132 3055 1387 3105 Hieronymi,
1423 3058 1534 3092 tomo
1564 3055 1588 3092 7
1607 3083 1617 3099 ‚
1654 3058 1750 3092 ante
1786 3054 2082 3092 commentaria
2119 3054 2163 3092 in

1132 3117 1314 3155 Marcum
1334 3120 1581 3161 annotatur;
1604 3118 1644 3153 et
1664 3115 1721 3153 ihi
1753 3115 1877 3153 etiam
1905 3115 2086 3153 narratio
2121 3113 2164 3152 il-

1130 3177 1210 3215 lius
1226 3176 1320 3216 faeti
1339 3176 1560 3221 omittitur;
1579 3180 1615 3214 et
1633 3176 1675 3214 in
1695 3176 1798 3214 libro
1819 3176 1870 3214 de
1892 3174 2164 3225 scriptoribus

1129 3238 1438 3286 Ecclesiasticis,
1457 3238 1499 3275 in
1516 3237 1669 3283 Marco,
1692 3237 1794 3275 nihil
1810 3235 2045 3286 hujusmodi
2062 3235 2160 3273 insi·

1130 3303 1258 3346 nuat;
1281 3299 1365 3338 imo
1389 3311 1453 3344 ea,
1473 3311 1563 3350 quae
1583 3298 1822 3348 simpliciter
1841 3301 1992 3342 narrat,
2015 3295 2159 3333 viden-

1131 3365 1198 3402 tur
1214 3373 1309 3400 cum
1330 3361 1396 3398 illa
1413 3359 1583 3399 historia
1604 3370 1853 3410 repugnare.
1874 3357 2068 3396 Nicolaus
2085 3365 2160 3391 au-

1131 3426 1215 3464 tem
1241 3423 1292 3462 de
1325 3422 1445 3473 Lyra,
1468 3422 1571 3460 dans
1591 3421 1715 3459 fidem
1733 3419 1790 3458 illi
1809 3415 2047 3460 narrationi,
2065 3412 2161 3452 dicit

1133 3496 1217 3523 non
1234 3489 1471 3534 amputasse
1489 3483 1564 3521 sibi
1582 3486 1712 3522 totum
1743 3481 1946 3532 pollicem,
1973 3474 2047 3513 sed
2071 3485 2162 3524 par-

1133 3547 1217 3584 tem
1235 3545 1430 3595 aliquam.
1455 3555 1547 3594 quae
1570 3542 1749 3582 nonfuit
1765 3538 1970 3579 sufficiens
1987 3533 2161 3586 impedi-

1135 3609 1338 3655 mentum,
1350 3610 1395 3645 ut
1407 3605 1634 3656 Episcopus
1650 3602 1778 3642 tieret.
1792 3600 1837 3639 Iu
1851 3608 1933 3650 quo
1949 3607 2036 3637 non
2049 3597 2162 3638 recte

2269 63 2281 101 1¹
2300 46 2352 86 ᾸΆΊ
