2352 3880
0 0 539 71 wrffnwgssffw
548 0 685 48 ‹fr—“³
701 0 876 22 -
963 0 1046 46 πει
1058 0 1162 71 ⁶35

68 52 161 66 ··..
216 53 225 63 ι,
287 44 366 63 τ’···ι
436 45 512 52 ’
667 46 670 57 ³
730 42 796 59 ''>.
843 47 880 59 -·
972 42 1082 66 -ffi'x,

199 282 288 332 '964

205 485 288 524 tem
299 512 312 531 ,
333 493 424 532 quae
443 484 667 532 operantur
684 480 793 520 circa
813 480 1074 532 proximum,
1097 480 1139 519 in
1158 480 1238 520 hoc

204 543 332 584 verbo
366 545 630 582 continentur
644 572 658 592 ,
692 543 836 594 diliyes
875 543 1102 594 proximum
1132 543 1238 584 sicut

203 605 385 658 teipsam.
408 603 506 650 Quae
525 603 713 651 dilectio,
732 615 860 655 quam
879 605 931 643 sit
959 603 1072 643 cordi
1097 603 1236 644 Socie-

204 666 299 714 tati,
332 669 373 705 et
403 669 504 717 quot
522 666 657 704 modis
685 665 727 704 in
759 677 808 705 ea
840 668 1105 713 exerceatur,
1137 666 1237 704 satis

201 728 469 780 perspicuum
491 730 571 775 est,
597 730 638 766 et
670 726 711 765 in
743 727 929 777 sequenti
951 726 1055 765 libro
1077 726 1236 765 dicetur

202 789 386 840 copiose,
403 792 442 827 et
456 788 552 828 ideo
567 787 669 826 nihil
682 787 749 826 hie
763 788 926 838 agimus
945 787 996 826 de
1015 786 1235 826 virtutibus

200 851 384 903 justitiae,
406 854 491 889 tam
513 850 816 888 commutativae
848 860 974 898 quam
1009 848 1234 887 distributi-

197 924 276 970 γει,
295 916 336 951 et
354 912 390 951 si
407 923 500 962 quae
515 911 606 949 aliae
624 914 718 949 sunt
731 910 811 948 illis
829 921 1022 956 annexae;
1040 910 1137 960 quia
1152 910 1232 959 hae,

197 985 298 1022 ,cum
318 973 359 1011 in
380 973 465 1012 suis
487 972 704 1010 ordinariis
730 971 887 1010 actibus
908 971 1040 1022 magis
1061 972 1141 1010 sint
1159 983 1234 1010 ne-

198 1026 402 1075 'cessitatis
434 1044 558 1084 quam
579 1032 759 1079 consilii,
789 1037 1080 1084 supponuntur
1098 1033 1234 1084 potius

200 1107 326 1147 quam
343 1095 544 1134 docentur
561 1094 604 1133 in
621 1094 815 1144 religioso
834 1099 965 1141 statu;
993 1098 1033 1134 et
1058 1106 1232 1145 praeser-

197 1157 270 1198 tim
294 1157 338 1195 in
363 1156 448 1203 illo,
471 1156 513 1194 in
534 1167 616 1207 quo
637 1160 837 1207 quantum
866 1167 1005 1195 rerum
1027 1159 1231 1207 tempora-

195 1217 298 1257 lium
329 1221 591 1268 contemptus
626 1218 878 1269 praecipitur,
911 1221 1073 1256 tantum
1094 1218 1231 1268 proxi-

193 1288 358 1321 morum
384 1279 550 1318 dilectio
570 1279 901 1318 commendatur.
924 1279 1022 1318 Aliae
1050 1279 1230 1330 denique

191 1343 291 1380 'sunt
309 1340 497 1387 virtutes,
521 1353 616 1391 quae
641 1342 854 1380 hominem
887 1341 928 1378 in
965 1341 1098 1392 seipso
1118 1352 1230 1379 com-

192 1405 354 1455 ponunt
380 1413 429 1441 ac
460 1402 756 1450 moderantur,
777 1414 954 1453 quarum
975 1403 1160 1441 solicitas
1179 1414 1230 1441 ex

193 1462 357 1504 duobus
390 1463 606 1502 affectibus
639 1464 817 1502 maxime
859 1463 1025 1514 pendet,
1058 1463 1226 1512 scilicet,

193 1536 243 1565 ex
261 1528 501 1576 contemptu
518 1525 701 1569 honoris,
719 1526 783 1564 cui
799 1538 895 1564 vera
918 1526 1126 1564 humilitas
1144 1537 1228 1564 res-

191 1586 370 1638 pondet,
394 1590 435 1626 et
455 1586 734 1626 abstractione
756 1600 780 1626 a
801 1587 983 1638 corporis
1009 1587 1227 1637 voluptati-

191 1648 286 1696 bus,
305 1661 397 1699 quae
418 1660 617 1688 sensuum
639 1649 824 1687 omnium
843 1649 1066 1700 perfectam
1091 1649 1229 1687 morti-

193 1709 429 1749 ficationem
450 1710 652 1761 postulat;
674 1710 725 1749 de
745 1710 806 1748 his
831 1711 942 1748 enim
963 1711 1125 1748 duobus
1145 1710 1229 1749 dic·

191 1774 279 1811 tum
302 1772 475 1821 legimus
487 1772 533 1810 B.
548 1771 785 1810 Francisco:
800 1770 954 1811 Amara
965 1784 1038 1823 pro
1051 1771 1228 1812 dulcibus

192 1844 326 1880 sume,
360 1836 398 1873 et
426 1833 596 1885 teipsum
627 1837 843 1883 contemne,
864 1834 904 1874 si
934 1845 995 1875 me
1018 1833 1078 1875 cis
1109 1844 1232 1885 ayno·

193 1904 313 1935 scere.

196 1992 284 2044 Qua
310 1995 468 2036 ratione
495 1994 680 2036 Societas
710 1997 820 2036 curet
847 1994 1035 2046 affectam
1063 1994 1230 2037 honoris

404 2056 604 2097 moderari
627 2055 671 2095 in
687 2059 773 2097 sais
792 2056 1012 2107 religiosis.

244 2139 287 2182 7.
318 2141 374 2182 Id
401 2142 535 2194 primo
568 2143 685 2181 curat
718 2141 914 2187 Societas,
948 2141 1176 2182 removendo
1201 2153 1227 2183 a

190 2204 419 2259 muneribus
453 2204 838 2251 honorificis—In
873 2203 1022 2241 affectu
1057 2203 1226 2243 honoris

190 2265 464 2314 moderando,
486 2269 527 2304 et
546 2264 779 2303 humilitate
802 2265 1038 2312 nutrienda,
1071 2277 1224 2315 magna

192 2339 243 2367 ex
273 2331 390 2378 parte
420 2327 653 2365 institutum
675 2326 888 2365 Societatis
912 2330 1114 2365 versatur.
1136 2328 1225 2366 Huc

191 2389 300 2429 enim
325 2388 529 2439 imprimis
559 2388 734 2427 tendunt
757 2389 895 2426 omnia
910 2418 920 2435 ‚
954 2399 1045 2438 quae
1067 2388 1119 2427 de
1140 2401 1226 2428 non

191 2450 423 2490 ambiendis
444 2449 714 2499 dignitatibus
728 2479 738 2490 ,
768 2449 808 2486 in
832 2448 1128 2500 superioribus,
1148 2450 1219 2489 lib.

188 2512 216 2553 6
234 2543 244 2561 ‚
265 2525 289 2551 a
310 2524 402 2563 cap.
422 2514 461 2556 7,
484 2511 674 2549 diximus.
709 2510 863 2549 Deinde
898 2523 981 2549 non
1012 2511 1145 2549 solum
1166 2511 1224 2550 di-

189 2574 383 2626 gnitates,
409 2572 483 2612 sed
502 2573 627 2611 etiam
654 2573 792 2611 omnia
816 2572 893 2610 alia
914 2584 1104 2618 munera,
1129 2585 1222 2624 quae

187 2635 357 2676 honoris
392 2635 604 2685 specimen
643 2646 727 2685 prae
763 2645 808 2672 se
844 2633 998 2681 ferunt,
1037 2635 1159 2676 etiam
1189 2635 1223 2674 si

187 2697 324 2737 oneris
353 2700 393 2735 et
413 2696 567 2735 laboris
589 2695 669 2734 sint
685 2725 694 2742 ,
719 2707 801 2733 non
823 2695 919 2734 licet
954 2696 996 2734 in
1020 2694 1222 2736 Societate

185 2769 426 2810 procurare,
454 2762 494 2796 et
513 2757 642 2795 multo
664 2757 799 2794 minus
819 2761 932 2795 extra
957 2757 1218 2796 Societatem.

185 2819 304 2860 Unde
331 2819 384 2857 ob
403 2817 511 2856 hanc
531 2829 699 2855 causam
721 2817 857 2855 ablata
880 2820 941 2856 est
963 2819 1125 2857 occasio
1149 2819 1220 2858 ob·

184 2880 343 2920 tinendi
360 2878 600 2917 cathedram
618 2878 659 2916 in
674 2879 849 2928 publicis
866 2879 1219 2929 universitatibus,

183 2951 260 2994 per
279 2941 463 2991 publicas
486 2939 783 2990 oppositiones,
807 2952 878 2978 seu
902 2951 1151 2990 congressus
1172 2953 1219 2981 ac

183 3001 406 3052 suffragia,
426 3005 470 3039 ut
488 3000 742 3039 declaratum
764 3004 825 3038 est
846 3001 886 3038 in
919 3001 1215 3051 superioribus.

183 3064 234 3104 Et
253 3064 306 3103 ob
327 3062 519 3102 eamdem
541 3061 694 3112 gradus
718 3062 1010 3112 magistrorum
1029 3067 1100 3102 aut
1121 3064 1222 3103 Doc-

183 3129 337 3172 torum,
365 3134 444 3161 nec
474 3135 498 3161 a
532 3122 705 3161 subditis
734 3124 945 3173 procurari
975 3124 1220 3175 permittun-

182 3190 263 3230 tur.
283 3197 362 3224 nec
378 3196 402 3223 a
417 3183 706 3234 Superioribus
726 3184 876 3223 intuitu
897 3185 1107 3236 dignitatis
1126 3198 1222 3224 con-

183 3247 303 3295 cedi,
326 3245 400 3285 sed
421 3245 557 3284 solum
582 3244 655 3283 ubi
685 3246 934 3292 necessitas,
969 3246 1034 3285 vel
1067 3247 1221 3286 utilitas

182 3308 468 3362 proximorum
490 3306 773 3358 postulaverit.
795 3307 843 3345 Et
859 3311 956 3345 tunc
982 3307 1106 3346 etiam
1131 3320 1217 3347 non

183 3370 457 3411 admittuntur
493 3368 584 3407 loca
617 3370 729 3407 certa
766 3368 1052 3418 singulorum,
1091 3372 1135 3408 ut
1164 3369 1218 3412 ab

184 3431 298 3472 omni
318 3428 552 3470 ambitionis
569 3429 707 3480 specie
730 3429 964 3473 recedatur,
987 3431 1031 3468 ut
1049 3429 1092 3469 in
1112 3431 1218 3470 Con-

183 3491 396 3533 stitutione
413 3490 576 3539 dicitur‚
599 3496 642 3529 et
660 3501 704 3529 su
709 3502 799 3542 pra,
821 3491 944 3530 citato
959 3489 1033 3532 lib.
1050 3491 1096 3541 6,
1111 3495 1216 3532 trac-

182 3556 317 3596 tatum
333 3557 410 3594 est.

238 3614 279 3655 8.
315 3615 418 3655 [tem
443 3623 523 3655 non
541 3613 716 3655 curando
741 3613 1005 3665 antiquitatis
1024 3615 1085 3655 vel
1102 3615 1220 3655 mert—

181 3675 317 3722 iorum
341 3677 685 3729 praeminentiam
714 3675 762 3718 in
784 3675 991 3732 religiono.
1009 3696 1065 3710 -
1082 3677 1222 3729 Atque

586 290 664 327 Lm.
685 289 772 325 vm.
794 289 850 325 DE
869 289 1187 331 nEn1ls‚Qumtis
1206 290 1265 326 AB
1284 287 1492 324 Pnopmffl
1510 275 1842 328 Pmmcnoumr,
1845 275 1978 326 m

205 360 259 402 de
283 358 432 410 quibus
459 361 642 409 quantus
665 358 717 397 sit
740 368 857 405 usus,
879 360 1119 408 quantaque
1141 369 1242 396 cura
1294 355 1376 395 huc
1396 355 1522 394 etiam
1552 357 1727 406 spectat,
1754 352 1869 405 quod
1885 336 2002 395 inter
2000 321 2231 412 reffgm

205 421 248 462 in
268 420 487 467 Societate‚
505 419 577 459 lib.
595 419 622 458 8
641 422 856 458 ostensum
875 422 951 458 est.
969 419 1151 458 Virtutes
1167 429 1241 458 au·
1294 416 1451 456 cietatis
1469 415 1629 455 nullum
1653 415 1725 467 jus
1748 415 2069 467 antecessionis,
2098 422 2209 462 aut

1251 3614 1345 3664 -loe,
1374 3615 1534 3667 primus
1565 3613 1808 3654 humilitatis
1836 3611 1992 3664 gradus
2022 3611 2121 3650 est

1290 477 1502 517 minentiae
1526 489 1577 517 ex
1595 478 1840 528 antiquitate
1867 476 1935 516 vel
1969 487 2020 516 ex
2046 479 2175 521 mune

1292 539 1517 589 acquiritur
1540 539 1586 579 in
1615 538 1825 588 sedendo,
1850 538 1894 577 in
1915 539 2074 579 ratione
2100 531 2273 615 victusv

1291 601 1478 648 vestitus,
1495 601 1587 641 vel’
1576 613 1618 640 m
1637 600 1878 653 privilegiis,
1901 605 1971 639 aut
1991 599 2240 667 exemptiorss’

1291 662 1343 702 ab
1364 662 1626 702 observantia
1646 662 1880 709 communi;
1899 662 1975 702 sed
1993 663 2127 702 solum
2143 664 2187 703 h:
2211 682 2218 699 t
2224 652 2308 710 ζῆ]
2338 675 2339 679 ’

1289 726 1393 765 ratio
1419 725 1705 775 necessitatis,
1727 725 1956 778 generatim
1975 725 2198 776 loquendo.
2214 725 2291 770 NF*
2342 768 2345 773 ,

1290 785 1427 838 quoad
1442 786 1672 826 sedendum
1691 786 1735 824 in
1752 786 1983 833 refectorio,
2001 785 2254 829 sacerdotali'
2343 776 2352 828 ἶ

1289 847 1436 899 gnitati
1455 848 1610 898 ahquid
1639 848 1838 896 defertur,
1856 853 1901 887 ut
1919 849 2156 888 sacerdotes
2344 839 2352 882 ’ἓ

1290 909 1412 947 simul
1432 913 1473 948 et
1491 909 1668 961 digniori
1687 909 1780 948 locu
1815 910 2010 959 sedeant,
2047 910 2160 949 nullo
2178 913 2218 950 ta
2232 928 2252 945 ι.
2273 905 2290 960 :j
2346 906 2352 919 “

1287 970 1396 1009 inter
1426 970 1541 1022 ipsos
1576 971 1831 1021 antiquitatis
1850 971 1995 1011 oldine
2015 977 2194 1022 servato,
2213 972 2273 1014 si
2339 1021 2342 1029 ν

1286 1045 1423 1083 neque
1444 1033 1554 1081 inter
1574 1037 1743 1072 caeteros
1763 1033 1874 1072 inter
1904 1045 1974 1080 se,
1995 1036 2041 1074 ut
2071 1034 2267 1075 habetur
2273 1051 2300 1069 ν

1287 1106 1379 1133 can.
1403 1096 1454 1134 30
1474 1096 1615 1146 primae
1637 1095 2002 1146 Congregatiouis‚
2035 1095 2147 1146 quod
2171 1081 2304 1157 adhs·t
2349 1093 2352 1100 '

1286 1157 1467 1196 militatis
1489 1157 1719 1208 profectum
1755 1157 1855 1196 utile
1889 1168 2007 1203 esse,
2033 1161 2075 1196 et
2102 1169 2283 1198 consen
2328 1132 2352 1239 ,1-

1285 1230 1410 1257 neum
1433 1219 1603 1258 consilio
1623 1218 1771 1258 Christi
1789 1219 1952 1258 Domini
1972 1219 2194 1267 monentis,
2211 1220 2297 1260 ut

1285 1281 1471 1319 convivio
1500 1281 1772 1319 novissimum
1793 1281 1929 1319 locum
1949 1281 2236 1332 unusquisque
2267 1308 2271 1314 -

1282 1341 1420 1388 fectet‚
1437 1341 1576 1381 docuit
1593 1342 1747 1393 optime
1768 1342 1960 1388 Basilius,
1980 1353 2068 1392 reg.
2092 1343 2161 1390 21,
2185 1353 2236 1382 ex
2279 1334 2336 1383 ·ffJ

1285 1403 1479 1442 sioribus.
1500 1404 1641 1444 Solum
1662 1404 1703 1442 in
1721 1403 2120 1454 Congregationibus
2147 1415 2252 1454 gene
2283 1393 2303 1446 ,ἶ

1283 1465 1390 1504 libus
1425 1470 1465 1505 et
1497 1465 1822 1517 provincialibus
1852 1465 1953 1504 ordo
1987 1465 2244 1516 antiquitatis
2274 1465 2284 1475 “
2328 1478 2331 1484 ‘

1283 1527 1467 1566 sedendo
1489 1529 1702 1573 servatum
1726 1527 1769 1565 id
1797 1538 1896 1565 vero
1928 1538 2013 1564 non
2044 1531 2130 1565 tam
2150 1539 2253 1580 prop
2278 1544 2305 1575 -Δ
2331 1530 2342 1582 3

1283 1588 1486 1627 bonorem
1509 1598 1807 1639 personarum,
1830 1599 1955 1638 quam
1975 1593 2146 1639 propter
2159 1589 2243 1628 bon
2284 1609 2301 1642 ¹ss
2329 1586 2341 1621 ·¹.·

1286 1650 1471 1688 ordinem
1498 1650 1540 1688 in
1558 1650 1628 1689 illo
1648 1653 1742 1688 actu
1759 1650 2056 1695 necessarium,
2080 1654 2120 1689 et
2139 1650 2280 1690 maxine
2328 1655 2337 1699 -ξ

1284 1715 1326 1751 ut
1349 1711 1547 1762 suffragia
1567 1711 1681 1762 prius
1711 1722 1736 1749 a
1756 1710 2083 1761 provectioribus
2101 1712 2251 1763 magis
2272 1728 2278 1745 ·
2293 1749 2304 1763 ,
2332 1711 2334 1713 ’

1284 1773 1462 1823 expertis
1483 1772 1772 1823 proferantur,
1796 1771 2084 1822 Superioribus
2104 1773 2244 1812 etiam
2246 1773 2303 1821 ih,
2326 1782 2337 1822 'e'

1286 1834 1512 1883 norabilior
1547 1834 1662 1873 locus
1699 1845 1866 1884 semper
1896 1833 2095 1881 debetur,
2126 1833 2295 1884 quiad:
2324 1827 2336 1899 ἔ

1286 1897 1421 1935 centia
1442 1896 1653 1946 dignitatis
1681 1899 1722 1934 et
1741 1894 1972 1934 reverentia
1993 1894 2071 1933 illis
2095 1895 2233 1936 debita
2258 1896 2298 1945 i?
2303 1903 2333 1988 ι

1283 1958 1489 2009 postulat;
1514 1958 1553 1996 in
1576 1957 1746 2007 reliquis
1765 1968 1889 2003 vero,
1919 1969 2010 2006 quae
2039 1957 2092 1996 ad
2119 1968 2283 2013 person-2
2292 1970 2296 1987 ν

1283 2019 1366 2059 lem
1396 2019 1731 2058 commoditatem
1751 2019 1977 2069 pertinent,
2000 2021 2161 2058 caeteris
2178 2030 2272 2072 aequ
2325 2042 2330 2050 ·

1282 2081 1344 2120 les
1375 2083 1484 2119 sunt.
1520 2081 1616 2119 Haec
1652 2083 1792 2119 autem
1822 2080 1986 2126 omnia,
2018 2084 2142 2131 atque
2174 2083 2246 2121 tan
2269 2108 2292 2122 ι,

1280 2146 1449 2192 tamque
1469 2144 1670 2192 perpetua
1695 2141 1789 2179 vitae
1812 2141 2085 2179 communitas
2112 2141 2235 2191 plane
2250 2154 2284 2182 r

1281 2205 1451 2254 quirunt
1470 2214 1666 2253 magnam
1687 2202 1815 2241 animi
1847 2201 2192 2251 moderationem,
2218 2214 2281 2243 so
2322 2242 2323 2246 ,

1281 2266 1461 2316 (lamque
1493 2265 1715 2303 virtutem·
1705 2293 1716 2310 ,
1754 2263 1910 2313 alioqui
1957 2263 2030 2302 diu
2071 2264 2238 2303 tolerari
2280 2282 2284 2297 τ

1306 2326 1518 2365 onservari
1537 2338 1623 2364 non
1644 2328 1797 2376 posset.
1818 2325 1937 2370 Nam,
1954 2325 2051 2363 utin
2073 2324 2193 2364 simili
2211 2322 2280 2365 (1

1280 2388 1475 2435 asilius,
1501 2387 1621 2437 epist.
1652 2387 1706 2426 ad
1727 2386 2011 2426 Canonicam:
2033 2386 2134 2427 Hoec
2158 2387 2265 2439 qui

1276 2451 1371 2490 dum
1396 2449 1636 2500 simpliciter
1659 2448 1730 2487 hoc
1757 2448 1868 2487 modo
1893 2448 2105 2493 dicuntur,
2127 2448 2231 2490 levia
2262 2474 2281 2500 μ

1278 2513 1433 2558 dentur,
1459 2522 1504 2551 ac
1531 2510 1684 2550 nullius
1701 2520 1797 2560 pene
1814 2509 2093 2557 difficultatis,
2118 2510 2259 2560 esusm

1278 2578 1369 2613 sunt
1398 2575 1554 2620 tamen,
1586 2572 1631 2612 in
1658 2571 1802 2623 quibas
1827 2569 2032 2610 servandis
2051 2582 2197 2623 maqna
2214 2575 2273 2615 o'
2314 2622 2316 2626 Ι

1278 2645 1360 2675 esse
1375 2634 1632 2681 contentione,
1650 2634 1736 2682 ipsc
1752 2643 1823 2671 nos
1835 2643 1931 2671 usus
1952 2633 2140 2672 docuerit.
2250 2629 2274 2686 ,²

1328 2697 1371 2736 9
1402 2695 1582 2736 Secundo
1602 2695 1647 2733 id
1664 2695 1780 2733 curat
1807 2704 1876 2742 per
1902 2692 2146 2733 kansilitatis
2163 2700 2229 2733 ex

1277 2756 1377 2798 tium
1398 2758 1614 2795 internum.
1635 2774 1690 2784 --
1707 2754 1806 2794 Tale
1831 2755 2063 2792 exercitium
2096 2755 2140 2793 in
2168 2766 2257 2806 qu

1275 2819 1429 2859 actibus
1447 2821 1648 2856 cernatur.
1661 2835 1714 2844 —
1730 2814 1919 2854 Cernitur
1941 2814 1983 2852 in
2003 2815 2136 2854 danda
2154 2815 2256 2855 rat‘

1274 2878 1532 2921 conscientiae.
1550 2901 1597 2906 —
1612 2878 1709 2915 Haec
1732 2882 1772 2915 et
1790 2876 1870 2914 alia
1896 2875 1937 2914 id
1961 2888 2094 2927 genus
2113 2874 2265 2931 multa',

1274 2939 1475 2980 Societate
1494 2938 1808 2990 diligentissime
1830 2937 2124 2986 observantur,
2153 2940 2200 2978 ut
2226 2954 2244 2972 ιι

1273 3001 1339 3041 nis
1376 3000 1611 3039 ambitionis
1647 2999 1830 3047 ecstasin,
1863 3010 2069 3049 omneque
2097 2995 2256 3053 hums.

1272 3063 1324 3103 tis
1357 3061 1701 3113 impedimentum
1744 3061 1910 3112 penitus
1948 3060 2171 3101 auferatur.
2209 3065 2221 3094 ¹
2242 3055 2261 3102 ’ζ’
2304 3094 2305 3101 ,

1273 3136 1373 3164 vero
1392 3124 1470 3163 hoc
1492 3124 1589 3162 satis
1617 3135 1702 3162 non
1732 3126 1810 3169 est,
1836 3121 1926 3160 sine
1945 3121 2151 3172 frequenti
2168 3121 2194 3160 h
2212 3122 2254 3181 Τ

1273 3186 1398 3225 litatis
1434 3184 1645 3231 exercitio,
1680 3188 1765 3223 tam
1801 3183 1977 3229 interno,
2009 3194 2138 3234 quam
2181 3188 2235 3215 :³³
2297 3191 2304 3208 =·

1274 3259 1346 3296 n0,
1369 3251 1414 3287 ut
1429 3246 1657 3299 prudenter
1679 3244 1833 3291 Sancti,
1855 3248 1895 3284 et
1915 3244 2165 3295 religionum
2189 3238 2233 3277 'n'
2297 3246 2301 3278 .’

1271 3313 1430 3350 tutores
1458 3308 1740 3356 tradiderunt3
1760 3306 1950 3356 Basilius,
1982 3309 2125 3357 quaest.
2165 3311 2173 3340 2
2206 3298 2215 3305 “
2298 3299 2303 3308 ’

1270 3370 1549 3416 brevioribus;
1572 3369 1824 3416 Bernardus,
1847 3380 1914 3419 ep.
1935 3369 2009 3415 47;
2042 3369 2217 3416 Bona*>
2294 3367 2301 3397 ·⁴

1269 3444 1333 3481 ra,
1348 3433 1390 3471 in
1406 3431 1582 3483 Speculo
1595 3430 1837 3481 disciplima,
1855 3441 1947 3480 cap.
1965 3427 2171 3484 quinto3
2183 3428 2227 3492 ,Γ

1270 3504 1353 3545 que
1373 3492 1614 3533 exercitium
1633 3490 1861 3542 frequens·
1849 3502 1892 3530 m
1911 3489 2116 3531 Societate
2150 3503 2203 3539 ιν]

1272 3558 1314 3595 et
1326 3554 1476 3623 prim-o,
1497 3557 1604 3594 teste
1621 3552 1669 3592 D.
1696 3551 1944 3600 Benedicta,
1963 3560 2002 3593 c.
2025 3551 2045 3589 1
2069 3553 2191 3590 suo

1270 3676 1496 3718 voluntatis
1513 3675 1752 3728 abnegatio.
1767 3674 1898 3723 Nam,
1914 3675 1964 3714 ut
1976 3669 2038 3713 ait
