2352 3880
49 982 53 984 -
100 977 158 1002 ,·.
195 953 233 1003 I.
272 953 353 1004 An
392 961 438 1002 et
471 962 697 1018 quantum
738 955 932 1002 debeant
965 953 1080 1001 reli-

112 1035 228 1102 qiosi
278 1035 524 1084 Societatis
576 1053 636 1085 ex
678 1035 726 1085 vi
767 1036 841 1083 sui
879 1034 1081 1083 instituti

113 1116 388 1165 mentalibus
410 1117 646 1164 exercitiis
678 1131 862 1164 vacare.

45 1218 49 1229 ·
95 1213 154 1247 r.
194 1197 252 1245 ΙΙ.
291 1197 370 1244 Αη
393 1196 597 1261 reliqiosi
622 1195 865 1245 Societatis
889 1195 952 1243 aa'
984 1196 1078 1244 ali-

111 1294 226 1343 quas
250 1278 481 1326 orationes
504 1278 682 1326 vocales
700 1293 758 1325 ex
774 1277 820 1325 vi
844 1277 917 1325 sui
940 1277 1079 1324 insti-

115 1358 199 1405 tuti
221 1368 476 1406 teneantur.

86 1454 154 1487 ¹.1›.
185 1439 264 1486 ΙΙΙ.
293 1441 370 1486 Αη
388 1439 449 1486 ad
466 1439 732 1502 frequenter
752 1439 1079 1486 celebrandum

109 1521 183 1570 vel
214 1522 647 1569 communicandum
682 1521 887 1584 reliyiosi
919 1519 1080 1569 Socie—

114 1601 222 1649 tatis
243 1601 506 1665 specialiter
529 1602 803 1664 obliqentur.

30 1678 155 1733 (Cn.
194 1682 269 1731 lv.
306 1682 387 1730 An
422 1683 722 1745 confessionis
758 1699 866 1730 usus
898 1691 942 1731 et
981 1684 1082 1746 sre-

112 1764 302 1828 quentia
324 1765 643 1813 convenienter
668 1765 717 1813 in
742 1764 972 1814 Societate
1005 1765 1082 1812 in-

111 1844 273 1892 stituta
294 1846 371 1905 sit,
401 1863 455 1894 ac
482 1847 687 1909 primum
710 1847 766 1894 de
787 1845 1081 1909 yeneralibus

111 1925 490 1988 confessionibus.

31 2003 156 2058 «Gn.
185 2005 238 2054 V.
267 2006 347 2053 An
366 2006 615 2054 reservatio
639 2014 1083 2071 peccatorumhquae

29 2162 41 2201 i

106 3043 326 3098 Explicatis
342 3046 445 3085 votis
460 3045 648 3085 omnibus
663 3045 890 3094 Societatis,
906 3049 946 3085 et
962 3046 1087 3086 variis

59 3114 321 3161 personarum
341 3108 550 3146 ordinibus
570 3108 641 3158 qui
662 3119 712 3146 ex
729 3108 785 3145 eis
804 3108 1007 3149 oriuntur.
1027 3108 1085 3146 di·

26 3190 29 3191 *
57 3167 234 3208 ‘cendum
253 3168 434 3218 sequitur
452 3167 502 3207 de
518 3168 676 3207 actibus
695 3180 767 3206 seu
787 3168 1022 3206 ministeriis
1041 3168 1086 3207 in

61 3227 209 3280 quibus
223 3239 403 3278 personae
418 3227 626 3267 Societatis
641 3228 818 3268 exerceri
839 3232 879 3266 et
896 3228 1086 3279 occupari

60 3283 224 3336 debent.
250 3287 468 3327 Ordinatur
487 3293 623 3328 autem
641 3289 728 3328 haec
750 3290 919 3340 religio,
956 3293 1002 3327 ut
1031 3290 1087 3328 vi—

64 3344 198 3391 dimus
212 3379 222 3397 ,
240 3350 374 3401 primo
402 3349 568 3400 quidem
595 3362 642 3389 ac
660 3363 732 3402 per
758 3363 799 3390 se
817 3381 826 3398 ‚
849 3351 898 3390 ad
921 3362 1087 3392 suorum

22 3438 26 3439 γ
65 3409 340 3450 membrorum
359 3409 612 3461 spiritualem
634 3411 924 3463 perfectionem
940 3441 954 3460 ,
975 3412 1088 3450 dein-

35 3522 39 3524 q
67 3468 119 3511 de
133 3481 232 3512 vero
258 3471 565 3523 proximorum;
587 3475 628 3510 et
645 3472 751 3521 ideo,
772 3473 1012 3524 priusquam
1041 3474 1090 3514 de

68 3529 301 3572 ministeriis
323 3543 421 3583 erga
437 3531 642 3584 proximos
661 3532 856 3582 dicamus,
880 3532 930 3572 de
947 3534 1091 3574 mediis

70 3589 216 3642 quibus
230 3593 318 3645 ipsa
336 3593 482 3645 religio
499 3593 546 3634 in
575 3605 620 3634 se
633 3623 648 3645 ,
667 3597 711 3634 et
733 3594 779 3634 iu
797 3594 881 3634 suis
898 3595 1092 3636 membris

311 397 640 494 INDEX
702 399 1147 497 CAPITUM
1206 401 1480 494 LIBRI
1545 403 1911 501 OCTAVI

60 615 111 651 ii<
149 605 332 657 MEDIIS
363 605 555 660 QUIBUS
581 606 653 656 AD
691 606 1042 657 SPIRITUALEM
1079 608 1392 657 PROFECTUM
1421 609 1490 657 ET
1519 610 1921 661 PERFEGTIONEM
1951 612 2168 666 SUORUM

651 680 1042 733 RELIGIOSORUM
1071 683 1322 732 SOCIETAS
1352 683 1467 731 UTIT
1625 700 1633 709 ·

1198 952 1249 1000 in
1268 952 1496 1002 Societate
1515 956 1584 1018 fit,
1604 955 1664 1002 sit
1683 955 1973 1004 conveniens.

1134 1034 1242 1084 Cim.
1289 1036 1363 1082 VI.
1411 1036 1480 1083 De
1523 1038 1748 1084 charitate
1792 1038 1840 1083 in
1882 1038 2167 1098 universum,

1201 1122 1294 1161 tam
1309 1131 1419 1177 erya
1441 1116 1586 1162 Deum
1603 1133 1742 1179 quam
1756 1133 1866 1179 er9a
1883 1119 2165 1178 proaeimum.

1198 1210 1337 1257 quam
1352 1194 1557 1241 Societas
1567 1193 1678 1240 Jesu
1693 1211 1722 1241 a
1735 1194 1963 1257 reliyiosis
1978 1197 2166 1256 eaepetit.

1134 1275 1242 1324 CAP.
1280 1276 1379 1323 VII.
1417 1275 1486 1322 De
1513 1274 1678 1322 mediis
1703 1275 1752 1322 in
1774 1275 2052 1337 particulari
2087 1292 2172 1336 pro

1199 1358 1424 1406 charitate
1460 1374 1570 1420 erya
1604 1359 1842 1420 proximos
1878 1357 2170 1412 domesticos,

1199 1440 1492 1502 seu'sratres‚
1526 1455 1581 1486 ac
1610 1439 1814 1501 primum
1847 1439 1902 1485 de
1928 1438 2170 1502 neqativis,

1202 1521 1606 1568 consistentibusve
1631 1522 1679 1567 in
1702 1521 1965 1569 omissione.

1133 1600 1242 1650 CAP.
1281 1602 1400 1649 VIII.
1436 1601 1506 1649 De
1528 1600 1694 1648 mediis
1719 1601 1943 1663 positivis,
1971 1616 2054 1649 seu
2074 1615 2177 1667 quoe

1201 1682 1250 1730 in
1270 1682 1449 1730 actione
1470 1683 1738 1729 consistunt.

1136 1762 1244 1811 Cn.
1285 1761 1365 1807 IX.
1405 1759 1474 1807 De
1513 1759 1679 1807 mediis
1712 1757 1877 1822 quibus
1907 1758 1969 1806 ad
1996 1756 2175 1806 solidas

1200 1843 1392 1891 virtutes
1416 1843 1546 1905 infra
1573 1842 1864 1904 tlteoloqales,
1886 1842 2175 1903 perfectam-

1202 1941 1287 1988 que
1310 1925 1456 1971 animi
1476 1924 1858 1977 moderationem,
1872 1920 2178 1986 reliqiosiSo-

1202 2004 1384 2053 cietatis
1406 2012 1782 2066 promoveantur.

858 2303 1052 2363 LIBER
1089 2301 1382 2362 OCTAVUS

595 2493 820 2643 DE
955 2489 1634 2639 MEDHS

332 2734 486 2784 QUIBUS
509 2735 564 2777 AD
588 2734 803 2777 PROPRIAM
827 2734 1148 2776 PERFEGTIONEM
1173 2733 1477 2780 ACQUIRENDAM
1502 2733 1696 2775 SOCIETAS
1721 2733 1894 2781 UTI'I'UR.

1136 3046 1404 3098 spiritualiter
1420 3046 1642 3097 perficitur,
1665 3046 1886 3086 dicendum
1900 3050 1986 3096 est3
2004 3046 2092 3085 haec
2106 3058 2179 3085 au-

1137 3111 1220 3147 tem
1244 3108 1380 3146 media
1399 3108 1585 3158 quaedam
1619 3112 1716 3146 sunt
1748 3120 1860 3146 mere
1894 3109 2071 3153 interna,
2105 3118 2177 3157 per

1138 3180 1230 3219 quse
1251 3169 1389 3207 anima
1412 3169 1648 3207 immediate
1670 3169 1935 3218 conjungitur
1958 3168 2054 3214 Deo,
2075 3168 2175 3205 dum

1142 3235 1295 3269 aeterna
1325 3230 1560 3278 meditatur,
1588 3229 1879 3268 conscientiam
1907 3227 2171 3277 recognoscit,

1140 3294 1182 3329 et
1209 3291 1252 3329 in
1285 3291 1546 3329 interioribus
1578 3290 1736 3329 actibus
1768 3290 1965 3328 virtutum
1987 3288 2172 3326 omnium

1141 3355 1350 3398 versatur;
1375 3352 1455 3390 alia
1472 3356 1566 3390 suut
1584 3357 1767 3397 externa,
1785 3362 1875 3402 quae
1900 3343 2174 3393 subdistingui

1142 3417 1312 3463 possunt
1330 3413 1373 3451 iu
1402 3425 1449 3451 ea
1467 3425 1557 3463 quae
1577 3425 1648 3462 per
1669 3425 1769 3459 sese,
1794 3416 1833 3449 et
1862 3422 1910 3448 ex
1938 3418 2057 3458 opere
2077 3415 2172 3455 ope-

1142 3480 1232 3512 rato
1254 3475 1436 3513 animam
1461 3474 1732 3520 sanctificant,
1752 3476 1798 3510 ut
1814 3474 1906 3508 sunt
1927 3465 2170 3505 sacrificium

1145 3537 1185 3573 et
1201 3541 1471 3584 sacramenta,
1490 3540 1530 3574 et
1547 3536 1590 3573 in
1607 3546 1654 3572 ea
1670 3544 1761 3584 quae
1787 3543 1837 3569 ex
1857 3539 1977 3579 opere
2002 3537 2171 3576 operan-

1144 3596 1221 3650 tis⁸
1235 3602 1282 3636 ut
1292 3602 1390 3638 sunt
1403 3598 1624 3639 exteriores
1633 3592 1942 3636 exercitationes
1953 3590 2168 3629 virtutum.
