<?xml version="1.0" encoding="UTF-8"?>
<!DOCTYPE html PUBLIC "-//W3C//DTD XHTML 1.0 Transitional//EN"
    "http://www.w3.org/TR/xhtml1/DTD/xhtml1-transitional.dtd">
<html xmlns="http://www.w3.org/1999/xhtml" xml:lang="en" lang="en">
 <head>
  <title>
</title>
<meta http-equiv="Content-Type" content="text/html;charset=utf-8" />
  <meta name='ocr-system' content='tesseract 3.04.00' />
  <meta name='ocr-capabilities' content='ocr_page ocr_carea ocr_par ocr_line ocrx_word'/>
</head>
<body>
  <div class='ocr_page' id='page_1' title='image "./operaomnia16suaauoft_0181.png"; bbox 0 0 2352 3880; ppageno 0'>
   <div class='ocr_carea' id='block_1_1' title="bbox 0 0 450 274">
    <p class='ocr_par' dir='ltr' id='par_1_1' title="bbox 0 0 450 274">
     <span class='ocr_line' id='line_1_1' title="bbox 0 0 450 274; baseline 0 -129"><span class='ocrx_word' id='word_1_1' title='bbox 0 0 450 274; x_wconf 95' lang='lat' dir='ltr'>   </span> 
     </span>
    </p>
   </div>
   <div class='ocr_carea' id='block_1_2' title="bbox 0 241 1110 3646">
    <p class='ocr_par' dir='ltr' id='par_1_2' title="bbox 0 241 1110 3646">
     <span class='ocr_line' id='line_1_2' title="bbox 0 241 133 263; baseline -0.015 0"><span class='ocrx_word' id='word_1_2' title='bbox 0 241 3 244; x_wconf 53' lang='lat'>⁵</span> <span class='ocrx_word' id='word_1_3' title='bbox 47 255 55 263; x_wconf 45' lang='grc' dir='ltr'><em>Α</em></span> <span class='ocrx_word' id='word_1_4' title='bbox 69 244 101 262; x_wconf 41' lang='grc'>’5.</span> <span class='ocrx_word' id='word_1_5' title='bbox 130 245 133 250; x_wconf 86' lang='grc'><strong>“</strong></span> 
     </span>
     <span class='ocr_line' id='line_1_3' title="bbox 13 254 1110 325; baseline -0.005 -8"><span class='ocrx_word' id='word_1_6' title='bbox 13 283 24 287; x_wconf 78' lang='grc'><em>”</em></span> <span class='ocrx_word' id='word_1_7' title='bbox 58 254 69 305; x_wconf 61' lang='lat'>¹-</span> <span class='ocrx_word' id='word_1_8' title='bbox 166 273 363 317; x_wconf 46' lang='lat' dir='ltr'>*acoribus</span> <span class='ocrx_word' id='word_1_9' title='bbox 383 274 618 315; x_wconf 68' lang='lat' dir='ltr'><em>Britannice</em></span> <span class='ocrx_word' id='word_1_10' title='bbox 644 273 862 325; x_wconf 79' lang='lat' dir='ltr'>applicare,</span> <span class='ocrx_word' id='word_1_11' title='bbox 877 272 987 314; x_wconf 78' lang='lat' dir='ltr'>viros</span> <span class='ocrx_word' id='word_1_12' title='bbox 1006 275 1045 314; x_wconf 74' lang='lat' dir='ltr'>et</span> <span class='ocrx_word' id='word_1_13' title='bbox 1061 271 1110 312; x_wconf 62' lang='lat' dir='ltr'>iza</span> 
     </span>
     <span class='ocr_line' id='line_1_4' title="bbox 10 332 1107 391; baseline -0.006 -12"><span class='ocrx_word' id='word_1_14' title='bbox 10 351 19 379; x_wconf 77' lang='grc'>.’</span> <span class='ocrx_word' id='word_1_15' title='bbox 60 365 91 391; x_wconf 59' lang='lat' dir='ltr'>z..</span> <span class='ocrx_word' id='word_1_16' title='bbox 166 335 321 378; x_wconf 76' lang='lat' dir='ltr'>taribus</span> <span class='ocrx_word' id='word_1_17' title='bbox 342 335 508 383; x_wconf 75' lang='lat' dir='ltr'>litteris,</span> <span class='ocrx_word' id='word_1_18' title='bbox 527 339 565 375; x_wconf 73' lang='lat' dir='ltr'>et</span> <span class='ocrx_word' id='word_1_19' title='bbox 584 335 630 375; x_wconf 75' lang='lat' dir='ltr'>in</span> <span class='ocrx_word' id='word_1_20' title='bbox 646 332 776 375; x_wconf 77' lang='lat' dir='ltr'>sam-is</span> <span class='ocrx_word' id='word_1_21' title='bbox 795 333 1030 385; x_wconf 80' lang='lat' dir='ltr'>Scripturis</span> <span class='ocrx_word' id='word_1_22' title='bbox 1046 333 1107 372; x_wconf 75' lang='lat' dir='ltr'>in·</span> 
     </span>
     <span class='ocr_line' id='line_1_5' title="bbox 12 390 1107 449; baseline -0.004 -11"><span class='ocrx_word' id='word_1_23' title='bbox 12 392 39 418; x_wconf 55' lang='lat'>⁷³</span> <span class='ocrx_word' id='word_1_24' title='bbox 57 391 392 449; x_wconf 55' lang='lat' dir='ltr'>impartibiliter</span> <span class='ocrx_word' id='word_1_25' title='bbox 419 397 596 436; x_wconf 75' lang='lat' dir='ltr'>eruditos</span> <span class='ocrx_word' id='word_1_26' title='bbox 612 425 624 442; x_wconf 84' lang='lat'>‚</span> <span class='ocrx_word' id='word_1_27' title='bbox 658 394 726 448; x_wconf 78' lang='lat' dir='ltr'>qui</span> <span class='ocrx_word' id='word_1_28' title='bbox 758 390 812 435; x_wconf 81' lang='lat' dir='ltr'>ad</span> <span class='ocrx_word' id='word_1_29' title='bbox 843 394 1107 435; x_wconf 55' lang='lat' dir='ltr'>coa-venientes</span> 
     </span>
     <span class='ocr_line' id='line_1_6' title="bbox 72 455 1106 508; baseline -0.004 -9"><span class='ocrx_word' id='word_1_30' title='bbox 72 455 212 504; x_wconf 53' lang='lat' dir='ltr'>&amp;urbas</span> <span class='ocrx_word' id='word_1_31' title='bbox 231 457 456 498; x_wconf 76' lang='lat' dir='ltr'>clamabant</span> <span class='ocrx_word' id='word_1_32' title='bbox 473 473 490 497; x_wconf 88' lang='lat'>.·</span> <span class='ocrx_word' id='word_1_33' title='bbox 519 457 574 499; x_wconf 80' lang='lat' dir='ltr'>Si</span> <span class='ocrx_word' id='word_1_34' title='bbox 598 456 686 508; x_wconf 76' lang='lat' dir='ltr'>quis</span> <span class='ocrx_word' id='word_1_35' title='bbox 710 456 920 508; x_wconf 64' lang='lat' dir='ltr'>sapientiae</span> <span class='ocrx_word' id='word_1_36' title='bbox 939 456 1106 508; x_wconf 80' lang='lat' dir='ltr'>cupidas</span> 
     </span>
     <span class='ocr_line' id='line_1_7' title="bbox 76 517 1109 568; baseline -0.002 -10"><span class='ocrx_word' id='word_1_37' title='bbox 76 521 150 568; x_wconf 70' lang='lat' dir='ltr'>m,</span> <span class='ocrx_word' id='word_1_38' title='bbox 168 519 303 558; x_wconf 77' lang='lat' dir='ltr'>veniat</span> <span class='ocrx_word' id='word_1_39' title='bbox 320 518 375 557; x_wconf 87' lang='lat' dir='ltr'>ad</span> <span class='ocrx_word' id='word_1_40' title='bbox 390 530 481 564; x_wconf 80' lang='lat' dir='ltr'>nos,</span> <span class='ocrx_word' id='word_1_41' title='bbox 513 521 550 558; x_wconf 74' lang='lat' dir='ltr'>et</span> <span class='ocrx_word' id='word_1_42' title='bbox 568 517 734 568; x_wconf 71' lang='lat' dir='ltr'>accipiet</span> <span class='ocrx_word' id='word_1_43' title='bbox 751 529 856 566; x_wconf 80' lang='lat' dir='ltr'>eam,</span> <span class='ocrx_word' id='word_1_44' title='bbox 881 529 974 558; x_wconf 80' lang='lat' dir='ltr'>nam</span> <span class='ocrx_word' id='word_1_45' title='bbox 1002 517 1109 568; x_wconf 77' lang='lat' dir='ltr'>apud</span> 
     </span>
     <span class='ocr_line' id='line_1_8' title="bbox 70 578 1107 634; baseline -0.003 -14"><span class='ocrx_word' id='word_1_46' title='bbox 70 584 144 623; x_wconf 57' lang='lat'>⁴30⁸</span> <span class='ocrx_word' id='word_1_47' title='bbox 168 578 318 620; x_wconf 69' lang='lat' dir='ltr'>verzalis</span> <span class='ocrx_word' id='word_1_48' title='bbox 333 581 417 626; x_wconf 79' lang='lat' dir='ltr'>est;</span> <span class='ocrx_word' id='word_1_49' title='bbox 436 579 540 630; x_wconf 78' lang='lat' dir='ltr'>quod</span> <span class='ocrx_word' id='word_1_50' title='bbox 555 591 643 619; x_wconf 81' lang='lat' dir='ltr'>oum</span> <span class='ocrx_word' id='word_1_51' title='bbox 663 579 717 618; x_wconf 80' lang='lat' dir='ltr'>ad</span> <span class='ocrx_word' id='word_1_52' title='bbox 731 590 847 619; x_wconf 81' lang='lat' dir='ltr'>aures</span> <span class='ocrx_word' id='word_1_53' title='bbox 867 578 1003 619; x_wconf 81' lang='lat' dir='ltr'>Caroli</span> <span class='ocrx_word' id='word_1_54' title='bbox 1017 589 1107 634; x_wconf 68' lang='lat' dir='ltr'>per-</span> 
     </span>
     <span class='ocr_line' id='line_1_9' title="bbox 73 638 1108 693; baseline 0.001 -14"><span class='ocrx_word' id='word_1_55' title='bbox 73 638 258 690; x_wconf 56' lang='lat' dir='ltr'>cepisset,</span> <span class='ocrx_word' id='word_1_56' title='bbox 292 651 355 680; x_wconf 78' lang='lat' dir='ltr'>eos</span> <span class='ocrx_word' id='word_1_57' title='bbox 380 643 539 680; x_wconf 72' lang='lat' dir='ltr'>vocatos</span> <span class='ocrx_word' id='word_1_58' title='bbox 559 641 800 693; x_wconf 59' lang='lat' dir='ltr'>interrogat,</span> <span class='ocrx_word' id='word_1_59' title='bbox 833 640 870 680; x_wconf 83' lang='lat' dir='ltr'>si</span> <span class='ocrx_word' id='word_1_60' title='bbox 889 652 1028 680; x_wconf 79' lang='lat' dir='ltr'>veram</span> <span class='ocrx_word' id='word_1_61' title='bbox 1040 650 1108 680; x_wconf 75' lang='lat' dir='ltr'>sa-</span> 
     </span>
     <span class='ocr_line' id='line_1_10' title="bbox 74 700 1106 757; baseline -0.001 -16"><span class='ocrx_word' id='word_1_62' title='bbox 74 700 263 757; x_wconf 68' lang='lat' dir='ltr'>pientiam</span> <span class='ocrx_word' id='word_1_63' title='bbox 291 702 464 741; x_wconf 76' lang='lat' dir='ltr'>venalem</span> <span class='ocrx_word' id='word_1_64' title='bbox 489 702 686 742; x_wconf 72' lang='lat' dir='ltr'>haberent.</span> <span class='ocrx_word' id='word_1_65' title='bbox 716 701 795 742; x_wconf 79' lang='lat' dir='ltr'>Cui</span> <span class='ocrx_word' id='word_1_66' title='bbox 821 702 912 741; x_wconf 82' lang='lat' dir='ltr'>illi:</span> <span class='ocrx_word' id='word_1_67' title='bbox 932 701 1106 752; x_wconf 67' lang='lat' dir='ltr'>Saso-ien-</span> 
     </span>
     <span class='ocr_line' id='line_1_11' title="bbox 27 761 1109 814; baseline -0.002 -10"><span class='ocrx_word' id='word_1_68' title='bbox 27 809 30 812; x_wconf 49' lang='grc'>,</span> <span class='ocrx_word' id='word_1_69' title='bbox 80 761 190 810; x_wconf 69' lang='lat' dir='ltr'>tiam,</span> <span class='ocrx_word' id='word_1_70' title='bbox 217 761 417 814; x_wconf 78' lang='lat' dir='ltr'>inquiunt,</span> <span class='ocrx_word' id='word_1_71' title='bbox 448 766 485 803; x_wconf 80' lang='lat' dir='ltr'>et</span> <span class='ocrx_word' id='word_1_72' title='bbox 509 763 706 811; x_wconf 72' lang='lat' dir='ltr'>habemas,</span> <span class='ocrx_word' id='word_1_73' title='bbox 735 766 774 804; x_wconf 78' lang='lat' dir='ltr'>ec</span> <span class='ocrx_word' id='word_1_74' title='bbox 791 764 836 802; x_wconf 78' lang='lat' dir='ltr'>in</span> <span class='ocrx_word' id='word_1_75' title='bbox 851 764 1007 802; x_wconf 76' lang='lat' dir='ltr'>nomine</span> <span class='ocrx_word' id='word_1_76' title='bbox 1026 763 1109 802; x_wconf 83' lang='lat' dir='ltr'>Do·</span> 
     </span>
     <span class='ocr_line' id='line_1_12' title="bbox 78 823 1104 875; baseline -0.001 -11"><span class='ocrx_word' id='word_1_77' title='bbox 78 823 178 864; x_wconf 76' lang='lat' dir='ltr'>mini</span> <span class='ocrx_word' id='word_1_78' title='bbox 211 835 293 863; x_wconf 76' lang='lat' dir='ltr'>eam</span> <span class='ocrx_word' id='word_1_79' title='bbox 334 825 599 875; x_wconf 62' lang='lat' dir='ltr'>quam-entibus</span> <span class='ocrx_word' id='word_1_80' title='bbox 636 825 732 865; x_wconf 79' lang='lat' dir='ltr'>dare</span> <span class='ocrx_word' id='word_1_81' title='bbox 776 826 914 875; x_wconf 78' lang='lat' dir='ltr'>parati</span> <span class='ocrx_word' id='word_1_82' title='bbox 955 835 1104 864; x_wconf 81' lang='lat' dir='ltr'>sumus.</span> 
     </span>
     <span class='ocr_line' id='line_1_13' title="bbox 81 884 1109 939; baseline 0 -13"><span class='ocrx_word' id='word_1_83' title='bbox 81 884 279 934; x_wconf 76' lang='lat' dir='ltr'>Quoerena·</span> <span class='ocrx_word' id='word_1_84' title='bbox 295 890 425 927; x_wconf 76' lang='lat' dir='ltr'>autem</span> <span class='ocrx_word' id='word_1_85' title='bbox 442 887 527 939; x_wconf 70' lang='lat' dir='ltr'>reqi</span> <span class='ocrx_word' id='word_1_86' title='bbox 547 888 646 938; x_wconf 76' lang='lat' dir='ltr'>quid</span> <span class='ocrx_word' id='word_1_87' title='bbox 660 899 733 937; x_wconf 81' lang='lat' dir='ltr'>pro</span> <span class='ocrx_word' id='word_1_88' title='bbox 754 898 799 926; x_wconf 81' lang='lat' dir='ltr'>ea</span> <span class='ocrx_word' id='word_1_89' title='bbox 816 890 1003 937; x_wconf 79' lang='lat' dir='ltr'>peterent,</span> <span class='ocrx_word' id='word_1_90' title='bbox 1024 897 1109 926; x_wconf 85' lang='lat' dir='ltr'>res-</span> 
     </span>
     <span class='ocr_line' id='line_1_14' title="bbox 76 947 1108 1000; baseline 0.002 -14"><span class='ocrx_word' id='word_1_91' title='bbox 76 947 292 1000; x_wconf 75' lang='lat' dir='ltr'>ponderunt</span> <span class='ocrx_word' id='word_1_92' title='bbox 322 948 408 988; x_wconf 75' lang='lat' dir='ltr'>loca</span> <span class='ocrx_word' id='word_1_93' title='bbox 437 951 594 988; x_wconf 77' lang='lat' dir='ltr'>tantam</span> <span class='ocrx_word' id='word_1_94' title='bbox 617 950 852 999; x_wconf 75' lang='lat' dir='ltr'>opportuna,</span> <span class='ocrx_word' id='word_1_95' title='bbox 883 951 920 988; x_wconf 77' lang='lat' dir='ltr'>et</span> <span class='ocrx_word' id='word_1_96' title='bbox 951 950 1108 988; x_wconf 79' lang='lat' dir='ltr'>animas</span> 
     </span>
     <span class='ocr_line' id='line_1_15' title="bbox 73 1007 1108 1062; baseline 0.001 -14"><span class='ocrx_word' id='word_1_97' title='bbox 73 1007 318 1062; x_wconf 27' lang='lat' dir='ltr'>&#39;moenio-sas,</span> <span class='ocrx_word' id='word_1_98' title='bbox 354 1013 405 1056; x_wconf 81' lang='lat' dir='ltr'>et,</span> <span class='ocrx_word' id='word_1_99' title='bbox 438 1010 524 1048; x_wconf 77' lang='lat' dir='ltr'>sine</span> <span class='ocrx_word' id='word_1_100' title='bbox 558 1010 701 1061; x_wconf 67' lang='lat' dir='ltr'>quibas</span> <span class='ocrx_word' id='word_1_101' title='bbox 728 1009 999 1061; x_wconf 71' lang='lat' dir='ltr'>pereqrinacio</span> <span class='ocrx_word' id='word_1_102' title='bbox 1027 1009 1108 1049; x_wconf 85' lang='lat' dir='ltr'>ista</span> 
     </span>
     <span class='ocr_line' id='line_1_16' title="bbox 76 1069 1104 1123; baseline -0.001 -13"><span class='ocrx_word' id='word_1_103' title='bbox 76 1070 247 1110; x_wconf 69' lang='lat' dir='ltr'>transiri</span> <span class='ocrx_word' id='word_1_104' title='bbox 262 1082 339 1110; x_wconf 76' lang='lat' dir='ltr'>noa</span> <span class='ocrx_word' id='word_1_105' title='bbox 362 1074 505 1123; x_wconf 72' lang='lat' dir='ltr'>potest,</span> <span class='ocrx_word' id='word_1_106' title='bbox 529 1071 731 1110; x_wconf 80' lang='lat' dir='ltr'>alimenta.</span> <span class='ocrx_word' id='word_1_107' title='bbox 766 1069 916 1116; x_wconf 66' lang='lat' dir='ltr'>Quibus</span> <span class='ocrx_word' id='word_1_108' title='bbox 938 1070 1104 1117; x_wconf 77' lang='lat' dir='ltr'>auditis,</span> 
     </span>
     <span class='ocr_line' id='line_1_17' title="bbox 14 1127 1107 1182; baseline 0 -12"><span class='ocrx_word' id='word_1_109' title='bbox 14 1162 15 1165; x_wconf 18' lang='grc' dir='ltr'>η</span> <span class='ocrx_word' id='word_1_110' title='bbox 74 1127 222 1181; x_wconf 66' lang='lat' dir='ltr'>inqenti</span> <span class='ocrx_word' id='word_1_111' title='bbox 252 1133 397 1180; x_wconf 60' lang='lat' dir='ltr'>,aaudio</span> <span class='ocrx_word' id='word_1_112' title='bbox 429 1133 600 1182; x_wconf 80' lang='lat' dir='ltr'>repletus</span> <span class='ocrx_word' id='word_1_113' title='bbox 633 1130 830 1176; x_wconf 73' lang='lat' dir='ltr'>Carolus,</span> <span class='ocrx_word' id='word_1_114' title='bbox 865 1130 1035 1169; x_wconf 76' lang='lat' dir='ltr'>alteram</span> <span class='ocrx_word' id='word_1_115' title='bbox 1064 1131 1107 1170; x_wconf 70' lang='lat' dir='ltr'>ia</span> 
     </span>
     <span class='ocr_line' id='line_1_18' title="bbox 76 1190 1107 1242; baseline 0 -11"><span class='ocrx_word' id='word_1_116' title='bbox 76 1190 210 1235; x_wconf 67' lang='lat' dir='ltr'>Gallia</span> <span class='ocrx_word' id='word_1_117' title='bbox 226 1193 406 1232; x_wconf 85' lang='lat' dir='ltr'>Parisiis</span> <span class='ocrx_word' id='word_1_118' title='bbox 421 1194 590 1232; x_wconf 74' lang='lat' dir='ltr'>residere</span> <span class='ocrx_word' id='word_1_119' title='bbox 604 1191 713 1242; x_wconf 79' lang='lat' dir='ltr'>fecit,</span> <span class='ocrx_word' id='word_1_120' title='bbox 736 1194 773 1231; x_wconf 75' lang='lat' dir='ltr'>et</span> <span class='ocrx_word' id='word_1_121' title='bbox 784 1203 929 1241; x_wconf 76' lang='lat' dir='ltr'>pueros</span> <span class='ocrx_word' id='word_1_122' title='bbox 949 1191 1107 1231; x_wconf 80' lang='lat' dir='ltr'>nobilis·</span> 
     </span>
     <span class='ocr_line' id='line_1_19' title="bbox 35 1251 1107 1303; baseline -0.002 -9"><span class='ocrx_word' id='word_1_123' title='bbox 35 1251 38 1255; x_wconf 69' lang='grc'>’</span> <span class='ocrx_word' id='word_1_124' title='bbox 73 1251 190 1294; x_wconf 71' lang='lat' dir='ltr'>simos</span> <span class='ocrx_word' id='word_1_125' title='bbox 210 1254 245 1292; x_wconf 89' lang='lat' dir='ltr'>ei</span> <span class='ocrx_word' id='word_1_126' title='bbox 266 1255 577 1302; x_wconf 75' lang='lat' dir='ltr'>commendavit,</span> <span class='ocrx_word' id='word_1_127' title='bbox 610 1255 645 1292; x_wconf 77' lang='lat' dir='ltr'>et</span> <span class='ocrx_word' id='word_1_128' title='bbox 672 1252 872 1292; x_wconf 73' lang='lat' dir='ltr'>victuaria</span> <span class='ocrx_word' id='word_1_129' title='bbox 895 1253 986 1292; x_wconf 85' lang='lat' dir='ltr'>dari</span> <span class='ocrx_word' id='word_1_130' title='bbox 1004 1265 1107 1303; x_wconf 78' lang='lat' dir='ltr'>proe-</span> 
     </span>
     <span class='ocr_line' id='line_1_20' title="bbox 73 1313 1109 1366; baseline -0.003 -10"><span class='ocrx_word' id='word_1_131' title='bbox 73 1314 203 1366; x_wconf 59' lang='lat' dir='ltr'>cepti,-</span> <span class='ocrx_word' id='word_1_132' title='bbox 232 1315 399 1354; x_wconf 71' lang='lat' dir='ltr'>alierum</span> <span class='ocrx_word' id='word_1_133' title='bbox 434 1326 523 1354; x_wconf 81' lang='lat' dir='ltr'>vero</span> <span class='ocrx_word' id='word_1_134' title='bbox 555 1314 599 1353; x_wconf 73' lang='lat' dir='ltr'>in</span> <span class='ocrx_word' id='word_1_135' title='bbox 628 1314 800 1353; x_wconf 78' lang='lat' dir='ltr'>Italiam</span> <span class='ocrx_word' id='word_1_136' title='bbox 833 1313 1011 1361; x_wconf 77' lang='lat' dir='ltr'>direxit,</span> <span class='ocrx_word' id='word_1_137' title='bbox 1046 1313 1109 1353; x_wconf 74' lang='lat' dir='ltr'>cui</span> 
     </span>
     <span class='ocr_line' id='line_1_21' title="bbox 72 1374 1109 1429; baseline -0.005 -11"><span class='ocrx_word' id='word_1_138' title='bbox 72 1378 354 1418; x_wconf 76' lang='lat' dir='ltr'>monasteriam.</span> <span class='ocrx_word' id='word_1_139' title='bbox 376 1376 424 1416; x_wconf 80' lang='lat' dir='ltr'>S.</span> <span class='ocrx_word' id='word_1_140' title='bbox 449 1374 668 1429; x_wconf 63' lang='lat' dir='ltr'>Augustini</span> <span class='ocrx_word' id='word_1_141' title='bbox 682 1405 691 1421; x_wconf 96' lang='lat'>,</span> <span class='ocrx_word' id='word_1_142' title='bbox 710 1376 838 1425; x_wconf 73' lang='lat' dir='ltr'>juata</span> <span class='ocrx_word' id='word_1_143' title='bbox 859 1374 1109 1415; x_wconf 51' lang='lat' dir='ltr'>ficinensem</span> 
     </span>
     <span class='ocr_line' id='line_1_22' title="bbox 72 1436 1110 1488; baseline -0.002 -10"><span class='ocrx_word' id='word_1_144' title='bbox 72 1437 204 1479; x_wconf 78' lang='lat' dir='ltr'>urbem</span> <span class='ocrx_word' id='word_1_145' title='bbox 237 1438 377 1488; x_wconf 84' lang='lat' dir='ltr'>(vulgo</span> <span class='ocrx_word' id='word_1_146' title='bbox 408 1436 560 1485; x_wconf 75' lang='lat' dir='ltr'>Pavia),</span> <span class='ocrx_word' id='word_1_147' title='bbox 590 1437 804 1488; x_wconf 75' lang='lat' dir='ltr'>deleqavz&#39;t,</span> <span class='ocrx_word' id='word_1_148' title='bbox 832 1440 878 1476; x_wconf 81' lang='lat' dir='ltr'>ut</span> <span class='ocrx_word' id='word_1_149' title='bbox 905 1436 1012 1483; x_wconf 80' lang='lat' dir='ltr'>illio,</span> <span class='ocrx_word' id='word_1_150' title='bbox 1041 1436 1110 1488; x_wconf 83' lang='lat' dir='ltr'>qai</span> 
     </span>
     <span class='ocr_line' id='line_1_23' title="bbox 72 1498 1105 1551; baseline -0.003 -11"><span class='ocrx_word' id='word_1_151' title='bbox 72 1499 307 1547; x_wconf 75' lang='lat' dir='ltr'>voluissent,</span> <span class='ocrx_word' id='word_1_152' title='bbox 334 1500 388 1539; x_wconf 81' lang='lat' dir='ltr'>ad</span> <span class='ocrx_word' id='word_1_153' title='bbox 417 1498 640 1538; x_wconf 73' lang='lat' dir='ltr'>discendum</span> <span class='ocrx_word' id='word_1_154' title='bbox 670 1500 908 1550; x_wconf 60' lang='lat' dir='ltr'>congregari</span> <span class='ocrx_word' id='word_1_155' title='bbox 931 1502 1105 1551; x_wconf 73' lang='lat' dir='ltr'>possent.</span> 
     </span>
     <span class='ocr_line' id='line_1_24' title="bbox 72 1558 1110 1612; baseline -0.003 -11"><span class='ocrx_word' id='word_1_156' title='bbox 72 1560 219 1601; x_wconf 85' lang='lat' dir='ltr'>Postea</span> <span class='ocrx_word' id='word_1_157' title='bbox 251 1572 350 1600; x_wconf 86' lang='lat' dir='ltr'>vero</span> <span class='ocrx_word' id='word_1_158' title='bbox 384 1562 440 1612; x_wconf 89' lang='lat' dir='ltr'>(ut</span> <span class='ocrx_word' id='word_1_159' title='bbox 471 1560 626 1598; x_wconf 84' lang='lat' dir='ltr'>ibidem</span> <span class='ocrx_word' id='word_1_160' title='bbox 660 1558 849 1612; x_wconf 86' lang='lat' dir='ltr'>refertur)</span> <span class='ocrx_word' id='word_1_161' title='bbox 882 1560 1110 1599; x_wconf 85' lang='lat' dir='ltr'>adveniens</span> 
     </span>
     <span class='ocr_line' id='line_1_25' title="bbox 70 1622 1108 1672; baseline -0.002 -10"><span class='ocrx_word' id='word_1_162' title='bbox 70 1622 290 1670; x_wconf 78' lang='lat' dir='ltr'>Alcuinus,</span> <span class='ocrx_word' id='word_1_163' title='bbox 324 1627 363 1661; x_wconf 91' lang='lat' dir='ltr'>et</span> <span class='ocrx_word' id='word_1_164' title='bbox 388 1623 681 1672; x_wconf 81' lang='lat' dir='ltr'>imperatorem</span> <span class='ocrx_word' id='word_1_165' title='bbox 713 1622 875 1672; x_wconf 86' lang='lat' dir='ltr'>ipsum,</span> <span class='ocrx_word' id='word_1_166' title='bbox 908 1626 948 1660; x_wconf 88' lang='lat' dir='ltr'>et</span> <span class='ocrx_word' id='word_1_167' title='bbox 981 1626 1108 1661; x_wconf 90' lang='lat' dir='ltr'>totam</span> 
     </span>
     <span class='ocr_line' id='line_1_26' title="bbox 72 1683 1104 1735; baseline -0.001 -12"><span class='ocrx_word' id='word_1_168' title='bbox 72 1683 245 1724; x_wconf 80' lang='lat' dir='ltr'>Galliam</span> <span class='ocrx_word' id='word_1_169' title='bbox 275 1684 460 1722; x_wconf 87' lang='lat' dir='ltr'>doctrina</span> <span class='ocrx_word' id='word_1_170' title='bbox 492 1684 723 1723; x_wconf 87' lang='lat' dir='ltr'>illustravit.</span> <span class='ocrx_word' id='word_1_171' title='bbox 755 1683 846 1722; x_wconf 85' lang='lat' dir='ltr'><strong>Fuit</strong></span> <span class='ocrx_word' id='word_1_172' title='bbox 871 1694 970 1735; x_wconf 87' lang='lat' dir='ltr'>ergo</span> <span class='ocrx_word' id='word_1_173' title='bbox 1000 1695 1104 1722; x_wconf 89' lang='lat' dir='ltr'>sem-</span> 
     </span>
     <span class='ocr_line' id='line_1_27' title="bbox 72 1744 1107 1798; baseline -0.001 -14"><span class='ocrx_word' id='word_1_174' title='bbox 72 1757 149 1798; x_wconf 86' lang='lat' dir='ltr'>per</span> <span class='ocrx_word' id='word_1_175' title='bbox 184 1746 456 1785; x_wconf 88' lang='lat' dir='ltr'>ministerium</span> <span class='ocrx_word' id='word_1_176' title='bbox 487 1745 569 1784; x_wconf 87' lang='lat' dir='ltr'>hoc</span> <span class='ocrx_word' id='word_1_177' title='bbox 600 1744 885 1797; x_wconf 88' lang='lat' dir='ltr'>religiosorum</span> <span class='ocrx_word' id='word_1_178' title='bbox 923 1744 1107 1783; x_wconf 80' lang='lat' dir='ltr'>virorum</span> 
     </span>
     <span class='ocr_line' id='line_1_28' title="bbox 71 1806 1101 1859; baseline 0 -13"><span class='ocrx_word' id='word_1_179' title='bbox 71 1807 192 1847; x_wconf 82' lang='lat' dir='ltr'>valde</span> <span class='ocrx_word' id='word_1_180' title='bbox 212 1809 438 1859; x_wconf 82' lang='lat' dir='ltr'>propr-ium,</span> <span class='ocrx_word' id='word_1_181' title='bbox 460 1818 689 1858; x_wconf 84' lang='lat' dir='ltr'>eorumque</span> <span class='ocrx_word' id='word_1_182' title='bbox 706 1807 829 1849; x_wconf 90' lang='lat' dir='ltr'>statui</span> <span class='ocrx_word' id='word_1_183' title='bbox 846 1806 1027 1847; x_wconf 80' lang='lat' dir='ltr'>maxime</span> <span class='ocrx_word' id='word_1_184' title='bbox 1043 1818 1101 1846; x_wconf 87' lang='lat' dir='ltr'>ac-</span> 
     </span>
     <span class='ocr_line' id='line_1_29' title="bbox 71 1870 1087 1922; baseline -0.001 -12"><span class='ocrx_word' id='word_1_185' title='bbox 71 1870 393 1910; x_wconf 83' lang='lat' dir='ltr'>commodatum.</span> <span class='ocrx_word' id='word_1_186' title='bbox 1083 1918 1087 1922; x_wconf 23' lang='grc' dir='ltr'>ι</span> 
     </span>
     <span class='ocr_line' id='line_1_30' title="bbox 124 1930 1105 1974; baseline -0.001 -2"><span class='ocrx_word' id='word_1_187' title='bbox 124 1933 165 1972; x_wconf 84' lang='grc'>’1.</span> <span class='ocrx_word' id='word_1_188' title='bbox 199 1932 385 1973; x_wconf 82' lang='lat' dir='ltr'>Secunda</span> <span class='ocrx_word' id='word_1_189' title='bbox 417 1932 599 1974; x_wconf 77' lang='lat' dir='ltr'><em>assertio.</em></span> <span class='ocrx_word' id='word_1_190' title='bbox 611 1953 665 1963; x_wconf 93' lang='lat'><strong>—</strong></span> <span class='ocrx_word' id='word_1_191' title='bbox 684 1930 890 1974; x_wconf 80' lang='lat' dir='ltr'><em>Probatur</em></span> <span class='ocrx_word' id='word_1_192' title='bbox 908 1943 956 1972; x_wconf 69' lang='lat' dir='ltr'>ex</span> <span class='ocrx_word' id='word_1_193' title='bbox 974 1930 1105 1972; x_wconf 77' lang='lat' dir='ltr'>tradi-</span> 
     </span>
     <span class='ocr_line' id='line_1_31' title="bbox 71 1993 1104 2047; baseline -0.007 -9"><span class='ocrx_word' id='word_1_194' title='bbox 71 1993 129 2038; x_wconf 76' lang='lat' dir='ltr'>tis</span> <span class='ocrx_word' id='word_1_195' title='bbox 150 2005 175 2034; x_wconf 84' lang='lat' dir='ltr'>a</span> <span class='ocrx_word' id='word_1_196' title='bbox 196 1995 251 2034; x_wconf 85' lang='lat' dir='ltr'>D.</span> <span class='ocrx_word' id='word_1_197' title='bbox 288 1996 454 2035; x_wconf 77' lang='lat' dir='ltr'>lema.</span> <span class='ocrx_word' id='word_1_198' title='bbox 472 2016 525 2026; x_wconf 86' lang='lat'>·-</span> <span class='ocrx_word' id='word_1_199' title='bbox 559 1995 844 2047; x_wconf 76' lang='lat' dir='ltr'>Confirmatur.</span> <span class='ocrx_word' id='word_1_200' title='bbox 860 2015 915 2024; x_wconf 96' lang='lat'>—</span> <span class='ocrx_word' id='word_1_201' title='bbox 940 1995 997 2032; x_wconf 82' lang='lat' dir='ltr'>Ex</span> <span class='ocrx_word' id='word_1_202' title='bbox 1022 2005 1104 2044; x_wconf 91' lang='lat' dir='ltr'>quo</span> 
     </span>
     <span class='ocr_line' id='line_1_32' title="bbox 72 2054 1103 2107; baseline -0.004 -11"><span class='ocrx_word' id='word_1_203' title='bbox 72 2056 244 2096; x_wconf 86' lang='lat' dir='ltr'>ulterius</span> <span class='ocrx_word' id='word_1_204' title='bbox 271 2061 384 2096; x_wconf 88' lang='lat' dir='ltr'>recte</span> <span class='ocrx_word' id='word_1_205' title='bbox 399 2056 701 2102; x_wconf 82' lang='lat' dir='ltr'>concludimus,</span> <span class='ocrx_word' id='word_1_206' title='bbox 721 2068 843 2107; x_wconf 89' lang='lat' dir='ltr'>posse</span> <span class='ocrx_word' id='word_1_207' title='bbox 869 2056 1024 2106; x_wconf 88' lang='lat' dir='ltr'>optime</span> <span class='ocrx_word' id='word_1_208' title='bbox 1045 2054 1103 2092; x_wconf 78' lang='lat' dir='ltr'>in·</span> 
     </span>
     <span class='ocr_line' id='line_1_33' title="bbox 72 2115 1105 2170; baseline -0.005 -11"><span class='ocrx_word' id='word_1_209' title='bbox 72 2117 183 2159; x_wconf 80' lang='lat' dir='ltr'>stitui</span> <span class='ocrx_word' id='word_1_210' title='bbox 203 2118 460 2168; x_wconf 81' lang='lat' dir='ltr'>religionem,</span> <span class='ocrx_word' id='word_1_211' title='bbox 475 2132 567 2170; x_wconf 85' lang='lat' dir='ltr'>quae</span> <span class='ocrx_word' id='word_1_212' title='bbox 586 2118 638 2158; x_wconf 90' lang='lat' dir='ltr'>ad</span> <span class='ocrx_word' id='word_1_213' title='bbox 653 2120 762 2157; x_wconf 89' lang='lat' dir='ltr'>hunc</span> <span class='ocrx_word' id='word_1_214' title='bbox 780 2118 908 2157; x_wconf 89' lang='lat' dir='ltr'>finem</span> <span class='ocrx_word' id='word_1_215' title='bbox 930 2115 1105 2156; x_wconf 85' lang='lat' dir='ltr'>docendi</span> 
     </span>
     <span class='ocr_line' id='line_1_34' title="bbox 72 2180 1108 2233; baseline -0.003 -14"><span class='ocrx_word' id='word_1_216' title='bbox 72 2180 287 2233; x_wconf 82' lang='lat' dir='ltr'>publicein</span> <span class='ocrx_word' id='word_1_217' title='bbox 307 2181 486 2220; x_wconf 84' lang='lat' dir='ltr'>Ecclesia</span> <span class='ocrx_word' id='word_1_218' title='bbox 507 2192 791 2231; x_wconf 88' lang='lat' dir='ltr'>quascumque</span> <span class='ocrx_word' id='word_1_219' title='bbox 813 2180 1021 2218; x_wconf 84' lang='lat' dir='ltr'>doctrinas</span> <span class='ocrx_word' id='word_1_220' title='bbox 1041 2189 1108 2216; x_wconf 88' lang='lat' dir='ltr'>re·-</span> 
     </span>
     <span class='ocr_line' id='line_1_35' title="bbox 71 2240 1107 2294; baseline -0.005 -11"><span class='ocrx_word' id='word_1_221' title='bbox 71 2241 219 2294; x_wconf 87' lang='lat' dir='ltr'>ligioso</span> <span class='ocrx_word' id='word_1_222' title='bbox 257 2243 379 2282; x_wconf 88' lang='lat' dir='ltr'>statui</span> <span class='ocrx_word' id='word_1_223' title='bbox 401 2242 753 2290; x_wconf 86' lang='lat' dir='ltr'>accommodatas,</span> <span class='ocrx_word' id='word_1_224' title='bbox 774 2241 883 2279; x_wconf 83' lang='lat' dir='ltr'>inter</span> <span class='ocrx_word' id='word_1_225' title='bbox 911 2240 1013 2278; x_wconf 86' lang='lat' dir='ltr'>alias</span> <span class='ocrx_word' id='word_1_226' title='bbox 1038 2250 1107 2278; x_wconf 81' lang='lat' dir='ltr'>ae-</span> 
     </span>
     <span class='ocr_line' id='line_1_36' title="bbox 72 2301 1106 2352; baseline -0.005 -7"><span class='ocrx_word' id='word_1_227' title='bbox 72 2303 206 2345; x_wconf 77' lang='lat' dir='ltr'>tiones</span> <span class='ocrx_word' id='word_1_228' title='bbox 221 2315 332 2352; x_wconf 86' lang='lat' dir='ltr'>suas,</span> <span class='ocrx_word' id='word_1_229' title='bbox 356 2304 586 2344; x_wconf 85' lang='lat' dir='ltr'>ordinetur.</span> <span class='ocrx_word' id='word_1_230' title='bbox 618 2304 705 2343; x_wconf 91' lang='lat' dir='ltr'>Hoc</span> <span class='ocrx_word' id='word_1_231' title='bbox 738 2302 914 2341; x_wconf 88' lang='lat' dir='ltr'>intendit</span> <span class='ocrx_word' id='word_1_232' title='bbox 931 2301 977 2341; x_wconf 85' lang='lat' dir='ltr'>D.</span> <span class='ocrx_word' id='word_1_233' title='bbox 1000 2301 1106 2340; x_wconf 88' lang='lat' dir='ltr'>Tho·</span> 
     </span>
     <span class='ocr_line' id='line_1_37' title="bbox 73 2360 1106 2416; baseline -0.006 -10"><span class='ocrx_word' id='word_1_234' title='bbox 73 2377 164 2406; x_wconf 86' lang='lat' dir='ltr'>mas</span> <span class='ocrx_word' id='word_1_235' title='bbox 194 2369 232 2406; x_wconf 81' lang='lat'>2.</span> <span class='ocrx_word' id='word_1_236' title='bbox 256 2369 296 2412; x_wconf 79' lang='lat'>2,</span> <span class='ocrx_word' id='word_1_237' title='bbox 319 2378 359 2416; x_wconf 85' lang='lat' dir='ltr'>q.</span> <span class='ocrx_word' id='word_1_238' title='bbox 383 2366 478 2415; x_wconf 85' lang='lat'>188,</span> <span class='ocrx_word' id='word_1_239' title='bbox 509 2370 586 2405; x_wconf 83' lang='lat' dir='ltr'>art.</span> <span class='ocrx_word' id='word_1_240' title='bbox 610 2366 636 2403; x_wconf 69' lang='lat'>4</span> <span class='ocrx_word' id='word_1_241' title='bbox 657 2369 697 2404; x_wconf 84' lang='lat' dir='ltr'>et</span> <span class='ocrx_word' id='word_1_242' title='bbox 725 2366 773 2414; x_wconf 80' lang='lat'>5;</span> <span class='ocrx_word' id='word_1_243' title='bbox 798 2375 912 2410; x_wconf 87' lang='lat' dir='ltr'>nam,</span> <span class='ocrx_word' id='word_1_244' title='bbox 936 2363 1033 2402; x_wconf 88' lang='lat' dir='ltr'>licet</span> <span class='ocrx_word' id='word_1_245' title='bbox 1062 2360 1106 2400; x_wconf 87' lang='lat' dir='ltr'>in</span> 
     </span>
     <span class='ocr_line' id='line_1_38' title="bbox 73 2422 1103 2481; baseline -0.005 -14"><span class='ocrx_word' id='word_1_246' title='bbox 73 2427 199 2481; x_wconf 86' lang='lat' dir='ltr'>priori</span> <span class='ocrx_word' id='word_1_247' title='bbox 237 2428 371 2466; x_wconf 89' lang='lat' dir='ltr'>solum</span> <span class='ocrx_word' id='word_1_248' title='bbox 393 2432 489 2475; x_wconf 84' lang='lat' dir='ltr'>agat</span> <span class='ocrx_word' id='word_1_249' title='bbox 520 2427 572 2466; x_wconf 88' lang='lat' dir='ltr'>de</span> <span class='ocrx_word' id='word_1_250' title='bbox 591 2424 819 2465; x_wconf 86' lang='lat' dir='ltr'>ministerio</span> <span class='ocrx_word' id='word_1_251' title='bbox 837 2422 1103 2476; x_wconf 82' lang='lat' dir='ltr'>praedicandi,</span> 
     </span>
     <span class='ocr_line' id='line_1_39' title="bbox 79 2486 1105 2538; baseline -0.005 -10"><span class='ocrx_word' id='word_1_252' title='bbox 79 2492 120 2528; x_wconf 88' lang='lat' dir='ltr'>et</span> <span class='ocrx_word' id='word_1_253' title='bbox 138 2488 332 2527; x_wconf 86' lang='lat' dir='ltr'>audiendi</span> <span class='ocrx_word' id='word_1_254' title='bbox 355 2488 650 2534; x_wconf 85' lang='lat' dir='ltr'>confessiones,</span> <span class='ocrx_word' id='word_1_255' title='bbox 677 2492 718 2526; x_wconf 89' lang='lat' dir='ltr'>et</span> <span class='ocrx_word' id='word_1_256' title='bbox 737 2488 778 2526; x_wconf 91' lang='lat' dir='ltr'>in</span> <span class='ocrx_word' id='word_1_257' title='bbox 799 2486 1016 2538; x_wconf 84' lang='lat' dir='ltr'>posteriori</span> <span class='ocrx_word' id='word_1_258' title='bbox 1037 2497 1105 2535; x_wconf 87' lang='lat' dir='ltr'>ge-</span> 
     </span>
     <span class='ocr_line' id='line_1_40' title="bbox 74 2548 1106 2595; baseline -0.005 -5"><span class='ocrx_word' id='word_1_259' title='bbox 74 2551 249 2590; x_wconf 86' lang='lat' dir='ltr'>neratim</span> <span class='ocrx_word' id='word_1_260' title='bbox 279 2549 330 2589; x_wconf 90' lang='lat' dir='ltr'>de</span> <span class='ocrx_word' id='word_1_261' title='bbox 363 2550 590 2588; x_wconf 88' lang='lat' dir='ltr'>ministerio</span> <span class='ocrx_word' id='word_1_262' title='bbox 630 2548 838 2595; x_wconf 78' lang='lat' dir='ltr'>studendi,</span> <span class='ocrx_word' id='word_1_263' title='bbox 878 2553 1019 2587; x_wconf 88' lang='lat' dir='ltr'>tamen</span> <span class='ocrx_word' id='word_1_264' title='bbox 1056 2558 1106 2585; x_wconf 81' lang='lat' dir='ltr'>ex</span> 
     </span>
     <span class='ocr_line' id='line_1_41' title="bbox 73 2606 1105 2661; baseline -0.007 -8"><span class='ocrx_word' id='word_1_265' title='bbox 73 2612 263 2653; x_wconf 80' lang='lat' dir='ltr'>discursu</span> <span class='ocrx_word' id='word_1_266' title='bbox 280 2612 496 2661; x_wconf 83' lang='lat' dir='ltr'>utriusque</span> <span class='ocrx_word' id='word_1_267' title='bbox 517 2610 639 2649; x_wconf 85' lang='lat' dir='ltr'>simul</span> <span class='ocrx_word' id='word_1_268' title='bbox 660 2610 873 2650; x_wconf 84' lang='lat' dir='ltr'>evidenter</span> <span class='ocrx_word' id='word_1_269' title='bbox 897 2606 1105 2648; x_wconf 89' lang='lat' dir='ltr'>concludi-</span> 
     </span>
     <span class='ocr_line' id='line_1_42' title="bbox 73 2670 1103 2717; baseline -0.005 -4"><span class='ocrx_word' id='word_1_270' title='bbox 73 2677 140 2714; x_wconf 88' lang='lat' dir='ltr'>tur</span> <span class='ocrx_word' id='word_1_271' title='bbox 160 2673 273 2712; x_wconf 90' lang='lat' dir='ltr'>idem</span> <span class='ocrx_word' id='word_1_272' title='bbox 291 2685 381 2712; x_wconf 89' lang='lat' dir='ltr'>esse</span> <span class='ocrx_word' id='word_1_273' title='bbox 402 2672 454 2712; x_wconf 88' lang='lat' dir='ltr'>de</span> <span class='ocrx_word' id='word_1_274' title='bbox 481 2671 709 2711; x_wconf 88' lang='lat' dir='ltr'>ministerio</span> <span class='ocrx_word' id='word_1_275' title='bbox 728 2670 920 2717; x_wconf 88' lang='lat' dir='ltr'>docendi,</span> <span class='ocrx_word' id='word_1_276' title='bbox 947 2674 988 2709; x_wconf 89' lang='lat' dir='ltr'>ut</span> <span class='ocrx_word' id='word_1_277' title='bbox 1006 2681 1103 2709; x_wconf 82' lang='lat' dir='ltr'>con-</span> 
     </span>
     <span class='ocr_line' id='line_1_43' title="bbox 74 2731 1105 2784; baseline -0.004 -9"><span class='ocrx_word' id='word_1_278' title='bbox 74 2737 154 2775; x_wconf 81' lang='lat' dir='ltr'>stat</span> <span class='ocrx_word' id='word_1_279' title='bbox 178 2734 301 2774; x_wconf 83' lang='lat' dir='ltr'>etiam</span> <span class='ocrx_word' id='word_1_280' title='bbox 337 2745 388 2774; x_wconf 87' lang='lat' dir='ltr'>ex</span> <span class='ocrx_word' id='word_1_281' title='bbox 420 2733 570 2772; x_wconf 87' lang='lat' dir='ltr'>eodem</span> <span class='ocrx_word' id='word_1_282' title='bbox 605 2733 804 2784; x_wconf 86' lang='lat' dir='ltr'>opusculo</span> <span class='ocrx_word' id='word_1_283' title='bbox 845 2733 912 2779; x_wconf 79' lang='lat'>19,</span> <span class='ocrx_word' id='word_1_284' title='bbox 932 2743 1022 2782; x_wconf 88' lang='lat' dir='ltr'>cap.</span> <span class='ocrx_word' id='word_1_285' title='bbox 1049 2731 1105 2771; x_wconf 88' lang='lat' dir='ltr'>vi-</span> 
     </span>
     <span class='ocr_line' id='line_1_44' title="bbox 74 2792 1104 2850; baseline -0.005 -14"><span class='ocrx_word' id='word_1_286' title='bbox 74 2795 230 2850; x_wconf 84' lang='lat' dir='ltr'>gesimo</span> <span class='ocrx_word' id='word_1_287' title='bbox 252 2796 386 2840; x_wconf 83' lang='lat' dir='ltr'>tertio,</span> <span class='ocrx_word' id='word_1_288' title='bbox 400 2799 444 2834; x_wconf 88' lang='lat' dir='ltr'>et</span> <span class='ocrx_word' id='word_1_289' title='bbox 462 2797 623 2846; x_wconf 86' lang='lat' dir='ltr'>quarto,</span> <span class='ocrx_word' id='word_1_290' title='bbox 641 2798 682 2834; x_wconf 90' lang='lat' dir='ltr'>et</span> <span class='ocrx_word' id='word_1_291' title='bbox 698 2793 960 2833; x_wconf 89' lang='lat' dir='ltr'>duodecimo.</span> <span class='ocrx_word' id='word_1_292' title='bbox 983 2792 1104 2840; x_wconf 87' lang='lat' dir='ltr'>Quid-</span> 
     </span>
     <span class='ocr_line' id='line_1_45' title="bbox 73 2855 1106 2910; baseline -0.005 -12"><span class='ocrx_word' id='word_1_293' title='bbox 73 2856 173 2910; x_wconf 84' lang='lat' dir='ltr'>quid</span> <span class='ocrx_word' id='word_1_294' title='bbox 199 2857 312 2897; x_wconf 91' lang='lat' dir='ltr'>enim</span> <span class='ocrx_word' id='word_1_295' title='bbox 340 2858 383 2896; x_wconf 89' lang='lat' dir='ltr'>in</span> <span class='ocrx_word' id='word_1_296' title='bbox 410 2857 493 2897; x_wconf 91' lang='lat' dir='ltr'>hoc</span> <span class='ocrx_word' id='word_1_297' title='bbox 521 2857 751 2895; x_wconf 89' lang='lat' dir='ltr'>ministerio</span> <span class='ocrx_word' id='word_1_298' title='bbox 784 2855 1006 2904; x_wconf 88' lang='lat' dir='ltr'>invenitur,</span> <span class='ocrx_word' id='word_1_299' title='bbox 1030 2867 1106 2906; x_wconf 82' lang='lat' dir='ltr'>per</span> 
     </span>
     <span class='ocr_line' id='line_1_46' title="bbox 74 2917 1105 2971; baseline -0.005 -11"><span class='ocrx_word' id='word_1_300' title='bbox 74 2930 120 2960; x_wconf 79' lang='lat' dir='ltr'>se</span> <span class='ocrx_word' id='word_1_301' title='bbox 137 2919 344 2971; x_wconf 89' lang='lat' dir='ltr'>loquendo</span> <span class='ocrx_word' id='word_1_302' title='bbox 372 2922 561 2958; x_wconf 89' lang='lat' dir='ltr'>sanctum</span> <span class='ocrx_word' id='word_1_303' title='bbox 581 2922 658 2967; x_wconf 89' lang='lat' dir='ltr'>est,</span> <span class='ocrx_word' id='word_1_304' title='bbox 688 2921 727 2957; x_wconf 86' lang='lat' dir='ltr'>et</span> <span class='ocrx_word' id='word_1_305' title='bbox 759 2922 902 2968; x_wconf 89' lang='lat' dir='ltr'>aptum</span> <span class='ocrx_word' id='word_1_306' title='bbox 928 2917 981 2956; x_wconf 88' lang='lat' dir='ltr'>ad</span> <span class='ocrx_word' id='word_1_307' title='bbox 1007 2929 1105 2968; x_wconf 90' lang='lat' dir='ltr'>pro-</span> 
     </span>
     <span class='ocr_line' id='line_1_47' title="bbox 72 2978 1103 3035; baseline -0.002 -14"><span class='ocrx_word' id='word_1_308' title='bbox 72 2980 207 3035; x_wconf 79' lang='lat' dir='ltr'>priam</span> <span class='ocrx_word' id='word_1_309' title='bbox 242 2985 283 3020; x_wconf 87' lang='lat' dir='ltr'>et</span> <span class='ocrx_word' id='word_1_310' title='bbox 317 2981 599 3032; x_wconf 80' lang='lat' dir='ltr'>proximorum</span> <span class='ocrx_word' id='word_1_311' title='bbox 637 2978 879 3020; x_wconf 88' lang='lat' dir='ltr'>charitatem</span> <span class='ocrx_word' id='word_1_312' title='bbox 920 2979 1103 3019; x_wconf 86' lang='lat' dir='ltr'>nutrien-</span> 
     </span>
     <span class='ocr_line' id='line_1_48' title="bbox 73 3041 1104 3094; baseline -0.003 -10"><span class='ocrx_word' id='word_1_313' title='bbox 73 3042 184 3085; x_wconf 79' lang='lat' dir='ltr'>dam.</span> <span class='ocrx_word' id='word_1_314' title='bbox 207 3043 310 3082; x_wconf 80' lang='lat' dir='ltr'>Nam</span> <span class='ocrx_word' id='word_1_315' title='bbox 331 3042 533 3094; x_wconf 90' lang='lat' dir='ltr'>imprimis</span> <span class='ocrx_word' id='word_1_316' title='bbox 552 3045 647 3080; x_wconf 91' lang='lat' dir='ltr'>ante</span> <span class='ocrx_word' id='word_1_317' title='bbox 672 3045 810 3080; x_wconf 88' lang='lat' dir='ltr'>actum</span> <span class='ocrx_word' id='word_1_318' title='bbox 830 3041 1020 3088; x_wconf 90' lang='lat' dir='ltr'>docendi,</span> <span class='ocrx_word' id='word_1_319' title='bbox 1040 3053 1104 3081; x_wconf 88' lang='lat' dir='ltr'>re-</span> 
     </span>
     <span class='ocr_line' id='line_1_49' title="bbox 9 3102 1103 3156; baseline 0 -14"><span class='ocrx_word' id='word_1_320' title='bbox 9 3108 13 3113; x_wconf 82' lang='grc'>’</span> <span class='ocrx_word' id='word_1_321' title='bbox 74 3103 198 3156; x_wconf 88' lang='lat' dir='ltr'>quirit</span> <span class='ocrx_word' id='word_1_322' title='bbox 226 3115 276 3142; x_wconf 83' lang='lat' dir='ltr'>ex</span> <span class='ocrx_word' id='word_1_323' title='bbox 291 3107 406 3154; x_wconf 90' lang='lat' dir='ltr'>parte</span> <span class='ocrx_word' id='word_1_324' title='bbox 434 3102 564 3155; x_wconf 89' lang='lat' dir='ltr'>ipsius</span> <span class='ocrx_word' id='word_1_325' title='bbox 587 3102 765 3142; x_wconf 89' lang='lat' dir='ltr'>doctoris</span> <span class='ocrx_word' id='word_1_326' title='bbox 785 3114 943 3141; x_wconf 88' lang='lat' dir='ltr'>sacram</span> <span class='ocrx_word' id='word_1_327' title='bbox 964 3102 1103 3142; x_wconf 90' lang='lat' dir='ltr'>lectio-</span> 
     </span>
     <span class='ocr_line' id='line_1_50' title="bbox 28 3163 1102 3213; baseline -0.001 -8"><span class='ocrx_word' id='word_1_328' title='bbox 28 3163 30 3166; x_wconf 72' lang='grc'>’</span> <span class='ocrx_word' id='word_1_329' title='bbox 74 3175 190 3213; x_wconf 87' lang='lat' dir='ltr'>nem,</span> <span class='ocrx_word' id='word_1_330' title='bbox 210 3169 251 3203; x_wconf 89' lang='lat' dir='ltr'>et</span> <span class='ocrx_word' id='word_1_331' title='bbox 283 3165 491 3204; x_wconf 84' lang='lat' dir='ltr'>assiduam</span> <span class='ocrx_word' id='word_1_332' title='bbox 518 3164 829 3205; x_wconf 87' lang='lat' dir='ltr'>meditationem</span> <span class='ocrx_word' id='word_1_333' title='bbox 843 3176 982 3204; x_wconf 89' lang='lat' dir='ltr'>rerum</span> <span class='ocrx_word' id='word_1_334' title='bbox 1003 3164 1102 3204; x_wconf 89' lang='lat' dir='ltr'>divi-</span> 
     </span>
     <span class='ocr_line' id='line_1_51' title="bbox 74 3226 1103 3279; baseline -0.002 -12"><span class='ocrx_word' id='word_1_335' title='bbox 74 3236 241 3271; x_wconf 88' lang='lat' dir='ltr'>narum,</span> <span class='ocrx_word' id='word_1_336' title='bbox 256 3227 320 3264; x_wconf 90' lang='lat' dir='ltr'>vel</span> <span class='ocrx_word' id='word_1_337' title='bbox 338 3227 511 3266; x_wconf 82' lang='lat' dir='ltr'>aliarum</span> <span class='ocrx_word' id='word_1_338' title='bbox 527 3240 682 3276; x_wconf 89' lang='lat' dir='ltr'>rerum,</span> <span class='ocrx_word' id='word_1_339' title='bbox 697 3239 788 3279; x_wconf 86' lang='lat' dir='ltr'>quae</span> <span class='ocrx_word' id='word_1_340' title='bbox 805 3227 858 3266; x_wconf 89' lang='lat' dir='ltr'>ad</span> <span class='ocrx_word' id='word_1_341' title='bbox 871 3226 1103 3266; x_wconf 88' lang='lat' dir='ltr'>divinarum</span> 
     </span>
     <span class='ocr_line' id='line_1_52' title="bbox 18 3287 1104 3341; baseline 0.002 -13"><span class='ocrx_word' id='word_1_342' title='bbox 18 3314 19 3318; x_wconf 60' lang='lat'><em>=</em></span> <span class='ocrx_word' id='word_1_343' title='bbox 73 3287 394 3337; x_wconf 81' lang='lat' dir='ltr'>intelligentiam</span> <span class='ocrx_word' id='word_1_344' title='bbox 430 3289 651 3336; x_wconf 83' lang='lat' dir='ltr'>conducat;</span> <span class='ocrx_word' id='word_1_345' title='bbox 682 3290 752 3341; x_wconf 88' lang='lat' dir='ltr'>qui</span> <span class='ocrx_word' id='word_1_346' title='bbox 784 3293 900 3328; x_wconf 89' lang='lat' dir='ltr'>actus</span> <span class='ocrx_word' id='word_1_347' title='bbox 924 3300 1009 3327; x_wconf 90' lang='lat' dir='ltr'>non</span> <span class='ocrx_word' id='word_1_348' title='bbox 1041 3301 1104 3330; x_wconf 83' lang='lat' dir='ltr'>so·</span> 
     </span>
     <span class='ocr_line' id='line_1_53' title="bbox 75 3347 1104 3396; baseline 0 -7"><span class='ocrx_word' id='word_1_349' title='bbox 75 3347 164 3389; x_wconf 79' lang='lat' dir='ltr'>lum</span> <span class='ocrx_word' id='word_1_350' title='bbox 186 3348 351 3386; x_wconf 85' lang='lat' dir='ltr'>honesti</span> <span class='ocrx_word' id='word_1_351' title='bbox 370 3353 494 3396; x_wconf 85' lang='lat' dir='ltr'>sunt,</span> <span class='ocrx_word' id='word_1_352' title='bbox 518 3350 593 3390; x_wconf 81' lang='lat' dir='ltr'>sed</span> <span class='ocrx_word' id='word_1_353' title='bbox 623 3350 749 3390; x_wconf 88' lang='lat' dir='ltr'>etiam</span> <span class='ocrx_word' id='word_1_354' title='bbox 781 3349 834 3389; x_wconf 87' lang='lat' dir='ltr'>ad</span> <span class='ocrx_word' id='word_1_355' title='bbox 861 3350 987 3388; x_wconf 85' lang='lat' dir='ltr'>vitam</span> <span class='ocrx_word' id='word_1_356' title='bbox 1008 3362 1104 3389; x_wconf 88' lang='lat' dir='ltr'>con·</span> 
     </span>
     <span class='ocr_line' id='line_1_54' title="bbox 21 3409 1104 3461; baseline 0 -11"><span class='ocrx_word' id='word_1_357' title='bbox 21 3450 28 3454; x_wconf 84' lang='grc'><strong>,</strong></span> <span class='ocrx_word' id='word_1_358' title='bbox 77 3409 356 3460; x_wconf 81' lang='lat' dir='ltr'>templativam</span> <span class='ocrx_word' id='word_1_359' title='bbox 379 3421 454 3460; x_wconf 89' lang='lat' dir='ltr'>per</span> <span class='ocrx_word' id='word_1_360' title='bbox 473 3421 518 3448; x_wconf 88' lang='lat' dir='ltr'>se</span> <span class='ocrx_word' id='word_1_361' title='bbox 537 3415 738 3461; x_wconf 88' lang='lat' dir='ltr'>spectant,</span> <span class='ocrx_word' id='word_1_362' title='bbox 758 3415 804 3450; x_wconf 88' lang='lat' dir='ltr'>ut</span> <span class='ocrx_word' id='word_1_363' title='bbox 822 3410 863 3451; x_wconf 90' lang='lat' dir='ltr'>in</span> <span class='ocrx_word' id='word_1_364' title='bbox 886 3411 1104 3461; x_wconf 86' lang='lat' dir='ltr'>superiori-</span> 
     </span>
     <span class='ocr_line' id='line_1_55' title="bbox 18 3467 1107 3521; baseline -0.002 -9"><span class='ocrx_word' id='word_1_365' title='bbox 18 3503 26 3514; x_wconf 76' lang='lat'>,</span> <span class='ocrx_word' id='word_1_366' title='bbox 77 3467 172 3519; x_wconf 83' lang='lat' dir='ltr'>bus,</span> <span class='ocrx_word' id='word_1_367' title='bbox 193 3470 264 3509; x_wconf 88' lang='lat' dir='ltr'>lib.</span> <span class='ocrx_word' id='word_1_368' title='bbox 290 3471 328 3517; x_wconf 85' lang='lat'>1,</span> <span class='ocrx_word' id='word_1_369' title='bbox 351 3481 386 3510; x_wconf 90' lang='lat' dir='ltr'>c.</span> <span class='ocrx_word' id='word_1_370' title='bbox 407 3471 446 3517; x_wconf 88' lang='lat'>6,</span> <span class='ocrx_word' id='word_1_371' title='bbox 466 3471 686 3521; x_wconf 86' lang='lat' dir='ltr'>probatum</span> <span class='ocrx_word' id='word_1_372' title='bbox 705 3476 782 3521; x_wconf 87' lang='lat' dir='ltr'>est,</span> <span class='ocrx_word' id='word_1_373' title='bbox 803 3476 844 3512; x_wconf 89' lang='lat' dir='ltr'>et</span> <span class='ocrx_word' id='word_1_374' title='bbox 858 3471 955 3510; x_wconf 89' lang='lat' dir='ltr'>ideo</span> <span class='ocrx_word' id='word_1_375' title='bbox 979 3471 1107 3510; x_wconf 87' lang='lat' dir='ltr'>maxi-</span> 
     </span>
     <span class='ocr_line' id='line_1_56' title="bbox 79 3529 1108 3583; baseline 0.002 -13"><span class='ocrx_word' id='word_1_376' title='bbox 79 3540 148 3571; x_wconf 86' lang='lat' dir='ltr'>me</span> <span class='ocrx_word' id='word_1_377' title='bbox 179 3535 273 3571; x_wconf 84' lang='lat' dir='ltr'>sunt</span> <span class='ocrx_word' id='word_1_378' title='bbox 310 3532 607 3583; x_wconf 82' lang='lat' dir='ltr'>proportionati</span> <span class='ocrx_word' id='word_1_379' title='bbox 637 3533 763 3572; x_wconf 85' lang='lat' dir='ltr'>statui</span> <span class='ocrx_word' id='word_1_380' title='bbox 812 3529 1021 3583; x_wconf 86' lang='lat' dir='ltr'>religioso,</span> <span class='ocrx_word' id='word_1_381' title='bbox 1052 3532 1108 3572; x_wconf 84' lang='lat' dir='ltr'>ad</span> 
     </span>
     <span class='ocr_line' id='line_1_57' title="bbox 81 3592 1104 3646; baseline 0 -12"><span class='ocrx_word' id='word_1_382' title='bbox 81 3599 207 3644; x_wconf 75' lang='lat' dir='ltr'>quem</span> <span class='ocrx_word' id='word_1_383' title='bbox 226 3592 328 3632; x_wconf 88' lang='lat' dir='ltr'>illud</span> <span class='ocrx_word' id='word_1_384' title='bbox 345 3593 437 3633; x_wconf 85' lang='lat' dir='ltr'>vitae</span> <span class='ocrx_word' id='word_1_385' title='bbox 458 3604 591 3645; x_wconf 87' lang='lat' dir='ltr'>genus</span> <span class='ocrx_word' id='word_1_386' title='bbox 616 3593 884 3646; x_wconf 84' lang='lat' dir='ltr'>principalius</span> <span class='ocrx_word' id='word_1_387' title='bbox 911 3592 1104 3644; x_wconf 63' lang='lat' dir='ltr'>pertinet:</span> 
     </span>
    </p>
   </div>
   <div class='ocr_carea' id='block_1_3' title="bbox 369 180 1902 251">
    <p class='ocr_par' dir='ltr' id='par_1_3' title="bbox 369 180 1902 251">
     <span class='ocr_line' id='line_1_58' title="bbox 369 180 1902 251; baseline 0 -7"><span class='ocrx_word' id='word_1_388' title='bbox 369 210 460 245; x_wconf 78' lang='lat' dir='ltr'>CAP.</span> <span class='ocrx_word' id='word_1_389' title='bbox 484 209 539 244; x_wconf 82' lang='lat' dir='ltr'>lv.</span> <span class='ocrx_word' id='word_1_390' title='bbox 562 209 620 244; x_wconf 70' lang='lat' dir='ltr'>AN</span> <span class='ocrx_word' id='word_1_391' title='bbox 639 206 892 244; x_wconf 77' lang='lat' dir='ltr'><strong>CONVENIENS</strong></span> <span class='ocrx_word' id='word_1_392' title='bbox 913 199 1062 244; x_wconf 69' lang='lat' dir='ltr'>anmi·</span> <span class='ocrx_word' id='word_1_393' title='bbox 1082 207 1322 244; x_wconf 71' lang='lat' dir='ltr'>nnuctosos</span> <span class='ocrx_word' id='word_1_394' title='bbox 1342 209 1581 246; x_wconf 73' lang='lat' dir='ltr'>socmTATls</span> <span class='ocrx_word' id='word_1_395' title='bbox 1601 180 1787 251; x_wconf 69' lang='lat' dir='ltr'>PiJBLmA.</span> <span class='ocrx_word' id='word_1_396' title='bbox 1810 209 1902 246; x_wconf 72' lang='lat' dir='ltr'>mc.</span> 
     </span>
    </p>
   </div>
   <div class='ocr_carea' id='block_1_4' title="bbox 1158 271 2204 2352">
    <p class='ocr_par' dir='ltr' id='par_1_4' title="bbox 1158 271 2204 2352">
     <span class='ocr_line' id='line_1_59' title="bbox 1159 271 2198 327; baseline 0.004 -16"><span class='ocrx_word' id='word_1_397' title='bbox 1159 271 1318 313; x_wconf 84' lang='lat' dir='ltr'>Deinde</span> <span class='ocrx_word' id='word_1_398' title='bbox 1334 278 1450 314; x_wconf 86' lang='lat' dir='ltr'>actus</span> <span class='ocrx_word' id='word_1_399' title='bbox 1462 275 1552 325; x_wconf 88' lang='lat' dir='ltr'>ipse</span> <span class='ocrx_word' id='word_1_400' title='bbox 1569 275 1761 323; x_wconf 85' lang='lat' dir='ltr'>docendi,</span> <span class='ocrx_word' id='word_1_401' title='bbox 1775 274 1986 327; x_wconf 71' lang='lat' dir='ltr'>praecipue</span> <span class='ocrx_word' id='word_1_402' title='bbox 2001 271 2198 327; x_wconf 69' lang='lat' dir='ltr'>religiosa</span> 
     </span>
     <span class='ocr_line' id='line_1_60' title="bbox 1158 334 2200 388; baseline 0.003 -15"><span class='ocrx_word' id='word_1_403' title='bbox 1158 334 1391 376; x_wconf 87' lang='lat' dir='ltr'>intentione</span> <span class='ocrx_word' id='word_1_404' title='bbox 1416 336 1563 382; x_wconf 78' lang='lat' dir='ltr'>factus,</span> <span class='ocrx_word' id='word_1_405' title='bbox 1585 337 1725 388; x_wconf 83' lang='lat' dir='ltr'>plures</span> <span class='ocrx_word' id='word_1_406' title='bbox 1744 338 1873 378; x_wconf 87' lang='lat' dir='ltr'>habet</span> <span class='ocrx_word' id='word_1_407' title='bbox 1890 338 2129 377; x_wconf 76' lang='lat' dir='ltr'>honestates</span> <span class='ocrx_word' id='word_1_408' title='bbox 2157 338 2200 377; x_wconf 79' lang='lat' dir='ltr'>et</span> 
     </span>
     <span class='ocr_line' id='line_1_61' title="bbox 1160 395 2194 450; baseline 0.006 -17"><span class='ocrx_word' id='word_1_409' title='bbox 1160 395 1358 436; x_wconf 73' lang='lat' dir='ltr'>utilitates</span> <span class='ocrx_word' id='word_1_410' title='bbox 1371 407 1384 445; x_wconf 91' lang='lat'>;</span> <span class='ocrx_word' id='word_1_411' title='bbox 1409 400 1472 435; x_wconf 86' lang='lat' dir='ltr'>est</span> <span class='ocrx_word' id='word_1_412' title='bbox 1491 397 1602 435; x_wconf 90' lang='lat' dir='ltr'>enim</span> <span class='ocrx_word' id='word_1_413' title='bbox 1627 397 1830 448; x_wconf 89' lang='lat' dir='ltr'>imprimis</span> <span class='ocrx_word' id='word_1_414' title='bbox 1855 398 1967 438; x_wconf 89' lang='lat' dir='ltr'>utilis</span> <span class='ocrx_word' id='word_1_415' title='bbox 1986 397 2194 450; x_wconf 87' lang='lat' dir='ltr'>proximo,</span> 
     </span>
     <span class='ocr_line' id='line_1_62' title="bbox 1162 456 2198 511; baseline 0.004 -16"><span class='ocrx_word' id='word_1_416' title='bbox 1162 456 1233 508; x_wconf 90' lang='lat' dir='ltr'>qui</span> <span class='ocrx_word' id='word_1_417' title='bbox 1253 458 1425 497; x_wconf 90' lang='lat' dir='ltr'>docetur</span> <span class='ocrx_word' id='word_1_418' title='bbox 1453 462 1494 496; x_wconf 90' lang='lat' dir='ltr'>et</span> <span class='ocrx_word' id='word_1_419' title='bbox 1512 457 1786 505; x_wconf 88' lang='lat' dir='ltr'>illuminatur,</span> <span class='ocrx_word' id='word_1_420' title='bbox 1806 459 2089 511; x_wconf 88' lang='lat' dir='ltr'>principaliter</span> <span class='ocrx_word' id='word_1_421' title='bbox 2107 458 2198 511; x_wconf 86' lang='lat' dir='ltr'>qui-</span> 
     </span>
     <span class='ocr_line' id='line_1_63' title="bbox 1161 518 2198 567; baseline 0.004 -10"><span class='ocrx_word' id='word_1_422' title='bbox 1161 518 1316 558; x_wconf 91' lang='lat' dir='ltr'>demin</span> <span class='ocrx_word' id='word_1_423' title='bbox 1333 519 1478 558; x_wconf 89' lang='lat' dir='ltr'>ordine</span> <span class='ocrx_word' id='word_1_424' title='bbox 1494 519 1546 557; x_wconf 90' lang='lat' dir='ltr'>ad</span> <span class='ocrx_word' id='word_1_425' title='bbox 1564 519 1699 558; x_wconf 87' lang='lat' dir='ltr'>bonos</span> <span class='ocrx_word' id='word_1_426' title='bbox 1711 532 1865 567; x_wconf 88' lang='lat' dir='ltr'>mores,</span> <span class='ocrx_word' id='word_1_427' title='bbox 1880 524 1920 560; x_wconf 91' lang='lat' dir='ltr'>et</span> <span class='ocrx_word' id='word_1_428' title='bbox 1936 522 2064 561; x_wconf 90' lang='lat' dir='ltr'>vitam</span> <span class='ocrx_word' id='word_1_429' title='bbox 2081 524 2198 560; x_wconf 82' lang='lat' dir='ltr'>aeter-</span> 
     </span>
     <span class='ocr_line' id='line_1_64' title="bbox 1162 580 2198 631; baseline 0.003 -12"><span class='ocrx_word' id='word_1_430' title='bbox 1162 593 1277 629; x_wconf 91' lang='lat' dir='ltr'>nam,</span> <span class='ocrx_word' id='word_1_431' title='bbox 1305 584 1610 631; x_wconf 88' lang='lat' dir='ltr'>consequenter</span> <span class='ocrx_word' id='word_1_432' title='bbox 1629 592 1728 619; x_wconf 88' lang='lat' dir='ltr'>vero</span> <span class='ocrx_word' id='word_1_433' title='bbox 1757 580 1799 619; x_wconf 93' lang='lat' dir='ltr'>in</span> <span class='ocrx_word' id='word_1_434' title='bbox 1820 581 1964 621; x_wconf 88' lang='lat' dir='ltr'>ordine</span> <span class='ocrx_word' id='word_1_435' title='bbox 1984 582 2038 622; x_wconf 88' lang='lat' dir='ltr'>ad</span> <span class='ocrx_word' id='word_1_436' title='bbox 2058 581 2198 622; x_wconf 79' lang='lat' dir='ltr'>omnia</span> 
     </span>
     <span class='ocr_line' id='line_1_65' title="bbox 1162 641 2197 695; baseline 0.003 -14"><span class='ocrx_word' id='word_1_437' title='bbox 1162 641 1244 681; x_wconf 84' lang='lat' dir='ltr'>alia</span> <span class='ocrx_word' id='word_1_438' title='bbox 1283 643 1518 686; x_wconf 83' lang='lat' dir='ltr'>commoda,</span> <span class='ocrx_word' id='word_1_439' title='bbox 1555 653 1648 693; x_wconf 85' lang='lat' dir='ltr'>quae</span> <span class='ocrx_word' id='word_1_440' title='bbox 1688 653 1739 680; x_wconf 81' lang='lat' dir='ltr'>ex</span> <span class='ocrx_word' id='word_1_441' title='bbox 1777 642 2011 682; x_wconf 89' lang='lat' dir='ltr'>eruditione</span> <span class='ocrx_word' id='word_1_442' title='bbox 2050 655 2197 695; x_wconf 82' lang='lat' dir='ltr'>prove·</span> 
     </span>
     <span class='ocr_line' id='line_1_66' title="bbox 1160 704 2199 755; baseline 0.002 -13"><span class='ocrx_word' id='word_1_443' title='bbox 1160 704 1306 750; x_wconf 90' lang='lat' dir='ltr'>niunt;</span> <span class='ocrx_word' id='word_1_444' title='bbox 1327 708 1390 743; x_wconf 90' lang='lat' dir='ltr'>est</span> <span class='ocrx_word' id='word_1_445' title='bbox 1408 716 1507 755; x_wconf 85' lang='lat' dir='ltr'>ergo</span> <span class='ocrx_word' id='word_1_446' title='bbox 1526 714 1686 742; x_wconf 81' lang='lat' dir='ltr'>ex-suo</span> <span class='ocrx_word' id='word_1_447' title='bbox 1712 714 1865 754; x_wconf 82' lang='lat' dir='ltr'>genere</span> <span class='ocrx_word' id='word_1_448' title='bbox 1892 709 2009 743; x_wconf 84' lang='lat' dir='ltr'>actus</span> <span class='ocrx_word' id='word_1_449' title='bbox 2040 705 2199 745; x_wconf 83' lang='lat' dir='ltr'>miseri-</span> 
     </span>
     <span class='ocr_line' id='line_1_67' title="bbox 1161 765 2199 816; baseline 0 -11"><span class='ocrx_word' id='word_1_450' title='bbox 1161 765 1312 805; x_wconf 82' lang='lat' dir='ltr'>cordiae</span> <span class='ocrx_word' id='word_1_451' title='bbox 1354 765 1600 816; x_wconf 84' lang='lat' dir='ltr'>spiritualis;</span> <span class='ocrx_word' id='word_1_452' title='bbox 1644 767 1685 804; x_wconf 89' lang='lat' dir='ltr'>et</span> <span class='ocrx_word' id='word_1_453' title='bbox 1726 768 2034 814; x_wconf 86' lang='lat' dir='ltr'>consequenter</span> <span class='ocrx_word' id='word_1_454' title='bbox 2072 766 2199 805; x_wconf 89' lang='lat' dir='ltr'>etiam</span> 
     </span>
     <span class='ocr_line' id='line_1_68' title="bbox 1162 825 2198 877; baseline 0 -11"><span class='ocrx_word' id='word_1_455' title='bbox 1162 827 1374 867; x_wconf 86' lang='lat' dir='ltr'>charitatis</span> <span class='ocrx_word' id='word_1_456' title='bbox 1391 827 1587 877; x_wconf 85' lang='lat' dir='ltr'>proximi,</span> <span class='ocrx_word' id='word_1_457' title='bbox 1605 826 1671 865; x_wconf 91' lang='lat' dir='ltr'>cui</span> <span class='ocrx_word' id='word_1_458' title='bbox 1690 825 1941 865; x_wconf 87' lang='lat' dir='ltr'>beneficium</span> <span class='ocrx_word' id='word_1_459' title='bbox 1962 825 2032 875; x_wconf 87' lang='lat' dir='ltr'>fit;</span> <span class='ocrx_word' id='word_1_460' title='bbox 2049 829 2090 865; x_wconf 88' lang='lat' dir='ltr'>et</span> <span class='ocrx_word' id='word_1_461' title='bbox 2108 826 2198 875; x_wconf 88' lang='lat' dir='ltr'>Dei,</span> 
     </span>
     <span class='ocr_line' id='line_1_69' title="bbox 1162 887 2201 940; baseline 0 -12"><span class='ocrx_word' id='word_1_462' title='bbox 1162 893 1332 940; x_wconf 87' lang='lat' dir='ltr'>propter</span> <span class='ocrx_word' id='word_1_463' title='bbox 1360 901 1486 939; x_wconf 90' lang='lat' dir='ltr'>quem</span> <span class='ocrx_word' id='word_1_464' title='bbox 1523 888 1611 927; x_wconf 87' lang='lat' dir='ltr'>fieri</span> <span class='ocrx_word' id='word_1_465' title='bbox 1649 887 1772 927; x_wconf 89' lang='lat' dir='ltr'>debet</span> <span class='ocrx_word' id='word_1_466' title='bbox 1782 899 1795 938; x_wconf 84' lang='lat'>3</span> <span class='ocrx_word' id='word_1_467' title='bbox 1827 888 1904 927; x_wconf 87' lang='lat' dir='ltr'>erit</span> <span class='ocrx_word' id='word_1_468' title='bbox 1933 887 2057 939; x_wconf 68' lang='lat' dir='ltr'>etiam</span> <span class='ocrx_word' id='word_1_469' title='bbox 2087 891 2201 928; x_wconf 89' lang='lat' dir='ltr'>actus</span> 
     </span>
     <span class='ocr_line' id='line_1_70' title="bbox 1162 948 2201 1001; baseline 0 -13"><span class='ocrx_word' id='word_1_470' title='bbox 1162 949 1375 1001; x_wconf 83' lang='lat' dir='ltr'>religionis</span> <span class='ocrx_word' id='word_1_471' title='bbox 1396 950 1543 988; x_wconf 83' lang='lat' dir='ltr'>saltem</span> <span class='ocrx_word' id='word_1_472' title='bbox 1560 950 1803 1000; x_wconf 88' lang='lat' dir='ltr'>imperatus,</span> <span class='ocrx_word' id='word_1_473' title='bbox 1828 949 1924 1000; x_wconf 88' lang='lat' dir='ltr'>quia</span> <span class='ocrx_word' id='word_1_474' title='bbox 1942 952 2110 1000; x_wconf 88' lang='lat' dir='ltr'>propter</span> <span class='ocrx_word' id='word_1_475' title='bbox 2127 948 2201 988; x_wconf 86' lang='lat' dir='ltr'>Dei</span> 
     </span>
     <span class='ocr_line' id='line_1_71' title="bbox 1163 1008 2201 1062; baseline -0.003 -11"><span class='ocrx_word' id='word_1_476' title='bbox 1163 1012 1427 1062; x_wconf 85' lang='lat' dir='ltr'>obsequium,</span> <span class='ocrx_word' id='word_1_477' title='bbox 1452 1013 1492 1050; x_wconf 89' lang='lat' dir='ltr'>et</span> <span class='ocrx_word' id='word_1_478' title='bbox 1512 1015 1682 1062; x_wconf 90' lang='lat' dir='ltr'>propter</span> <span class='ocrx_word' id='word_1_479' title='bbox 1707 1011 1843 1049; x_wconf 89' lang='lat' dir='ltr'>zelum</span> <span class='ocrx_word' id='word_1_480' title='bbox 1858 1011 2094 1048; x_wconf 90' lang='lat' dir='ltr'>animarum</span> <span class='ocrx_word' id='word_1_481' title='bbox 2110 1008 2201 1048; x_wconf 87' lang='lat' dir='ltr'>fieri</span> 
     </span>
     <span class='ocr_line' id='line_1_72' title="bbox 1161 1071 2200 1123; baseline -0.003 -11"><span class='ocrx_word' id='word_1_482' title='bbox 1161 1073 1302 1120; x_wconf 88' lang='lat' dir='ltr'>debet,</span> <span class='ocrx_word' id='word_1_483' title='bbox 1323 1083 1405 1123; x_wconf 92' lang='lat' dir='ltr'>quo</span> <span class='ocrx_word' id='word_1_484' title='bbox 1427 1072 1630 1111; x_wconf 84' lang='lat' dir='ltr'>sacrificio</span> <span class='ocrx_word' id='word_1_485' title='bbox 1648 1072 1808 1110; x_wconf 91' lang='lat' dir='ltr'>nullum</span> <span class='ocrx_word' id='word_1_486' title='bbox 1830 1075 1892 1110; x_wconf 91' lang='lat' dir='ltr'>est</span> <span class='ocrx_word' id='word_1_487' title='bbox 1920 1072 2005 1110; x_wconf 90' lang='lat' dir='ltr'>Deo</span> <span class='ocrx_word' id='word_1_488' title='bbox 2026 1071 2200 1122; x_wconf 88' lang='lat' dir='ltr'>gratius,</span> 
     </span>
     <span class='ocr_line' id='line_1_73' title="bbox 1161 1132 2199 1185; baseline -0.003 -11"><span class='ocrx_word' id='word_1_489' title='bbox 1161 1139 1206 1175; x_wconf 91' lang='lat' dir='ltr'>ut</span> <span class='ocrx_word' id='word_1_490' title='bbox 1227 1147 1277 1173; x_wconf 83' lang='lat' dir='ltr'>ex</span> <span class='ocrx_word' id='word_1_491' title='bbox 1308 1134 1524 1185; x_wconf 79' lang='lat' dir='ltr'>Gregorio,</span> <span class='ocrx_word' id='word_1_492' title='bbox 1556 1134 1667 1172; x_wconf 89' lang='lat' dir='ltr'>hom.</span> <span class='ocrx_word' id='word_1_493' title='bbox 1697 1136 1742 1172; x_wconf 77' lang='lat'>12</span> <span class='ocrx_word' id='word_1_494' title='bbox 1764 1133 1803 1171; x_wconf 91' lang='lat' dir='ltr'>in</span> <span class='ocrx_word' id='word_1_495' title='bbox 1823 1133 1989 1181; x_wconf 89' lang='lat' dir='ltr'>Ezech.,</span> <span class='ocrx_word' id='word_1_496' title='bbox 2012 1132 2133 1172; x_wconf 83' lang='lat' dir='ltr'>affert</span> <span class='ocrx_word' id='word_1_497' title='bbox 2148 1133 2199 1171; x_wconf 91' lang='lat' dir='ltr'>D.</span> 
     </span>
     <span class='ocr_line' id='line_1_74' title="bbox 1161 1194 2193 1246; baseline -0.002 -12"><span class='ocrx_word' id='word_1_498' title='bbox 1161 1197 1356 1244; x_wconf 81' lang='lat' dir='ltr'>Thomas,</span> <span class='ocrx_word' id='word_1_499' title='bbox 1395 1195 1493 1234; x_wconf 88' lang='lat' dir='ltr'>dict.</span> <span class='ocrx_word' id='word_1_500' title='bbox 1521 1199 1664 1246; x_wconf 87' lang='lat' dir='ltr'>quaest.</span> <span class='ocrx_word' id='word_1_501' title='bbox 1705 1195 1796 1244; x_wconf 83' lang='lat'>188,</span> <span class='ocrx_word' id='word_1_502' title='bbox 1825 1194 1997 1233; x_wconf 86' lang='lat' dir='ltr'>articulo</span> <span class='ocrx_word' id='word_1_503' title='bbox 2027 1195 2193 1244; x_wconf 85' lang='lat' dir='ltr'>quarto;</span> 
     </span>
     <span class='ocr_line' id='line_1_75' title="bbox 1163 1255 2198 1308; baseline -0.001 -12"><span class='ocrx_word' id='word_1_504' title='bbox 1163 1269 1262 1307; x_wconf 86' lang='lat' dir='ltr'>ergo</span> <span class='ocrx_word' id='word_1_505' title='bbox 1282 1258 1361 1295; x_wconf 90' lang='lat' dir='ltr'>hoc</span> <span class='ocrx_word' id='word_1_506' title='bbox 1379 1255 1503 1295; x_wconf 87' lang='lat' dir='ltr'>etiam</span> <span class='ocrx_word' id='word_1_507' title='bbox 1526 1269 1659 1308; x_wconf 88' lang='lat' dir='ltr'>genus</span> <span class='ocrx_word' id='word_1_508' title='bbox 1683 1257 1857 1295; x_wconf 86' lang='lat' dir='ltr'>actionis</span> <span class='ocrx_word' id='word_1_509' title='bbox 1879 1256 1930 1294; x_wconf 89' lang='lat' dir='ltr'>de</span> <span class='ocrx_word' id='word_1_510' title='bbox 1952 1268 1995 1294; x_wconf 89' lang='lat' dir='ltr'>se</span> <span class='ocrx_word' id='word_1_511' title='bbox 2015 1255 2198 1295; x_wconf 82' lang='lat' dir='ltr'>maxime</span> 
     </span>
     <span class='ocr_line' id='line_1_76' title="bbox 1164 1316 2204 1369; baseline -0.002 -13"><span class='ocrx_word' id='word_1_512' title='bbox 1164 1322 1495 1356; x_wconf 85' lang='lat' dir='ltr'>consentaneum</span> <span class='ocrx_word' id='word_1_513' title='bbox 1518 1322 1581 1356; x_wconf 90' lang='lat' dir='ltr'>est</span> <span class='ocrx_word' id='word_1_514' title='bbox 1602 1318 1724 1356; x_wconf 86' lang='lat' dir='ltr'>statui</span> <span class='ocrx_word' id='word_1_515' title='bbox 1740 1318 1951 1369; x_wconf 83' lang='lat' dir='ltr'>religioso,</span> <span class='ocrx_word' id='word_1_516' title='bbox 1972 1316 2204 1367; x_wconf 83' lang='lat' dir='ltr'>praesertim</span> 
     </span>
     <span class='ocr_line' id='line_1_77' title="bbox 1164 1377 2204 1428; baseline 0 -12"><span class='ocrx_word' id='word_1_517' title='bbox 1164 1378 1262 1428; x_wconf 91' lang='lat' dir='ltr'>quia</span> <span class='ocrx_word' id='word_1_518' title='bbox 1280 1378 1457 1427; x_wconf 88' lang='lat' dir='ltr'>ipsemet</span> <span class='ocrx_word' id='word_1_519' title='bbox 1479 1383 1595 1417; x_wconf 85' lang='lat' dir='ltr'>actus</span> <span class='ocrx_word' id='word_1_520' title='bbox 1620 1379 1814 1424; x_wconf 87' lang='lat' dir='ltr'>docendi,</span> <span class='ocrx_word' id='word_1_521' title='bbox 1840 1378 2028 1428; x_wconf 89' lang='lat' dir='ltr'>quamvis</span> <span class='ocrx_word' id='word_1_522' title='bbox 2058 1377 2111 1416; x_wconf 91' lang='lat' dir='ltr'>ad</span> <span class='ocrx_word' id='word_1_523' title='bbox 2137 1388 2204 1416; x_wconf 91' lang='lat' dir='ltr'>ac-</span> 
     </span>
     <span class='ocr_line' id='line_1_78' title="bbox 1163 1438 2203 1488; baseline 0 -11"><span class='ocrx_word' id='word_1_524' title='bbox 1163 1440 1289 1478; x_wconf 87' lang='lat' dir='ltr'>tivam</span> <span class='ocrx_word' id='word_1_525' title='bbox 1326 1439 1451 1477; x_wconf 84' lang='lat' dir='ltr'>vitam</span> <span class='ocrx_word' id='word_1_526' title='bbox 1491 1438 1702 1488; x_wconf 86' lang='lat' dir='ltr'>pertinere</span> <span class='ocrx_word' id='word_1_527' title='bbox 1740 1439 1943 1486; x_wconf 81' lang='lat' dir='ltr'>videatur,</span> <span class='ocrx_word' id='word_1_528' title='bbox 1980 1438 2203 1477; x_wconf 85' lang='lat' dir='ltr'>intrinsece</span> 
     </span>
     <span class='ocr_line' id='line_1_79' title="bbox 1163 1499 2204 1550; baseline 0 -12"><span class='ocrx_word' id='word_1_529' title='bbox 1163 1499 1336 1539; x_wconf 86' lang='lat' dir='ltr'>includit</span> <span class='ocrx_word' id='word_1_530' title='bbox 1371 1500 1785 1550; x_wconf 83' lang='lat' dir='ltr'>contemplationem,</span> <span class='ocrx_word' id='word_1_531' title='bbox 1820 1512 1906 1538; x_wconf 91' lang='lat' dir='ltr'>non</span> <span class='ocrx_word' id='word_1_532' title='bbox 1937 1499 2070 1537; x_wconf 90' lang='lat' dir='ltr'>solum</span> <span class='ocrx_word' id='word_1_533' title='bbox 2107 1499 2204 1549; x_wconf 85' lang='lat' dir='ltr'>quia</span> 
     </span>
     <span class='ocr_line' id='line_1_80' title="bbox 1163 1559 2203 1612; baseline 0 -12"><span class='ocrx_word' id='word_1_534' title='bbox 1163 1562 1278 1600; x_wconf 88' lang='lat' dir='ltr'>illam</span> <span class='ocrx_word' id='word_1_535' title='bbox 1300 1562 1509 1612; x_wconf 84' lang='lat' dir='ltr'>supponit,</span> <span class='ocrx_word' id='word_1_536' title='bbox 1536 1566 1581 1600; x_wconf 89' lang='lat' dir='ltr'>ut</span> <span class='ocrx_word' id='word_1_537' title='bbox 1621 1561 1817 1610; x_wconf 80' lang='lat' dir='ltr'>diximus,</span> <span class='ocrx_word' id='word_1_538' title='bbox 1840 1560 1915 1599; x_wconf 91' lang='lat' dir='ltr'>sed</span> <span class='ocrx_word' id='word_1_539' title='bbox 1950 1559 2075 1599; x_wconf 80' lang='lat' dir='ltr'>etiam</span> <span class='ocrx_word' id='word_1_540' title='bbox 2107 1560 2203 1611; x_wconf 87' lang='lat' dir='ltr'>quia</span> 
     </span>
     <span class='ocr_line' id='line_1_81' title="bbox 1163 1622 2200 1675; baseline -0.002 -13"><span class='ocrx_word' id='word_1_541' title='bbox 1163 1635 1361 1675; x_wconf 86' lang='lat' dir='ltr'>magnam</span> <span class='ocrx_word' id='word_1_542' title='bbox 1388 1624 1563 1673; x_wconf 86' lang='lat' dir='ltr'>requirit</span> <span class='ocrx_word' id='word_1_543' title='bbox 1580 1623 1785 1661; x_wconf 88' lang='lat' dir='ltr'>internam</span> <span class='ocrx_word' id='word_1_544' title='bbox 1810 1622 2200 1671; x_wconf 86' lang='lat' dir='ltr'>considerationem,</span> 
     </span>
     <span class='ocr_line' id='line_1_82' title="bbox 1163 1683 2202 1735; baseline -0.002 -10"><span class='ocrx_word' id='word_1_545' title='bbox 1163 1690 1205 1725; x_wconf 84' lang='lat' dir='ltr'>et</span> <span class='ocrx_word' id='word_1_546' title='bbox 1221 1685 1342 1724; x_wconf 90' lang='lat' dir='ltr'>facile</span> <span class='ocrx_word' id='word_1_547' title='bbox 1364 1688 1500 1735; x_wconf 89' lang='lat' dir='ltr'>potest</span> <span class='ocrx_word' id='word_1_548' title='bbox 1534 1684 1577 1722; x_wconf 89' lang='lat' dir='ltr'>in</span> <span class='ocrx_word' id='word_1_549' title='bbox 1600 1685 1730 1724; x_wconf 91' lang='lat' dir='ltr'>Deum</span> <span class='ocrx_word' id='word_1_550' title='bbox 1751 1684 1912 1732; x_wconf 88' lang='lat' dir='ltr'>referri,</span> <span class='ocrx_word' id='word_1_551' title='bbox 1936 1688 1976 1723; x_wconf 90' lang='lat' dir='ltr'>et</span> <span class='ocrx_word' id='word_1_552' title='bbox 2000 1688 2044 1723; x_wconf 87' lang='lat' dir='ltr'>ut</span> <span class='ocrx_word' id='word_1_553' title='bbox 2071 1684 2129 1723; x_wconf 89' lang='lat' dir='ltr'>sic</span> <span class='ocrx_word' id='word_1_554' title='bbox 2149 1683 2202 1723; x_wconf 90' lang='lat' dir='ltr'>ad</span> 
     </span>
     <span class='ocr_line' id='line_1_83' title="bbox 1160 1744 2202 1797; baseline -0.003 -11"><span class='ocrx_word' id='word_1_555' title='bbox 1160 1746 1274 1787; x_wconf 87' lang='lat' dir='ltr'>illam</span> <span class='ocrx_word' id='word_1_556' title='bbox 1295 1747 1420 1786; x_wconf 81' lang='lat' dir='ltr'>vitain</span> <span class='ocrx_word' id='word_1_557' title='bbox 1442 1746 1635 1797; x_wconf 80' lang='lat' dir='ltr'>pertinet,</span> <span class='ocrx_word' id='word_1_558' title='bbox 1651 1746 1769 1796; x_wconf 83' lang='lat' dir='ltr'>juxta</span> <span class='ocrx_word' id='word_1_559' title='bbox 1784 1745 2012 1785; x_wconf 90' lang='lat' dir='ltr'>doctrinam</span> <span class='ocrx_word' id='word_1_560' title='bbox 2028 1746 2074 1792; x_wconf 95' lang='lat' dir='ltr'>D,</span> <span class='ocrx_word' id='word_1_561' title='bbox 2095 1744 2202 1784; x_wconf 89' lang='lat' dir='ltr'>Tho-</span> 
     </span>
     <span class='ocr_line' id='line_1_84' title="bbox 1161 1808 2199 1859; baseline -0.003 -9"><span class='ocrx_word' id='word_1_562' title='bbox 1161 1820 1239 1849; x_wconf 85' lang='lat' dir='ltr'>mae</span> <span class='ocrx_word' id='word_1_563' title='bbox 1256 1810 1295 1850; x_wconf 66' lang='grc' dir='ltr'>Ξ.</span> <span class='ocrx_word' id='word_1_564' title='bbox 1321 1812 1360 1856; x_wconf 70' lang='lat'>2,</span> <span class='ocrx_word' id='word_1_565' title='bbox 1391 1822 1431 1859; x_wconf 91' lang='lat' dir='ltr'>q.</span> <span class='ocrx_word' id='word_1_566' title='bbox 1457 1810 1547 1854; x_wconf 77' lang='lat'>170,</span> <span class='ocrx_word' id='word_1_567' title='bbox 1566 1810 1643 1846; x_wconf 84' lang='lat' dir='ltr'>art.</span> <span class='ocrx_word' id='word_1_568' title='bbox 1666 1810 1706 1857; x_wconf 76' lang='lat'>2,</span> <span class='ocrx_word' id='word_1_569' title='bbox 1731 1808 1784 1846; x_wconf 90' lang='lat' dir='ltr'>ad</span> <span class='ocrx_word' id='word_1_570' title='bbox 1816 1810 1858 1856; x_wconf 89' lang='lat'>3,</span> <span class='ocrx_word' id='word_1_571' title='bbox 1882 1812 1922 1846; x_wconf 85' lang='lat' dir='ltr'>et</span> <span class='ocrx_word' id='word_1_572' title='bbox 1941 1820 1982 1858; x_wconf 86' lang='lat' dir='ltr'>q.</span> <span class='ocrx_word' id='word_1_573' title='bbox 2006 1808 2098 1856; x_wconf 88' lang='lat'>180,</span> <span class='ocrx_word' id='word_1_574' title='bbox 2121 1809 2199 1847; x_wconf 86' lang='lat' dir='ltr'>art.</span> 
     </span>
     <span class='ocr_line' id='line_1_85' title="bbox 1161 1868 2200 1920; baseline -0.004 -10"><span class='ocrx_word' id='word_1_575' title='bbox 1161 1870 1201 1910; x_wconf 82' lang='lat'>5.</span> <span class='ocrx_word' id='word_1_576' title='bbox 1225 1871 1394 1910; x_wconf 87' lang='lat' dir='ltr'>Accedit</span> <span class='ocrx_word' id='word_1_577' title='bbox 1432 1874 1650 1920; x_wconf 80' lang='lat' dir='ltr'>praeterea,</span> <span class='ocrx_word' id='word_1_578' title='bbox 1672 1869 1784 1919; x_wconf 91' lang='lat' dir='ltr'>quod</span> <span class='ocrx_word' id='word_1_579' title='bbox 1824 1872 1954 1907; x_wconf 84' lang='lat' dir='ltr'>status</span> <span class='ocrx_word' id='word_1_580' title='bbox 1983 1868 2200 1919; x_wconf 64' lang='lat' dir='ltr'>religiosus</span> 
     </span>
     <span class='ocr_line' id='line_1_86' title="bbox 1159 1930 2188 1983; baseline -0.005 -11"><span class='ocrx_word' id='word_1_581' title='bbox 1159 1933 1400 1983; x_wconf 81' lang='lat' dir='ltr'>aptissimus</span> <span class='ocrx_word' id='word_1_582' title='bbox 1418 1934 1481 1969; x_wconf 85' lang='lat' dir='ltr'>est</span> <span class='ocrx_word' id='word_1_583' title='bbox 1500 1931 1553 1968; x_wconf 90' lang='lat' dir='ltr'>ad</span> <span class='ocrx_word' id='word_1_584' title='bbox 1572 1930 1675 1968; x_wconf 89' lang='lat' dir='ltr'>illud</span> <span class='ocrx_word' id='word_1_585' title='bbox 1695 1942 1862 1977; x_wconf 89' lang='lat' dir='ltr'>munus,</span> <span class='ocrx_word' id='word_1_586' title='bbox 1884 1933 1930 1968; x_wconf 87' lang='lat' dir='ltr'>ut</span> <span class='ocrx_word' id='word_1_587' title='bbox 1956 1930 2000 1967; x_wconf 91' lang='lat' dir='ltr'>D.</span> <span class='ocrx_word' id='word_1_588' title='bbox 2023 1930 2188 1982; x_wconf 39' lang='lat' dir='ltr'>Thoma-</span> 
     </span>
     <span class='ocr_line' id='line_1_87' title="bbox 1160 1985 2196 2042; baseline -0.004 -8"><span class='ocrx_word' id='word_1_589' title='bbox 1160 1995 1242 2034; x_wconf 85' lang='lat' dir='ltr'>late</span> <span class='ocrx_word' id='word_1_590' title='bbox 1262 1993 1303 2032; x_wconf 89' lang='lat' dir='ltr'>in</span> <span class='ocrx_word' id='word_1_591' title='bbox 1340 1993 1437 2031; x_wconf 87' lang='lat' dir='ltr'>dict.</span> <span class='ocrx_word' id='word_1_592' title='bbox 1471 2003 1614 2042; x_wconf 90' lang='lat' dir='ltr'>opusc.</span> <span class='ocrx_word' id='word_1_593' title='bbox 1639 1991 1836 2036; x_wconf 86' lang='lat' dir='ltr'>declarat,</span> <span class='ocrx_word' id='word_1_594' title='bbox 1858 1994 1946 2030; x_wconf 87' lang='lat' dir='ltr'>tum</span> <span class='ocrx_word' id='word_1_595' title='bbox 1985 1991 2082 2041; x_wconf 84' lang='lat' dir='ltr'>quia</span> <span class='ocrx_word' id='word_1_596' title='bbox 2107 1985 2196 2030; x_wconf 69' lang='lat' dir='ltr'>relil</span> 
     </span>
     <span class='ocr_line' id='line_1_88' title="bbox 1162 2051 2201 2106; baseline -0.001 -12"><span class='ocrx_word' id='word_1_597' title='bbox 1162 2053 1266 2106; x_wconf 88' lang='lat' dir='ltr'>giosi</span> <span class='ocrx_word' id='word_1_598' title='bbox 1287 2058 1385 2093; x_wconf 90' lang='lat' dir='ltr'>sunt</span> <span class='ocrx_word' id='word_1_599' title='bbox 1402 2054 1524 2092; x_wconf 87' lang='lat' dir='ltr'>vacui</span> <span class='ocrx_word' id='word_1_600' title='bbox 1558 2052 1668 2092; x_wconf 85' lang='lat' dir='ltr'>curis</span> <span class='ocrx_word' id='word_1_601' title='bbox 1695 2057 1735 2091; x_wconf 90' lang='lat' dir='ltr'>et</span> <span class='ocrx_word' id='word_1_602' title='bbox 1765 2051 2109 2091; x_wconf 88' lang='lat' dir='ltr'>sollicitudinibus</span> <span class='ocrx_word' id='word_1_603' title='bbox 2137 2064 2201 2093; x_wconf 85' lang='lat' dir='ltr'>se-</span> 
     </span>
     <span class='ocr_line' id='line_1_89' title="bbox 1161 2113 2201 2165; baseline -0.004 -9"><span class='ocrx_word' id='word_1_604' title='bbox 1161 2117 1259 2165; x_wconf 88' lang='lat' dir='ltr'>culi,</span> <span class='ocrx_word' id='word_1_605' title='bbox 1279 2121 1320 2156; x_wconf 90' lang='lat' dir='ltr'>et</span> <span class='ocrx_word' id='word_1_606' title='bbox 1339 2116 1432 2154; x_wconf 88' lang='lat' dir='ltr'>ideo</span> <span class='ocrx_word' id='word_1_607' title='bbox 1460 2119 1556 2154; x_wconf 86' lang='lat' dir='ltr'>sunt</span> <span class='ocrx_word' id='word_1_608' title='bbox 1588 2114 1738 2153; x_wconf 87' lang='lat' dir='ltr'>melius</span> <span class='ocrx_word' id='word_1_609' title='bbox 1762 2114 1950 2164; x_wconf 90' lang='lat' dir='ltr'>dispositi</span> <span class='ocrx_word' id='word_1_610' title='bbox 1983 2114 2034 2152; x_wconf 89' lang='lat' dir='ltr'>ad</span> <span class='ocrx_word' id='word_1_611' title='bbox 2061 2113 2201 2153; x_wconf 90' lang='lat' dir='ltr'>lectio-</span> 
     </span>
     <span class='ocr_line' id='line_1_90' title="bbox 1159 2174 2198 2226; baseline -0.003 -9"><span class='ocrx_word' id='word_1_612' title='bbox 1159 2188 1258 2217; x_wconf 82' lang='lat' dir='ltr'>nem</span> <span class='ocrx_word' id='word_1_613' title='bbox 1278 2182 1318 2217; x_wconf 89' lang='lat' dir='ltr'>et</span> <span class='ocrx_word' id='word_1_614' title='bbox 1339 2175 1537 2222; x_wconf 88' lang='lat' dir='ltr'>studium,</span> <span class='ocrx_word' id='word_1_615' title='bbox 1564 2180 1606 2214; x_wconf 88' lang='lat' dir='ltr'>et</span> <span class='ocrx_word' id='word_1_616' title='bbox 1635 2177 1941 2226; x_wconf 88' lang='lat' dir='ltr'>consequenter</span> <span class='ocrx_word' id='word_1_617' title='bbox 1974 2175 2027 2213; x_wconf 89' lang='lat' dir='ltr'>ad</span> <span class='ocrx_word' id='word_1_618' title='bbox 2048 2174 2198 2214; x_wconf 87' lang='lat' dir='ltr'>doctri-</span> 
     </span>
     <span class='ocr_line' id='line_1_91' title="bbox 1159 2237 2200 2290; baseline -0.003 -10"><span class='ocrx_word' id='word_1_619' title='bbox 1159 2250 1282 2290; x_wconf 79' lang='lat' dir='ltr'>nam3</span> <span class='ocrx_word' id='word_1_620' title='bbox 1304 2245 1390 2279; x_wconf 85' lang='lat' dir='ltr'>tum</span> <span class='ocrx_word' id='word_1_621' title='bbox 1414 2240 1536 2278; x_wconf 88' lang='lat' dir='ltr'>etiam</span> <span class='ocrx_word' id='word_1_622' title='bbox 1561 2238 1657 2289; x_wconf 87' lang='lat' dir='ltr'>quia</span> <span class='ocrx_word' id='word_1_623' title='bbox 1676 2239 1774 2277; x_wconf 89' lang='lat' dir='ltr'>tunc</span> <span class='ocrx_word' id='word_1_624' title='bbox 1805 2237 1991 2276; x_wconf 88' lang='lat' dir='ltr'>doctrina</span> <span class='ocrx_word' id='word_1_625' title='bbox 2012 2240 2074 2276; x_wconf 90' lang='lat' dir='ltr'>est</span> <span class='ocrx_word' id='word_1_626' title='bbox 2091 2237 2200 2277; x_wconf 83' lang='lat' dir='ltr'>fruc-</span> 
     </span>
     <span class='ocr_line' id='line_1_92' title="bbox 1160 2300 2197 2352; baseline -0.003 -10"><span class='ocrx_word' id='word_1_627' title='bbox 1160 2300 1315 2344; x_wconf 83' lang='lat' dir='ltr'>tuosior</span> <span class='ocrx_word' id='word_1_628' title='bbox 1331 2301 1558 2352; x_wconf 87' lang='lat' dir='ltr'>discipulis,</span> <span class='ocrx_word' id='word_1_629' title='bbox 1578 2300 1746 2350; x_wconf 91' lang='lat' dir='ltr'>quando</span> <span class='ocrx_word' id='word_1_630' title='bbox 1770 2300 1890 2338; x_wconf 90' lang='lat' dir='ltr'>bonis</span> <span class='ocrx_word' id='word_1_631' title='bbox 1906 2300 2090 2337; x_wconf 90' lang='lat' dir='ltr'>moribus</span> <span class='ocrx_word' id='word_1_632' title='bbox 2105 2311 2197 2339; x_wconf 90' lang='lat' dir='ltr'>con-</span> 
     </span>
    </p>
   </div>
   <div class='ocr_carea' id='block_1_5' title="bbox 1150 2361 2194 2422">
    <p class='ocr_par' dir='ltr' id='par_1_5' title="bbox 1150 2361 2194 2422">
     <span class='ocr_line' id='line_1_93' title="bbox 1150 2361 2194 2422; baseline -0.002 -19"><span class='ocrx_word' id='word_1_633' title='bbox 1150 2365 1300 2422; x_wconf 62' lang='lat' dir='ltr'>juncta</span> <span class='ocrx_word' id='word_1_634' title='bbox 1322 2368 1402 2411; x_wconf 81' lang='lat' dir='ltr'>est3</span> <span class='ocrx_word' id='word_1_635' title='bbox 1432 2362 1652 2413; x_wconf 85' lang='lat' dir='ltr'>religiosus</span> <span class='ocrx_word' id='word_1_636' title='bbox 1672 2366 1827 2409; x_wconf 89' lang='lat' dir='ltr'>autem,</span> <span class='ocrx_word' id='word_1_637' title='bbox 1851 2374 1902 2400; x_wconf 82' lang='lat' dir='ltr'>ex</span> <span class='ocrx_word' id='word_1_638' title='bbox 1915 2361 1955 2399; x_wconf 90' lang='lat' dir='ltr'>vi</span> <span class='ocrx_word' id='word_1_639' title='bbox 1971 2361 2035 2400; x_wconf 88' lang='lat' dir='ltr'>sui</span> <span class='ocrx_word' id='word_1_640' title='bbox 2049 2364 2194 2410; x_wconf 85' lang='lat' dir='ltr'>status,</span> 
     </span>
    </p>
   </div>
   <div class='ocr_carea' id='block_1_6' title="bbox 1156 2423 2198 3646">
    <p class='ocr_par' dir='ltr' id='par_1_6' title="bbox 1158 2423 2196 2722">
     <span class='ocr_line' id='line_1_94' title="bbox 1158 2423 2196 2478; baseline -0.003 -13"><span class='ocrx_word' id='word_1_641' title='bbox 1158 2427 1380 2478; x_wconf 89' lang='lat' dir='ltr'>profitetur</span> <span class='ocrx_word' id='word_1_642' title='bbox 1394 2437 1480 2464; x_wconf 89' lang='lat' dir='ltr'>non</span> <span class='ocrx_word' id='word_1_643' title='bbox 1502 2428 1663 2463; x_wconf 88' lang='lat' dir='ltr'>tantum</span> <span class='ocrx_word' id='word_1_644' title='bbox 1684 2423 1834 2472; x_wconf 88' lang='lat' dir='ltr'>bonos,</span> <span class='ocrx_word' id='word_1_645' title='bbox 1857 2423 1930 2462; x_wconf 89' lang='lat' dir='ltr'>sed</span> <span class='ocrx_word' id='word_1_646' title='bbox 1952 2423 2077 2461; x_wconf 88' lang='lat' dir='ltr'>etiam</span> <span class='ocrx_word' id='word_1_647' title='bbox 2102 2434 2196 2473; x_wconf 88' lang='lat' dir='ltr'>per-</span> 
     </span>
     <span class='ocr_line' id='line_1_95' title="bbox 1158 2485 2196 2534; baseline -0.003 -8"><span class='ocrx_word' id='word_1_648' title='bbox 1158 2487 1288 2526; x_wconf 88' lang='lat' dir='ltr'>fectos</span> <span class='ocrx_word' id='word_1_649' title='bbox 1314 2499 1467 2531; x_wconf 88' lang='lat' dir='ltr'>mores,</span> <span class='ocrx_word' id='word_1_650' title='bbox 1507 2485 1765 2524; x_wconf 88' lang='lat' dir='ltr'>observando</span> <span class='ocrx_word' id='word_1_651' title='bbox 1792 2497 1877 2523; x_wconf 89' lang='lat' dir='ltr'>non</span> <span class='ocrx_word' id='word_1_652' title='bbox 1913 2488 2074 2523; x_wconf 83' lang='lat' dir='ltr'>tantum</span> <span class='ocrx_word' id='word_1_653' title='bbox 2098 2495 2196 2534; x_wconf 82' lang='lat' dir='ltr'>prae-</span> 
     </span>
     <span class='ocr_line' id='line_1_96' title="bbox 1161 2545 2195 2599; baseline -0.003 -11"><span class='ocrx_word' id='word_1_654' title='bbox 1161 2551 1297 2599; x_wconf 87' lang='lat' dir='ltr'>cepta,</span> <span class='ocrx_word' id='word_1_655' title='bbox 1327 2549 1399 2587; x_wconf 89' lang='lat' dir='ltr'>sed</span> <span class='ocrx_word' id='word_1_656' title='bbox 1421 2548 1543 2587; x_wconf 87' lang='lat' dir='ltr'>etiam</span> <span class='ocrx_word' id='word_1_657' title='bbox 1567 2547 1751 2586; x_wconf 80' lang='lat' dir='ltr'>consilia.</span> <span class='ocrx_word' id='word_1_658' title='bbox 1772 2547 1821 2585; x_wconf 91' lang='lat' dir='ltr'>Et</span> <span class='ocrx_word' id='word_1_659' title='bbox 1850 2546 1991 2596; x_wconf 82' lang='lat' dir='ltr'>plures</span> <span class='ocrx_word' id='word_1_660' title='bbox 2011 2545 2112 2585; x_wconf 88' lang='lat' dir='ltr'>alias</span> <span class='ocrx_word' id='word_1_661' title='bbox 2130 2557 2195 2585; x_wconf 89' lang='lat' dir='ltr'>ra-</span> 
     </span>
     <span class='ocr_line' id='line_1_97' title="bbox 1159 2607 2195 2658; baseline -0.002 -9"><span class='ocrx_word' id='word_1_662' title='bbox 1159 2611 1294 2650; x_wconf 86' lang='lat' dir='ltr'>tiones</span> <span class='ocrx_word' id='word_1_663' title='bbox 1316 2610 1372 2648; x_wconf 83' lang='lat' dir='ltr'>ihi</span> <span class='ocrx_word' id='word_1_664' title='bbox 1402 2608 1651 2655; x_wconf 84' lang='lat' dir='ltr'>accumulat,</span> <span class='ocrx_word' id='word_1_665' title='bbox 1683 2619 1774 2658; x_wconf 87' lang='lat' dir='ltr'>quae</span> <span class='ocrx_word' id='word_1_666' title='bbox 1797 2607 1880 2658; x_wconf 85' lang='lat' dir='ltr'>legi</span> <span class='ocrx_word' id='word_1_667' title='bbox 1910 2610 2111 2658; x_wconf 76' lang='lat' dir='ltr'>possunt3</span> <span class='ocrx_word' id='word_1_668' title='bbox 2134 2609 2195 2647; x_wconf 80' lang='lat' dir='ltr'>est</span> 
     </span>
     <span class='ocr_line' id='line_1_98' title="bbox 1158 2669 1792 2722; baseline -0.003 -11"><span class='ocrx_word' id='word_1_669' title='bbox 1158 2672 1272 2712; x_wconf 88' lang='lat' dir='ltr'>enim</span> <span class='ocrx_word' id='word_1_670' title='bbox 1293 2684 1360 2710; x_wconf 86' lang='lat' dir='ltr'>res</span> <span class='ocrx_word' id='word_1_671' title='bbox 1380 2684 1454 2722; x_wconf 83' lang='lat' dir='ltr'>per</span> <span class='ocrx_word' id='word_1_672' title='bbox 1475 2682 1518 2709; x_wconf 87' lang='lat' dir='ltr'>se</span> <span class='ocrx_word' id='word_1_673' title='bbox 1541 2670 1640 2708; x_wconf 85' lang='lat' dir='ltr'>satis</span> <span class='ocrx_word' id='word_1_674' title='bbox 1667 2669 1792 2709; x_wconf 90' lang='lat' dir='ltr'>clara.</span> 
     </span>
    </p>

    <p class='ocr_par' dir='ltr' id='par_1_7' title="bbox 1156 2730 2198 3646">
     <span class='ocr_line' id='line_1_99' title="bbox 1209 2730 2196 2781; baseline -0.005 -7"><span class='ocrx_word' id='word_1_675' title='bbox 1209 2735 1250 2773; x_wconf 87' lang='lat'>8.</span> <span class='ocrx_word' id='word_1_676' title='bbox 1287 2734 1425 2774; x_wconf 75' lang='lat' dir='ltr'>‚Tertia</span> <span class='ocrx_word' id='word_1_677' title='bbox 1453 2734 1634 2773; x_wconf 78' lang='lat' dir='ltr'>assertio.</span> <span class='ocrx_word' id='word_1_678' title='bbox 1657 2753 1707 2762; x_wconf 87' lang='lat'><em>-</em></span> <span class='ocrx_word' id='word_1_679' title='bbox 1738 2730 1943 2772; x_wconf 78' lang='lat' dir='ltr'>Probatur</span> <span class='ocrx_word' id='word_1_680' title='bbox 1966 2730 2115 2781; x_wconf 80' lang='lat' dir='ltr'>primo.</span> <span class='ocrx_word' id='word_1_681' title='bbox 2141 2749 2196 2761; x_wconf 92' lang='lat'>-—</span> 
     </span>
     <span class='ocr_line' id='line_1_100' title="bbox 1158 2791 2195 2836; baseline -0.005 0"><span class='ocrx_word' id='word_1_682' title='bbox 1158 2794 1363 2836; x_wconf 73' lang='lat' dir='ltr'>Probatur</span> <span class='ocrx_word' id='word_1_683' title='bbox 1384 2796 1548 2834; x_wconf 71' lang='lat' dir='ltr'>secundo</span> <span class='ocrx_word' id='word_1_684' title='bbox 1568 2807 1592 2834; x_wconf 88' lang='lat' dir='ltr'>a</span> <span class='ocrx_word' id='word_1_685' title='bbox 1614 2794 1742 2834; x_wconf 83' lang='lat' dir='ltr'>simili</span> <span class='ocrx_word' id='word_1_686' title='bbox 1763 2805 1809 2832; x_wconf 75' lang='lat' dir='ltr'>ea:</span> <span class='ocrx_word' id='word_1_687' title='bbox 1830 2793 1881 2831; x_wconf 91' lang='lat' dir='ltr'>D.</span> <span class='ocrx_word' id='word_1_688' title='bbox 1907 2791 2195 2833; x_wconf 57' lang='lat' dir='ltr'>wioni—So-</span> 
     </span>
     <span class='ocr_line' id='line_1_101' title="bbox 1158 2854 2194 2907; baseline -0.003 -12"><span class='ocrx_word' id='word_1_689' title='bbox 1158 2857 1244 2895; x_wconf 91' lang='lat' dir='ltr'>lum</span> <span class='ocrx_word' id='word_1_690' title='bbox 1263 2860 1451 2907; x_wconf 89' lang='lat' dir='ltr'>superest</span> <span class='ocrx_word' id='word_1_691' title='bbox 1468 2859 1513 2894; x_wconf 87' lang='lat' dir='ltr'>ut</span> <span class='ocrx_word' id='word_1_692' title='bbox 1533 2855 1737 2894; x_wconf 87' lang='lat' dir='ltr'>addamus</span> <span class='ocrx_word' id='word_1_693' title='bbox 1758 2854 1882 2894; x_wconf 86' lang='lat' dir='ltr'>etiam</span> <span class='ocrx_word' id='word_1_694' title='bbox 1901 2865 2023 2904; x_wconf 90' lang='lat' dir='ltr'>posse</span> <span class='ocrx_word' id='word_1_695' title='bbox 2045 2864 2194 2892; x_wconf 84' lang='lat' dir='ltr'>conve-</span> 
     </span>
     <span class='ocr_line' id='line_1_102' title="bbox 1158 2914 2194 2968; baseline -0.004 -10"><span class='ocrx_word' id='word_1_696' title='bbox 1158 2919 1321 2958; x_wconf 87' lang='lat' dir='ltr'>nienter</span> <span class='ocrx_word' id='word_1_697' title='bbox 1342 2917 1500 2956; x_wconf 86' lang='lat' dir='ltr'>institui</span> <span class='ocrx_word' id='word_1_698' title='bbox 1516 2916 1557 2955; x_wconf 90' lang='lat' dir='ltr'>in</span> <span class='ocrx_word' id='word_1_699' title='bbox 1576 2917 1778 2968; x_wconf 84' lang='lat' dir='ltr'>religione</span> <span class='ocrx_word' id='word_1_700' title='bbox 1795 2915 1949 2966; x_wconf 87' lang='lat' dir='ltr'>aliqua,</span> <span class='ocrx_word' id='word_1_701' title='bbox 1970 2914 2085 2953; x_wconf 86' lang='lat' dir='ltr'>verbi</span> <span class='ocrx_word' id='word_1_702' title='bbox 2105 2925 2194 2965; x_wconf 86' lang='lat' dir='ltr'>gra-</span> 
     </span>
     <span class='ocr_line' id='line_1_103' title="bbox 1157 2975 2195 3030; baseline -0.005 -10"><span class='ocrx_word' id='word_1_703' title='bbox 1157 2980 1230 3030; x_wconf 89' lang='lat' dir='ltr'>tia,</span> <span class='ocrx_word' id='word_1_704' title='bbox 1249 2980 1291 3019; x_wconf 90' lang='lat' dir='ltr'>in</span> <span class='ocrx_word' id='word_1_705' title='bbox 1311 2980 1527 3026; x_wconf 84' lang='lat' dir='ltr'>Societate‚</span> <span class='ocrx_word' id='word_1_706' title='bbox 1547 2982 1591 3017; x_wconf 90' lang='lat' dir='ltr'>ut</span> <span class='ocrx_word' id='word_1_707' title='bbox 1616 2978 1769 3016; x_wconf 87' lang='lat' dir='ltr'>habeat</span> <span class='ocrx_word' id='word_1_708' title='bbox 1787 2976 1976 3028; x_wconf 89' lang='lat' dir='ltr'>proprias</span> <span class='ocrx_word' id='word_1_709' title='bbox 1994 2975 2195 3016; x_wconf 87' lang='lat' dir='ltr'>universi-</span> 
     </span>
     <span class='ocr_line' id='line_1_104' title="bbox 1157 3037 2194 3091; baseline -0.004 -10"><span class='ocrx_word' id='word_1_710' title='bbox 1157 3046 1264 3082; x_wconf 84' lang='lat' dir='ltr'>tates</span> <span class='ocrx_word' id='word_1_711' title='bbox 1284 3041 1361 3080; x_wconf 91' lang='lat' dir='ltr'>sub</span> <span class='ocrx_word' id='word_1_712' title='bbox 1382 3053 1456 3079; x_wconf 85' lang='lat' dir='ltr'>sua</span> <span class='ocrx_word' id='word_1_713' title='bbox 1483 3039 1651 3091; x_wconf 88' lang='lat' dir='ltr'>propria</span> <span class='ocrx_word' id='word_1_714' title='bbox 1686 3050 1805 3086; x_wconf 89' lang='lat' dir='ltr'>cura,</span> <span class='ocrx_word' id='word_1_715' title='bbox 1837 3039 1878 3077; x_wconf 88' lang='lat' dir='ltr'>et</span> <span class='ocrx_word' id='word_1_716' title='bbox 1896 3037 2113 3088; x_wconf 87' lang='lat' dir='ltr'>regimine,</span> <span class='ocrx_word' id='word_1_717' title='bbox 2146 3047 2194 3077; x_wconf 84' lang='lat' dir='ltr'>ac</span> 
     </span>
     <span class='ocr_line' id='line_1_105' title="bbox 1159 3099 2193 3152; baseline -0.005 -10"><span class='ocrx_word' id='word_1_718' title='bbox 1159 3102 1362 3150; x_wconf 88' lang='lat' dir='ltr'>doctrina,</span> <span class='ocrx_word' id='word_1_719' title='bbox 1382 3100 1494 3152; x_wconf 89' lang='lat' dir='ltr'>quod</span> <span class='ocrx_word' id='word_1_720' title='bbox 1515 3114 1563 3140; x_wconf 88' lang='lat' dir='ltr'>ex</span> <span class='ocrx_word' id='word_1_721' title='bbox 1583 3100 1739 3140; x_wconf 87' lang='lat' dir='ltr'>eisdem</span> <span class='ocrx_word' id='word_1_722' title='bbox 1759 3099 1969 3152; x_wconf 85' lang='lat' dir='ltr'>principiis</span> <span class='ocrx_word' id='word_1_723' title='bbox 1988 3099 2109 3138; x_wconf 87' lang='lat' dir='ltr'>facile</span> <span class='ocrx_word' id='word_1_724' title='bbox 2129 3109 2193 3138; x_wconf 87' lang='lat' dir='ltr'>os-</span> 
     </span>
     <span class='ocr_line' id='line_1_106' title="bbox 1158 3159 2192 3214; baseline -0.005 -11"><span class='ocrx_word' id='word_1_725' title='bbox 1158 3164 1355 3211; x_wconf 86' lang='lat' dir='ltr'>tenditur,</span> <span class='ocrx_word' id='word_1_726' title='bbox 1379 3162 1653 3214; x_wconf 88' lang='lat' dir='ltr'>supponendo</span> <span class='ocrx_word' id='word_1_727' title='bbox 1673 3162 1753 3201; x_wconf 87' lang='lat' dir='ltr'>hoc</span> <span class='ocrx_word' id='word_1_728' title='bbox 1773 3160 1925 3200; x_wconf 88' lang='lat' dir='ltr'>debere</span> <span class='ocrx_word' id='word_1_729' title='bbox 1945 3160 2035 3199; x_wconf 85' lang='lat' dir='ltr'>fieri</span> <span class='ocrx_word' id='word_1_730' title='bbox 2055 3159 2192 3199; x_wconf 91' lang='lat' dir='ltr'>debito</span> 
     </span>
     <span class='ocr_line' id='line_1_107' title="bbox 1158 3220 2191 3274; baseline -0.006 -9"><span class='ocrx_word' id='word_1_731' title='bbox 1158 3226 1302 3266; x_wconf 89' lang='lat' dir='ltr'>ordine</span> <span class='ocrx_word' id='word_1_732' title='bbox 1324 3237 1372 3264; x_wconf 86' lang='lat' dir='ltr'>ac</span> <span class='ocrx_word' id='word_1_733' title='bbox 1390 3225 1531 3271; x_wconf 91' lang='lat' dir='ltr'>modo,</span> <span class='ocrx_word' id='word_1_734' title='bbox 1560 3228 1601 3263; x_wconf 91' lang='lat' dir='ltr'>et</span> <span class='ocrx_word' id='word_1_735' title='bbox 1618 3236 1704 3262; x_wconf 91' lang='lat' dir='ltr'>non</span> <span class='ocrx_word' id='word_1_736' title='bbox 1735 3222 1903 3274; x_wconf 70' lang='lat' dir='ltr'>propria</span> <span class='ocrx_word' id='word_1_737' title='bbox 1933 3220 2191 3269; x_wconf 80' lang='lat' dir='ltr'>auctoritate,</span> 
     </span>
     <span class='ocr_line' id='line_1_108' title="bbox 1156 3282 2192 3329; baseline -0.011 0"><span class='ocrx_word' id='word_1_738' title='bbox 1156 3289 1232 3329; x_wconf 88' lang='lat' dir='ltr'>sed</span> <span class='ocrx_word' id='word_1_739' title='bbox 1255 3286 1479 3327; x_wconf 81' lang='lat' dir='ltr'>Pontificia.</span> <span class='ocrx_word' id='word_1_740' title='bbox 1504 3285 1568 3326; x_wconf 88' lang='lat' dir='ltr'>Sic</span> <span class='ocrx_word' id='word_1_741' title='bbox 1592 3285 1700 3325; x_wconf 88' lang='lat' dir='ltr'>enim</span> <span class='ocrx_word' id='word_1_742' title='bbox 1729 3289 1860 3324; x_wconf 88' lang='lat' dir='ltr'>totum</span> <span class='ocrx_word' id='word_1_743' title='bbox 1888 3283 1991 3323; x_wconf 89' lang='lat' dir='ltr'>illud</span> <span class='ocrx_word' id='word_1_744' title='bbox 2014 3282 2192 3322; x_wconf 87' lang='lat' dir='ltr'>officium</span> 
     </span>
     <span class='ocr_line' id='line_1_109' title="bbox 1158 3339 2194 3400; baseline -0.01 -10"><span class='ocrx_word' id='word_1_745' title='bbox 1158 3352 1221 3390; x_wconf 81' lang='lat' dir='ltr'>est</span> <span class='ocrx_word' id='word_1_746' title='bbox 1240 3347 1403 3400; x_wconf 85' lang='lat' dir='ltr'>pietatis</span> <span class='ocrx_word' id='word_1_747' title='bbox 1427 3352 1467 3387; x_wconf 89' lang='lat' dir='ltr'>et</span> <span class='ocrx_word' id='word_1_748' title='bbox 1485 3346 1771 3388; x_wconf 77' lang='lat' dir='ltr'>beneficentiae</span> <span class='ocrx_word' id='word_1_749' title='bbox 1801 3345 1994 3397; x_wconf 73' lang='lat' dir='ltr'>publicae,</span> <span class='ocrx_word' id='word_1_750' title='bbox 2020 3347 2061 3383; x_wconf 88' lang='lat' dir='ltr'>et</span> <span class='ocrx_word' id='word_1_751' title='bbox 2090 3339 2194 3381; x_wconf 83' lang='lat' dir='ltr'>nihii</span> 
     </span>
     <span class='ocr_line' id='line_1_110' title="bbox 1156 3404 2194 3456; baseline -0.011 -6"><span class='ocrx_word' id='word_1_752' title='bbox 1156 3410 1285 3450; x_wconf 84' lang='lat' dir='ltr'>habet</span> <span class='ocrx_word' id='word_1_753' title='bbox 1310 3409 1354 3449; x_wconf 88' lang='lat' dir='ltr'>iu</span> <span class='ocrx_word' id='word_1_754' title='bbox 1384 3421 1430 3449; x_wconf 89' lang='lat' dir='ltr'>se</span> <span class='ocrx_word' id='word_1_755' title='bbox 1460 3409 1675 3456; x_wconf 81' lang='lat' dir='ltr'>indecens,</span> <span class='ocrx_word' id='word_1_756' title='bbox 1707 3411 1779 3447; x_wconf 89' lang='lat' dir='ltr'>aut</span> <span class='ocrx_word' id='word_1_757' title='bbox 1811 3407 1993 3446; x_wconf 86' lang='lat' dir='ltr'>alienum</span> <span class='ocrx_word' id='word_1_758' title='bbox 2025 3414 2051 3441; x_wconf 87' lang='lat' dir='ltr'>a</span> <span class='ocrx_word' id='word_1_759' title='bbox 2085 3404 2194 3441; x_wconf 83' lang='lat' dir='ltr'>statu</span> 
     </span>
     <span class='ocr_line' id='line_1_111' title="bbox 1157 3462 2194 3523; baseline -0.009 -12"><span class='ocrx_word' id='word_1_760' title='bbox 1157 3471 1375 3523; x_wconf 86' lang='lat' dir='ltr'>religioso;</span> <span class='ocrx_word' id='word_1_761' title='bbox 1398 3482 1497 3511; x_wconf 88' lang='lat' dir='ltr'>nam</span> <span class='ocrx_word' id='word_1_762' title='bbox 1527 3468 1813 3514; x_wconf 87' lang='lat' dir='ltr'>incommoda,</span> <span class='ocrx_word' id='word_1_763' title='bbox 1836 3477 1927 3517; x_wconf 85' lang='lat' dir='ltr'>quae</span> <span class='ocrx_word' id='word_1_764' title='bbox 1949 3462 2073 3513; x_wconf 87' lang='lat' dir='ltr'>objici</span> <span class='ocrx_word' id='word_1_765' title='bbox 2101 3473 2194 3512; x_wconf 88' lang='lat' dir='ltr'>pos-</span> 
     </span>
     <span class='ocr_line' id='line_1_112' title="bbox 1159 3524 2196 3581; baseline -0.007 -9"><span class='ocrx_word' id='word_1_766' title='bbox 1159 3536 1271 3581; x_wconf 84' lang='lat' dir='ltr'>sunt,</span> <span class='ocrx_word' id='word_1_767' title='bbox 1300 3536 1396 3572; x_wconf 86' lang='lat' dir='ltr'>sunt</span> <span class='ocrx_word' id='word_1_768' title='bbox 1427 3531 1719 3577; x_wconf 87' lang='lat' dir='ltr'>accidentaria,</span> <span class='ocrx_word' id='word_1_769' title='bbox 1748 3532 1790 3568; x_wconf 87' lang='lat' dir='ltr'>et</span> <span class='ocrx_word' id='word_1_770' title='bbox 1821 3526 1876 3566; x_wconf 85' lang='lat' dir='ltr'>ad</span> <span class='ocrx_word' id='word_1_771' title='bbox 1904 3525 1984 3563; x_wconf 88' lang='lat' dir='ltr'>hoc</span> <span class='ocrx_word' id='word_1_772' title='bbox 2014 3524 2196 3565; x_wconf 78' lang='lat' dir='ltr'>maxime</span> 
     </span>
     <span class='ocr_line' id='line_1_113' title="bbox 1157 3581 2198 3646; baseline -0.007 -11"><span class='ocrx_word' id='word_1_773' title='bbox 1157 3593 1332 3635; x_wconf 85' lang='lat' dir='ltr'>inservit</span> <span class='ocrx_word' id='word_1_774' title='bbox 1360 3593 1581 3646; x_wconf 82' lang='lat' dir='ltr'>religiosus</span> <span class='ocrx_word' id='word_1_775' title='bbox 1607 3594 1752 3638; x_wconf 83' lang='lat' dir='ltr'>status,</span> <span class='ocrx_word' id='word_1_776' title='bbox 1773 3589 1820 3627; x_wconf 86' lang='lat' dir='ltr'>ut</span> <span class='ocrx_word' id='word_1_777' title='bbox 1849 3584 2052 3634; x_wconf 76' lang='lat' dir='ltr'>vitentur5</span> <span class='ocrx_word' id='word_1_778' title='bbox 2081 3581 2198 3638; x_wconf 78' lang='lat' dir='ltr'>quod</span> 
     </span>
    </p>
   </div>
   <div class='ocr_carea' id='block_1_7' title="bbox 2117 172 2219 250">
    <p class='ocr_par' dir='ltr' id='par_1_8' title="bbox 2117 172 2219 250">
     <span class='ocr_line' id='line_1_114' title="bbox 2117 172 2219 250; baseline 0.029 -3"><span class='ocrx_word' id='word_1_779' title='bbox 2117 206 2196 250; x_wconf 62' lang='grc' dir='ltr'>εει</span> <span class='ocrx_word' id='word_1_780' title='bbox 2215 172 2219 175; x_wconf 50' lang='grc'><strong>’</strong></span> 
     </span>
    </p>
   </div>
   <div class='ocr_carea' id='block_1_8' title="bbox 2282 0 2335 15">
    <p class='ocr_par' dir='ltr' id='par_1_9' title="bbox 2282 0 2335 15">
     <span class='ocr_line' id='line_1_115' title="bbox 2282 0 2335 15; baseline 0.038 -2"><span class='ocrx_word' id='word_1_781' title='bbox 2282 0 2335 15; x_wconf 49' lang='lat' dir='ltr'>f&amp;</span> 
     </span>
    </p>
   </div>
  </div>
 </body>
</html>
