2352 3880
1153 0 1271 28 ,Μιε
1362 0 1421 39 -,.
1590 0 1601 5 -·
1704 2 1762 16 ,ὅ
1822 6 1834 27 ⁹-
1904 0 2062 30 ¹¹:ae'‘:
2095 6 2158 23 Ὺ,

133 265 242 315 velli,
263 265 302 306 et
330 263 386 304 ad
396 261 689 315 propulsandas
708 259 951 309 artificiosas
967 258 1160 308 rationes,

133 338 222 382 μω
254 324 426 376 improbe
451 322 673 361 moliuntur
703 322 905 362 excindere
927 321 1163 366 ver-itanum

133 399 211 428 non
237 385 428 435 relinquit
463 394 552 435 erqo
577 394 622 421 ea
644 394 730 434 quoe
747 386 978 433 promovent
1011 383 1066 422 ad
1095 393 1162 422 eas

133 461 220 501 quoe
238 450 330 487 sunt
349 447 394 484 in
414 445 503 483 orbe
520 443 770 495 disciptinas,
784 449 819 484 et
838 443 1017 486 Graecam
1033 443 1164 496 phito-

131 506 326 559 sophiam,
339 507 407 545 sed
421 517 499 546 non
515 505 735 557 principali
752 507 921 553 ratione,
937 506 1006 545 sed
1020 517 1063 545 ea
1076 516 1164 556 quoe

132 572 192 609 est
225 567 447 608 necessaria
467 570 502 607 et
527 568 719 615 secunda,
751 571 788 607 et
815 567 1019 607 derivatur
1039 578 1063 605 a
1084 566 1163 606 cir-

131 631 403 670 cumstantiis.
420 629 601 679 Etpaulo
623 629 812 679 superius
831 628 983 678 optime
998 627 1163 667 conclu-

131 693 266 729 serat:
290 690 373 730 Per
403 690 718 741 consequentiam
741 701 831 740 erqo
859 689 920 728 liis
939 700 1086 740 quoque
1104 691 1162 728 at·

131 748 274 798 tendit,
291 763 378 802 quoe
392 754 569 790 exercent
585 751 638 790 ad
653 750 925 803 coquitt'onenz,
945 761 1102 789 sumens
1115 760 1163 789 ea:

131 823 367 864 unaquaque
386 811 600 862 disciplina
621 813 664 850 id
685 812 787 862 quod
805 813 949 858 confert
978 812 1030 850 ad
1060 811 1162 850 veri-

131 875 266 913 tatem.
291 874 335 910 Et
357 877 498 922 postea
519 873 599 910 late
614 871 875 922 prosequitur
890 883 962 920 per
980 871 1164 922 singulas

130 934 324 973 liberales
335 938 444 972 artes
462 933 750 979 discurrendo,
767 944 992 982 earumque
1011 933 1163 971 utilita-

131 999 215 1034 tem
227 995 467 1046 attingendo
484 1007 492 1040 ;
515 994 764 1044 adducitque
784 995 1019 1044 exemplum
1037 995 1163 1032 Abra-

130 1057 212 1105 hae,
235 1056 303 1106 qui
326 1056 367 1093 in
401 1055 621 1105 astrologia
649 1059 688 1093 et
723 1055 974 1093 astronomia
1004 1056 1162 1105 peritus

131 1117 223 1164 fuit,
247 1117 389 1165 eisque
420 1116 472 1153 ad
500 1116 682 1154 veritatis
711 1116 987 1165 cognitionem
1009 1117 1161 1166 optime

131 1180 194 1216 est
214 1188 313 1214 usus
332 1189 341 1222 3
363 1177 466 1214 sicut
487 1176 610 1214 etiam
632 1177 682 1214 de
700 1177 841 1226 Moyse
862 1177 1010 1215 dicitur
1024 1178 1160 1218 Actor.

131 1238 306 1288 septimo
322 1267 331 1284 ‚
359 1237 470 1287 quod
494 1238 678 1275 eruditus
701 1243 789 1275 erat
817 1238 930 1275 omni
961 1239 1162 1288 sapientia

135 1299 435 1349 (Egyptiorum,
460 1298 569 1348 quod
608 1310 692 1337 non
728 1299 814 1336 sine
855 1299 1051 1348 peculiari
1090 1300 1163 1338 Dei

130 1360 386 1411 providentia
410 1360 564 1398 factum
587 1364 661 1405 est,
685 1364 729 1398 ut
750 1372 821 1397 eos
841 1360 1111 1399 coufunderet
1141 1372 1165 1399 a

131 1421 282 1472 quibus
303 1421 487 1459 eruditus
509 1426 584 1468 est,
603 1425 648 1458 ut
673 1421 1006 1471 Theophylactus
1028 1422 1082 1459 ibi
1102 1422 1164 1460 in-

130 1483 297 1522 dicavit.
333 1483 435 1520 Hinc
463 1482 641 1530 denique
664 1482 959 1530 Nazianzenus,
979 1487 1080 1521 orat.
1109 1483 1164 1522 vi-

130 1544 304 1594 gesima,
327 1555 418 1593 quae
439 1547 500 1581 est
519 1542 704 1581 funebris
725 1544 765 1581 in
793 1544 987 1582 Basilium
1007 1556 1016 1583 ε
1050 1545 1167 1584 Illud

132 1605 314 1654 (inquit)
336 1606 443 1643 inter
470 1616 580 1644 sanoe
611 1605 753 1643 mentis
782 1605 955 1644 nomines
986 1608 1167 1645 constare

133 1667 322 1712 arbitror,
340 1666 598 1704 eruditionem
619 1667 724 1705 inter
745 1666 918 1705 humana
940 1667 1037 1704 bona
1054 1667 1166 1717 prin-

132 1727 255 1777 oipem
277 1727 402 1765 locum
439 1731 581 1773 tenere,
609 1737 686 1764 non
720 1726 763 1765 de
786 1727 859 1765 liae
880 1732 1019 1766 nostra
1036 1728 1164 1765 solum

132 1799 179 1827 ac
197 1787 385 1826 nobiliori
410 1787 560 1837 loquor,
582 1798 668 1837 quo?
688 1790 903 1836 contempto
935 1788 1060 1826 amnis
1079 1799 1165 1827 ser-

131 1851 262 1887 monis
282 1848 410 1897 lepore
443 1852 558 1898 atque
582 1851 728 1886 ornatu
766 1848 890 1886 saluti
924 1849 1012 1895 uni,
1050 1852 1166 1899 atque

133 1920 270 1948 earum
287 1920 435 1953 rerum,
460 1921 548 1959 quae
567 1909 721 1947 ratione
752 1913 866 1958 atque
894 1908 1022 1947 animo
1054 1910 1167 1948 intel-

133 1962 332 2020 liyuntur,
355 1969 652 2018 pulchritudini
675 1970 901 2007 arctissime
927 1969 1050 2008 liceret
1061 1986 1076 2015 ‚·
1100 1970 1170 2009 sed

133 2031 254 2071 etiam
286 2030 328 2069 de
366 2033 548 2075 externa,
576 2040 694 2079 quam
732 2030 907 2080 plerique
941 2029 1167 2069 Christiani

131 2102 256 2144 pravo
275 2091 440 2142 quodam
451 2090 622 2139 judicio,
642 2093 687 2129 ut
704 2090 941 2128 insidiosam
956 2095 989 2128 et
1010 2091 1166 2141 pericu-

134 2153 309 2193 outosam
331 2155 614 2200 aspernantur.
645 2149 764 2194 Quod
791 2149 872 2189 late
903 2151 1168 2201 prosequitur

135 2216 176 2252 et
194 2214 315 2251 variis
338 2211 537 2261 exemplis
557 2210 751 2249 declarat.

187 2275 227 2313 4.
263 2272 447 2314 Secunda
464 2284 563 2324 pars
584 2273 806 2312 ostenditur
825 2272 943 2312 etiam
960 2274 1162 2326 cremplis.

133 2357 187 2364 —
200 2335 259 2373 Ex
279 2333 340 2371 'nis
359 2345 456 2383 ergo
477 2332 728 2371 sufficienter
746 2333 1015 2382 convincitur,
1039 2339 1165 2373 totam

134 2397 243 2436 hanc
270 2395 543 2434 eruditionem
579 2396 832 2442 humanam,
864 2396 1001 2434 debita
1035 2398 1166 2435 inten-

135 2459 248 2499 tione
267 2470 315 2496 ac
326 2458 609 2496 moderatione
626 2462 846 2507 sumptam,
863 2458 1021 2496 doctori
1035 2460 1167 2497 Evan-

137 2520 266 2571 gelico
287 2531 379 2558 esse
409 2518 527 2557 valde
547 2519 705 2563 utilem,
725 2531 773 2557 ac
794 2520 1003 2558 moraliter
1026 2531 1166 2558 neces-

137 2582 303 2630 sariam,
317 2593 408 2632 quae
426 2586 513 2620 erat
529 2581 660 2632 prima
675 2594 769 2631 pars
785 2583 1037 2621 assertionis.
1051 2583 1166 2628 Quod

137 2646 277 2682 autem
296 2643 488 2693 religioso
502 2643 622 2681 statui
638 2655 722 2681 non
738 2648 956 2693 repugnet,
972 2655 1062 2693 quae
1080 2646 1168 2683 erat

138 2705 335 2752 secunda,
360 2705 516 2743 eisdem
542 2705 741 2755 exemplis
763 2709 801 2743 et
823 2706 1049 2743 rationibus
1070 2718 1168 2744 con-

136 2766 244 2805 vinci
263 2770 411 2817 potest.
437 2766 711 2815 Hieronymus
727 2767 838 2804 enim
855 2771 893 2804 et
914 2767 1167 2816 Augustinus

137 2827 319 2878 religiosi
338 2826 520 2872 fuerunt,
543 2828 614 2876 qui
643 2826 795 2876 ubique
814 2839 1015 2865 summam
1033 2828 1167 2866 erudi-

137 2887 292 2927 tionem
313 2888 354 2925 in
376 2889 438 2926 his
455 2888 601 2926 litteris
621 2887 860 2927 ostendunt.
887 2888 1000 2926 Idem
1030 2889 1166 2928 dicere

137 2959 360 3000 possumus
378 2948 427 2986 de
448 2948 688 2994 Athanasio,
706 2949 871 2995 Basilio,
892 2949 1164 2998 Nazianzeno,

140 3012 181 3048 et
203 3008 417 3048 similibus.
454 3009 570 3047 Ratio
595 3009 718 3048 etiam
747 3009 789 3047 id
821 3010 1037 3056 convincit,
1070 3011 1167 3060 quia

138 3070 250 3119 finis,
268 3075 436 3122 propter
455 3082 580 3120 quem
610 3070 674 3109 bae
704 3070 882 3110 scientiae
913 3078 1164 3122 quaeruntur,

140 3133 319 3183 optimus
337 3140 412 3179 est,
430 3136 470 3170 et
489 3132 528 3169 in
546 3131 840 3182 perfectissimo
855 3135 962 3170 statu
975 3134 1165 3184 religioso

141 3193 416 3242 necessarius,
449 3197 493 3232 ut
521 3205 627 3244 saepe
655 3197 716 3231 est
740 3195 963 3232 ostensum.
987 3194 1168 3232 Medium

142 3254 267 3294 etiam
285 3255 364 3293 hoc
386 3258 426 3292 et
442 3266 516 3304 per
533 3266 576 3293 se
594 3254 748 3293 bonum
768 3258 842 3301 est,
866 3255 963 3304 quia
984 3257 1045 3293 est
1073 3267 1167 3305 per-

140 3315 263 3356 fectio
300 3315 531 3354 intellectus
546 3345 557 3363 ,
592 3319 633 3354 et
670 3318 890 3354 veritatum
916 3316 1168 3354 naturalium

142 3376 344 3428 cognitio;
368 3381 408 3416 et
439 3380 643 3428 quatenus
664 3376 846 3415 medium
870 3377 1008 3427 quoad
1038 3378 1167 3416 multa

142 3437 262 3478 valde
274 3437 390 3486 utile,
406 3437 545 3489 quoad
564 3438 701 3488 aliqua
712 3449 809 3476 vero
831 3436 954 3476 etiam
978 3449 1168 3476 necessa-

143 3499 250 3539 rium
269 3502 332 3540 est
347 3499 397 3539 ad
420 3499 573 3539 dictum
593 3498 734 3538 finem.
754 3499 826 3538 Est
843 3499 953 3537 enim
977 3511 1169 3538 necessa-

143 3560 206 3600 ria
224 3561 370 3602 saltem
393 3561 546 3602 Latinae
563 3560 715 3613 linguae
744 3560 952 3600 sufficiens
973 3561 1166 3612 cognitio,

445 199 522 232 LlB.
542 198 581 231 V.
605 196 658 230 DE
678 194 964 234 SGHOLASTIOES
983 194 1038 228 Ac
1058 165 1482 235 sTuuus'socmrArls,
1506 193 1592 227 TAM
1612 193 1812 232 INTERNIS.
1835 194 1926 229 ETC.

1295 34 1301 39 .
1350 42 1355 44 .
1574 40 1575 43 ,
1963 30 1966 34 ·
2020 27 2095 41 ⁴.··”
2145 31 2155 43 0

1237 38 1374 86 ··,*9‘0
1551 45 1573 73 ι1
1695 47 1699 52 ’
1811 50 1882 74 ’,λ
1932 36 2006 66 m
2064 45 2137 82 ,⁵¹¹¹

1216 262 1259 299 et
1276 252 1499 299 dialecticae
1521 262 1561 298 et
1578 259 1848 310 philosophiae
1869 259 2089 301 mediocris
2108 270 2243 303 {erum

1215 321 1296 368 tio;
1319 320 1406 359 sine
1441 320 1505 359 bis
1530 319 1640 359 enim
1658 320 1797 359 nullus
1818 319 1896 360 nis'i
1918 323 2075 362 temere
2095 327 2136 362 et
2170 323 2235 358 ὐἱ
2288 343 2292 354 2

1215 381 1344 433 perite
1377 381 1431 420 ad
1464 380 1732 433 Theologiam
1765 381 1962 421 accedere
1993 370 2141 433 pottst.

1218 455 1310 482 eam
1336 454 1435 481 vero
1467 447 1608 482 exacte
1643 442 1985 494 comparandam,
2007 444 2146 496 lingua
2294 475 2297 479 .

1218 503 1409 554 cognitio,
1433 507 1472 543 et
1490 505 1636 556 peritia
1657 505 1842 543 omnium
1874 505 2039 552 artium,
2073 516 2172 555 prae

1219 566 1289 604 [im
1304 577 1402 604 vero
1417 565 1656 614 dialecticae,
1680 566 1951 617 philosophlae
1973 569 2013 604 et
2028 565 2197 616 metaph
2212 584 2252 619 ‘²2

1218 627 1311 665 sicae
1325 631 1467 665 exacta
1479 628 1792 678 comprehensio
1814 627 2028 666 utilissima
2049 630 2123 676 φὶ.
2141 619 2259 669 Hine:
2282 656 2297 674 ς,

1216 689 1405 729 Clemens
1424 689 1472 735 V,
1493 689 1533 727 in
1553 689 1733 728 Clemen.
1755 692 1792 736 1,
1815 689 1865 728 de
1885 691 1998 727 Statu
2020 687 2255 728 monacho-¹

1216 762 1324 797 rum,
1345 749 1367 800 ξ
1386 750 1560 800 penult„
1586 750 1692 789 inter
1712 750 1812 796 alia,
1832 762 1923 800 quae
1944 750 1996 788 ad
2013 761 2078 788 am
2087 748 2258 800 pliatio-¹
2284 766 2299 803 ζ

1217 823 1309 849 nem
1330 812 1461 849 cultus
1476 811 1600 849 divini
1615 812 1768 858 statuit,
1788 823 1916 849 unum
1935 815 2015 850 est:
2039 812 2090 852 Ut
2104 813 2146 850 in
2159 798 2258 850 sin-2
2285 826 2299 865 ᾗ

1215 873 1323 925 ¹qulis
1344 874 1613 918 monasteriis,
1636 873 1776 924 quibus
1797 874 1850 912 ad
1865 873 1934 912 noe
1953 875 2164 923 suppetunt
2183 873 2243 920 fa·
2288 877 2298 907 Ξ,

1217 934 1396 981 cultates,
1419 935 1580 973 idoneus
1602 937 1781 973 teneatur
1794 935 2000 986 mayfster,
2014 934 2082 984 qui
2102 944 2164 972 eos
2185 931 2243 981 (id
2290 925 2300 945 ἓ

1218 1000 1294 1042 est,
1314 995 1558 1048 monachos)
1573 997 1615 1034 in
1629 996 1849 1047 primitivis
1869 995 2050 1034 scientiis
2063 996 2244 1033 instruat

1217 1057 1440 1108 diliyenter.
1464 1058 1539 1095 Per
1559 1057 1784 1107 primitivas
1799 1060 1936 1094 autem
1950 1055 2138 1094 scientias
2156 1054 2244 1092 sine

1218 1118 1341 1156 dubio
1364 1118 1554 1167 intelligit
1575 1130 1659 1161 eas,
1683 1129 1774 1167 quae
1794 1117 1845 1155 ad
1867 1117 2046 1155 divinam
2070 1115 2245 1154 Theolo-

1218 1181 1326 1231 giam
1345 1180 1607 1230 praeambulae
1629 1183 1745 1224 sunt;
1768 1179 1942 1228 ideoque
1959 1181 2159 1216 rationem
2175 1176 2246 1216 ad-

1215 1242 1365 1292 jungit,
1387 1244 1431 1280 ut
1450 1241 1650 1280 monachis
1668 1240 1904 1291 proficienai
1929 1240 1969 1278 in
1997 1238 2160 1279 scientia
2179 1239 2246 1277 via

1220 1307 1442 1354 opportuna
1465 1313 1539 1339 non
1559 1303 1659 1340 desit
1672 1318 1688 1346 ,·
1711 1300 1774 1339 cui
1812 1304 2038 1338 consonant
2073 1312 2106 1338 c.
2145 1299 2246 1346 Quia

1219 1364 1433 1407 nonnullis,
1445 1362 1495 1400 de
1517 1362 1734 1412 Magistris,
1748 1361 1814 1399 ubi
1831 1361 2105 1400 Grammatica
2123 1361 2248 1398 etiam

1219 1424 1357 1463 doceri
1379 1424 1625 1473 praecipitur,
1650 1436 1696 1462 ne
1713 1423 1986 1474 opportunitas
2015 1420 2246 1472 proficiendi

1217 1485 1495 1525 subtrahatur.
1526 1484 1642 1523 Unde
1674 1484 1796 1522 etiam
1837 1483 2106 1526 Trithemius,
2140 1482 2247 1520 dicto

1218 1546 1288 1584 lib.
1314 1546 1364 1583 de
1387 1546 1491 1583 Viris
1519 1545 1743 1582 illustribus
1763 1545 1803 1583 S.
1836 1545 2060 1590 Benedicti,
2084 1555 2170 1593 cap.
2205 1543 2246 1590 6,
2311 1589 2314 1591 ‚

1219 1607 1345 1645 refert
1360 1606 1689 1655 antiquissimam
1706 1605 2047 1643 consuetudinem
2065 1604 2170 1642 illius
2187 1615 2248 1642 sa-

1221 1668 1276 1708 cri
1308 1668 1461 1705 ordinis
1487 1668 1613 1705 fuisse
1642 1667 1829 1717 juniores
1858 1667 2005 1704 fratres
2026 1665 2249 1715 disciplinis

1220 1729 1472 1767 scholasticis
1488 1729 1720 1776 instituere,
1734 1731 1777 1766 ut
1787 1727 2004 1773 rhetorica,
2020 1726 2247 1772 dialectica,

1221 1790 1490 1834 arithmetica,
1516 1789 1787 1840 philosophia,
1812 1793 1851 1826 et
1869 1789 1973 1833 aliis,
1997 1788 2144 1837 quihus
2165 1786 2250 1825 suf-

1221 1851 1406 1889 ficienter
1426 1850 1611 1889 instructi
1647 1851 1700 1888 ad
1734 1862 1893 1888 sacram
1916 1850 2166 1899 scripturam
2185 1849 2251 1886 in-

1221 1913 1549 1950 troducerentur.
1585 1911 1701 1956 Quod
1741 1911 1773 1948 si
1804 1911 1844 1948 in
1876 1911 2143 1959 religionibus
2162 1921 2250 1948 mo-

1220 1975 1388 2012 nasticis
1410 1975 1495 2011 haec
1529 1973 1782 2010 consuetudo
1813 1971 1983 2022 probata
2003 1973 2091 2016 fuit,
2119 1971 2248 2011 multo

1220 2035 1352 2084 magis
1380 2035 1418 2072 in
1447 2035 1539 2077 illis,
1565 2046 1654 2083 quae
1683 2034 1734 2072 ad
1767 2033 1992 2083 spiritualia
2023 2033 2248 2072 ministeria

1221 2097 1502 2146 proximorum
1527 2095 1720 2133 institutas
1740 2098 1854 2139 sunt,
1878 2099 1922 2133 ut
1946 2099 2056 2133 recte
2087 2094 2251 2134 conclu-

1221 2157 1279 2196 dit
1297 2158 1340 2195 D.
1364 2159 1543 2194 Thomas
1560 2157 1654 2195 dict.
1678 2168 1819 2206 opusc.
1841 2157 1905 2204 19,
1928 2168 2017 2206 cap.
2043 2158 2105 2194 ll.

1271 2222 1312 2258 5.
1342 2219 1479 2257 Tertia
1497 2230 1595 2268 pars
1624 2218 1858 2257 assertionis
1889 2218 2076 2256 suadetur
2102 2226 2148 2254 ex
2172 2215 2250 2266 fine

1224 2279 1452 2320 Societatis.
1469 2280 1590 2317 ——Ex
1608 2278 1755 2328 quibus
1774 2290 1850 2316 nos
1869 2290 1892 2316 a
1912 2278 2066 2316 fortiori
2087 2276 2252 2315 conclu-

1222 2341 1354 2379 dimus
1367 2340 1527 2378 tertiam
1543 2340 1779 2378 assertionis
1789 2343 1962 2390 partem,
1977 2339 2163 2391 reliqioni
2174 2338 2249 2378 So·

1221 2401 1376 2442 cietutis
1397 2403 1661 2441 necessariam
1678 2402 1806 2451 fuisse
1826 2403 1978 2439 omnino
2002 2401 2101 2439 hanc
2123 2399 2249 2439 insti-

1221 2464 1408 2502 tutionem
1421 2480 1436 2509 ‚·
1454 2463 1495 2500 id
1516 2475 1612 2501 vero
1631 2466 1787 2500 constat
1805 2474 1854 2500 ex
1873 2462 1991 2500 dictis
2007 2461 2074 2500 lib.
2096 2462 2133 2507 1,
2155 2472 2247 2510 cap.

1222 2527 1260 2569 2,
1285 2524 1334 2562 de
1354 2524 1437 2562 fine
1458 2525 1581 2574 hujus
1599 2523 1827 2574 religionis;
1854 2535 1950 2561 nam
1964 2523 2069 2561 inter
2086 2533 2248 2567 omnes,

1221 2597 1311 2635 quae
1332 2585 1575 2624 ordinantur
1592 2585 1644 2623 ad
1664 2585 1836 2623 salutem
1851 2584 2141 2635 proximorum,
2160 2583 2250 2620 sine

1222 2646 1346 2684 dubio
1385 2646 1545 2684 excellit
1577 2647 1618 2684 in
1645 2646 1767 2684 modo
1803 2649 1842 2683 et
1875 2644 2079 2695 praecipua
2115 2644 2248 2681 inten—

1221 2708 1332 2746 tione
1354 2707 1564 2757 quaerendi
1586 2706 1759 2744 salutem
1781 2706 2026 2750 animarum,
2050 2704 2102 2742 ad
2122 2715 2248 2753 quem

1221 2768 1347 2806 finem
1362 2769 1438 2806 tria
1459 2767 1693 2817 principalia
1716 2766 1855 2804 munia
1879 2766 2063 2805 assumit.
2078 2765 2250 2812 scilicet,

1221 2840 1451 2879 propagare
1482 2828 1705 2866 Ecclesiam
1726 2828 1829 2866 inter
1849 2828 2035 2866 infideles
2068 2832 2105 2866 et
2128 2838 2246 2877 quas-

1222 2901 1397 2939 cumque
1418 2889 1711 2927 remotissimas
1731 2888 1938 2934 nationes;
1963 2888 2184 2927 defendere
2203 2887 2247 2926 il-

1220 2951 1303 2990 lam
1323 2950 1374 2988 ab
1401 2949 1599 2987 haereticis
1626 2953 1663 2987 et
1689 2949 2059 2999 impugnatoribus,
2086 2961 2160 2998 pro
2181 2960 2249 2987 eo-

1220 3023 1313 3050 rum
1346 3010 1466 3048 simul
1494 3010 1731 3048 reductione
1757 3010 2007 3058 laborand03
2040 3009 2247 3048 exhortari

1222 3077 1263 3112 et
1282 3072 1430 3110 docere
1452 3072 1561 3122 ipsos
1573 3071 1814 3118 Catholicos‚
1833 3071 1887 3109 ad
1907 3082 2046 3110 eorum
2069 3069 2248 3108 sanctifi-

1221 3133 1424 3173 cationem
1446 3136 1486 3171 et
1505 3144 1669 3171 omnem
1686 3132 1992 3183 perfectionem,
2007 3131 2142 3182 quoad
2156 3130 2249 3170 fieri

1222 3195 1371 3245 possit,
1401 3193 1676 3245 cooperando.
1703 3193 1820 3233 Unde
1844 3193 1889 3232 fit
1910 3198 1955 3231 ut
1985 3193 2073 3231 haec
2101 3192 2245 3243 religio

1222 3255 1366 3306 peritia
1387 3254 1621 3306 linguarum
1635 3258 1674 3293 et
1687 3255 1810 3293 totius
1826 3254 2091 3305 philosophiae
2102 3265 2150 3292 ac
2162 3263 2251 3292 me·
2299 3303 2301 3305 ι
2324 3294 2333 3295 a

1222 3316 1445 3367 taphysicae
1467 3316 1662 3362 indigeat,
1682 3328 1765 3354 non
1787 3316 1918 3354 solum
1941 3319 2105 3366 propter
2117 3314 2246 3353 Theo·
2302 3317 2330 3339 ³

1222 3377 1341 3429 logiae
1361 3381 1402 3416 et
1430 3389 1555 3417 sacrae
1573 3379 1790 3428 Scmpturae
1811 3377 2138 3427 intelligentiam,
2171 3372 2245 3413 sed
2290 3381 2306 3430 f
2327 3383 2336 3399 ⁵

1223 3439 1346 3477 etiam
1374 3442 1419 3477 ut
1437 3439 1527 3477 aliis
1546 3439 1679 3478 modis
1698 3451 1747 3478 ea
1766 3439 1911 3491 peritia
1929 3443 2067 3477 utatur
2083 3436 2126 3474 in
2146 3433 2250 3474 fidei

1222 3500 1480 3551 obsequium.

1274 3563 1313 3601 6.
1337 3563 1486 3610 Quibus
1504 3563 1549 3603 de
1566 3562 1698 3603 causis
1712 3561 2093 3614 peritialinquarum
2108 3555 2252 3599 Socie-
