2352 3880
391 28 395 29 ⁷
413 11 468 43 “fv

318 59 328 67 v
399 54 401 60 Α
520 59 524 68 Ι

202 109 206 115 ,
263 102 273 115 μ

173 155 180 158 “
231 154 240 168 's

281 342 346 383 'is
359 343 381 382 ἲ
409 341 549 384 Addo
566 342 691 383 etiam
715 340 761 382 in
782 341 877 393 jure
914 341 1118 382 Canonico

328 404 486 445 clericis
514 403 668 444 discere
701 414 787 443 non
821 402 956 442 solum
984 403 1117 455 leges,

74 463 78 467 ’
102 464 150 516 ξ»
185 466 311 506 etiam
338 466 528 518 physicas
552 464 799 517 disciplinas,
833 477 868 504 0.
896 466 1015 514 2,Νο
1034 463 1116 504 010-

21 510 38 566 ἶ
69 531 127 572 231
147 526 164 567 i
185 527 253 567 vel
282 527 487 572 monachi,
507 527 552 566 in
571 528 610 575 6,
632 537 719 577 cap.
741 523 832 564 Non
862 537 1110 584 maynopere,

15 627 20 630 ,
83 585 218 632 extra,
232 579 325 622 eod.
335 579 416 627 111.,
428 556 1111 628 et’inConcilioCarthaginensiIV,

82 633 506 694 0.16,μ101111)0111111·
523 637 714 690 Episcopi
735 637 958 677 Gentilium
985 638 1111 678 libros

77 702 239 755 legere,
264 705 305 742 01
321 700 497 741 habetur
515 700 565 738 37
587 699 868 747 (1,0.1,111>1
887 711 961 750 per
980 699 1111 739 multa

82 761 299 816 sequentia
336 761 470 811 capita
500 759 736 799 referuntur
770 760 1006 799 testimonia
1036 760 1112 800 Pa·

71 830 191 867 ,trum
213 823 605 875 reprehendentium
625 823 867 873 hujusmodi
887 822 1021 862 studia
1045 834 1112 862 00-

81 885 322 929 clesiasticis
341 884 438 924 viris
449 899 460 933 3
480 885 710 935 praesertim
731 896 821 935 cap.
844 885 884 932 5,
898 897 949 923 ex
968 885 1112 924 Hiero·

82 959 208 1000 nymo
226 959 365 998 supra,
383 945 437 985 ad
455 945 560 996 Eph.
580 946 623 995 6,
651 950 882 998 arguuntur
904 946 1108 997 Episcopi,

82 1009 152 1062 qui
173 1009 279 1049 filios
313 1020 408 1047 suos
426 1008 470 1046 in
491 1008 754 1047 saecularibus
774 1007 999 1057 disciplinis
1019 1019 1110 1046 eru·

52 1093 56 1098 ·
82 1070 212 1112 diunt.
230 1070 334 1110 Etin
355 1082 390 1109 c.
408 1068 583 1116 Omnem,
605 1069 753 1108 dicitur
773 1068 985 1106 haereticos
1002 1079 1110 1118 prae-

82 1133 202 1184 cipue
220 1131 386 1171 studere
400 1131 638 1177 Dialecticae,
662 1134 703 1169 et
723 1129 1006 1179 subjungitur:
1029 1128 1115 1169 Sed

79 1203 160 1236 non
177 1194 223 1235 in
241 1193 461 1234 Dialectiea
478 1190 716 1244 complacuit
735 1190 815 1230 Deo
833 1189 994 1232 salvum
1006 1191 1113 1237 firce-

78 1265 124 1298 90
140 1256 328 1307 populum
348 1265 477 1296 suum.

132 1317 172 1357 2.
201 1316 384 1357 Assertio
395 1314 647 1367 affirmativa
663 1313 887 1366 tripartita.
898 1334 950 1344 —-
964 1312 1112 1355 Prima

79 1386 176 1433 pars
206 1378 398 1429 probatur
422 1377 554 1427 primo
582 1386 629 1416 ex
658 1376 870 1416 Patruus.
891 1396 943 1404 -—
962 1374 1111 1413 Dicen-

80 1438 178 1480 dum
198 1450 294 1478 vero
314 1442 376 1477 est
391 1438 628 1488 linguarum
649 1440 687 1475 et
707 1436 939 1474 liberalium
960 1436 1110 1475 artium

78 1500 351 1542 cruditionem
379 1499 558 1538 maxime
587 1498 865 1538 necessariam
893 1509 984 1536 esse
1014 1509 1111 1548 ope-

77 1558 197 1603 rariis
211 1560 439 1613 Evangelii,
452 1572 529 1600 nec
547 1560 739 1611 religioso
758 1559 881 1598 statui
900 1571 1111 1610 repugna-

79 1634 148 1671 re3
175 1627 217 1663 et
245 1623 337 1663 ideo
364 1622 510 1662 merito
541 1621 751 1661 scholares
772 1620 992 1660 Societatis
1024 1620 1110 1658 dili-

79 1689 226 1739 genter
247 1685 291 1724 in
310 1683 375 1723 his
392 1683 591 1724 doctrinis
612 1685 772 1734 oportet
789 1681 958 1728 erudiri,
977 1682 1110 1733 prius-

78 1757 208 1798 quam
217 1744 411 1786 doctrinae
423 1757 548 1785 sacrae
559 1746 601 1784 in
611 1743 835 1795 Theologia
848 1743 1108 1791 scholastica,

76 1807 145 1849 vel
159 1807 378 1858 Scripturae
395 1806 541 1846 divinae
558 1805 887 1857 interpretationi
906 1809 977 1844 aut
994 1804 1109 1844 intel-

75 1865 254 1920 ligentiae
278 1867 531 1908 incumbant.
554 1868 634 1906 Res
653 1866 823 1906 estsatis
839 1866 949 1904 clara
966 1869 1007 1904 et
1025 1877 1110 1904 cer-

77 1933 133 1972 ta.
155 1928 251 1976 Quae
269 1929 434 1980 probari
448 1932 583 1980 potest
603 1929 748 1979 primo,
774 1939 824 1967 ex
841 1927 1013 1978 antiqua
1034 1927 1110 1965 Pa-

77 1994 184 2034 trum
201 1990 437 2031 traditione.
450 1990 652 2041 Imprimis
664 1988 884 2028 Clementis
899 1989 915 2027 Ι
936 1989 1053 2039 epist.
1068 1988 1107 2036 5,

79 2052 132 2095 de
146 2052 360 2093 Communi
377 2051 459 2091 vita
484 2051 538 2091 ad
565 2050 802 2101 discipulos,
823 2062 914 2101 quae
934 2050 1110 2088 habetur

78 2115 122 2156 in
139 2127 176 2154 c.
199 2113 402 2160 Relatum,
427 2112 468 2152 d.
491 2112 557 2160 37,
579 2111 633 2151 ad
660 2123 843 2162 praesens
874 2111 1110 2150 institutum

79 2174 504 2216 accommodatissima
524 2177 608 2222 est3
631 2173 820 2224 dirigitur
841 2173 952 2211 enim
975 2172 1028 2210 ad
1048 2183 1110 2211 re·

76 2235 271 2289 ligiosos,
297 2246 399 2286 quos
427 2234 690 2286 peculiariter
722 2237 842 2272 vocat
869 2234 1106 2284 discipulos,

79 2311 157 2339 scu
184 2296 510 2348 condiscipulo&
539 2296 698 2347 hosque
725 2296 904 2346 primum
928 2295 981 2334 ad
1007 2307 1110 2346 pau—

82 2362 283 2412 pertatem
302 2362 343 2397 et
366 2357 643 2397 obedientiam
663 2358 863 2405 hortatur,
885 2356 1036 2396 deinde
1056 2356 1109 2395 ad

79 2421 382 2473 scripturarum
402 2418 717 2470 intelligentiam
734 2448 746 2466 ,
767 2429 892 2468 quam
915 2429 997 2456 non
1018 2429 1108 2468 pro-

80 2482 171 2534 prio
203 2493 344 2528 sensu,
376 2480 449 2519 sed
485 2480 713 2519 secundum
740 2479 1004 2518 traditionem
1038 2479 1110 2518 Pa-

79 2547 191 2584 trum
211 2546 251 2584 01
270 2542 581 2582 consonantiam
601 2541 785 2580 locorum
802 2540 989 2592 ejusdem
1008 2541 1110 2579 Scri-

79 2609 211 2657 pturae
252 2603 607 2654 interpretandam
643 2615 733 2643 0550
769 2602 878 2642 dicit.
925 2602 1110 2640 Tandem

80 2677 178 2707 vero
199 2665 431 2717 subjungit:
452 2664 549 2706 Cum
567 2663 669 2704 enim
688 2676 735 2704 ece
755 2663 905 2703 divinis
923 2662 1111 2714 Scriptu-

81 2727 143 2770 ris
166 2729 364 2781 inteqram
387 2727 475 2779 quis
491 2730 529 2766 et
543 2726 706 2775 firmam
725 2725 905 2778 requiam
924 2725 1111 2765 veritatis

79 2792 311 2841 susceperit,
324 2789 537 2829 absurdum
554 2800 632 2828 non
649 2789 741 2838 erit,
764 2789 802 2828 si
824 2788 980 2839 aliquid
992 2787 1112 2827 etiam

41 2847 43 2849 ’
80 2861 132 2894 σω
148 2850 362 2892 eruditione
388 2851 598 2899 communi,
620 2862 665 2891 ao
690 2850 918 2891 liberalibus
946 2848 1110 2897 studiis,

78 2923 170 2967 quoe
194 2915 296 2963 forte
322 2912 366 2951 in
391 2913 571 2963 pueritia
602 2912 759 2963 attiyit‚
785 2912 838 2952 ad
855 2911 1111 2951 assertionem

38 2974 43 2977 ’
79 2975 166 3015 veri
188 2974 383 3026 doqmatis
404 2975 597 3023 conserat,
625 2975 687 3014 ita
706 2977 838 3014 tamen
856 2975 903 3013 ut
923 2971 989 3012 ubi
1018 2983 1113 3013 vera

77 3033 239 3081 -didieit,
258 3035 363 3084 falsa
382 3037 419 3075 et
439 3035 629 3075 simulata
646 3035 825 3075 declinet.
855 3033 957 3072 Hinc
987 3033 1112 3072 etiam

81 3095 292 3146 Eugenius
311 3095 436 3147 Papa,
456 3095 499 3134 in
520 3108 610 3147 cap.
635 3096 693 3136 De
712 3095 962 3147 quibusdam,
983 3093 1023 3132 d.
1041 3095 1109 3142 37,

86 3155 291 3195 ordinavit
318 3159 366 3194 ut
394 3155 436 3194 in
464 3157 653 3196 omnibus
678 3155 993 3208 Episcopatibus
1013 3165 1109 3194 con-

86 3215 353 3256 stituerentur
381 3217 563 3268 Magistri
581 3222 622 3258 et
641 3220 853 3265 Doctores,
882 3217 951 3268 qui
976 3217 1112 3258 studia

87 3277 334 3326 litterarum,
355 3275 648 3332 liberaliumque
667 3281 819 3320 artium
838 3279 1025 3330 doymata
1044 3288 1111 3318 as-

87 3336 199 3380 sidue
218 3339 391 3379 doceant.
415 3339 463 3378 Et
491 3338 702 3392 subjungit
731 3341 935 3380 rationem
965 3341 1112 3378 notan-

79 3396 199 3447 ·dam,
220 3397 314 3451 quia
333 3400 377 3438 in
395 3398 460 3439 liis
477 3400 650 3440 maxime
676 3401 817 3441 divina
846 3398 1112 3450 maiiifestan—

89 3458 174 3507 mr,
198 3464 315 3512 atque
334 3459 591 3500 declarantur
607 3462 810 3502 mandata.

143 3521 182 3559 3.
212 3521 347 3572 Atque
382 3521 438 3560 ita
474 3521 715 3560 observasse
748 3534 893 3562 omnes
921 3520 1113 3573 antiquos

90 3562 283 3622 Ecclesiae
301 3581 498 3625 Doctores
515 3592 567 3621 ex
584 3580 782 3631 historiiS,
803 3586 844 3622 et
861 3593 912 3623 ex
928 3582 1118 3635 ipsismet

364 213 463 254 ΕᾹΡ.
487 215 532 253 11.
559 214 620 252 AN
643 212 896 254 SOCIETATIS
916 211 1146 252 RELIGIOSI
1167 210 1215 253 m
1236 211 1576 255 PHILOSOPHICIS
1601 214 1787 261 sn'mlls,
1815 215 1913 256 ETC.

35 330 45 347 Ι
159 260 211 332 lib
226 279 317 323 iltis
333 278 506 322 homines
523 291 668 331 arcere,
690 291 808 334 quam
837 277 885 320 ab
911 277 1115 334 idolothy-
1170 277 1289 320 facile
1307 279 1573 333 intelligitur.
1589 282 1695 323 Nam
1713 282 1839 324 etiam
1855 283 2010 325 Paulus
2027 294 2114 323 11011
2131 280 2215 324 de-

28 356 42 367 .
82 355 221 439 w,

2118 184 2210 261 807

1175 341 1372 393 dignatur
1390 342 1549 393 aliquid
1566 342 1617 383 de
1635 345 1820 395 profanis
1850 343 2102 395 auctoribus
2125 333 2211 386 suis

1177 400 1295 443 dictis
1310 402 1425 443 vel
1409 403 1570 454 s·c1iptis
1599 404 1796 455 inserere,
1823 410 1872 445 ut
1894 409 2009 458 patet
2027 407 2206 452 Αο1.17,

1172 463 1268 504 1οᾶ
1289 466 1383 505 Cor.
1405 465 1471 514 15,
1503 463 1556 503 ad
1581 464 1724 504 Titum
1756 465 1794 515 1,
1827 479 1919 518 quae
1939 467 2030 507 loca
2047 466 2102 507 ad
2130 466 2212 507 hoc

1168 525 1429 577 propositum
1442 525 1590 564 observ
1593 524 1678 564 avit
1691 525 1982 578 Hieronymus,
1998 529 2072 568 ubi
2084 528 2211 570 etiam

1165 578 1360 631 intelligit
1380 577 1485 620 illud
1510 579 1631 620 Prov.
1653 582 1703 620 1:
1726 580 2011 628 Animadverte
2031 588 2204 639 parabo-

1165 639 1262 688 lam,
1281 643 1322 682 et
1343 641 1730 693 interpretationem,
1749 644 1869 684 verba
1889 647 2144 699 sapientium,
2164 650 2203 693 et

1165 699 1380 753 (automata
1398 713 1546 743 eorum.
1573 701 1625 743 Et
1645 702 1760 743 addit
1794 704 2092 758 Hieronymus,
2114 720 2202 763 quoe

1162 762 1324 814 propiie
1352 763 1651 805 dialecticorum
1679 767 1717 806 et
1735 764 2066 819 philosophorum
2089 773 2199 812 s.unt

1165 821 1215 860 Et
1233 822 1405 863 inferius
1425 824 1478 863 ad
1494 824 1603 864 hanc
1632 836 1723 864 rem
1757 828 2045 869 accommodat
2077 829 2204 871 ritum

1167 883 1394 934 accipiendi
1434 885 1653 926 mulierem
1685 887 1891 939 captivam
1927 889 1970 928 in
2004 902 2201 940 uxorem,

1166 945 1286 985 Deut.
1307 947 1375 995 21,
1392 946 1578 987 radendo
1608 952 1732 999 caput
1747 980 1756 994 ,
1776 950 2009 1001 supercilia,
2033 951 2139 1002 pilos
2165 954 2206 995 01

1166 1017 1328 1057 ungues
1353 1009 1537 1059 corporis
1566 1009 1838 1060 amputando.
1876 1011 1926 1050 Et
1958 1011 2202 1063 subjungit:

1170 1067 1278 1115 Quid
1295 1080 1385 1121 erqo
1404 1070 1566 1117 mirum,
1589 1071 1629 1109 si
1648 1074 1686 1111 et
1705 1082 1773 1124 eqo
1793 1072 2034 1126 sapientiam
2054 1073 2205 1114 secula-

1165 1139 1248 1170 rem
1260 1135 1427 1184 propter
1444 1131 1589 1184 eloquii
1618 1136 1864 1174 venustatem
1888 1138 1926 1175 et
1944 1135 2203 1176 membrorum

1160 1191 1516 1243 pulchritudinem,
1544 1193 1589 1234 de
1608 1195 1782 1244 aneilla,
1803 1199 1920 1248 atque
1952 1197 2112 1248 captiva
2140 1197 2203 1237 Is-

1164 1252 1389 1294 raelitidenz
1407 1257 1540 1304 faeere
1559 1256 1701 1306 cupio?
1722 1257 1771 1295 Et
1789 1256 1922 1296 infra:
1941 1257 2073 1297 Labor
2094 1268 2204 1298 meus

1165 1312 1211 1351 in
1236 1315 1443 1363 fertilium
1485 1315 1643 1357 Christi
1676 1317 1857 1369 proficit.
1898 1317 2018 1364 Quod
2054 1318 2204 1358 deinde

1167 1375 1384 1413 confirmat
1414 1377 1603 1427 exemplo
1633 1377 1836 1429 Origenis,
1858 1379 2073 1427 Methodii,
2095 1380 2209 1436 Qua-y

1165 1434 1286 1482 drati,
1323 1435 1513 1475 Aristidis
1548 1439 1589 1476 01
1630 1438 1806 1478 aliorum
1845 1441 2084 1489 multorum,
2118 1443 2209 1482 tam

1165 1495 1416 1544 Graecorum,
1446 1509 1573 1548 quam
1596 1498 1849 1539 Latinorum.
1888 1502 1939 1540 Et
1970 1502 2200 1542 concludit:

1169 1557 1246 1605 Qui
1263 1569 1393 1599 omnes
1413 1560 1456 1598 in
1479 1563 1635 1599 tantum
1656 1560 1992 1612 Philosophorum
2012 1563 2203 1605 doctrinis

1166 1622 1284 1670 atque
1306 1622 1516 1660 sententiis
1537 1633 1628 1661 suos
1646 1624 1861 1671 refertiunt
1880 1624 2008 1664 lilros
2021 1654 2030 1672 ,
2048 1627 2095 1664 ut
2114 1637 2203 1666 nes-

1166 1679 1264 1728 cias,
1302 1682 1401 1732 quid
1430 1683 1474 1720 in
1510 1682 1597 1722 illis
1616 1682 1794 1734 primum
1815 1685 2016 1725 admirari
2049 1686 2201 1736 debeas,

1164 1743 1424 1783 eruditionem
1446 1743 1589 1791 seculi,
1627 1755 1681 1785 an
1711 1746 1921 1786 scientiam
1959 1746 2203 1798 Scriptura-

1164 1814 1269 1843 rum.
1295 1805 1342 1842 D.
1377 1805 1503 1843 etiam
1524 1805 1798 1856 Augustinus,
1819 1806 1863 1845 in
1883 1807 1998 1845 libris
2028 1808 2079 1846 de
2099 1808 2204 1847 Doc-

1164 1864 1275 1903 trina
1291 1866 1537 1912 Christiana,
1567 1878 1618 1904 ex
1640 1867 1827 1917 professo
1853 1868 2054 1915 ostendit,
2078 1880 2204 1918 quam

1166 1925 1247 1963 sint
1266 1927 1512 1964 necessaria}
1544 1927 1785 1977 hujusmodi
1818 1931 1928 1967 artes
1961 1929 2014 1967 ad
2043 1941 2204 1969 sacram

1166 1985 1417 2036 Scripturam
1455 1987 1786 2038 intelligendam,
1808 1989 2035 2040 praesertim
2059 1989 2130 2029 lib.
2160 1991 2200 2030 2.

1165 2047 1214 2086 Et
1232 2047 1274 2085 in
1305 2059 1468 2086 summa
1498 2048 1577 2087 tria
1613 2048 1711 2087 dicit
1746 2060 1838 2088 esse
1866 2050 2123 2098 necessaria,
2147 2050 2201 2089 si-

1166 2120 1342 2160 gnorum
1375 2109 1706 2160 intelligentiam,
1728 2122 1869 2150 rerum
1904 2112 2202 2162 cognitionem,

1166 2172 1206 2210 et
1236 2171 1457 2210 dubiorum
1478 2183 1527 2210 ae
1557 2172 1845 2212 difficultatum
1878 2174 2200 2224 expeditionem.

1164 2231 1228 2271 Ad
1247 2233 1427 2283 primum
1450 2233 1610 2272 confert
1628 2233 1866 2285 linguarum
1884 2235 2050 2282 notitia;
2072 2235 2127 2274 ad
2141 2246 2206 2280 5οῆ

1166 2294 1348 2333 cundum
1366 2295 1513 2345 juvant
1526 2294 1789 2346 philosophia
1809 2299 1850 2335 et
1870 2291 2207 2347 11101110111011000;1

1164 2355 1208 2393 111
1224 2356 1360 2403 tertio,
1382 2355 1552 2395 modum
1575 2360 1616 2395 et
1640 2369 1842 2409 magnum
1869 2357 2013 2397 lumen
2044 2357 2205 2408 praehet

1165 2416 1400 2465 dialectica;
1425 2423 1700 2469 supposuerat
1724 2422 1864 2458 autem
1883 2418 1955 2458 lib.
1979 2420 2019 2467 1,
2040 2430 2132 2470 cap.
2161 2419 2202 2468 1,

1165 2478 1247 2517 duo
1270 2490 1360 2518 esse
1381 2480 1616 2518 necessaria
1641 2481 1684 2518 in
1701 2480 1815 2519 omni
1834 2481 2101 2527 tractatione,
2124 2479 2203 2520 sci-

1163 2539 1437 2579 licetmodum
1448 2541 1686 2580 inveniendi
1698 2553 1789 2592 quae
1802 2541 2074 2592 intelligenda
2089 2543 2201 2587 sunt,

1166 2604 1208 2640 et
1226 2602 1397 2640 modum
1415 2601 1655 2652 proferendi
1676 2614 1768 2653 quae
1790 2603 1999 2641 intellecta
2020 2605 2130 2648 sunt,
2161 2605 2200 2642 01

1165 2663 1259 2702 ideo
1294 2666 1441 2715 praeter
1463 2664 1533 2702 illa
1563 2665 1656 2712 tria,
1694 2676 1786 2714 quae
1810 2664 1863 2703 ad
1882 2663 2202 2715 intelligentiam

1166 2726 1401 2765 necessaria
1434 2728 1544 2774 sunt,
1576 2725 1630 2765 ad
1659 2725 1920 2777 proponendi
1948 2726 2120 2765 modum
2156 2724 2204 2764 in

1167 2786 1237 2826 lib.
1263 2789 1285 2827 4
1303 2787 1475 2837 requirit
1496 2787 1793 2838 eloquentiam,
1815 2798 1901 2826 non
1928 2790 1974 2825 ut
2007 2785 2205 2837 simplici-

1166 2851 1230 2888 ter
1262 2848 1554 2896 necessariam,
1592 2848 1668 2888 sed
1692 2853 1738 2889 ut
1760 2848 1880 2887 valde
1900 2848 2060 2895 utilem,
2084 2851 2126 2887 01
2156 2851 2206 2888 ut

1168 2920 1262 2948 cum
1282 2909 1421 2949 debita
1441 2910 1727 2948 moderati0ne
1749 2913 1971 2960 usurpetur
1979 2920 1992 2959 3
2013 2907 2128 2959 quod
2149 2907 2206 2949 de

1167 2971 1397 3020 dialectica,
1431 2975 1473 3010 et
1503 2971 1555 3009 de
1590 2970 1750 3010 caeteris
1777 2971 1933 3010 artibus
1967 2969 2204 3021 intelligen-

1168 3031 1267 3071 dum
1288 3032 1380 3080 erit,
1401 3035 1447 3071 ut
1463 3032 1552 3083 ipse
1571 3031 1652 3071 late
1671 3033 1938 3083 prosequitur
1954 3031 1982 3070 l.
2005 3032 2046 3080 2,
2074 3042 2111 3069 0.
2132 3031 2203 3080 35,

1168 3096 1208 3134 01
1223 3094 1506 3145 sequentihus.
1530 3093 1744 3139 Quomodo
1766 3094 1889 3133 etiam
1918 3092 2018 3132 dixit
2047 3092 2205 3143 optime

1165 3155 1356 3197 Clemens
1385 3155 1604 3203 Alexand„
1626 3155 1695 3194 lib.
1737 3156 1763 3195 6
1793 3156 2003 3202 stromat„
2026 3161 2204 3192 numero

1167 3217 1366 3266 secundo,
1386 3229 1532 3256 versus
1564 3216 1718 3256 finem:
1753 3215 1951 3260 Vitandus
1971 3219 2031 3256 est
2050 3215 2206 3255 multus

1165 3283 1204 3320 et
1215 3279 1339 3331 plane
1360 3278 1526 3319 inutilis
1547 3279 1709 3326 abusus,
1731 3278 1801 3330 qui
1814 3277 2063 3318 eonsumitur
2075 3275 2119 3315 in
2129 3274 2203 3322 iis,

1166 3343 1211 3382 in
1235 3341 1377 3394 quibus
1395 3353 1474 3381 non
1510 3344 1675 3393 oportet,
1698 3353 1753 3389 eo,
1790 3341 1859 3392 qui
1891 3343 1950 3381 est
1981 3336 2205 3390 coynitiom

1164 3403 1378 3454 praeditus,
1399 3404 1532 3443 utente
1552 3401 1777 3454 disciplinis
1801 3405 1990 3452 tanquam
2006 3403 2204 3448 proeeoeer-

1168 3464 1441 3511 citationibus,
1452 3475 1539 3515 quoe
1553 3463 1831 3514 adjuvantium
1842 3468 2052 3500 causarum
2064 3457 2206 3498 iusta?

1169 3525 1349 3572 habeant,
1366 3527 1404 3564 et
1420 3524 1474 3565 ad
1483 3527 1712 3565 accuratam
1729 3518 1912 3562 veritatis
1929 3515 2203 3568 traditionem,

1168 3587 1365 3637 quatenus
1378 3584 1422 3625 id
1432 3587 1566 3638 potest
1585 3583 1759 3635 assequi,
1778 3591 1849 3623 neo
1868 3578 1917 3619 ab
1934 3587 1978 3622 eo
1989 3578 2124 3632 potest
2139 3574 2208 3621 Qi-

2287 373 2352 447 ,Γῆ
