2352 3880
178 314 245 362 54,
265 315 342 352 art.
358 312 398 358 1,
415 309 469 348 ad
481 310 522 356 3,
543 307 818 357 cognitionem
830 320 970 348 rerum
983 307 1026 347 in
1038 307 1204 360 propria

179 378 340 420 natura,
359 369 525 422 quando
542 368 720 409 refertur
733 369 788 408 ad
798 369 966 409 laudem
983 369 1199 418 Creatoris,

178 434 334 472 habere
342 431 495 482 aliquid
515 430 568 470 de
584 431 677 471 luce
688 430 845 480 divina,
858 434 898 471 et
908 443 1030 483 posse
1041 430 1122 471 dici
1134 441 1203 470 co-

178 494 403 547 gnitionem
410 492 701 544 vespertinam,
714 504 841 545 quam
853 493 951 532 boni
964 493 1109 545 Angeli
1127 492 1202 533 ha-

177 555 290 595 bent.
309 556 414 594 Tum
433 554 612 606 denique
631 555 729 606 quia
747 566 868 594 mens
885 555 1077 605 mligiosa
1095 566 1204 594 nun-

180 628 305 668 quam
322 617 378 656 ita
396 617 626 656 litterarum
638 609 785 656 studiis
803 617 1063 666 absorbetur,
1079 616 1203 656 etiam

178 678 256 718 illis
275 678 530 730 temporibus
545 678 591 717 in
607 678 758 730 quibus
788 678 848 717 eis
871 681 1004 726 vacat,
1033 678 1133 728 q'uin
1149 676 1203 717 ad

176 741 306 779 Deum
326 752 433 791 saepe
454 744 652 789 recurrat,
674 752 784 780 nunc
803 739 1075 778 intentionem
1093 739 1138 777 in
1153 737 1203 778 il-

175 801 263 842 lum
283 802 536 850 renovando,
559 813 669 840 nunc
698 800 895 840 auxilium
913 803 953 839 et
969 800 1111 839 lumen
1131 810 1203 851 pe-

175 863 316 911 tendo,
330 875 440 902 nunc
451 874 549 903 vero
563 862 615 902 de
628 862 811 902 veritatis
826 860 1097 912 intelligentia
1109 872 1202 912 gra·

177 924 255 966 tias
269 924 446 976 agendo.

230 988 293 1026 14.
316 985 383 1027 Ad
394 985 602 1026 secundam
616 984 809 1026 rationem
823 986 867 1026 in
885 986 1011 1027 eodem
1023 997 1134 1027 num.
1158 987 1199 1025 2.

175 1048 296 1087 -Ad
317 1046 540 1086 secundam
558 1046 845 1097 respondetur,
867 1047 1099 1087 litterarum
1118 1050 1204 1087 stu-

175 1110 243 1150 dia
262 1121 336 1160 per
354 1120 397 1147 se
420 1111 616 1158 spectata,
638 1108 704 1147 vel
723 1121 798 1159 per
813 1121 855 1148 se
870 1112 1031 1148 tantum
1045 1121 1204 1148 assum-

175 1175 260 1223 pta,
286 1171 392 1208 inter
409 1169 630 1208 mediocria
649 1169 760 1208 bona
779 1171 1023 1222 computari,
1046 1174 1086 1210 et
1105 1171 1202 1210 ideo

176 1233 234 1272 sic
276 1235 437 1283 sumpta
469 1243 552 1270 non
583 1231 724 1283 magni
762 1232 954 1272 aestimari
985 1245 1009 1271 a
1042 1232 1204 1283 religio-

176 1293 252 1340 sis;
286 1296 457 1340 atvero,
482 1297 644 1343 sumpta
671 1297 715 1332 ut
734 1293 1003 1333 instrumenta
1032 1293 1202 1342 virtutis,

177 1359 216 1394 et
236 1355 443 1394 actionum
466 1355 650 1393 omnium
668 1367 758 1405 quae
778 1355 830 1393 ad
853 1356 1028 1394 salutem
1049 1355 1207 1393 anima-

175 1428 268 1455 rum
288 1416 544 1463 ordinantur,
565 1427 648 1454 non
660 1427 751 1453 esse
769 1415 1121 1462 intermediocria‚
1134 1415 1208 1455 sed

176 1478 282 1516 inter
298 1487 449 1526 magna
478 1476 588 1514 bona
619 1476 896 1527 computanda
915 1489 924 1523 ;
962 1477 1209 1528 participant

177 1538 286 1577 enim
306 1537 530 1575 bonitatem
547 1536 640 1576 finis
657 1538 710 1576 ad
722 1550 846 1588 quern
858 1539 1114 1577 ordinantur.
1135 1539 1211 1577 Ac-

175 1599 298 1647 cedit,
320 1598 431 1648 quod
451 1598 631 1637 studium
654 1611 792 1638 rerum
811 1612 1037 1646 sacrarum,
1056 1599 1108 1638 de
1128 1610 1210 1649 quo

175 1661 384 1712 praecipue
403 1660 580 1710 agimus,
604 1672 688 1698 non
710 1661 765 1700 ita
784 1664 846 1699 est
864 1673 914 1700 ex
933 1661 1210 1699 mediocribus

175 1722 307 1768 honis,
337 1725 380 1760 ut
405 1721 560 1771 aliquid
581 1733 631 1760 ex
650 1722 811 1772 objecto
833 1722 1073 1760 indifferens
1090 1734 1211 1772 repu-

178 1783 348 1823 tandum
365 1782 438 1829 sit3
462 1795 559 1821 nam
574 1794 718 1822 revera
735 1787 796 1822 est
813 1795 863 1822 ex
882 1783 1044 1834 objecto
1061 1783 1213 1823 hones-

181 1849 285 1891 tum,
311 1845 408 1894 quia
428 1844 622 1896 cognitio,
651 1856 743 1895 quae
764 1857 838 1895 per
854 1845 957 1884 villud
977 1846 1209 1896 inquiritur,

183 1909 245 1945 est
272 1905 469 1956 perfectio
493 1917 567 1956 per
587 1917 631 1944 se
650 1906 830 1944 maxime
850 1912 1127 1946 consentanea
1145 1919 1215 1946 su·-

181 1978 338 2019 premae
360 1966 538 2004 hominis
566 1965 841 2013 inclinationi,
862 1968 926 2005 vel
947 1968 1070 2006 etiam
1097 1972 1214 2006 natu-

179 2028 254 2067 rali
275 2027 527 2066 inclinationi
549 2027 714 2078 gratiae3
737 2039 834 2066 nam
850 2029 1042 2078 cognitio,
1066 2029 1116 2068 de
1132 2041 1212 2079 qua

182 2089 357 2139 agimus,
374 2101 424 2128 ex
443 2089 654 2139 principiis
673 2090 1055 2140 supernaturalibus
1071 2102 1213 2141 proee-

181 2151 254 2199 dit,
281 2154 321 2190 et
337 2151 388 2189 ad
407 2150 700 2201 perfectionem
720 2150 815 2189 fidei
838 2154 1007 2202 spectat,
1025 2164 1114 2202 quae
1130 2164 1212 2190 non

181 2216 318 2264 potest
349 2212 428 2251 diei
460 2223 510 2251 ex
539 2211 833 2260 mediocribus,
860 2213 935 2252 sed
956 2225 1006 2252 ex
1023 2214 1211 2254 maximis

180 2273 314 2312 bonis.

236 2337 300 2374 15.
324 2333 565 2375 Aeternam
583 2334 864 2376 ibid—Unde
893 2337 1012 2377 facile
1040 2350 1214 2389 respon-

182 2397 302 2436 detur
322 2397 374 2434 ad
400 2397 593 2435 tertium:
622 2409 823 2447 negamus
855 2399 964 2437 enim
1000 2399 1212 2438 scientiam

182 2470 257 2510 per
271 2470 314 2496 se
328 2470 560 2508 repugnare
574 2458 788 2498 humilitati
801 2460 1017 2510 religiosae.
1035 2462 1086 2501 Ut
1103 2462 1212 2500 enim

184 2520 283 2559 dixit
303 2521 349 2558 D.
372 2521 515 2558 Thom.
539 2522 578 2559 2.
598 2523 638 2569 2,
661 2533 700 2571 q.
728 2523 819 2568 167,
837 2527 912 2561 art.
928 2524 948 2562 1
967 2535 977 2562 τ
994 2524 1094 2574 Ipsa
1108 2523 1214 2563 veri—

184 2584 282 2623 tatis
301 2583 485 2635 cassania,
504 2595 577 2633 per
595 2594 636 2622 se
654 2583 855 2635 loquendO,
874 2586 972 2625 bona
985 2589 1041 2626 est
1050 2603 1067 2632 ;
1085 2588 1214 2636 potest

183 2649 313 2685 autem
339 2657 409 2696 per
429 2645 608 2684 accidens
629 2657 710 2685 esse
732 2646 841 2686 mala
865 2649 1020 2687 ratione
1042 2647 1215 2698 alicujus

185 2707 465 2757 consequentis,
477 2706 538 2745 vel
547 2707 590 2745 in
604 2712 794 2758 quantum
809 2708 959 2759 aliquis
973 2709 1016 2749 de
1026 2709 1215 2761 aequitio-

184 2777 231 2807 ne
239 2767 421 2807 veritatis
429 2767 619 2819 superbit,
631 2768 691 2807 vel
702 2769 747 2807 in
757 2774 945 2819 quantum
962 2770 1073 2808 hemo
1084 2771 1215 2809 utitur

186 2826 403 2879 aequitione
421 2826 605 2866 veritatis
619 2828 672 2867 ad
682 2829 934 2878 peccand-um.
958 2830 1124 2867 Constat
1143 2841 1213 2867 au-

185 2891 269 2927 tem
278 2898 328 2926 ex
340 2887 456 2925 dictis
465 2887 647 2925 studium
657 2900 741 2926 non
762 2889 866 2927 sumi
876 2889 1000 2928 aviris
1011 2890 1214 2940 religiosis

187 2949 317 3001 gratia
329 2948 629 2997 ostentationis,
646 2953 841 2987 autvanae
856 2950 1135 2990 aestimationis
1146 2981 1159 3000 ,
1174 2955 1215 2992 et

186 3009 278 3049 ideo
291 3009 388 3047 nihil
401 3002 852 3060 repugnare‘modestiae
864 3011 1064 3063 religiosae
1077 3027 1088 3061 ;
1105 3012 1215 3063 quod

187 3070 223 3110 si
241 3070 310 3121 qui
336 3073 471 3109 motus
491 3071 682 3109 contrarii
702 3072 930 3123 insurgant,
953 3073 1214 3114 accidentarii

187 3138 298 3180 sunt,
314 3136 354 3170 et
372 3131 508 3170 divina
521 3132 651 3183 gratia
669 3133 776 3171 vinci
790 3137 977 3183 possunt.
1002 3134 1117 3174 Addo
1130 3147 1214 3174 non

189 3205 354 3244 semper
367 3205 458 3232 esse
472 3193 796 3244 reprehensibile
807 3195 850 3232 in
859 3195 1050 3246 religioso
1061 3195 1216 3247 aliquid

187 3255 396 3294 interdum
412 3254 549 3293 facere
567 3255 620 3293 ad
634 3255 875 3294 eruditionis
891 3261 931 3295 et
949 3257 1155 3308 profectus
1170 3257 1215 3296 in

189 3316 332 3355 litteris
346 3316 663 3355 ostentationem
673 3346 687 3366 ,
708 3328 800 3368 quae
814 3321 954 3356 tamen
968 3330 1052 3356 non
1070 3318 1112 3357 in
1129 3319 1215 3359 sola

191 3378 424 3418 ostensione
444 3377 498 3416 ad
517 3377 693 3416 aliorum
713 3382 873 3418 tantum
893 3379 1128 3430 opinionem
1146 3392 1216 3418 au-

192 3440 423 3493 cupandam
456 3440 584 3490 sistat,
616 3441 704 3480 haec
736 3441 845 3480 enim
864 3453 971 3480 vana
999 3443 1215 3481 ostentatio

194 3506 316 3550 esset,
328 3502 400 3542 sed
414 3501 468 3541 ad
483 3501 676 3542 eumdem
694 3501 819 3542 finem
837 3502 977 3541 salutis
986 3503 1218 3542 animarum

192 3563 413 3611 reseratum
445 3575 557 3612 nam,
581 3567 627 3603 ut
657 3563 909 3615 Augustinus
934 3564 1037 3604 dixit
1063 3564 1134 3604 lib.
1166 3565 1218 3605 de

195 3622 310 3664 Bono
325 3624 547 3675 viduitatis,
559 3636 649 3677 cap.
660 3623 859 3676 vigesimo
873 3626 1054 3665 secundo
1069 3639 1079 3664 :
1093 3626 1223 3668 Nobis

491 245 515 276 Ι
516 244 564 277 m
586 242 626 276 V.
648 241 704 276 m:
722 239 1008 276 smoLAsncls
1027 240 1082 276 Ac.
1101 240 1259 277 snmus
1279 239 1525 280 sommum,
1545 237 1637 274 Tu
1651 236 1857 279 m,
1871 235 1968 274 ΕἸὮ.

1257 306 1481 348 necessaria
1503 306 1590 348 vita
1615 307 1776 352 nostrin
1804 304 1903 346 aliis
1918 307 2031 355 fama
2047 301 2226 355 mast
2232 301 2246 356 ’,
2283 309 2286 315 ’

1257 379 1380 409 serm.
1401 367 1718 420 quadragesimo
1733 366 2119 416 nono,exd1venffl‚
2135 367 2225 420 qu!
2282 377 2287 412 j

1254 430 1411 482 primus
1421 429 1474 470 de
1484 428 1696 470 communi
1705 427 1790 468 vita
1802 427 2044 468 clericorum
2051 432 2064 466 t
2071 426 2168 469 Con
2188 437 2201 471 ἑ.
2238 472 2243 482 ,

1255 490 1315 532 tia
1332 490 1421 540 tibi,
1438 492 1551 543 tama
1575 490 1761 543 proximo
1784 492 1865 531 τωο.
1893 488 1958 528 Ad
1983 488 2245 530 conciliand
2281 500 2285 502 ’

1256 562 1356 603 ergo
1372 552 1660 592 auctoritatem
1671 549 2209 598 necessariam‚doctrinam
2225 565 2242 585 r
2270 551 2271 554 ’

1255 616 1416 653 tentare
1448 625 1474 653 a
1503 613 1698 665 religioso
1731 615 1840 652 statu
1867 611 2050 650 alienum
2081 623 2166 651 non
2195 622 2243 652 e:

1255 686 1352 714 nam
1363 675 1488 715 etiam
1505 675 1560 715 ad
1576 674 1753 714 Timoth.
1772 673 1910 713 aiebat
1926 673 2091 722 Paulus,
2109 674 2130 713 1
2143 673 2253 725 epist
2302 670 2313 740 .ἒῖ

1256 748 1346 788 cap.
1363 739 1531 786 quarto.
1547 737 1648 777 Hoee
1662 735 1865 785 meditare,
1881 736 1926 776 in
1943 735 2009 776 his
2024 738 2119 782 esto,
2136 739 2183 775 ut
2191 747 2220 787 p

1254 801 1382 849 fectus
1401 802 1496 839 tuus
1510 799 1744 849 manifestus
1758 797 1815 839 sit
1830 797 2022 838 omnibus.
2051 796 2128 837 Ubi
2156 790 2286 959 Chr}

1256 863 1461 899 sostomus
1480 869 1491 897 ε
1529 858 1643 902 Vides
1662 858 1825 909 (inquit)
1845 860 1891 898 ut
1906 859 1950 898 in
1976 859 2047 898 hoc
2067 861 2213 910 'quoque

1255 921 1339 961 lum
1359 931 1547 971 maynum
1566 919 1659 970 fieri
1684 920 1795 968 velit,
1823 923 1937 972 atque
1960 919 2206 965 mirabilem;
2313 932 2315 934 ·

1255 992 1342 1033 quo,
1363 980 1530 1029 scilicet,
1553 979 1746 1020 Ecclesiae
1760 980 1958 1020 commoda
1971 980 2179 1032 provenire
2187 979 2307 1024 soie-2

1256 1042 1349 1089 bat,·
1368 1046 1409 1082 et
1425 1042 1518 1081 ideo
1533 1042 1619 1080 vult
1635 1041 1865 1093 profectum
1884 1040 2135 1080 manifestari
2155 1032 2308 1079 omnis*

1257 1103 1350 1152 hus,
1373 1115 1450 1143 non
1478 1104 1590 1143 modo
1622 1105 1667 1142 in
1694 1104 1789 1143 vita·
1814 1103 2048 1142 rectitudine
2073 1113 2119 1142 ae
2140 1099 2313 1142 sancti-t

1256 1166 1403 1214 monia,
1425 1177 1558 1205 verum
1578 1165 1624 1204 in
1639 1164 1868 1206 sinceritate
1886 1167 2002 1216 atque
2013 1163 2189 1203 ubertate
2201 1163 2307 1204 doe--

1259 1227 1390 1267 trinoe.
1412 1227 1545 1276 Atque
1572 1225 1668 1264 hine
1693 1226 1817 1264 etiam
1838 1229 1997 1264 constat
2013 1223 2219 1275 quomodo
2232 1212 2308 1264 adl

1260 1287 1498 1338 hujusmodi
1533 1287 1667 1326 studia
1703 1287 1856 1338 gradus
1891 1286 2038 1337 aliquis
2069 1285 2310 1336 religiosum

1261 1349 1442 1388 ordinari
1457 1349 1749 1388 convenienter
1766 1348 1957 1399 potuerit.

1660 1480 1823 1522 CAPUT
1851 1481 1901 1523 11.

1265 1606 1400 1635 UTRUM
1426 1603 1681 1634 LITTERARUM
1695 1605 1975 1644 HUMANIORUM,
1993 1605 2222 1636 LINGUARUM
2241 1597 2318 1636 Λα(

1316 1667 1550 1695 LIBERALIUM
1568 1667 1719 1696 ARTmM
1746 1667 1911 1695 STUDIUM
1933 1667 1982 1696 ΕΤ
2010 1667 2171 1696 PERITIA
2188 1666 2290 1696 RELI-

1316 1729 1437 1758 GIOSIS
1465 1727 1690 1757 SOGIETATIS
1717 1727 1961 1758 CONVENIENS
1988 1728 2064 1757 SIT.

1319 1848 1357 1885 1.
1388 1845 1499 1885 Pars
1519 1857 1671 1899 neqans
1689 1847 1879 1886 suadetur
1903 1857 1951 1886 ece
1981 1846 2124 1885 Paula
2141 1867 2194 1876 —
2215 1845 2310 1888 Se·-

1269 1908 1389 1947 eundo
1409 1907 1548 1958 arquit
1566 1907 1767 1947 Julianus
1780 1906 1990 1957 Apostata.
2006 1906 2204 1948 —Tertio
2224 1919 2303 1948 ar*

1267 1969 1407 2019 ¹quitur
1435 1979 1482 2008 ex
1512 1968 1622 2018 jure.
1644 1989 1695 1998 —-
1728 1969 2044 2019 Impugnatores
2082 1968 2291 2019 religionis

1267 2033 1451 2080 tempore
1471 2030 1698 2069 D.Tl'iomae
1717 2030 1845 2069 multo
1865 2031 1997 2081 magis
2011 2030 2090 2069 hoc
2111 2031 2307 2072 studium>

1267 2091 1506 2130 inferiorum
1536 2091 1686 2129 artium
1718 2092 1762 2129 in
1786 2091 1987 2142 religiosis
2014 2092 2289 2143 damnabant3

1267 2152 1539 2203 dicebantque
1563 2152 1632 2202 (ut
1651 2154 1698 2191 D.
1720 2152 1899 2191 Thomas
1919 2153 2139 2205 significat)
2160 2154 2293 2206 magis

1266 2214 1470 2264 pertinere
1498 2213 1550 2252 ad
1572 2213 1863 2264 praedicatores
1895 2214 2145 2264 Antichristi,
2167 2226 2293 2267 quam

1267 2276 1424 2322 Christi,
1457 2287 1561 2326 quos
1598 2275 1793 2315 describit
1831 2275 2051 2327 Apostolus
2085 2277 2110 2315 2
2147 2277 2200 2316 ad
2226 2275 2295 2316 Ti-

1266 2336 1394 2375 moth.
1423 2337 1471 2384 3,
1506 2336 1557 2376 de
1589 2336 1738 2387 quibus
1772 2337 1880 2376 inter
1915 2337 1995 2375 alia
2020 2337 2103 2377 ait:
2126 2337 2295 2390 Semper

1267 2398 1485 2446 discentes:
1506 2400 1544 2438 et
1570 2409 1773 2450 nunquam
1802 2398 1858 2438 ad
1887 2398 2094 2439 seientiam
2111 2397 2294 2452 veritatis

1262 2459 1544 2511 pervenientes.
1566 2459 1643 2500 Ubi
1666 2458 1789 2498 tacite
1811 2459 2080 2510 reprehendit
2102 2471 2193 2507 coe,
2221 2457 2295 2511 qui

1267 2519 1460 2571 profanas
1477 2523 1584 2560 artes
1605 2520 1782 2568 discunt,
1797 2532 1872 2572 per
1887 2533 1989 2571 quas
2009 2532 2222 2571 nunquam
2241 2519 2295 2561 ad

1267 2581 1482 2621 veritatem
1503 2582 1696 2621 doctrinae
1709 2594 1835 2620 sacrae
1856 2583 2187 2632 cognoscendam
2203 2594 2295 2633 per-

1268 2644 1452 2683 veniunt.
1480 2644 1529 2682 Et
1550 2643 1644 2682 ideo
1675 2642 1911 2693 subjungit:
1936 2642 2000 2683 Tu
2032 2646 2163 2683 autem
2187 2635 2298 2684 asse?

1268 2708 1380 2745 cutus
1403 2716 1442 2744 es
1466 2715 1592 2744 meam
1615 2705 1866 2749 doctrinam;
1889 2707 1930 2742 et
1956 2703 2090 2742 intra:
2117 2704 2181 2744 Tu
2204 2714 2298 2746 vero

1261 2777 1450 2818 permane
1470 2765 1513 2804 in
1537 2764 1599 2805 his
1627 2777 1712 2816 quoe
1742 2764 1937 2812 didicisti,
1959 2767 1995 2804 et
2022 2765 2173 2805 credita
2198 2764 2317 2818 suuiss

1267 2827 1353 2870 tibi,
1377 2827 1504 2866 sciens
1524 2838 1549 2866 a
1567 2836 1641 2877 quo
1658 2825 1860 2874 didiceris,
1877 2828 1914 2866 et
1930 2826 2024 2876 quia
2045 2826 2091 2866 ab
2110 2816 2319 2887 infantiQt

1268 2898 1407 2927 sacras
1431 2887 1590 2927 litteras
1606 2886 1726 2934 nosti,
1750 2898 1837 2938 quoe
1858 2889 1894 2926 te
1909 2891 2077 2938 possunt
2094 2889 2327 2935 instruerat>

1269 2949 1321 2988 ad
1336 2948 1517 2988 salutem
1540 2947 1662 2993 Quasi
1683 2947 1804 2994 dieat,
1820 2948 1906 2987 haec
1920 2948 2104 2987 doctrina
2121 2949 2194 2988 tibi
2210 2947 2298 3003 suf-3
2312 2956 2321 2971 ⁷

1268 3009 1372 3060 ficit3
1401 3010 1490 3048 aliae
1515 3021 1614 3048 vero
1644 3009 1807 3057 litterae,
1833 3021 1924 3060 quae
1944 3010 1996 3049 ad
2019 3011 2195 3049 salutem
2223 2995 2324 3058 ho}-

1268 3071 1422 3110 minem
1441 3084 1525 3110 non
1544 3072 1765 3120 instruunt,
1784 3071 2002 3121 superssuae
2026 3075 2142 3118 sunt3
2173 3062 2297 3124 prop-3
2310 3069 2329 3114 T

1268 3137 1331 3173 ter
1346 3133 1458 3183 quod
1477 3133 1587 3172 idem
1601 3133 1764 3180 Paulus,
1778 3135 1796 3172 1
1822 3132 1872 3171 ad
1895 3133 2046 3172 Corint.
2070 3135 2109 3181 1,
2132 3133 2329 3184 sapien-5

1274 3195 1371 3234 tiam
1402 3195 1523 3245 hujus
1542 3194 1686 3233 mundi
1705 3198 1824 3233 vocat
1844 3194 2072 3243 stultitiam,
2096 3195 2204 3234 etad
2221 3193 2329 3243 Co-

1268 3256 1365 3295 loss.
1388 3258 1428 3304 2,
1449 3256 1779 3308 philosophiam*
1770 3267 1938 3295 manem
1962 3258 2086 3308 atque
2103 3229 2322 3299 fallacenf

1270 3318 1463 3369 appellat.
1483 3317 1600 3357 Unde
1618 3318 1742 3356 etiam
1761 3317 1951 3357 Julianus
1971 3317 2169 3369 Apestata
2182 3327 2294 3368 apu·
2331 3332 2334 3334 ·

1269 3381 1478 3433 Cyrillum‚
1497 3379 1568 3419 lib.
1584 3382 1606 3420 7
1637 3384 1779 3420 contra
1802 3380 1932 3428 illum,
1952 3379 2010 3419 sic
2029 3381 2299 3431 argumenta.-

1271 3442 1392 3482 hatur
1414 3445 1557 3481 contra
1575 3441 1826 3482 Christianos
1844 3441 1908 3480 his
1937 3439 2119 3480 scientiis
2145 3443 2279 3478 vacas·
2320 3471 2324 3473 -

1271 3508 1362 3544 tes:
1382 3503 1514 3551 Quare
1530 3515 1599 3544 vos
1616 3503 1936 3557 disciplinarum,
1949 3513 2038 3554 quoe
2054 3500 2163 3555 apud
2181 3499 2278 3543 JG‘rf
2299 3518 2303 3530 =
2326 3538 2328 3543 ,

1273 3576 1336 3606 eos
1352 3568 1463 3612 sunt,
1485 3565 1656 3605 eonvivoe
1673 3563 1792 3612 estis,
1811 3562 2001 3617 siquidem
2018 3562 2128 3602 vobis
2141 3559 2225 3603 vest
2256 3575 2302 3610 ›atp-

1273 3638 1364 3669 rum
1385 3625 1697 3679 Scripturarum
1719 3622 1831 3666 lectio
1855 3623 2020 3675 sufficit,
2049 3633 2137 3665 eum
2154 3616 2273 3674 mes
2288 3620 2300 3666 f
2323 3663 2327 3666 .
