2352 3880
269 342 334 380 11.
368 335 555 380 Secunda
572 334 893 382 circumstantia,
909 334 971 376 iro
982 333 1069 375 sim
1086 343 1246 376 excusa-

216 402 335 446 tione.
350 417 405 431 —
424 396 618 438 Secunda
649 395 956 437 circumstantia
984 394 1154 446 ponitur
1181 393 1248 435 his

214 461 353 503 verbis
371 459 417 498 in
437 458 647 499 Pontificis
666 457 813 498 Bullis:
837 457 941 500 Sine
949 457 1038 497 utta
1057 457 1247 508 tergium·-

213 522 363 565 satione
379 524 453 562 aut
473 520 738 569 accusatione,
758 519 869 560 illico
894 522 1087 572 quantum
1105 518 1151 559 in
1177 529 1246 560 no-

214 582 278 625 bie
293 580 435 633 fuer-it.
457 582 504 621 In
521 580 722 622 Examine
742 581 909 631 dicitur,
926 581 1014 622 cino
1030 581 1247 623 accusatio-

211 654 275 694 ne,
311 645 354 685 et
371 647 515 696 aperte
534 643 771 683 declaratur
790 643 900 683 hanc
919 643 1055 694 ipsam
1073 642 1246 682 circum-

212 706 407 748 stantiam
435 705 512 746 sub
531 708 623 746 voto
644 706 807 746 cadere.
836 707 977 757 Agens
997 705 1108 745 enim
1130 705 1176 744 B.
1199 706 1243 744 P.

210 767 396 820 Ignatius
427 766 482 807 de
515 767 596 808 hoc
613 771 710 808 voto
731 768 809 806 ait:
835 767 917 815 Quo
946 776 987 807 se
1022 766 1249 808 obedientior

210 830 360 871 summi
383 828 542 871 Christi
579 822 749 877 Vicarz‘z’,
769 829 856 869 sine
872 827 959 868 ulta
982 828 1244 877 excusatione,

210 890 398 935 Societas
416 892 629 932 obtrinoeit.
648 889 892 930 Obedientia
925 901 1025 940 ergo
1060 890 1150 929 sine
1181 900 1247 929 ex-

209 953 426 993 cusatione
445 952 523 992 sub
543 953 621 991 hoc
652 955 794 990 votum
821 950 942 990 cadit.
973 951 1068 991 Haec
1107 954 1247 991 autem

209 1014 392 1055 conditio
413 1013 680 1065 intelligenda
701 1015 762 1052 est
784 1017 825 1052 et
839 1013 958 1064 juxta
973 1013 1052 1051 alia
1069 1013 1161 1052 loca
1181 1024 1248 1053 ea-

208 1076 402 1116 rumdem
428 1074 790 1122 Constitutionum,
808 1078 849 1114 et
870 1073 1101 1114 secundnm
1122 1075 1248 1115 ratio-

208 1148 307 1177 nem
339 1140 511 1176 rectam.
541 1137 588 1176 In
624 1136 715 1175 eliis
753 1135 864 1176 enim
901 1135 1248 1175 Constitutionum

209 1198 326 1244 locis,
350 1198 448 1237 etin
469 1197 644 1248 epistola
668 1197 723 1237 de
748 1197 1000 1246 obedientia,
1023 1210 1132 1249 saepe
1158 1209 1248 1238 mo—

208 1269 361 1299 nemur
377 1258 679 1310 perfectionem
713 1259 963 1299 obedientiae
992 1270 1077 1298 non
1111 1260 1248 1299 exclu-

208 1320 309 1361 dere
329 1321 445 1371 quin,
468 1321 503 1360 si
522 1321 662 1372 aliqua
681 1322 796 1372 Justa
822 1321 1034 1361 excusatio
1055 1332 1240 1361 occurre-

206 1382 276 1429 rit,
297 1382 509 1433 Superiori
530 1382 671 1422 debito
689 1382 814 1422 modo
836 1387 877 1422 et
902 1383 1134 1423 reverentia
1154 1395 1248 1434 pro-

206 1443 305 1496 poni
325 1444 455 1494 possit
469 1459 481 1492 3
504 1443 647 1482 similis
673 1455 771 1495 ergo
792 1444 1042 1495 propositio,
1065 1448 1106 1484 et
1136 1445 1247 1495 justa

208 1505 418 1544 excusatio
440 1516 516 1556 per
532 1506 640 1544 hanc
658 1505 940 1552 conditionem
961 1517 1045 1545 non
1067 1506 1250 1546 excludi-

206 1569 275 1606 tur
295 1567 338 1605 in
358 1566 570 1618 praesenti,
597 1566 697 1618 quia
718 1567 951 1608 secundum
972 1578 1017 1607 se
1034 1567 1147 1618 justa
1169 1573 1245 1618 est,

207 1631 249 1667 et
268 1632 393 1667 rectae
410 1627 561 1667 rationi
581 1632 893 1678 consentanea,
915 1639 1055 1681 neque
1085 1629 1128 1668 in
1159 1629 1252 1669 aliis

206 1689 453 1729 obedientiae
474 1690 673 1741 operibus
686 1694 751 1729 est
763 1691 890 1737 licita,
905 1690 1003 1741 quia
1020 1695 1083 1729 est
1099 1702 1174 1742 per
1182 1703 1249 1731 re-

205 1751 348 1803 gulam
376 1752 606 1803 permissa3
644 1751 719 1791 sed
750 1751 844 1791 ideo
880 1752 1018 1802 potius
1045 1752 1251 1803 permissa

205 1817 282 1861 est,
306 1814 405 1864 quia
420 1816 534 1853 recta
565 1813 669 1852 ratio
689 1812 804 1852 illam
837 1814 1032 1864 postulat.
1060 1815 1148 1853 Imo
1176 1814 1249 1853 ali-

206 1875 375 1927 quando
405 1874 518 1913 illam
538 1878 684 1914 tacere-
710 1878 823 1914 esset.
846 1875 968 1915 valde
994 1877 1249 1916 contrarium

205 1935 424 1975 intentioni
442 1935 651 1974 Pontificis
667 1935 959 1986 praecipientis,
978 1938 1021 1975 et
1041 1936 1114 1975 fini
1140 1939 1249 1989 eJuS.

204 1997 348 2049 Igitur,
370 2001 416 2036 ut
447 2008 531 2036 uno
555 1996 683 2036 verbo
719 1997 870 2046 dicam,
907 1998 1143 2038 excluditur
1172 2010 1249 2050 per

205 2060 285 2098 hoc
300 2063 441 2099 votum
456 2059 667 2098 excusatio
687 2059 928 2106 voluntatis,
947 2071 1033 2098 non
1053 2060 1244 2108 rationis3

204 2121 269 2160 vel
296 2125 407 2160 certe
429 2120 662 2159 excluditur
686 2121 920 2167 excusatio,
944 2132 1036 2171 quoe
1061 2121 1247 2161 includat

205 2181 442 2221 absolutum
463 2181 677 2220 decretum
698 2192 783 2219 non
801 2181 941 2229 eundi,
963 2193 1047 2219 non
1063 2193 1160 2221 vero
1175 2182 1246 2221 illa

204 2255 297 2294 quae
316 2243 359 2282 in
378 2243 465 2281 sola
486 2241 747 2293 expositione
778 2243 1039 2281 rationabilis
1064 2243 1244 2294 impedi-

202 2305 332 2343 menti
353 2304 552 2343 consistit.
578 2304 680 2343 Nam
700 2304 826 2343 etiam
848 2315 941 2343 cum
960 2306 1171 2344 excusatio
1187 2306 1246 2344 vi-

203 2366 326 2405 detur
341 2364 615 2411 rationabilis,
629 2365 822 2405 nonlicet
841 2366 1032 2405 absolute
1045 2367 1156 2406 nolle
1171 2379 1245 2419 pa-

202 2439 311 2474 rere,
335 2432 376 2467 et
400 2427 478 2466 hoc
501 2427 627 2465 modo
648 2438 694 2466 se
713 2438 936 2474 excusare3
969 2428 1067 2478 quia
1088 2429 1135 2475 si,
1158 2441 1243 2468 non

204 2488 396 2528 obstante
413 2487 653 2527 difficultate
665 2489 893 2540 proposita,
917 2488 1124 2528 Pontifieis
1136 2500 1243 2541 pree-

205 2555 375 2602 ceptum
407 2555 571 2602 urgeat,
600 2551 659 2589 illi
699 2552 872 2591 omnino
904 2552 1139 2603 parendum
1175 2557 1240 2594 est

203 2623 254 2653 ex
272 2613 311 2652 vi
331 2612 427 2652 talis
445 2612 557 2662 voti,
578 2612 664 2651 nisi·
678 2612 893 2652 evidenter
906 2618 1158 2666 praeceptum
1179 2624 1241 2655 es-

202 2678 266 2715 set
285 2675 460 2721 nullum,
484 2674 596 2726 quod
617 2686 703 2714 non
723 2679 858 2726 potest
875 2677 1071 2727 praesumi
1106 2681 1177 2717 aut
1191 2677 1246 2717 tt·-

200 2737 320 2776 meri.
341 2737 390 2776 Et
408 2747 434 2775 e
452 2747 669 2784 converso,
690 2737 882 2786 quamvis
901 2738 1027 2776 horno
1048 2748 1098 2777 ex
1115 2737 1245 2790 fragi-

199 2798 317 2837 litate
335 2798 424 2836 sine
445 2797 540 2836 dolo
563 2802 604 2836 et
622 2797 771 2836 fraude
790 2799 1151 2850 tergiversaretur,
1174 2800 1238 2839 in-

201 2858 373 2900 sinuans
407 2858 693 2897 difficultatem
718 2870 854 2905 suam,
881 2863 921 2898 et
940 2871 1094 2911 rogans
1117 2872 1240 2900 excu-

201 2919 284 2958 sari
305 2931 379 2969 per
399 2919 652 2958 ablationem
672 2920 888 2971 praecepti,
912 2932 1008 2960 cum
1030 2933 1241 2973 praepara—

203 2980 313 3020 tione
344 2984 482 3019 autem
510 2981 700 3030 parendi,
731 2981 763 3020 si
799 2982 999 3033 Superior
1027 2994 1112 3021 non
1145 2995 1247 3023 con-

199 3038 437 3087 descendat,
453 3044 552 3080 tunc
572 3053 656 3080 non
673 3046 735 3081 est
754 3046 971 3094 peccatum
986 3055 1130 3095 grave,
1144 3045 1240 3086 licet

200 3106 311 3141 esset
331 3102 592 3153 imperfectio
612 3114 780 3155 magna,
805 3108 846 3144 et
863 3104 968 3144 forte
990 3105 1117 3146 etiam
1145 3110 1238 3158 pec-

199 3167 338 3203 catum
355 3163 534 3202 veniale.

253 3226 318 3265 12.
350 3224 488 3266 Tertia
508 3225 828 3275 circumstantia,
843 3227 905 3268 irc
923 3230 1064 3281 quovis
1078 3229 1239 3271 mittan-

198 3286 474 3329 tur-Tertia
493 3285 801 3326 circumstantia
815 3289 939 3339 hujus
958 3291 1140 3330 materiae
1158 3294 1235 3342 est,

201 3351 246 3387 ut
263 3347 315 3387 sit
323 3347 581 3395 universalis,
594 3350 635 3386 et
652 3347 894 3388 indifferens
906 3350 960 3389 ad
975 3352 1114 3390 omnia
1128 3352 1234 3403 loca,

199 3413 242 3448 et
259 3408 312 3448 ad
337 3419 481 3448 omnes
503 3412 665 3460 gentes,
689 3410 990 3462 cujuscumque
1023 3412 1236 3465 religionis

199 3481 275 3510 seu
289 3469 508 3522 opinionis,
523 3471 606 3510 eive
619 3471 671 3511 act
682 3470 839 3512 Parcas
853 3473 1018 3522 (dicitur
1028 3474 1069 3513 in
1085 3475 1233 3528 Bulla),

198 3531 281 3571 sive
295 3532 350 3573 ad
363 3540 624 3584 quoscumque
641 3532 744 3572 alios
756 3533 945 3583 infideles,
961 3536 1134 3576 etiamin
1142 3549 1236 3589 par-

199 3591 304 3633 tibus
322 3603 422 3644 quas
444 3593 589 3634 Indiae
605 3595 760 3642 vocant,
777 3595 860 3635 sive
890 3595 944 3635 cd
979 3607 1237 3651 quoscumque

202 3653 422 3704 hereticos,
439 3654 731 3704 schismaticos,
750 3662 824 3697 ecit
847 3656 970 3698 etiam
1003 3657 1060 3699 ad
1076 3659 1237 3710 quosvis

571 268 651 306 ΗΒ.
672 267 728 303 Vl.
751 266 808 304 ΒΕ
825 265 1114 308 PROFESSIONE,
1133 265 1231 307 QUAE
1248 265 1294 301 m
1311 264 1537 301 souti-:Tus
1556 264 1636 306 m,
1656 262 1718 300 m*
1731 257 1991 305 mrnsrnc:

1302 333 1453 383 fideles.
1481 333 1571 376 Nec
1613 331 1816 374 intellexit
1854 330 2039 372 Societas

1302 393 1625 446 Constitutione)
1658 391 1951 448 particularem
1986 390 2156 446 utiquam
2184 387 2297 449 loss
2326 397 2349 434 ζ

1302 457 1371 497 sed
1384 458 1431 496 ut
1453 466 1528 508 por
1559 457 1688 497 orbem
1718 454 1763 497 tn
1790 454 1969 496 diversas
1990 456 2169 507 regiones
2195 461 2243 501 et·
2347 478 2352 482 -

1301 521 1598 569 spumei-entur.
1622 517 1700 559 Ubi
1721 516 1847 556 etiam
1863 515 2069 565 scribitur,
2090 517 2187 558 etin
2198 518 2227 560 d
2237 537 2244 554 ι
2297 562 2311 568 ,,
2332 523 2347 566 ,ἃ

1300 579 1460 619 ratione
1487 580 1623 632 mag-is
1646 579 1883 632 exponitur,
1905 579 1959 619 oh
1977 577 2088 619 hano
2121 581 2224 631 poti
2283 631 2286 634 Δ
2331 619 2334 623 ,

1301 653 1471 682 causam
1491 643 1736 683 Societatem
1767 645 1897 682 totam
1916 638 2146 682 decrevisse
2164 643 2251 696 pers
2268 670 2284 679 .-
2298 683 2308 694 ,
2332 683 2336 687 Δ

1301 707 1459 752 votum,
1479 704 1524 743 in
1555 707 1760 757 potestate
1791 703 1999 744 Pontificis
2025 704 2259 755 specialiter
2296 701 2306 758 ζ-

1303 768 1581 814 constituere3
1605 767 1803 819 quoniam
1832 778 1927 806 cum
1947 766 2081 818 majus
2103 766 2176 806 Dei
2207 770 2248 808 et
2285 771 2293 794 ·'
2308 807 2311 811 ,

1302 828 1383 869 tius
1404 828 1597 868 Ecclesiae
1614 827 1860 880 obsequium
1875 828 1917 868 in
1927 828 2212 880 proximorum
2222 835 2276 869 au
2292 850 2314 877 χ
2328 846 2334 874 ·.
2350 876 2352 878 q

1302 889 1358 928 lio
1381 893 1556 941 optaret,
1574 894 1615 930 et
1630 890 1842 942 ignoraret
1864 889 2033 930 ubinam
2062 901 2159 931 cum
2190 883 2289 943 maj
2330 902 2348 939 J

1301 951 1439 992 fructu
1475 953 1633 993 versari
1657 956 1819 1004 posset,
1846 954 2060 1004 negotium
2085 953 2164 992 hoc
2192 953 2273 993 Chr
2332 964 2334 968 ·

1302 1013 1464 1054 Vicario
1504 1014 1845 1054 committendum
1864 1013 2078 1065 Judicavit,
2124 1018 2212 1054 tum
2252 1032 2261 1050 ·
2282 1035 2315 1066 ι,
2340 1047 2345 1058 .

1302 1076 1376 1124 illi,
1401 1080 1447 1115 ut
1466 1077 1592 1116 totius
1621 1076 1814 1116 Ecclesiae
1837 1075 1974 1127 capiti,
1995 1076 2342 1131 11111361·66811113,Γ

1303 1149 1444 1178 rerum
1468 1150 1516 1178 ac
1538 1139 1832 1178 necessitatum
1846 1138 1970 1177 totius
1990 1137 2184 1177 Ecclesiae
2198 1138 2260 1178 fut
2311 1153 2336 1186 J

1303 1203 1420 1249 erat;
1443 1205 1531 1240 tum
1555 1201 1679 1240 etiam
1700 1201 1796 1252 quia
1824 1200 2074 1251 sperandum
2097 1201 2242 1240 merito
2261 1197 2318 1252 p'

1301 1263 1416 1309 tavit,
1448 1262 1782 1302 distributionem
1818 1262 2102 1302 ministrorum
2125 1262 2343 1314 sociem-4

1301 1335 1376 1376 per
1400 1324 1640 1364 Pontificem
1659 1324 1842 1364 futuram
1856 1335 1947 1363 esse
1965 1323 2179 1375 optimam,
2197 1326 2237 1364 et
2265 1333 2341 1365 ...·

1298 1386 1381 1437 jori
1402 1386 1552 1426 auxilio
1568 1387 1742 1438 Spiritus
1764 1387 1900 1426 Sancti
1919 1386 2091 1425 factam.
2305 1383 2307 1387 '
2329 1384 2337 1393 ⁰

1359 1449 1423 1487 13.
1455 1448 1705 1489 Extenditur
1724 1446 1830 1488 dicta
1850 1448 2172 1489 circumstantia.
2188 1468 2240 1478 *-
2257 1445 2341 1493 Une*

1304 1509 1358 1549 de
1377 1509 1502 1548 etiam
1523 1508 1583 1557 fit,
1616 1513 1662 1549 ut
1695 1521 1746 1548 ex
1780 1508 1820 1548 vi
1852 1509 1977 1561 hujus
2004 1510 2086 1549 voti
2120 1513 2340 1552 teneantur

1305 1571 1480 1622 professi
1501 1570 1731 1620 Societatis,
1753 1571 1787 1611 si
1816 1569 2001 1610 Pontifici
2033 1571 2167 1611 visum
2200 1569 2342 1634 1116111ἱ

1305 1633 1464 1672 nullum
1490 1632 1645 1672 habere
1674 1636 1834 1672 certum
1862 1630 2131 1680 domicilium,
2154 1633 2232 1672 sed
2258 1633 2343 1677 huc,

1305 1694 1487 1745 illucque
1513 1694 1764 1743 discurrere,
1797 1706 1860 1742 ac,
1893 1694 1926 1732 si
1963 1693 2204 1744 oportuerit,
2225 1692 2342 1737 extre

1306 1755 1522 1797 societatis
1543 1755 1689 1795 domos
1708 1755 1904 1795 diuturno
1930 1759 2116 1807 tempore
2133 1752 2345 1809 habitare,-

1306 1829 1357 1858 eo
1385 1817 1498 1870 quod
1528 1817 1580 1856 ad
1609 1818 1768 1857 bonum
1792 1817 2026 1856 animarum
2047 1815 2252 1868 expediat.
2277 1817 2344 1865 lte

1303 1883 1349 1918 ut
1368 1879 1435 1918 hic
1454 1878 1619 1918 vivendi
1633 1879 1782 1918 modus
1795 1890 1881 1917 non
1902 1879 1952 1918 sit
1968 1880 2136 1918 omnino
2155 1874 2342 1919 accidens*

1302 1939 1456 1989 tarius,
1480 1951 1556 1979 seu
1580 1944 1694 1980 extra
1728 1939 1989 1980 latitudinem
2015 1941 2205 1990 instituti,
2235 1933 2339 2002 sicut

1304 2006 1411 2041 esset
1432 2002 1475 2040 in
1495 2001 1588 2040 aliis
1606 2001 1891 2054 religionibuS‚
1915 2001 1988 2042 sed
2005 2002 2056 2042 sit
2075 2015 2151 2054 per
2167 2015 2211 2042 se
2230 2013 2339 2043 com-1

1302 2066 1536 2116 prehensus
1579 2069 1619 2104 et
1659 2066 1814 2104 electus
1849 2065 1902 2104 ad
1936 2065 2064 2104 finem
2098 2059 2341 2131 8661616ῒίεῄ

1303 2132 1476 2178 propter
1499 2125 1611 2177 quod
1637 2126 1689 2166 de
1722 2126 1918 2178 professis
1948 2127 2126 2167 dicitur'
2116 2139 2158 2166 m
2192 2114 2341 2179 quarta,

1301 2193 1420 2237 parte
1450 2188 1824 2237 Constitutionum,
1850 2200 1883 2228 c.
1918 2190 1958 2238 2,
1981 2189 2003 2241 ἓ
2032 2191 2072 2236 4,
2093 2189 2152 2228 lit.
2185 2190 2231 2236 B,
2262 2186 2345 2235 nod

1300 2249 1441 2290 habere
1458 2249 1642 2289 stabilem
1662 2249 1978 2296 habitationem;
2005 2250 2071 2290 et'
2061 2263 2103 2289 111
2121 2238 2343 2301 Ε11111111116ςἔ

1301 2322 1335 2350 c.
1349 2312 1389 2356 4,
1409 2310 1565 2349 debere
1583 2323 1675 2350 esse
1688 2315 1855 2362 paratos
1870 2310 1923 2351 ad
1935 2311 2247 2351 discurrendum
2262 2310 2343 2375 per‘

1300 2384 1591 2424 quascumque
1606 2373 1751 2412 mundi
1772 2378 1927 2426 partes,
1949 2378 2070 2425 prout
2087 2386 2112 2414 a
2141 2362 2339 2430 Pontificqf

1299 2435 1364 2474 vel
1384 2434 1607 2486 Superiore
1627 2434 1752 2475 fuerit
1770 2435 2016 2487 injunctum.

1354 2497 1418 2536 44.
1436 2495 1503 2537 An
1522 2508 1697 2538 recessus
1720 2497 1768 2538 ab
1783 2498 1917 2551 atiquo
1930 2496 2012 2539 loco
2029 2500 2174 2549 spectet
2186 2497 2241 2540 ad
2249 2480 2338 2559 ratu-J

1297 2557 1441 2599 tertam
1450 2556 1676 2610 kmusvott
1681 2558 1867 2605 ——Quaeri
1882 2571 1981 2599 vero
1994 2558 2164 2599 tandem
2182 2561 2338 2621 potest,

1298 2631 1351 2658 an
1374 2620 1453 2660 sub
1476 2619 1554 2660 hac
1579 2621 1752 2660 materia
1784 2620 2030 2661 missionum
2059 2612 2339 2672 661691611611ε·

1297 2679 1449 2721 dantur
1468 2693 1553 2722 non
1575 2683 1710 2721 solum
1731 2687 1849 2722 actus
1872 2682 2015 2730 eundi,
2033 2682 2107 2721 sed
2127 2681 2252 2722 etiam
2266 2695 2288 2722 r

1286 2741 1470 2790 deundi,
1501 2752 1577 2781 seu
1613 2743 1835 2783 recedendi
1872 2743 1927 2783 ab
1957 2743 2095 2795 aliquo
2129 2742 2243 2792 loco,
2266 2752 2294 2784 v

1296 2803 1419 2842 etiam
1443 2802 1609 2855 negatio
1640 2816 1725 2842 non
1752 2802 1876 2843 eundi
1909 2804 1951 2843 in
1983 2800 2164 2855 aliquam
2197 2806 2286 2858 regi

1296 2875 1410 2911 nem,
1432 2864 1487 2902 ita
1508 2868 1553 2903 ut
1574 2876 1625 2904 ex
1646 2864 1685 2904 vi
1706 2866 1831 2919 hujus
1850 2866 1932 2905 voti
1950 2866 2080 2918 possit
2100 2866 2180 2906 hoc
2197 2808 2340 2939 Ροῃξξ

1295 2924 1365 2964 fex
1383 2925 1631 2976 praecipere,
1653 2926 1815 2966 secluso
1835 2927 1916 2967 alio
1940 2926 2058 2968 titulo
2078 2920 2333 2980 jurisdicti·.=

1295 2985 1370 3025 nis.
1395 2985 1469 3025 Hic
1484 2987 1594 3026 enim
1612 2986 1777 3028 videtur
1795 3001 1880 3028 non
1902 2990 2213 3042 comprehendi,
2232 2997 2321 3043 quiz*
2323 3015 2337 3030 -

1293 3044 1336 3086 in
1352 3045 1490 3099 rigore
1511 3049 1574 3088 hee
1591 3054 1687 3089 sunt
1712 3062 1780 3089 res
1801 3050 2015 3101 distinctae,
2042 3050 2099 3092 ita
2131 3056 2176 3093 ut
2200 3059 2266 3092 net
2290 3043 2337 3089 :²3

1292 3107 1350 3148 tio
1372 3120 1446 3149 seu
1461 3122 1650 3150 recessus
1668 3123 1752 3151 non
1770 3113 2146 3164 comprehendatur
2162 3106 2352 3184 proprj&¹

1294 3170 1371 3210 sub
1386 3173 1555 3212 nomine
1571 3173 1801 3224 missionis,
1822 3175 1996 3215 materia
2017 3179 2157 3216 autem
2176 3173 2259 3215 voti

1292 3234 1587 3285 proprietatem
1607 3235 1830 3275 verborum
1849 3236 2064 3276 limitanda
2084 3240 2160 3277 est.
2179 3226 2316 3293 Aliii'ir:

1293 3293 1344 3333 de
1374 3299 1529 3343 autem,
1558 3297 1770 3336 moraliter
1796 3297 1887 3338 haec
1919 3291 2237 3347 considerando,
2284 3298 2311 3339 ἐἰ
2326 3310 2333 3315 ·
2350 3332 2352 3342 ,

1292 3355 1443 3396 dentur
1462 3357 1584 3409 plane
1603 3357 1671 3397 vel
1700 3370 1790 3398 esse
1823 3359 2010 3411 ejusdem
2041 3371 2082 3398 16
2077 3357 2225 3408 tionis,
2283 3356 2304 3378 ³
2349 3352 2352 3406 Ξ

1291 3416 1346 3457 ita
1376 3429 1588 3469 connexa,
1608 3424 1759 3460 utnon
1782 3421 1912 3472 possit
1931 3421 2107 3460 alterum
2128 3419 2216 3460 sine
2240 3424 2295 3482 ql}
2350 3416 2352 3463 1

1290 3480 1487 3532 promitti.
1507 3481 1757 3533 Respondeo
1774 3482 1993 3534 dupliciter
2010 3494 2132 3536 posse
2153 3470 2291 3534 ΡτωζΜ

1290 3552 1502 3582 recessum
1522 3542 1575 3582 ab
1591 3543 1731 3594 aliquo
1749 3543 1871 3584 loco·
1886 3543 2035 3614 primo,
2057 3546 2229 3606 propter
2253 3540 2306 3595 ι’ξᾎ,
2343 3557 2347 3565 ·

1289 3603 1496 3643 vationem
1511 3605 1679 3644 termini
1695 3617 1720 3644 a
1737 3617 1835 3657 quo,
1855 3603 2068 3657 primario,
2089 3614 2138 3644 ac
2153 3607 2233 3658 per

1290 3661 1498 3716 Secundo,
1515 3669 1687 3718 propter
1701 3666 1927 3707 terminum
1942 3665 1998 3706 ad
2013 3669 2152 3719 quem,
2172 3662 2219 3705 id
2247 3681 2281 3706 22
2345 3678 2349 3686 ¹
