2352 3880
1541 0 1544 1 ’
1567 0 1693 34 [ft->siit
1717 0 1893 38 4⁴·1A2t‘·
1942 17 1947 22 θ
1964 0 1966 2 ’
1984 5 1988 11 -
2015 0 2022 7 ⁴
2054 0 2060 8 ¹

286 243 291 245 Α
317 167 319 169 ¹
357 187 450 233 cAP.
462 192 528 232 ³IV.
549 196 651 238 Qum
663 195 783 231 unt-:n
802 194 1010 231 RBE-mm
1025 193 1195 230 msstm
1213 194 1257 230 m
1277 194 1460 230 amotum
1481 194 1854 238 SACBAMENTORUH',
1871 190 1966 231 mc,
1982 189 1986 192 Δ
2110 196 2218 239 ⁴10ss

21 259 47 275 '·
83 260 111 290 ⁵³·
217 307 219 309 ,
239 264 342 319 m
355 267 471 306 extra
489 263 783 304 necessitatem
801 261 913 302 solus
931 261 1137 314 parochus
1191 263 1332 301 autem
1355 261 1494 301 locum
1519 262 1690 312 habent,
1712 262 1912 315 quamdiu
1929 263 1974 303 in
1994 263 2077 304 illis
2089 267 2225 318 regio-

70 378 75 383 .
147 358 150 360 ,
175 346 217 362 Η,
255 327 330 379 jus
358 325 597 378 baptizandi
618 335 633 376 ;
667 327 712 365 et
735 323 1003 376 privilegium
1033 323 1138 363 nihil
1189 323 1315 363 nibus
1345 336 1431 364 nen
1450 329 1546 364 sunt
1569 325 1752 366 fundatoe
1778 327 1987 376 Ecclesiae,
2005 327 2052 367 in
2070 329 2223 380 quibus
2300 323 2315 342 ⁸
2345 328 2349 329 ⁷

20 398 33 430 f
61 436 76 444 q
98 388 295 441 moeffit
321 391 466 428 contra
484 387 564 427 hoc
578 387 665 438 jus,
685 386 805 438 juxta
823 386 999 426 verbum
1015 383 1132 435 illud,
1188 385 1272 425 sint
1287 386 1446 437 proprii
1463 387 1668 439 Episcopi,
1703 388 1768 428 vel
1796 390 1984 440 parochi,
2003 401 2106 430 nam
2123 395 2224 432 tune
2267 400 2274 408 ·

24 450 25 453 ’
55 474 72 502 >1
98 450 191 498 m
205 450 449 502 praejudicio,
463 449 589 490 tertii.
611 448 724 488 Sicut
746 447 856 486 enim
877 458 1004 499 supra
1027 446 1136 486 dice-
1189 451 1326 487 ccssat
1344 449 1585 498 necessitas,
1601 450 1698 500 quia
1709 451 1769 490 eis
1778 433 2232 509 ministeriumimum-}

19 515 27 521 ⁹
62 516 82 570 ,ζ
95 513 268 563 Damus,
279 513 350 564 jus
361 511 622 552 ministrandi
635 509 934 549 Eucharistiam
947 514 1135 562 tempore
1189 507 1264 556 bit,
1281 512 1322 548 et
1336 509 1424 560 jam
1446 509 1664 550 intercedit
1685 513 1969 563 praejudicium
1985 514 2110 578 fffl'ffis
2131 515 2232 568 sino„

26 575 30 580 ’
55 580 70 626 ξ,
98 573 362 616 necessitatis
395 573 522 612 divini
541 575 612 611 aut
641 571 906 610 ecclesiastici
927 570 1131 623 praecepti,

101 648 196 678 esse
230 635 336 676 adeo
368 633 581 686 proprium
611 633 829 684 pastoralis
858 633 1134 681 mnneris,ut

101 702 248 739 contra
272 695 377 735 illud
393 695 573 734 noluerit
591 694 774 733 Ecclesia
797 694 1012 746 privilegia
1041 705 1135 733 con-

101 759 268 806 cedere,
297 757 355 796 ita
367 756 514 807 majori
532 756 694 796 ratione
707 756 982 807 judicandum
1001 759 1064 796 est
1082 755 1137 795 de

45 815 50 820 ’
101 820 195 872 iure
216 819 469 870 baptizandi,
490 819 585 870 quia
607 818 842 869 Baptismus
857 819 987 857 multo
1001 817 1135 868 magis

101 881 363 922 necessarius
383 883 446 919 est
466 892 516 919 ex
534 879 672 918 divino
686 881 797 931 jure,
821 884 861 920 et
878 881 976 931 quia
997 891 1073 931 per
1087 879 1136 918 il-

45 951 47 954 “
101 942 189 985 lum
208 942 481 981 admittuntur
500 941 691 980 homines
711 943 753 980 in
775 942 978 993 gremium
996 940 1137 981 Eccle-

103 1004 189 1052 siae,
210 1003 322 1054 quod
339 1003 519 1042 maxime
538 1004 717 1055 pertinet
733 1003 783 1042 ad
805 1003 914 1042 illius
931 1006 1132 1054 pastores.

104 1065 222 1106 Unde
242 1065 409 1105 tandem
427 1065 699 1112 concluditur,
716 1064 816 1103 nihil
838 1064 1016 1115 speciale
1041 1075 1137 1101 con-

102 1138 268 1167 cessum
283 1139 373 1166 esse
394 1127 604 1174 Societati,
620 1126 757 1177 quoad
770 1125 1046 1164 ministerium
1059 1123 1136 1161 hu-

105 1190 171 1241 jus
190 1188 459 1236 sacramenti,
482 1189 628 1227 saltem
647 1199 722 1239 pro
740 1187 804 1226 his
820 1185 1077 1238 regionibus,
1094 1185 1137 1223 in

104 1250 252 1302 quibus
273 1250 454 1288 Ecclesia
481 1250 581 1288 satis
598 1249 774 1287 fundata
793 1251 881 1295 est;
907 1247 1019 1298 quia,
1040 1247 1138 1286 licet

103 1311 149 1352 in
180 1311 426 1350 necessitate
449 1310 608 1362 possint
633 1310 812 1360 religiosi
833 1309 1048 1349 Societatis
1066 1308 1137 1346 ba·

103 1373 257 1426 ptizare
284 1372 372 1411 sine
394 1371 668 1418 solemnitate,
691 1371 770 1410 hoc
789 1383 873 1410 non
894 1374 955 1409 est
974 1369 1139 1421 privile-

102 1436 233 1487 gium,
257 1434 330 1473 sed
350 1445 571 1472 commune
587 1433 670 1484 jus.
687 1434 736 1472 Et
754 1432 849 1472 ideo
871 1433 913 1471 in
933 1434 1138 1482 Compen-

102 1497 171 1537 dio
193 1496 422 1542 Societafis,
443 1495 558 1534 verb.
584 1494 850 1535 Sacramenta
864 1524 873 1541 ,
895 1493 1138 1532 adnotatum

102 1564 167 1600 est
186 1559 229 1598 id
247 1569 368 1609 posse
390 1560 555 1596 nostros
578 1556 717 1606 quoad
748 1557 824 1594 hoc
850 1555 895 1593 in
918 1555 1139 1594 necessita-

103 1625 161 1670 te,
179 1620 291 1670 quod
303 1621 373 1671 jus
390 1630 611 1658 commune
630 1617 771 1656 habet.
791 1617 986 1662 Quamvis
1007 1618 1048 1654 in
1069 1616 1140 1655 tali

101 1682 276 1724 articulo
304 1681 478 1720 fortasse
508 1679 790 1730 praeferendus
825 1682 934 1717 esset
956 1678 1141 1717 minister

104 1743 336 1790 societatis,
360 1742 522 1781 ratione
548 1740 769 1792 privilegii,
800 1744 844 1778 ut
870 1739 1007 1778 statim
1029 1739 1138 1779 circa

103 1803 605 1850 Extremam-Unctionem
626 1802 857 1859 explicabo,
877 1813 993 1843 num.
1016 1802 1068 1852 9,
1094 1801 1140 1842 in

102 1865 206 1908 fine.

155 1926 205 1972 5.,
229 1921 457 1968 Seczmdnm
478 1922 798 1977 pronuntiatum.
817 1937 871 1953 .-
898 1921 1083 1970 Deindo,
1104 1923 1138 1963 si

102 1987 313 2036 societati,
330 1988 396 2027 vel
416 1987 625 2037 aliquibus
648 1985 847 2036 operariis
865 1986 966 2035 ejus,
996 1985 1138 2036 populi

104 2050 232 2101 aliqui
252 2048 462 2089 commissi
483 2049 579 2092 sint,
596 2052 695 2087 tunc
713 2047 922 2096 baptizare
943 2050 1139 2097 poterunt

106 2112 230 2154 etiam
247 2123 341 2150 cum
355 2109 629 2156 solemnitate,
647 2121 731 2147 non
747 2120 796 2146 ex
814 2107 1044 2159 privilegio,
1065 2108 1138 2147 sed

73 2178 75 2180 ’
107 2175 265 2226 exjure
282 2172 509 2220 communi,
529 2184 621 2222 cap.
642 2172 801 2215 Doctae,
821 2171 886 2218 16,
907 2182 946 2220 q.
966 2172 987 2210 1
1007 2183 1016 2217 ;
1040 2181 1139 2209 nam

103 2236 266 2278 tatione
293 2234 479 2273 muneris
499 2232 708 2273 commissi
728 2231 963 2271 necessario
990 2242 1139 2270 conve-

102 2298 167 2339 nit
193 2296 288 2335 talis
317 2296 507 2335 facultas.
535 2295 671 2344 Atque
702 2293 782 2332 hoc
809 2293 934 2332 modo
967 2297 1141 2343 possunt

105 2357 238 2399 nostri
258 2357 511 2404 sacerdotes,
526 2355 598 2406 qui
614 2355 655 2394 in
669 2354 788 2393 terris
805 2353 1031 2394 Gentilium
1047 2364 1142 2393 vcr-

105 2424 252 2460 santur
267 2449 278 2467 ,
310 2418 371 2458 eis
391 2417 649 2468 Baptismum
670 2416 932 2465 ministrare,
955 2414 1066 2465 quia,
1090 2426 1143 2454 eo

106 2481 201 2533 ipso
231 2479 343 2531 quod
380 2478 435 2518 ad
468 2477 781 2529 praedicandum
814 2477 1008 2527 gentibus
1032 2507 1045 2524 ,
1076 2477 1143 2516 vel

107 2542 200 2581 aliis
227 2539 465 2579 infidelibus
498 2539 741 2584 mittuntur,
766 2534 825 2576 eis
853 2537 1138 2585 committitur,

105 2608 154 2644 ut
173 2603 228 2644 ad
245 2602 471 2642 Ecclesiam
496 2601 697 2650 recipiant
719 2599 790 2650 qui
816 2598 977 2650 ingredi
998 2599 1142 2638 volue-

106 2659 216 2713 rint,
249 2665 392 2714 eisque
425 2661 702 2702 demandatur
729 2663 817 2699 tota
847 2671 946 2698 cura
974 2660 1141 2698 illarum

108 2728 357 2768 animarum.
376 2725 657 2774 Praeterquam
677 2722 790 2773 quod
810 2722 933 2761 etiam
959 2722 1016 2761 ibi
1042 2733 1141 2761 con-

109 2790 235 2830 currit
256 2788 399 2828 titulus
428 2785 703 2833 necessitatis,
724 2784 823 2835 quia
841 2795 925 2822 non
948 2787 1046 2822 sunt
1074 2783 1143 2823 alii

108 2850 284 2892 ministri
314 2861 339 2888 a
371 2847 523 2898 quibus
556 2851 702 2898 gentes
736 2845 816 2885 illae
860 2845 1140 2896 baptizentur.

109 2909 229 2952 Unde
249 2910 372 2951 etiam
393 2909 449 2948 ihi
468 2908 623 2947 habere
652 2911 787 2959 potest
806 2907 946 2946 locum
972 2905 1144 2957 privile-

109 2973 226 3025 &mn
245 2971 361 3012 Pauli
384 2971 451 3018 111,
471 2969 568 3021 quia
587 2969 680 3008 talis
702 2969 938 3019 Baptismus
961 2969 1047 3007 sine
1065 2966 1147 3007 ali·

111 3035 232 3086 ujus·
243 3032 477 3085 praejudicio
493 3031 629 3077 datur,
650 3043 744 3070 cum
761 3030 820 3069 ibi
836 3029 992 3081 proprii
1004 3031 1144 3080 pasto-

110 3101 186 3136 m
200 3095 436 3134 animarum
450 3105 535 3132 non
554 3093 834 3138 inveniantur,
858 3094 1007 3141 praeter
1027 3091 1145 3130 Sum·

110 3166 228 3199 mum
242 3155 498 3202 Pontificem,
517 3154 635 3204 cujus
651 3151 827 3204 proximi
851 3150 1031 3202 delegati
1047 3153 1148 3190 sunt.

114 3218 243 3261 nostri
289 3216 596 3267 praedicatores.
636 3215 748 3254 Inter
792 3216 957 3251 nostros
1002 3215 1144 3250 autem

88 3277 320 3331 'joportebit
337 3276 722 3316 subordinationem
741 3274 914 3321 servari,
927 3284 1014 3312 non
1032 3273 1144 3312 enim

95 3339 310 3390 {amnibus
336 3337 431 3377 haee
446 3348 548 3376 cura
571 3348 688 3387 aeque
708 3336 861 3376 tributa
881 3338 958 3382 est,
979 3333 1054 3372 sed
1082 3333 1145 3373 iin-

54 3406 56 3411 '
180 3400 191 3409 ⁶
222 3398 337 3438 ribus
350 3409 426 3448 per
441 3397 680 3447 Superiores
694 3407 708 3447 ;
727 3401 769 3437 et
784 3397 841 3436 ita
858 3394 1144 3444 unusquisque

53 3474 57 3477 ’
92 3468 100 3481 ·
153 3467 280 3500 ‘ntum
298 3458 466 3498 babebit
483 3458 714 3509 potestatis,
731 3461 934 3510 quantum
960 3456 999 3496 ei
1023 3455 1150 3497 fuecit

67 3557 71 3560 .
104 3519 381 3573 *pauperiore
398 3518 686 3561 commissum.

103 3577 1149 3649 mmmmwpraeoedmsmnummt-an

59 3741 153 3880 Ξ

147 3794 164 3806 ,

1187 570 1385 610 facultate
1406 571 1585 622 pastoris
1601 571 1709 611 illius
1727 574 2004 615 ministerium
2022 588 2225 629 usurpau-

1189 631 1259 671 do.
1281 632 1422 672 Cessat
1441 632 1618 684 denique
1642 634 1781 682 quoad
1801 634 1908 675 hanc
1923 640 2086 688 partem
2111 639 2227 680 del&

1191 694 1300 746 gatio
1318 694 1448 743 facta3
1470 707 1570 732 nam
1589 695 1858 746 intelligenda
1878 702 1941 737 est
1965 700 2099 739 solum
2117 701 2233 750 fieri,-

1190 755 1389 807 quamdiu
1414 755 1609 795 ordinarii
1635 761 1826 807 pastores
1848 757 2059 800 deficiunt.
2089 741 2235 831 Atque‘j

1192 818 1340 858 eodem
1360 817 1485 857 modo
1512 818 1783 869 intelligenda
1805 830 1897 857 esse
1927 820 2074 871 opinor
2103 820 2229 872 privia-

1189 878 1315 930 legia,
1336 891 1427 930 quae
1449 891 1468 917 a
1500 878 1637 918 Leone
1660 881 1710 926 X,
1737 879 1863 918 Paulo
1890 879 1943 919 III
1970 884 2010 919 et
2030 881 2099 928 IV,
2122 882 2228 922 refe-

1189 944 1339 978 runtur
1370 952 1568 980 concessa
1595 940 1806 979 nonnullis
1833 941 2039 992 religiosis
2066 943 2229 983 mendi-

1191 1001 1380 1040 cantibus
1398 1004 1428 1051 1,
1450 1006 1495 1040 ut
1514 1001 1622 1040 inter
1640 1002 1764 1041 Indos
1785 1006 1826 1041 et
1853 1002 2042 1042 infideles
2068 1004 2228 1054 possint

1189 1062 1400 1113 baptizare
1440 1075 1511 1102 eos
1549 1063 1619 1113 qui
1656 1063 1711 1101 ad
1744 1063 1871 1102 fidem
1904 1067 2225 1113 convertuntur;

1192 1136 1358 1175 semper
1379 1124 1490 1164 enim
1514 1125 1612 1163 talia
1635 1125 1851 1176 privilegia
1871 1125 1958 1165 sine
1990 1126 2229 1177 praejudicio

1191 1187 1316 1232 tertii,
1334 1189 1374 1224 et
1394 1186 1482 1224 sine
1502 1186 1746 1225 confusione
1768 1192 1808 1226 et
1827 1187 2139 1237 perturbatione
2167 1199 2231 1228 ec·-

1189 1247 1409 1287 clesiastici
1440 1247 1597 1286 ordinis
1618 1248 1891 1299 intelligenda
1923 1254 2039 1296 sunt,
2064 1254 2105 1288 et
2136 1249 2230 1290 ideo

1190 1320 1266 1361 pro
1287 1309 1366 1347 illis
1382 1309 1484 1347 locis
1505 1309 1670 1354 dantur,
1684 1322 1775 1360 quae
1795 1315 1936 1349 carent
1947 1311 2125 1361 propriis
2139 1323 2230 1362 pas-

1191 1370 1366 1419 toribus,
1392 1374 1432 1409 et
1449 1370 1641 1422 parochis
1663 1371 1862 1410 distinctis
1883 1371 1936 1410 ab
1953 1371 2055 1422 ipsis
2069 1371 2232 1425 religio-

1192 1433 1271 1479 sis;
1293 1432 1473 1483 ideoque
1492 1432 1558 1470 ubi
1574 1431 1767 1471 Ecclesiae
1783 1437 1877 1472 sunt
1892 1433 2092 1481 fundatae,
2117 1436 2233 1486 etju-

1193 1493 1455 1533 risdietiones
1477 1499 1572 1532 sunt
1593 1493 1808 1542 distinctae,
1838 1498 1878 1533 et
1897 1495 2037 1546 populi
2055 1497 2233 1547 propriis

1193 1556 1386 1607 parochis
1418 1556 1629 1594 commissi
1663 1559 1781 1603 sunt,
1816 1568 1901 1594 non
1934 1561 2106 1607 possunt
2139 1558 2233 1597 reli-

1195 1617 1299 1669 giosi
1320 1629 1370 1655 ex
1390 1617 1429 1655 vi
1448 1617 1589 1655 talium
1610 1617 1923 1667 privilegiorum
1943 1617 2152 1668 baptizare
2172 1630 2232 1656 so·-

1193 1678 1388 1717 lemniter
1410 1678 1533 1716 etiam
1553 1678 1594 1716 in
1624 1679 1708 1716 suis
1728 1678 1939 1726 Ecclesiis,
1962 1679 2050 1717 sine
2067 1679 2234 1718 licentia

1195 1741 1488 1791 parochorum,
1520 1751 1658 1789 neque
1690 1740 1815 1778 etiam
1847 1740 2052 1790 privatim,
2084 1740 2165 1778 nisi
2190 1740 2234 1778 in

1194 1801 1365 1841 articulo
1387 1801 1661 1840 necessitatis.
1689 1801 1806 1846 Quod
1827 1801 1952 1840 etiam
1981 1813 2031 1839 ex
2059 1801 2144 1839 fine
2174 1802 2235 1840 ta-

1193 1863 1296 1903 lium
1315 1863 1627 1914 privilegiorum
1652 1863 1827 1912 intelligi
1854 1866 2010 1913 potest3
2041 1862 2236 1902 ordinan-

1194 1929 1261 1964 tur
1279 1924 1390 1962 enim
1406 1924 1459 1962 ad
1470 1924 1786 1962 convenientem
1801 1923 1895 1962 [idei
1916 1924 2234 1973 plantationem,

1194 1989 1235 2024 et
1254 1986 1598 2036 propagationem
1616 1984 1659 2022 in
1677 1984 1757 2022 illis
1776 1984 2037 2035 regionibus;
2056 1985 2109 2024 ad
2127 1986 2236 2024 hunc

1193 2051 1334 2086 autem
1353 2046 1481 2085 finem
1510 2058 1594 2086 non
1623 2049 1685 2084 est
1704 2046 2007 2093 necessarium,
2037 2058 2115 2084 nec
2138 2058 2237 2085 con-

1193 2108 1380 2154 veniens,
1399 2110 1444 2146 ut
1462 2107 1741 2158 usurpentjus
1754 2107 2047 2157 parochorum,
2068 2108 2236 2157 quando

1194 2169 1272 2208 illis
1288 2170 1376 2219 jam
1406 2181 1504 2207 cura
1523 2168 1743 2206 commissa
1782 2172 1857 2206 est.
1882 2169 1932 2206 Et
1953 2168 2046 2206 idco
2069 2169 2164 2207 Pius
2184 2168 2235 2216 V,

1195 2243 1306 2270 anno
1328 2230 1488 2268 Domini
1513 2231 1626 2278 1567,
1653 2229 1771 2279 quasi
1792 2230 2070 2280 interpretans
2100 2231 2237 2280 priora

1197 2293 1371 2340 indulta,
1395 2292 1530 2330 solum
1553 2291 1755 2330 concessit
1775 2291 1979 2342 religiosis
1998 2295 2043 2330 ut
2077 2292 2237 2341 possint

1194 2354 1405 2404 baptizare
1426 2353 1469 2391 in
1496 2353 1599 2391 locis
1619 2353 1784 2391 illarum
1810 2353 2030 2402 regionum
2050 2351 2237 2402 ipsorum

1194 2428 1304 2454 curae
1325 2413 1571 2462 commissis,
1604 2412 1671 2452 vel
1706 2413 2035 2459 committendi53
2061 2425 2160 2465 ergo
2192 2413 2238 2452 in

1195 2477 1258 2516 his
1280 2487 1370 2526 quae
1397 2476 1572 2514 aliorum
1592 2486 1701 2513 curae
1726 2474 1947 2513 commissa
1976 2478 2087 2521 sunt,
2114 2486 2159 2513 se
2178 2474 2237 2513 in-

1193 2538 1424 2576 tromittere
1444 2548 1530 2574 non
1556 2535 1725 2574 debent.
1755 2535 1874 2580 Quod
1901 2536 1990 2585 ipsa
2012 2536 2137 2573 etiam
2172 2547 2237 2574 ra·-

1193 2598 1251 2637 tio
1266 2596 1466 2636 naturalis
1482 2596 1683 2646 postulat3
1706 2608 1803 2634 nam
1820 2596 1892 2634 ubi
1911 2596 2053 2646 populi
2066 2595 2124 2634 illi
2141 2599 2236 2635 sunt

1193 2659 1304 2698 inter
1335 2657 1553 2708 religiosos
1588 2657 1852 2696 diversorum
1881 2657 2074 2695 ordinum
2103 2656 2236 2695 distri-

1193 2719 1300 2767 buti,
1329 2719 1467 2771 jurgia
1494 2719 1602 2757 inter
1629 2729 1701 2757 eos
1737 2718 2029 2766 excitarentur,
2062 2718 2096 2756 si
2128 2729 2236 2756 unus

1195 2781 1319 2820 vellet
1335 2780 1544 2831 baptizare
1561 2779 1605 2818 in
1624 2779 1778 2830 populo
1797 2779 1917 2818 alteri
1933 2778 2180 2825 commisso·,
2196 2782 2238 2817 et

1197 2842 1348 2894 singuli
1368 2842 1512 2881 volunt
1523 2841 1593 2892 jus
1616 2853 1738 2880 suum
1760 2840 1936 2888 servari3
1962 2840 2116 2878 debent
2136 2850 2236 2890 ergo

1195 2904 1323 2946 etiam
1341 2903 1419 2954 ipsi
1438 2903 1616 2941 aliorum
1631 2902 1728 2953 jura
1748 2913 1932 2950 servare,
1952 2902 2037 2942 sive
2052 2900 2123 2940 alii
2142 2900 2236 2940 reli-

1195 2966 1302 3022 giosi
1319 2965 1413 3012 sint,
1434 2965 1521 3004 sive
1536 2965 1745 3003 seculares
1764 2964 1918 3003 clerici.

1245 3029 1294 3067 ¹7.
1323 3027 1505 3068 Tertium
1531 3026 1853 3078 pronuntiatum.
1873 3046 1925 3055 ·—
1942 3022 2035 3065 Hoc
2060 3032 2234 3074 promm-

1194 3084 1346 3132 flatum
1357 3088 1425 3129 abi
1441 3087 1610 3127 mascrime
1627 3087 1754 3127 locum
1771 3086 2079 3126 habeam-Haec
2094 3088 2234 3121 autem

1197 3150 1379 3191 maxime
1397 3149 1536 3189 locum
1550 3148 1705 3187 habent
1720 3147 1859 3199 quoad
1872 3147 2126 3198 Baptismum
2144 3155 2234 3195 par-

1197 3213 1392 3254 vulorum
1413 3241 1425 3261 ‚
1458 3211 1529 3262 qui
1570 3222 1622 3250 ex
1659 3210 1852 3249 fidelibus
1895 3209 1984 3259 jam
2016 3204 2232 3256 baptizatis

1199 3276 1410 3325 oriuntur3
1439 3285 1539 3313 nam
1572 3272 1607 3312 si
1639 3276 1833 3324 parentes
1863 3269 2021 3309 habent
2052 3268 2232 3316 aliquem

1198 3336 1411 3389 proprium
1447 3333 1677 3387 parochum
1695 3362 1709 3381 ,
1743 3332 1796 3370 ad
1833 3331 1951 3370 illum
1987 3329 2073 3368 sine
2106 3324 2231 3364 dubio

1200 3401 1356 3449 spectat
1383 3397 1596 3448 baptizare
1614 3394 1720 3434 filios
1740 3404 1908 3439 eorum;
1934 3392 1974 3429 et
2001 3384 2231 3439 procedunt

1200 3459 1355 3504 omnia,
1371 3470 1463 3509 quae
1481 3457 1663 3497 diximus
1690 3465 1867 3494 numero
1885 3446 2146 3502 praecedenti.
2169 3446 2231 3486 De

1253 3573 1270 3604 ⁸
1295 3576 1547 3620 &feruntur
1563 3587 1590 3616 a
1606 3572 1826 3622 Roderico,
1848 3581 1891 3621 q.
1911 3568 1978 3618 31,
1997 3568 2082 3607 art>
2096 3562 2146 3617 ξε
