2352 3880
204 176 221 221 ⁴·
243 163 304 226 ³3
312 202 408 242 ωΡ.
426 204 457 240 1.
479 196 578 245 Quin
596 199 767 238 Possim·
787 200 842 237 ac
860 197 1058 237 nanum
1071 181 1276 234 numerosi
1296 197 1534 233 sociamus
1552 198 1606 232 Ρὶὶ
1611 197 1793 239 Εειὶιὶὶὶ.
1813 199 1895 237 ure

78 276 81 283 ⁴
345 267 860 321 ,distinguiininteriora‚
878 278 953 305 seu
968 275 1083 304 mere

118 274 295 380 statilia,
316 337 357 372 et
391 336 576 372 externa.
609 324 760 370 Prioris
792 327 958 379 generis
989 327 1084 365 sunt

22 392 30 406 ’
75 403 211 440 §aum
227 395 320 435 vitae
341 392 602 444 exemplum,
633 393 774 430 sancta
793 388 1022 435 desideria,
1043 387 1084 426 et

70 480 87 497 ³·
115 478 117 494 ε
160 468 261 498 ones
290 455 494 495 continuae
522 464 596 505 pro
621 451 753 491 salute
774 451 1080 501 proximorum,

149 519 253 559 'ficia
273 521 440 569 propter
460 514 655 554 eumdem
674 513 802 552 finem
821 513 908 551 Deo
930 512 1081 558 oblata,

27 574 44 638 j
175 578 312 619 media
341 575 533 616 omnibus
554 574 824 625 religionibus
848 572 1084 613 communia

134 645 179 688 t;
214 639 392 679 maxime
420 649 517 676 vero
543 635 751 680 Societati
778 639 946 686 propter
964 645 1085 674 suum

23 644 300 773 'ffirticulare
321 699 569 746 institutum,
591 697 953 743 commendantur,
974 699 1015 736 et
1034 694 1084 735 ah

29 763 247 813 zo'mnibus
276 761 466 813 personis
496 760 587 811 ejus
611 759 726 810 juxta
757 759 1085 810 uniuscujusque

31 823 220 880 temptum
242 822 475 862 exercenda
497 826 617 868 sunt3
644 825 785 860 tamen
805 820 855 860 de
876 821 956 860 illis
985 819 1086 860 nihil

34 887 232 943 ‚speciale
253 884 474 924 dicendum
493 887 709 934 superest,
743 887 895 934 praeter
924 895 972 922 ea
996 893 1086 933 quae

34 946 314 998 tinsuperiori
335 946 437 984 libro
458 945 650 983 diximus.
682 944 822 983 Media
841 956 941 995 ergo
958 947 1086 982 exter·

33 1032 39 1050 <
57 1013 112 1054 na
127 1040 138 1058 ,
168 1021 258 1059 quae
279 1009 320 1046 in
340 1007 632 1058 praedicatione
657 1005 784 1045 divini
803 1005 936 1054 verbi,
955 1017 1088 1044 sacra-

35 1097 38 1105 *
58 1075 292 1117 mentorum
313 1068 666 1108 administratione
679 1098 688 1114 ‚
718 1071 759 1105 et
779 1066 977 1117 spirituali
997 1077 1089 1116 pro-

31 1146 39 1170 ῑ
56 1133 262 1176 &imorum
276 1131 560 1178 instructione,
571 1129 828 1180 potissimum
845 1126 1088 1174 consistunt,

58 1192 302 1245 explicanda
319 1204 342 1230 a
363 1192 484 1231 nobis
506 1195 603 1230 sunt
621 1220 634 1239 ,
666 1194 706 1229 et
726 1188 845 1228 simul
866 1187 1092 1227 declarabi-

58 1267 151 1297 mus
175 1253 388 1305 privilegia
401 1285 411 1301 ‚
435 1258 476 1292 et
491 1252 707 1291 facultates
724 1262 826 1301 quas
845 1250 897 1289 ad
916 1250 1003 1288 haec
1018 1249 1092 1287 mi-

58 1316 225 1358 nisteria
249 1314 480 1355 exercenda
497 1312 625 1355 Sedes
644 1312 880 1364 Apostolica
897 1311 1091 1355 Societati

58 1378 273 1421 noncessit.

465 1494 630 1536 CAPUT
654 1495 685 1535 1.

59 1627 149 1666 QUID
177 1628 334 1657 Possm'r
370 1626 560 1657 RELIGIOSI
599 1624 820 1654 SOGOETATIS
847 1623 891 1653 AG
916 1622 1096 1653 DEBEANT

113 1690 324 1721 PRAESTARE
378 1689 491 1718 (ΗΒΕΑ
539 1686 799 1716 Mlle'rEmuu
849 1685 1096 1714 PRAEDICANDI

114 1752 275 1782 VERBUM
303 1751 368 1779 DEI
405 1750 416 1778 :
446 1749 611 1783 QUIDQUE
640 1748 806 1777 RATIONE
837 1747 959 1776 ILLIUS
983 1747 1098 1777 APOS-

114 1814 250 1846 1⁸0ch
277 1812 374 1841 SEDE
401 1812 464 1840 Els
491 1812 552 1840 SIT
581 1810 817 1839 CONCESSUM.

114 1928 156 1968 1.
177 1924 453 1967 Ministerium
463 1922 715 1977 proedicandi
730 1923 990 1963 mendicantes
999 1935 1098 1974 par-

55 1987 235 2061 fficip‘ant
251 1993 339 2040 post
357 1987 592 2039 Episcopos.
611 2007 664 2015 -
684 1987 780 2024 Post
800 1986 983 2024 actiones
1003 1998 1098 2036 per-

56 2050 242 2104 amentes
263 2049 315 2089 ad
335 2049 519 2088 divinum
538 2048 692 2087 cultum
716 2051 757 2086 et
772 2047 986 2098 proprium
1007 2060 1099 2098 pro-

57 2106 233 2191 wfectum
249 2111 469 2150 dicendum
486 2110 672 2160 sequitur
683 2110 732 2149 de
748 2109 985 2148 ministeriis
1000 2120 1100 2159 erga

58 2155 287 2244 'proximos
315 2175 425 2212 Inter
448 2185 539 2224 quae
570 2172 750 2223 primum
778 2172 915 2210 locum
946 2169 1102 2210 obtinet

60 2236 303 2291 praedicatio
326 2235 439 2274 verbi
471 2234 571 2282 Dei;
606 2246 718 2280 nam,
748 2238 793 2272 ut
825 2233 880 2271 ait
904 2234 1102 2272 Innocen-

58 2269 146 2339 'tius
160 2299 225 2347 111,
248 2298 290 2336 in
305 2309 394 2349 cap.
415 2298 531 2337 Inter
552 2300 707 2343 coetera,
733 2295 783 2334 de
804 2296 918 2333 Offic.
937 2295 1101 2335 ordin.:

68 2360 183 2402 Inter
202 2363 366 2407 ecetera,
398 2371 484 2411 qaoe
505 2361 685 2410 spectant
705 2358 758 2396 ad
778 2357 947 2397 satutem
964 2357 1105 2407 populi

60 2413 295 2464 'Christiani
310 2450 323 2468 ,
348 2419 537 2471 pabulum
557 2419 665 2458 verbi
690 2418 766 2458 Dei
782 2419 954 2457 maxime
973 2419 1105 2458 nosci-

61 2482 138 2524 'tur
159 2493 239 2521 esse
260 2482 525 2521 necessarium
538 2496 555 2524 ‚·
577 2480 670 2531 qaia
693 2480 798 2519 sicat
818 2491 958 2530 corpas
977 2482 1101 2519 mate-

62 2543 187 2590 friali,
221 2542 279 2581 sic
312 2543 449 2580 am'ma
475 2540 687 2593 spirituali
720 2540 800 2579 cibo
827 2542 1023 2580 nutritur.
1058 2540 1106 2579 Et

62 2599 296 2708 'filoncilium
318 2602 619 2648 Tridentinum,
652 2613 754 2640 sess,
778 2602 816 2646 5,
841 2613 876 2640 c.
899 2604 940 2649 2,
961 2602 1012 2640 de
1032 2603 1106 2640 Re-

88 2669 235 2707 ormat.
259 2697 267 2710 ‚
296 2664 391 2702 dicit
418 2663 754 2715 praedicationem
782 2663 991 2714 Evangelii
1022 2675 1107 2701 non

64 2713 71 2734 ¹
117 2727 209 2766 inus
243 2725 521 2764 necessariam
556 2736 647 2764 esse
685 2724 923 2763 Christianae
958 2724 1107 2775 Reipu-

64 2735 187 2830 fflicae
205 2799 329 2837 quam
344 2787 577 2830 lectionem,
595 2797 770 2836 esseque
785 2785 840 2823 ait
856 2786 1107 2836 praecipuum

64 2832 367 2918 μρὶεοοροιιὶηὶ
406 2859 572 2886 munus.
607 2848 666 2886 Ita
696 2859 794 2898 ergo
828 2846 871 2884 in
906 2847 1109 2886 Societate

67 2910 528 2980 profess‹1,quatenus
562 2908 614 2947 ad
646 2908 852 2958 juvandos
886 2909 1110 2959 Episcopos

70 2970 183 3014 eirca
211 2971 387 3010 salutem
419 2970 653 3008 animarum
683 2969 893 3020 praecipue
923 2970 1109 3008 instituta

123 3036 155 3084 t,
174 3033 252 3072 hoc
274 3035 336 3071 est
359 3032 425 3070 vel
443 3032 713 3082 praecipuum,
736 3031 803 3069 vel
823 3043 873 3069 ex
894 3032 1108 3082 praecipuis

82 3135 87 3138 ,
106 3093 168 3134 'us
187 3093 447 3139 ministeriis3
472 3093 583 3143 quod
601 3105 674 3130 suo
694 3091 860 3142 quidem
881 3092 1005 3131 modo
1024 3105 1110 3131 om-

111 3155 120 3164 '
153 3168 199 3194 us
226 3154 494 3204 religionibus
529 3153 860 3192 mendicantibus
889 3163 1108 3192 commune

64 3228 68 3231 '
129 3221 160 3266 t,
193 3216 419 3268 praesertim
451 3214 640 3266 religioni
676 3215 720 3253 B.
763 3212 981 3259 Dominici,
1018 3226 1109 3264 quae

157 3282 298 3329 pterea
323 3275 634 3315 Praedicatorum
668 3275 900 3327 specialiter
927 3275 1110 3324 appella-

135 3369 162 3384 ⁴.
183 3338 458 3380 Nihilominus
477 3342 615 3376 tamen
632 3350 775 3376 verum
798 3340 858 3375 est
877 3365 890 3384 ,
918 3336 1110 3376 Societati

147 3400 188 3441 vi
206 3401 269 3440 sui
289 3399 464 3439 instituti
482 3410 556 3449 per
581 3410 624 3436 se
650 3398 884 3444 convenire,
910 3400 953 3435 ut
972 3396 1108 3435 minis-

149 3461 232 3500 ‘um
251 3462 330 3500 hoc
349 3472 373 3499 a
396 3459 574 3499 Praelatis
593 3459 786 3498 Ecclesiae
806 3457 1047 3509 participet,
1070 3461 1111 3497 et

101 3570 103 3574 ¹
205 3523 365 3562 illorum
400 3525 602 3569 exerceat,
642 3524 685 3560 ut
718 3523 877 3559 constat
911 3531 963 3559 ex
993 3518 1111 3561 dictis

31 3585 33 3587 ’
81 3574 162 3627 Q
178 3585 203 3625 0
217 3583 342 3637 hujus
356 3587 569 3631 tractatus,
590 3594 682 3633 cap.
699 3580 899 3621 secundo.
918 3580 1112 3620 Occurre-

1136 262 1208 302 bat
1223 267 1362 304 autem
1379 264 1518 303 statim
1530 261 1786 314 disputatio
1771 270 1867 306 cum
1886 267 1965 315 his,
1984 268 2055 320 qui
2069 272 2173 308 tem-

1136 335 1239 375 pore
1258 325 1306 363 D.
1328 325 1497 363 Thomae
1518 330 1559 364 et
1576 325 1879 367 Bouaventurae
1907 340 2053 369 eorum
2078 327 2175 369 reli-

1138 384 1281 436 giones
1313 385 1640 436 impugnabant,
1670 399 1720 426 eo
1756 389 1868 440 quod
1898 390 2173 431 ministerium

1137 446 1217 486 hoc
1253 451 1514 497 usurparent.
1562 447 1645 487 Sed
1675 449 1773 499 quia
1806 451 1863 490 illi
1902 453 2044 493 Patres
2080 451 2179 494 huic

1139 507 1358 558 quaestioni
1379 507 1632 547 sufficienter
1650 512 1970 561 responderunt,
1991 518 2037 554 ut
2062 517 2185 565 patet-

1139 568 1250 620 apud
1272 569 1316 607 1).
1335 569 1553 614 nomam,
1585 569 1733 619 Opusc.
1755 574 1820 618 19,
1850 586 1886 612 c.
1913 577 1954 622 4,
1977 580 2018 615 et
2036 576 2076 615 S.
2101 576 2176 614 Bo·

1138 633 1306 669 navent.
1321 659 1334 678 ,
1356 633 1456 669 tom.
1481 630 1506 668 5
1527 630 1676 679 Opusc.
1698 660 1708 677 ‚
1742 634 1909 682 speciali
1928 641 2100 675 tractatu
2123 622 2184 676 de⁸

1140 690 1220 730 hac
1237 704 1297 739 re,
1322 694 1363 731 et
1393 691 1490 741 quia
1518 702 1583 729 res
1607 690 1698 741 ipsa
1727 704 1802 743 per
1830 706 1872 732 se
1894 695 2070 736 difficilis
2089 709 2176 738 non

1139 758 1217 800 est,
1239 753 1332 792 ideo
1353 752 1461 791 circa
1481 752 1593 790 illam
1614 764 1698 790 non
1718 753 2045 795 immorabimur.

1191 816 1232 855 Ξ.
1264 814 1387 855 Nemo
1406 815 1552 854 dictum
1569 815 1841 855 ministeriam
1856 829 2034 857 exercerc
2049 822 2179 870 potest

1138 877 1225 919 sine
1240 877 1446 926 facultate.
1460 899 1512 905 —
1530 877 1812 927 Supponimus
1830 891 1929 930 ergo
1946 880 2094 929 primo,
2115 893 2174 919 re-

1140 939 1310 990 ligiosos
1329 938 1542 977 Societatis
1562 938 1672 977 licite
1692 950 1814 989 posse
1834 940 1876 978 in
1897 941 2080 979 Ecclesia
2098 941 2178 980 hoc

1143 1000 1418 1039 ministerium
1436 999 1597 1049 exequi.
1621 1000 1745 1050 Cujus
1761 1001 2080 1041 fundamentum
2100 991 2187 1049 est,

1147 1062 1243 1113 quia
1267 1061 1321 1099 ad
1341 1061 1418 1099 hoc
1440 1061 1592 1099 habent
1612 1063 1857 1112 Apostolicae
1877 1064 1991 1103 Sedis
2010 1063 2181 1103 faculta-

1146 1127 1256 1173 tem3
1277 1134 1400 1161 nemo
1423 1123 1536 1160 enim
1558 1123 1666 1161 licite
1688 1124 1912 1174 praedicare
1934 1130 2080 1175 potest,
2102 1125 2182 1164 nisi

1146 1186 1346 1231 mittatur,
1369 1196 1404 1222 c.
1437 1182 1534 1223 Cum
1557 1196 1603 1223 ea
1625 1185 1821 1234 injuncto,
1849 1186 1901 1225 de
1923 1187 2090 1235 Haeret.,
2111 1186 2183 1226 ubi

1147 1246 1188 1285 id
1206 1246 1472 1285 confirmatur
1488 1246 1722 1284 testimonio
1745 1247 1872 1294 Pauli,
1899 1248 1950 1286 ad
1968 1250 2086 1287 Rom.
2105 1249 2182 1287 10:

1150 1308 1344 1357 Quomodo
1362 1306 1647 1359 praedicabunt,
1667 1308 1749 1347 nisi
1763 1310 2005 1348 mittantur?
2022 1310 2186 1349 mittere

1150 1373 1289 1408 autem
1309 1368 1488 1419 pertinet
1507 1367 1560 1406 ad
1583 1372 1771 1418 pastores
1791 1369 2000 1416 Ecclesiae,
2023 1374 2062 1409 et
2083 1363 2189 1421 praess

1150 1431 1269 1482 cipue
1285 1431 1336 1468 ad
1353 1442 1593 1479 supremum
1610 1443 1770 1475 eorum,
1790 1432 1886 1481 quia
1903 1443 2071 1482 pascere
2088 1443 2187 1470 oves

1150 1492 1297 1532 Christi
1317 1504 1365 1530 ex
1388 1491 1520 1530 officio
1541 1491 1595 1529 ad
1616 1503 1687 1530 eos
1708 1497 1894 1542 spectat,
1923 1493 2002 1531 nisi
2027 1505 2075 1532 ex
2096 1505 2192 1566 spe-

1151 1554 1242 1593 ciali
1261 1554 1515 1593 revelatione
1536 1553 1659 1591 alicui
1684 1553 1765 1592 tale
1786 1566 1937 1592 munus
1957 1541 2192 1594 committa-

1151 1619 1231 1664 tur,
1266 1619 1310 1653 ut
1346 1615 1396 1653 de
1431 1614 1593 1664 Equitio
1628 1614 1754 1652 refert
1791 1615 2030 1666 Gregorius,
2064 1615 2133 1655 lib.
2167 1617 2188 1655 1

1150 1677 1445 1727 Dialogorum,
1482 1688 1571 1726 cap.
1603 1677 1641 1714 5.
1673 1677 1779 1715 Nam
1803 1677 1950 1715 Christi
1978 1689 2076 1716 oves
2097 1689 2193 1727 pas-

1153 1744 1303 1779 cuntur
1323 1738 1501 1776 maxime
1523 1737 1649 1775 verbo
1670 1738 1745 1776 Dei
1765 1748 1777 1786 3
1811 1742 1851 1776 et
1869 1738 1964 1777 ideo
1979 1768 1991 1786 ,
2026 1742 2066 1777 et
2089 1738 2192 1776 ratio

1150 1801 1316 1853 justitiae
1336 1799 1518 1850 postulat
1536 1802 1580 1836 ut
1598 1810 1722 1837 nemo
1744 1799 1832 1838 sine
1854 1811 2000 1838 eorum
2018 1799 2196 1838 auctori-

1153 1868 1235 1903 tate
1257 1862 1421 1900 illorum
1447 1860 1629 1899 officium
1650 1865 1691 1899 et
1713 1861 2045 1911 jurisdictionem
2073 1873 2195 1899 usur-

1154 1929 1237 1976 pet,
1259 1928 1300 1962 et
1319 1923 1598 1961 necessarium
1617 1923 1787 1960 omnino
1807 1926 1868 1961 est
1890 1926 1932 1961 ut
1951 1923 1992 1960 in
2014 1922 2196 1962 Ecclesia

1153 1985 1315 2024 debitus
1343 1983 1443 2022 ordo
1475 1987 1675 2030 servetur,
1706 1987 1931 2022 caveantur
1956 1984 2193 2032 schismata,

1155 2050 1195 2086 et
1223 2045 1406 2097 pericula
1428 2044 1662 2083 seminandi
1686 2057 1847 2083 errores
1873 2045 2194 2096 praeveniantur.

1155 2108 1337 2158 Ideoque
1358 2107 1400 2144 in
1418 2119 1454 2145 c.
1476 2106 1896 2151 Excommunicamus‚
1917 2107 1938 2157 ξ
1965 2106 2068 2153 Quia
2089 2116 2199 2156 vero,‘

1158 2170 1209 2209 de
1236 2168 1444 2208 Haereticis
1462 2198 1471 2212 ,
1503 2169 1915 2206 excommunicantur
1938 2180 2082 2206 omnes
2110 2167 2195 2219 qui,

1157 2235 1306 2283 praeter
1334 2229 1622 2268 auctoritatem
1654 2229 1708 2267 ab
1737 2230 1971 2280 Apostolica
2004 2229 2110 2268 Sede
2134 2227 2199 2268 vel

1159 2292 1365 2332 Catholico
1399 2292 1603 2342 Episcopo
1636 2291 1714 2330 loci
1749 2296 2001 2341 susceptam,
2035 2290 2199 2341 publice

1158 2355 1224 2394 vel
1250 2353 1441 2405 privatim
1462 2352 1764 2403 praedicationis
1791 2353 1971 2391 officium
1997 2362 2200 2402 usurpare

1159 2419 1429 2468 praesumunt.
1479 2416 1527 2451 Et
1568 2414 1610 2451 in
1646 2414 1824 2452 Concilio
1859 2414 2164 2453 Constantiensi
2185 2442 2197 2461 ‚

1161 2490 1261 2516 sess.
1286 2478 1324 2521 8,
1347 2476 1570 2514 damnatur
1589 2475 1785 2514 articulus
1812 2476 1998 2514 decimus
2027 2479 2200 2526 quartus

1160 2538 1331 2578 Joannis
1360 2536 1521 2582 Wiclef‚
1555 2537 1625 2586 qui
1655 2536 1843 2582 dicebat,
1873 2538 1996 2576 licere
2030 2536 2201 2587 presby-

1160 2602 1250 2639 tero
1279 2598 1344 2637 vel
1376 2598 1550 2636 diacono
1579 2597 1803 2648 praedicare
1823 2598 1997 2636 verbum
2018 2598 2093 2636 Dei
2111 2598 2201 2637 sine

1162 2660 1406 2700 auctoritate
1441 2658 1558 2697 Sedis
1592 2659 1840 2708 Apostolicae
1858 2689 1869 2707 ,
1909 2660 1971 2698 vel
2011 2658 2200 2709 Episcopi

1163 2722 1372 2764 Catholici.
1396 2721 1526 2767 Quam
1545 2720 1936 2759 condemnationem
1950 2721 2150 2760 Martinus
2167 2720 2202 2759 V

1165 2798 1239 2825 sua
1276 2783 1392 2823 Bulla
1423 2782 1694 2821 confirmavit.
1731 2783 1848 2830 Quod
1880 2783 2046 2833 egregie
2075 2783 2202 2821 etiam

1165 2846 1407 2896 comprobat
1427 2844 1655 2883 Concilium
1674 2844 1915 2883 Senonense
1945 2844 1988 2882 iu
2016 2843 2202 2895 generali

1165 2909 1331 2948 decreto
1349 2911 1446 2944 ante
1467 2906 1632 2944 decreta
1649 2905 1769 2951 fidei,
1802 2908 1842 2944 et
1860 2906 1901 2943 in
1921 2905 2098 2944 decretis
2116 2917 2204 2944 mo-

1164 2981 1273 3011 rum.
1293 2981 1329 3007 c.
1354 2969 1404 3006 36
1418 2998 1431 3016 ,
1452 2971 1492 3006 et
1513 2967 1740 3005 Concilium
1761 2968 2016 3005 Treverense
2038 2967 2086 3014 lI,
2106 2979 2141 3005 c.
2159 2968 2200 3015 3,

1165 3046 1214 3071 -c
1249 3030 1428 3079 denique
1466 3028 1695 3067 Concilium
1729 3029 2016 3067 Tridentinum
2038 3058 2048 3074 ,
2093 3027 2202 3065 dicta

1165 3104 1267 3131 sess.
1300 3093 1338 3135 5,
1369 3102 1458 3140 cap.
1491 3091 1531 3137 Ξ,
1565 3090 1615 3128 de
1637 3090 1817 3128 Reform.
1837 3119 1850 3138 ,
1877 3090 1989 3128 idem
2010 3088 2202 3139 prohibet

1166 3154 1398 3206 specialiter
1415 3152 1634 3203 religiosis,
1669 3156 1715 3191 ut
1739 3151 1859 3198 infra,
1894 3164 1936 3190 n.
1961 3153 2000 3195 4,
2025 3151 2202 3201 explica-

1164 3215 1328 3262 bimus;
1359 3218 1399 3253 et
1426 3213 1642 3252 confirmat
1676 3213 1905 3252 Concilium
1943 3212 2198 3258 Senonense,

1164 3277 1206 3316 in
1222 3277 1403 3316 Decretis
1414 3288 1594 3323 morum,
1615 3287 1650 3314 c.
1668 3276 1732 3321 55;
1758 3279 1798 3313 et
1813 3274 2036 3312 Concilium
2049 3273 2198 3310 'freve-

1164 3350 1285 3377 rensc
1307 3339 1356 3382 ΙΙ,
1379 3350 1414 3376 c.
1443 3338 1481 3376 3.
1505 3337 1575 3375 Est
1604 3348 1702 3387 ergo
1732 3335 1967 3373 necessaria
1993 3329 2196 3381 religiosis

1166 3398 1394 3445 Societatis‚
1417 3398 1525 3438 sicut
1537 3402 1578 3436 et
1593 3396 1764 3441 caeteris,
1783 3395 1958 3434 facultas
1976 3390 2197 3431 Ecclesias-

1167 3459 1239 3498 tici
1255 3456 1432 3498 Praelati,
1454 3458 1502 3493 ut
1518 3453 1597 3492 hoc
1609 3463 1762 3491 munus
1773 3450 1881 3489 licite
1900 3455 2086 3486 exercere
2105 3453 2198 3494 pos-

1169 3520 1263 3560 sint.
1314 3519 1482 3557 Certum
1518 3518 1658 3553 autem
1698 3515 1758 3550 est
1800 3507 2035 3548 facultatem
2079 3503 2195 3544 Sedis

1169 3579 1412 3632 Apostolicae
1448 3577 1502 3616 ad
1536 3575 1615 3614 hoc
1649 3584 1736 3613 esse
1772 3567 2066 3617 sufficientem,
2099 3565 2197 3618 quia
