2352 3880
7 276 17 314 ².
52 295 140 346 ..h
156 300 199 344 ἅ.
219 299 345 342 olem.
365 299 508 346 Exivi,
526 300 712 347 absolute
728 303 771 339 et
787 298 874 338 sine
893 296 1117 337 distinctio-

14 359 17 361 ’
52 356 149 410 {sne
179 362 297 419 dixit,
326 361 562 414 hujusmodi
593 355 772 402 redditus
798 360 989 408 retinere,
1019 370 1117 410 pau-

53 429 74 451 ‘·
93 424 242 479 pertati
272 427 313 463 et
344 422 593 468 mendicitati
621 432 867 474 repugnare.
894 421 945 460 Et
966 419 1118 459 ibidem

63 506 66 507 ⁷
94 486 218 528 etiam
243 486 384 524 asserit
411 484 485 525 hos
515 483 879 526 annuosffredditus
907 481 1015 522 inter
1040 481 1118 521 im-

94 546 262 589 mobilia
281 546 387 585 bona
406 545 655 596 computari,
670 536 772 595 *qiua
787 545 856 594 jus
874 543 926 582 ad
945 543 1033 583 illos
1057 545 1120 582 est

95 607 210 659 quasi
232 619 294 647 res
315 603 522 646 fructifera
533 634 547 653 ‚
564 605 616 645 de
631 614 677 644 se
694 616 936 656 permanens
962 607 1004 643 et
1019 614 1116 642 ven·

96 668 258 716 dibilis‚
279 667 387 719 quod
406 670 488 707 non
507 666 647 706 solum?
660 676 801 705 verum
824 670 885 705 est
906 665 956 706 de
978 675 1118 716 perpe-

94 733 180 777 tuo,
207 729 276 768 sed
305 729 427 767 etiam
458 727 509 767 de
538 726 751 778 temporali
782 738 918 774 censu,
940 728 986 766 ut
1011 736 1119 765 com-

29 790 32 794 ’
49 813 51 816 .
95 791 274 841 muniter
293 790 480 828 Doctores
508 789 669 835 docent,
692 793 732 828 et
750 789 879 828 videri
900 791 1029 839 potest
1047 787 1120 826 Co-

93 862 220 899 varr„
241 851 266 890 3
291 851 526 898 Variarum,
550 843 636 902 cap.
660 851 698 889 7.
726 851 924 890 Praeterea
942 850 994 888 ob
1014 849 1120 888 hanc

94 913 294 954 rationem
313 913 460 952 docent
478 924 619 952 omnes
640 910 841 960 Doctores,
861 915 908 950 nt
927 916 1035 950 tomo
1055 921 1122 949 su-

94 975 243 1027 periori
270 974 460 1021 vidimus,
485 972 784 1013 usumfructum
815 972 918 1023 ejus,
938 971 1009 1023 qui
1028 982 1123 1022 pro-

94 1035 311 1077 fessionem
339 1035 437 1074 facit
464 1035 507 1074 in
534 1035 749 1086 religione,
770 1044 861 1086 quae
883 1046 964 1073 non
992 1036 1125 1084 potest

94 1098 306 1151 proprium
324 1097 366 1135 in
398 1098 606 1136 communi
624 1095 794 1142 habere,
816 1107 897 1134 non
919 1095 1064 1133 cedere
1079 1094 1123 1133 in

96 1159 357 1199 commodum
383 1157 604 1208 religionis,
628 1156 802 1208 sedwper
834 1156 1122 1207 professionem

97 1220 306 1271 extingui3
335 1230 426 1258 cum
458 1224 596 1258 tamen
622 1217 803 1258 redditus
833 1215 1124 1256 usufructuarii

96 1281 338 1333 temporales
368 1281 472 1329 sint,
495 1279 673 1319 maxime
692 1284 875 1330 respectu
897 1278 1122 1330 religionis,

98 1345 194 1397 quia
213 1343 264 1382 ad
285 1354 490 1382 summum
508 1343 654 1382 durare
675 1344 836 1392 possent
854 1353 926 1392 pro
942 1346 1125 1391 tempore

97 1405 192 1445 vitae
222 1404 349 1455 ipsius
387 1402 698 1453 usufructuarii3
733 1404 898 1453 signum
933 1413 1031 1453 ergo
1066 1403 1126 1442 est

97 1467 220 1508 etiam
239 1465 480 1516 temporales
509 1465 705 1513 redditus,
728 1475 822 1504 cum
836 1467 930 1515 Jure
954 1463 1006 1504 ad
1019 1460 1126 1513 illos,

97 1527 195 1570 huic
221 1527 449 1579 paupertati
478 1538 720 1578 repugnare.
744 1527 928 1577 Denique
956 1525 1000 1564 in
1029 1525 1127 1565 Con-

101 1589 379 1630 stitutionibus
396 1589 607 1629 Societatis
620 1588 690 1627 illa
703 1587 932 1627 distributio
947 1588 1125 1635 additur,

99 1652 204 1694 nulli
223 1653 431 1698 o·edditus,·
453 1657 492 1690 et
516 1650 600 1697 illa,
627 1652 694 1691 sed
718 1662 837 1702 neque
855 1650 940 1690 ulla
960 1651 1043 1690 alia
1061 1662 1128 1691 ra-

102 1715 230 1758 tione,·
255 1717 297 1752 et
327 1713 411 1758 illa,
443 1713 524 1753 sive
556 1711 774 1753 redditibus
804 1712 915 1752 ullis.
939 1714 1002 1752 An
1033 1722 1132 1751 vero

101 1774 182 1815 tale
206 1775 402 1826 legatum,
425 1774 613 1812 relictum
646 1773 836 1813 Societati
860 1774 1064 1824 professae,
1086 1775 1135 1812 ut

101 1835 226 1887 possit
246 1836 424 1874 converti
443 1835 487 1874 in
505 1835 721 1874 utilitatem
738 1835 838 1886 ejiiS,
858 1836 992 1886 aliquo
1013 1835 1135 1874 mocio

101 1908 185 1937 non
206 1900 462 1948 repugnante
487 1896 716 1947 paupertati
749 1896 890 1946 ipsius,
916 1900 960 1934 et
986 1896 1062 1936 sub
1085 1907 1135 1936 ea

101 1959 274 2004 ratione,
294 1958 472 1996 validum
493 1969 576 1996 esse
591 1958 727 2008 possit,
747 1957 879 1995 dicam
899 1958 1049 1997 statim.

158 2022 222 2060 11.
257 2019 372 2060 Circa
400 2020 554 2059 verbum
580 2019 848 2070 possessiones
882 2024 1031 2070 punctu
1050 2017 1134 2061 tria

103 2082 370 2124 declarantur.
386 2102 437 2110 —
462 2081 590 2121 Unum
609 2085 814 2132 punctum,
833 2082 931 2132 quid
946 2083 1029 2120 sint
1046 2090 1134 2134 pos-

103 2142 548 2186 sessiones-Societas
568 2143 805 2183 concessioni
829 2141 1056 2182 Tridentini
1075 2154 1136 2183 re-

104 2205 452 2246 nuntiat.—Circa
473 2204 595 2242 aliam
617 2203 874 2255 particulam,
896 2216 976 2255 qua
998 2204 1136 2255 prohi-

106 2266 225 2306 betur
245 2267 419 2305 Societas
436 2265 585 2305 babere
609 2265 877 2316 possessiones
899 2270 1044 2316 praeter
1065 2277 1138 2305 ne-

108 2328 296 2367 cessarias
316 2328 364 2366 ad
384 2339 519 2374 usum,
535 2328 687 2378 inquiri
702 2331 832 2378 potest
850 2328 948 2378 quid
970 2327 1139 2366 nomine

108 2389 404 2442 possessionum
439 2389 711 2438 intelligatur,
746 2392 786 2427 et
812 2400 902 2439 quae
937 2388 1018 2426 sint
1050 2400 1139 2439 per-

108 2450 256 2497 missae,
274 2461 364 2500 quae
382 2460 477 2487 vero
500 2449 727 2500 prohibitae,
744 2453 784 2488 et
802 2461 854 2487 an
876 2450 1138 2499 prohibeatur

108 2510 271 2551 illarum
303 2516 462 2549 tantum
502 2511 740 2561 proprietas,
773 2510 838 2549 vel
868 2514 990 2550 etiam
1023 2523 1136 2550 usus.

108 2571 291 2612 Primum
316 2572 462 2610 horum
485 2584 554 2622 per
573 2584 615 2611 se
633 2571 750 2610 facile
769 2577 829 2611 est
840 2581 852 2621 ;
872 2574 1139 2623 possessiones

108 2634 217 2673 enim
237 2633 496 2684 appellantur
517 2632 656 2672 omnia
673 2633 780 2671 bona
800 2633 1026 2672 immobilia
1051 2645 1139 2673 cor—

108 2696 277 2749 poralia,
299 2700 343 2733 ut
362 2703 457 2732 sunt
478 2695 645 2742 domus,
665 2698 705 2734 et
724 2706 994 2746 quaecumque
1013 2694 1139 2736 aedifi-

109 2756 186 2806 cia,
207 2758 349 2801 vineas,
372 2756 499 2804 horti,
522 2760 564 2795 et
589 2757 632 2795 in
666 2757 901 2795 universum
933 2760 1035 2807 agri,
1055 2758 1140 2796 sive

112 2818 305 2858 fructiferi
323 2818 418 2863 sint,
435 2818 518 2856 sive
534 2815 802 2866 infructiferi;
822 2819 908 2856 haec
925 2820 1035 2858 enim
1056 2830 1140 2858 om·

112 2879 178 2920 nia
195 2880 338 2919 tamin
356 2880 471 2930 jure,
499 2891 623 2930 quam
643 2879 687 2918 in
706 2881 916 2918 communi
945 2880 1064 2919 modo
1084 2881 1140 2919 lo-

113 2942 270 2993 {uendi
307 2942 472 2980 nomine
505 2941 803 2992 possessionum
840 2942 1141 2993 significantur.

109 3003 274 3056 Oportet
293 3013 430 3042 autem
451 3003 515 3042 hic
531 3008 673 3042 notare
694 3003 919 3043 Concilium
937 3004 1143 3043 Tridenti-

114 3076 228 3112 num,
246 3077 340 3103 sess.
365 3067 431 3112 15,
454 3077 489 3104 c.
512 3066 551 3113 3,
574 3065 624 3104 de
655 3065 950 3116 Regulnribus,
980 3078 1143 3105 conces-

115 3125 211 3165 sisse
240 3125 430 3165 omnibus
451 3126 720 3178 regularibus,
746 3127 971 3166 Minoribus
990 3126 1040 3167 de
1069 3128 1146 3167 Ob-

116 3188 319 3227 servantia
332 3192 371 3226 et
384 3187 617 3238 Capuccinis
632 3189 824 3239 exceptis,
842 3193 886 3227 ut
901 3189 1147 3228 monasteria

118 3249 163 3286 et
178 3246 324 3285 domus
351 3251 491 3286 eorum
519 3248 669 3289 habere
694 3254 859 3302 possent
877 3250 984 3289 bona
1003 3253 1146 3289 immo-

119 3306 234 3355 bilia,
250 3308 406 3346 etiamsi
423 3309 467 3346 in
483 3309 846 3350 constitutionibus
864 3313 947 3350 suis
963 3314 1021 3351 eis
1040 3313 1082 3350 id
1097 3312 1150 3351 sit

120 3368 394 3422 prohibitum;
413 3368 487 3407 sub
506 3381 587 3420 quo
603 3371 764 3411 decreto
784 3373 998 3413 videbatur
1016 3374 1149 3413 Socie-

121 3433 186 3471 tas
211 3431 333 3471 etiam
358 3430 660 3482 comprehensa.
683 3433 785 3480 Quia
808 3447 904 3476 vero
923 3436 1150 3476 Comitium

122 3502 210 3531 non
228 3491 424 3543 praecipit,
445 3492 514 3532 sed
534 3494 732 3542 concedit,
753 3494 845 3536 ideo
865 3502 1001 3548 postea
1021 3498 1153 3537 Socie-

125 3554 189 3592 tas
207 3551 254 3592 in
282 3553 460 3592 secunda
489 3552 811 3604 Congregatione
841 3557 1040 3607 generali,
1059 3568 1152 3598 can.

128 3609 326 3674 trigesimo
356 3613 508 3668 primo,¹
527 3615 649 3657 cessit
666 3615 909 3671 cuicumque
927 3619 1026 3671 juri,
1045 3618 1154 3672 quod

426 233 515 269 GAP.
534 233 591 268 ΙΧ.
613 232 668 268 DE
686 229 957 267 movemur:
976 229 1020 264 m
1039 228 1225 264 COHMUN!
1243 227 1442 263 notionum
1459 226 1764 266 PROFESSARUU.
1786 226 1877 261 mc.

2118 222 2203 263 749

1170 295 1208 335 ei
1230 299 1364 347 posset
1381 288 1431 334 e'x
1448 293 1526 332 hac
1547 295 1801 334 concessione
1819 291 1988 333 Concilii
2006 292 2198 343 proveni-

1169 367 1227 404 re,
1249 361 1291 396 et
1309 356 1401 395 ideo
1426 354 1619 403 obligatio
1638 367 1748 394 nunc
1767 356 1926 405 integra
1944 356 2197 405 perseverat,

1171 421 1212 457 et
1230 421 1319 468 post
1339 415 1440 455 illud
1459 415 1668 454 decretum
1686 415 1854 455 Concilii
1880 415 2120 455 confirmata
2139 417 2201 454 est

1169 478 1257 518 haec
1287 481 1502 528 paupertas
1533 476 1743 515 Societatis
1768 488 1793 514 a
1824 478 1892 516 Pio
1919 478 1954 515 V
1985 481 2025 516 et
2050 476 2202 527 Grego-

1171 540 1233 580 rio
1251 539 1337 579 XlIl
1351 549 1362 588 ;
1383 538 1451 577 ille
1478 537 1607 584 enim,
1627 537 1670 575 in
1699 536 1815 574 Bulla
1848 538 1954 577 Dum
1979 539 2198 586 indefessae,

1172 600 1349 639 declarat
1384 600 1625 639 Societatem
1662 597 1963 636 mendicantem
2001 601 2171 638 existere
2188 628 2200 646 ,

1171 663 1312 714 quippe
1332 673 1418 713 quoe
1437 661 1542 711 (ait)
1561 671 1608 704 ex
1626 659 1713 710 ejus
1737 659 1921 698 instituto
1941 663 1977 698 et
1999 660 2202 701 Constitu·

1176 723 1347 764 tionibus
1368 723 1400 762 A
1406 722 1600 772 postolica
1619 720 1855 760 auctoritate
1876 719 2124 767 confirmatis
2143 721 2203 760 bo-

1173 795 1226 825 na
1245 784 1408 825 stabilia
1418 783 1613 833 possidere
1631 781 1780 832 nequit,
1794 781 1862 820 sed
1871 781 2035 820 incertis
2048 781 2202 820 eleemo-

1173 847 1307 897 sy-nz's,
1331 846 1583 896 fideliumque
1608 842 1913 895 elarqz'cionibus
1932 845 1967 882 et
1988 841 2205 881 subventio-

1174 907 1291 947 nibus
1315 907 1430 946 vivit.
1455 905 1671 955 Gregorius
1701 915 1810 951 vero,
1842 903 1883 941 in
1910 900 2213 942 Constitutione

1175 968 1414 1008 Ascendente
1439 968 1619 1015 Domino,
1638 970 1678 1006 et
1694 966 1800 1005 hanc
1821 965 2123 1016 praedecessoris
2143 963 2206 1003 sui

1175 1029 1491 1069 declarationem
1514 1028 1610 1067 citat
1636 1032 1676 1068 et
1699 1027 1857 1079 probat,
1877 1031 1919 1066 et
1939 1027 2128 1077 deinceps
2149 1030 2207 1064 to-

1177 1097 1264 1132 tum
1285 1093 1535 1138 institutum,
1551 1102 1598 1130 ac
1610 1103 1794 1144 expresse
1807 1090 1931 1130 etiam
1950 1089 2082 1141 quoad
2101 1089 2208 1128 hanc

1177 1158 1336 1205 partem
1356 1153 1585 1192 confirmat.

1231 1217 1295 1255 12.
1318 1215 1501 1256 Alterum
1519 1217 1722 1266 punctum,
1744 1225 1830 1266 quoe
1843 1213 2106 1266 possessiones
2116 1223 2209 1263 pro-

1176 1278 1293 1327 fessis
1309 1276 1675 1329 permittantur.—
1691 1276 1815 1322 Quam
1831 1277 2111 1327 possessionem
2132 1270 2218 1314 non*

1178 1339 1254 1379 sibi
1264 1339 1453 1390 junctam
1467 1339 1595 1389 possit
1618 1337 1756 1377 habere
1782 1338 1918 1376 domus
1944 1340 2141 1388 professa.
2157 1357 2211 1366 -

1177 1401 1235 1440 De
1254 1401 1428 1439 secundo
1448 1404 1584 1438 autem
1606 1403 1757 1449 puncto
1777 1398 1996 1437 dicendum
2016 1403 2088 1446 est,
2112 1399 2213 1437 duas

1179 1467 1340 1502 tantum
1355 1463 1420 1501 vel
1436 1467 1519 1500 tres
1536 1462 1804 1512 possessiones
1824 1473 1939 1512 posse
1951 1461 2100 1499 hahere
2118 1473 2214 1499 con-

1178 1529 1349 1564 ventum
1369 1536 1499 1563 unum
1519 1523 1728 1563 Societatis
1746 1522 1952 1574 prosessae,
1975 1523 2127 1562 scilicet
2145 1522 2214 1562 do-

1181 1598 1296 1625 mum
1317 1586 1584 1633 ordinariam,
1613 1585 1655 1624 iu
1689 1597 1769 1636 qua
1790 1584 1974 1623 habitent
2001 1584 2213 1634 religiosi3

1180 1649 1417 1695 Ecclesiam,
1437 1649 1479 1686 in
1500 1659 1579 1699 qua
1606 1660 1721 1686 sacra
1741 1647 1967 1686 ministeria
1986 1650 2214 1692 exerceant,

1184 1723 1274 1763 quae
1298 1711 1540 1761 regulariter
1572 1721 1654 1749 non
1690 1714 1904 1760 reputatur
1924 1710 2116 1759 possessio
2138 1709 2218 1747 dis-

1186 1774 1326 1822 tincta,
1348 1773 1416 1812 sed
1434 1784 1563 1811 unum
1580 1784 1723 1823 corpus
1738 1771 1860 1810 efficit
1872 1783 1961 1812 cum
1976 1772 2061 1822 ipsa
2079 1772 2215 1816 domo,

1186 1839 1339 1874 etcum
1360 1834 1502 1872 eadem
1534 1834 1655 1871 domo
1685 1836 1946 1883 computatur
1978 1831 2118 1870 hortus
2145 1832 2220 1871 ali-

1187 1896 1277 1947 quis
1302 1895 1352 1934 ad
1373 1895 1656 1945 quotidianum
1683 1904 1801 1931 usum
1828 1893 2098 1931 necessarium
2127 1893 2219 1932 reli-

1187 1956 1395 2008 giosorum
1410 1967 1419 2001 ;
1434 1955 1619 1993 namhoc
1639 1957 1772 1991 totum
1794 1954 1960 1991 nomine
1981 1954 2220 1992 monasterii

1187 2021 1260 2056 aut
1298 2016 1441 2054 domus
1472 2014 1762 2066 comprehendi
1798 2015 1914 2053 solet.
1955 2014 2100 2054 Praeter
2135 2015 2222 2054 haec

1188 2091 1286 2118 vero
1305 2078 1454 2116 habere
1472 2082 1601 2128 potest
1621 2081 1849 2126 separatam
1868 2076 2047 2127 aliquam
2067 2089 2221 2128 posses-

1189 2141 1361 2187 sionem,
1390 2140 1461 2178 ubi
1479 2140 1601 2178 etiam
1622 2139 1790 2177 domum
1810 2150 1903 2177 cum
1925 2151 2024 2189 agro
2043 2139 2107 2178 vel
2128 2151 2229 2179 cum.

1189 2202 1308 2242 horto
1319 2202 1468 2241 habeat
1479 2202 1530 2240 ad
1545 2201 1933 2249 extraordinarium,
1949 2202 2224 2242 necessarium

1190 2269 1328 2303 tamen
1367 2275 1487 2303 usum
1524 2263 1813 2312 religiosorum
1829 2292 1839 2310 ‚
1868 2263 1919 2301 ad
1956 2264 2133 2314 corporis
2159 2263 2224 2303 vel

1190 2326 1356 2378 spiritus
1373 2325 1559 2364 levamen
1580 2324 1740 2375 aliquod
1754 2329 1825 2362 aut
1838 2325 2117 2376 refrigerium3
2137 2325 2225 2365 haec

1192 2400 1303 2428 enim
1324 2387 1463 2425 omnia
1484 2390 1578 2424 sunt
1595 2386 1636 2423 in
1650 2386 1847 2436 praedictis
1864 2387 2226 2427 Constitutionibus

1193 2452 1397 2488 contenta.
1414 2448 1516 2495 Quia
1537 2458 1633 2486 vero
1652 2447 1759 2497 quod
1777 2447 1827 2486 ad
1848 2447 2066 2487 Ecclesiam
2082 2448 2224 2488 veldo-

1194 2522 1307 2550 mum
1328 2510 1519 2561 pertinet,
1540 2508 1811 2547 declaratione
1828 2521 1908 2547 non
1930 2515 2036 2559 eget,
2056 2510 2148 2549 ideo
2163 2523 2225 2550 so-

1193 2571 1281 2611 lum
1313 2571 1364 2610 de
1398 2570 1645 2621 possessione
1675 2569 1755 2608 alia
1787 2569 2013 2620 explicatur
2039 2570 2084 2610 in
2114 2575 2227 2612 sexta

1191 2635 1309 2684 parte
1329 2631 1688 2677 Constitutionum,
1711 2642 1798 2680 cap.
1823 2631 2016 2679 secundo,
2049 2631 2073 2683 ἓ
2102 2634 2142 2681 5,
2168 2636 2228 2672 ta-

1194 2694 1275 2734 lem
1296 2704 1381 2732 esse
1401 2693 1563 2740 debere,
1582 2694 1628 2731 ut
1647 2702 1717 2731 nec
1732 2691 1829 2731 aliis
1848 2692 2010 2740 locetur,
2030 2704 2095 2733 neo
2115 2694 2229 2743 frue-

1194 2758 1275 2803 tus,
1290 2756 1359 2807 qui
1368 2755 1595 2794 reddituum
1607 2753 1688 2793 loco
1703 2756 1962 2806 essepossint,
1974 2754 2140 2800 habeam·
2155 2755 2228 2795 sci-

1194 2815 1289 2855 licet
1306 2815 1483 2868 (additur
1498 2814 1556 2853 ihi
1575 2815 1619 2852 in
1632 2813 1917 2862 declaratione,
1937 2815 1998 2854 iit.
2021 2816 2063 2865 F)
2086 2817 2125 2855 si
2145 2816 2228 2856 vini

1194 2879 1253 2919 vel
1273 2879 1363 2926 olei,
1382 2878 1441 2917 vel
1454 2876 1583 2918 tritici
1591 2879 1824 2927 proventum
1839 2878 1956 2918 dz'ctoe
1968 2878 2228 2928 possessiones

1195 2942 1366 2990 ferrent,
1385 2940 1444 2979 vel
1463 2941 1502 2978 si
1520 2941 1681 2987 fructus
1696 2940 1734 2978 et
1754 2938 1862 2978 olera
1879 2951 1925 2979 ew
1943 2940 2074 2980 horus
2093 2940 2228 2981 vende-

1196 3009 1353 3050 rentur,
1386 3012 1553 3053 quorum
1582 3000 1687 3040 nihil
1717 3000 1874 3047 licebit,-
1904 3013 1994 3052 quae
2017 3002 2139 3040 verba
2166 3002 2231 3042 de-

1197 3068 1360 3115 sumpta
1390 3062 1581 3101 videntur
1603 3074 1654 3100 ex
1681 3062 1777 3100 dict.
1814 3062 2008 3101 Clement.
2043 3063 2233 3116 Exivi,§

1198 3126 1321 3166 Licet.
1343 3125 1432 3163 Non
1455 3123 1701 3175 repugnabit
1719 3127 1856 3162 autem
1878 3126 2106 3175 paupertati
2135 3136 2233 3164 con-

1199 3191 1357 3227 vertere
1386 3187 1429 3224 in
1458 3197 1580 3224 usum
1613 3185 1759 3224 domus
1788 3185 1945 3224 fructus
1977 3186 2147 3237 aliquos,
2170 3184 2234 3225 vel

1200 3249 1312 3290 olera
1330 3259 1380 3287 ex
1403 3247 1639 3298 hujusmodi
1658 3247 1758 3286 locis
1779 3248 2075 3299 provenientia.
2095 3245 2234 3286 Omnis

1202 3316 1339 3351 autem
1360 3309 1442 3349 alia
1457 3309 1613 3348 utilitas
1631 3321 1683 3348 ex
1700 3308 1779 3347 illis
1797 3309 1999 3360 prohibita
2021 3313 2095 3355 est,
2112 3311 2156 3345 ut
2168 3317 2234 3345 eo-

1203 3372 1297 3413 dem
1317 3371 1405 3411 loco
1437 3371 1534 3410 satis
1560 3370 1803 3410 declaratur.
1827 3371 1977 3409 Praeter
2001 3370 2072 3407 has
2099 3374 2238 3407 autem

1206 3435 1486 3486 possessionen,
1508 3434 1642 3473 nullas
1656 3433 1754 3472 alias
1774 3432 1923 3471 habere
1942 3433 2035 3468 iicet
2046 3438 2059 3476 ;
2080 3428 2178 3478 quia
2193 3428 2238 3468 in

1207 3496 1284 3535 hoc
1305 3507 1454 3546 genere
1469 3494 1670 3546 quidquid
1690 3502 1925 3534 concessum
1947 3502 2028 3528 non
2048 3494 2123 3537 est,
2144 3500 2238 3529 cen-

1208 3562 1320 3599 setur
1349 3557 1615 3609 prohibitum,
1651 3561 1698 3594 ut
1716 3556 2026 3604 argumentatur
2054 3550 2240 3591 Pontifex

1211 3619 1258 3662 in
1276 3619 1319 3660 d.
1339 3619 1538 3660 Clement.
1552 3615 1700 3665 Exivi,
1715 3625 1821 3655 vers.
1838 3612 2011 3665 Cumque
2027 3613 2154 3654 animi
2165 3628 2183 3661 ;
2200 3615 2242 3653 et
