2352 3880
30 0 135 46 *MV-..13
183 19 187 26 '
276 0 298 5 w
1086 5 1091 14 “
1219 0 1273 34 ’Ἣ
1445 7 1466 38 ”,
1641 0 1734 51 '2:³⁸'
1760 0 1869 53 '⁴³4
1887 39 1898 51 .
1925 0 1978 17 ’·“
2002 3 2030 27 θ’
2070 0 2149 42 “jt.

102 30 183 110 *⁸9
333 55 374 134 Δ.
1150 41 1172 74 ο,
1559 57 1587 79 .·
1619 30 1638 84 ξ
1684 15 1821 122 κήξ
1848 123 1859 130 ³
1890 56 1893 57 γ
1985 108 1988 109 ⁷
2144 54 2148 61 ,
2183 60 2212 102 Α,

74 184 110 225 *¹
179 211 259 252 816
491 212 569 248 m.
586 211 627 246 v,
649 211 704 245 me
723 209 1008 245 senousncis
1027 211 1082 245 ac
1101 210 1260 247 smnus
1277 211 1526 252 soctan-ris,
1546 211 1634 246 wa
1652 210 1853 254 mauis,
1875 212 1966 248 mc.

1256 275 1367 314 tione
1385 276 1520 324 Verbi,
1556 275 1664 315 circa
1693 275 1822 315 finem
1844 285 1855 314 ε
1882 276 1948 316 Ad
1967 276 2164 329 Scriptur
2273 326 2280 331 ἱ
2325 311 2329 319 ,

1257 335 1437 387 (inquit)
1458 337 1685 388 indaqinem
1705 348 1912 389 verumque
1929 337 2298 394 intellectumopu,
2331 351 2333 354 ·

1256 403 1311 438 est
1328 401 1414 438 vica
1426 398 1568 449 proba,
1590 398 1721 438 animo
1739 409 1863 448 puro,
1885 401 1922 438 et
1940 399 2085 439 virtute
2109 412 2195 452 quoe
2221 383 2302 481 σοιὶῑ

1256 460 1423 500 cundum
1443 458 1645 499 Christum
1665 462 1736 507 est,
1754 462 1801 499 ut
1816 470 1924 498 mens
1937 471 2009 512 per
2035 461 2120 510 ejus
2143 461 2284 552 trani]
2306 459 2323 505 J
2342 446 2352 497 ¹

1256 524 1329 560 tem
1347 522 1554 560 decurrens
1573 532 1633 569 ea,
1651 532 1738 572 quoe
1755 521 1890 573 expedi
1895 523 1926 568 t,
1948 521 2120 573 adipisci
2135 523 2279 574 possit,
2311 534 2314 540 '
2343 500 2352 567 Ξ

178 280 324 329 quarta
342 277 459 328 parte
479 274 838 323 Constitutionum,
865 286 956 326 cap.
977 276 1014 323 4,
1036 275 1079 315 in
1094 277 1203 327 prin-

177 340 310 391 cipi03
335 338 454 376 tatius
474 339 590 386 parte
620 335 756 379 tertia,
787 347 878 387 cap.
899 337 950 384 2,
983 333 1055 375 ubi
1083 336 1142 376 lit.
1174 336 1204 376 C

176 398 408 451 specialiter
424 395 661 440 advertitur,
679 395 720 434 in
740 395 817 443 his,
831 408 922 448 quae
944 397 996 436 ad
1012 397 1203 437 vestitum

174 461 358 504 attinent,
379 457 579 507 majorem
593 457 815 507 quamdam
832 458 1034 498 rationem
1052 458 1203 498 haben—

171 515 268 560 'dam
289 530 379 557 esse
397 530 490 556 cum
509 518 760 558 scholasticis
775 520 986 558 exterioris
1001 520 1201 559 decentiae

173 586 214 620 et
235 580 536 619 commoditatis
562 584 729 631 propter
749 581 977 620 studiorum
997 581 1197 620 laborem.

172 643 221 682 Et
243 642 380 692 quoad
401 642 674 681 instrumenta
691 654 766 693 pro
788 643 933 682 studiis
951 643 1199 690 necessaria,

170 704 362 743 statuitur
381 703 422 741 in
443 707 590 753 quarta
621 708 750 754 parte,
782 715 871 754 cap.
904 704 949 749 6,
974 703 998 754 ξ
1028 707 1070 748 ’7,
1091 703 1196 742 utin

168 764 352 826 ¹collegiis
373 764 423 803 sit
442 764 690 804 bibliotheca
707 765 952 809 communis,
975 768 1015 802 et
1034 767 1197 814 praeter-

168 837 233 871 ea,
256 830 302 864 ut
321 826 495 875 quisque
515 826 656 873 libros,
688 826 760 876 qui
787 825 1011 864 necessarii
1027 825 1194 874 fuerint,

168 887 334 926 habeat.
354 887 409 925 De
434 887 525 925 aliis
543 899 641 925 vero
662 886 786 925 rebus
805 886 1109 935 minutioribus,
1128 898 1196 925 cu-

163 948 343 1000 jusmodi
365 952 459 986 sunt
479 959 636 995 mensa,
660 947 845 995 lucerna,
867 959 1066 998 papyrus,
1089 951 1194 987 atra-

163 1001 373 1112 tnentum,
403 1009 564 1054 calami,
594 1013 635 1046 et
665 1008 829 1055 similia,
851 1020 918 1046 res
941 1013 1028 1047 erat
1057 1021 1131 1059 per
1149 1020 1193 1048 se

190 1072 293 1117 lara,
315 1072 366 1110 de
385 1083 465 1121 qua
490 1082 572 1109 non
595 1070 774 1121 oportuit
793 1071 948 1120 aliquid
967 1071 1195 1122 speciahter

165 1134 303 1180 statui,
328 1133 424 1182 quia
445 1132 522 1170 sub
542 1132 724 1182 generali
751 1133 895 1182 regula
924 1135 1193 1184 paupertatis,

166 1197 207 1234 et
225 1194 455 1233 communis
476 1205 574 1231 usus
595 1206 733 1232 rerum
755 1195 1082 1233 necessariarum
1102 1207 1195 1234 con-

162 1255 329 1302 tinetur,
359 1255 477 1293 tertia
497 1258 628 1305 parte,
657 1267 746 1306 cap.
768 1256 916 1306 primo,
937 1256 960 1306 §
979 1259 1001 1295 7
1026 1260 1065 1294 et
1091 1257 1131 1303 8,
1155 1260 1195 1296 et

164 1322 277 1356 sexta
314 1321 454 1367 parte,
490 1329 579 1367 cap.
611 1317 744 1356 11.1n
771 1318 848 1355 hoc
872 1322 1011 1355 autem
1045 1317 1194 1355 eodem

163 1390 317 1430 genere
342 1378 479 1417 media
519 1378 719 1428 privativa
757 1378 834 1415 dici
868 1380 1070 1427 possunt,
1103 1390 1194 1428 quae

161 1439 392 1490 corporalia
420 1438 716 1488 impedimenta
748 1438 978 1476 studiorum
1005 1438 1195 1477 auferunt

162 1512 237 1540 seu
266 1499 536 1551 praeveniunt.
571 1499 816 1550 Hujusmodi
847 1504 908 1537 est
937 1499 1062 1549 illud,
1085 1500 1195 1551 quod

160 1560 339 1600 habetur
359 1564 503 1610 quarta
526 1564 642 1610 parte
674 1560 1020 1599 Constitutionum
1039 1591 1049 1608 ,
1084 1573 1119 1599 c.
1152 1563 1193 1609 4,

159 1623 220 1675 §1
250 1635 258 1660 :
284 1623 492 1662 Peculiari
513 1634 608 1661 cura
638 1623 1027 1662 animadcertendum
1055 1624 1133 1661 erit
1150 1626 1197 1663 ut

160 1684 400 1735 temporibus
449 1684 670 1723 valetudini
715 1684 892 1733 corporis
939 1684 1195 1723 incommodis

160 1745 389 1787 scholastici
418 1757 495 1784 non
529 1745 727 1790 studeant,
759 1749 804 1784 ut
836 1755 967 1783 somno
1000 1748 1192 1795 quantum

160 1810 348 1858 temporis
379 1810 482 1846 satis
504 1806 579 1853 sit,
612 1806 817 1851 tribuant,
846 1809 882 1845 et
916 1806 960 1844 in
990 1806 1194 1845 laboribus

159 1870 303 1909 mentis
321 1871 474 1907 modum
492 1870 673 1913 serrent;
693 1869 753 1907 sic
768 1869 870 1905 enim
887 1867 956 1914 fiet
977 1871 1022 1905 ut
1042 1868 1194 1907 diutius

158 1931 203 1971 in
222 1930 310 1969 illis
324 1941 586 1981 perseverare,
601 1929 742 1967 tamin
760 1928 912 1967 litteris
929 1928 1189 1977 addiscendis,

157 2003 275 2045 quam
294 1991 337 2029 in
357 1992 498 2030 eisdem
519 1990 741 2029 exercendis
762 1990 812 2028 ad
826 1989 897 2027 Dei
915 1989 1087 2039 ytorzam
1105 2001 1191 2034 pos-

157 2054 255 2094 sint.
285 2054 372 2090 Huc
395 2051 517 2090 etiam
539 2054 697 2101 spectat
717 2050 826 2100 quod
846 2049 886 2087 in
909 2050 1040 2099 capite
1070 2050 1190 2088 tertio

155 2114 347 2174 'ejusdem
368 2113 510 2163 partis,
534 2111 557 2162 ξ
575 2112 612 2155 3,
630 2110 869 2161 providetur
885 2140 895 2155 ,
917 2113 962 2148 ut
979 2110 1190 2149 scholasti—

159 2176 218 2215 cis
246 2176 442 2214 tollantur
473 2173 769 2224 impedimenta
794 2172 1041 2210 exteriorum
1068 2184 1189 2210 occu-

157 2237 371 2289 pationum
394 2240 433 2274 et
458 2235 662 2281 laborum,
684 2236 769 2271 tam
791 2234 830 2271 in
851 2233 1085 2271 domesticis
1103 2233 1191 2271 offi-

158 2299 246 2343 ciis,
270 2309 394 2348 quam
425 2296 469 2334 in
490 2296 578 2334 aliis
603 2295 851 2341 ministeriis,
882 2299 927 2333 ut
955 2295 1189 2333 diuturnius

159 2360 302 2400 studiis
317 2371 463 2398 vacare
482 2359 614 2396 liceat.
632 2358 680 2395 Et
697 2357 749 2394 ad
769 2357 878 2394 hunc
898 2357 1021 2394 finem
1044 2357 1189 2395 consti-

157 2426 332 2462 tuuntur
352 2423 393 2459 in
428 2420 611 2470 collegiis
633 2419 894 2469 coadjutores
922 2419 1186 2468 temporales,

153 2487 200 2523 ut
221 2482 452 2521 scholastici
475 2482 526 2519 ab
557 2481 621 2518 his
642 2480 884 2518 muneribus
905 2479 1185 2528 subleventur,

153 2549 200 2584 ut
216 2544 367 2583 ibidem
390 2545 429 2581 in
452 2542 729 2581 declaratione
749 2542 897 2579 dicitur
914 2541 973 2579 lit.
991 2542 1021 2579 B
1037 2546 1077 2580 et
1090 2542 1131 2580 C.

208 2607 272 2644 12.
306 2606 365 2644 De
384 2605 524 2644 mediis
546 2603 828 2654 spiritualibus
855 2602 1120 2655 generalibus.
1136 2622 1189 2632 -

153 2668 262 2706 Inter
285 2666 419 2704 media
441 2665 684 2716 spiritualia,
708 2665 787 2702 alia
814 2664 1022 2714 praecipua
1043 2668 1083 2703 et
1103 2676 1188 2703 ma-

154 2729 216 2779 gis
234 2728 372 2766 divina
402 2731 516 2773 sunt,
548 2738 639 2776 quae
666 2725 793 2762 animi
817 2726 1037 2775 puritatem
1056 2730 1096 2764 et
1117 2737 1189 2776 pa-

155 2801 245 2827 cem
269 2791 529 2832 conservant,
552 2789 592 2824 et
611 2786 809 2824 auxilium
834 2798 880 2824 ac
904 2786 1045 2824 lumen
1062 2798 1085 2823 a
1104 2787 1185 2824 Deo

154 2849 399 2899 impetrant3
422 2859 517 2886 nam
537 2847 721 2892 seientia,
741 2858 831 2896 quae
852 2858 925 2896 per
948 2847 1033 2884 haec
1053 2847 1186 2885 studia

153 2909 359 2961 praecipue
375 2908 616 2953 intenditur,
636 2907 959 2957 supernaturalis
980 2911 1055 2955 est,
1079 2910 1119 2946 et
1137 2919 1186 2946 ex

155 2971 292 3010 divina
319 2970 449 3020 gratia
471 2970 649 3007 maxime
670 2967 835 3018 pendet.
866 2967 925 3006 Ob
954 2967 1060 3006 hane
1087 2979 1184 3017 ergo

154 3043 325 3071 causam
348 3032 432 3069 haec
451 3030 587 3069 media
614 3041 723 3080 saepe
744 3029 787 3066 in
811 3028 960 3067 nostris
983 3028 1187 3067 Constitu-

154 3093 336 3133 tionibus
353 3095 652 3143 proponuntur.
670 3091 772 3129 Nam
789 3101 877 3140 cap.
896 3091 1010 3128 sexto
1032 3093 1186 3140 quartae

154 3155 299 3207 partis,
331 3156 387 3193 sic
425 3154 572 3192 dicitur
601 3166 610 3191 ;
647 3153 699 3194 Ut
723 3153 950 3192 scholastici
964 3153 1186 3204 plurimum

155 3217 200 3257 in
217 3218 281 3257 his
299 3216 562 3261 facultatibus
576 3215 808 3265 proficiant,
825 3214 1026 3263 imprimis
1042 3214 1185 3252 animoe

155 3278 374 3332 puritatem
396 3276 604 3324 custodire,
628 3287 673 3314 ac
700 3278 847 3313 rectam
872 3274 1093 3312 studiorum
1122 3274 1184 3313 in-

157 3340 366 3381 tentionem
396 3338 533 3378 habere
557 3339 772 3382 conentur,
793 3335 899 3373 nihil
922 3334 1036 3373 atiud
1053 3335 1098 3372 in
1116 3333 1184 3373 lit-

158 3402 257 3441 teris
271 3430 284 3448 ,
321 3410 438 3452 quam
471 3399 648 3438 divinam
686 3395 857 3449 gloriam
891 3398 928 3435 et
959 3395 1184 3434 animarum

156 3462 329 3512 fructum
349 3463 576 3514 quaerentes,
604 3461 639 3498 et
658 3458 702 3496 in
726 3456 810 3496 suis
829 3457 1072 3495 orationibus
1091 3467 1186 3507 yra-

159 3522 273 3570 tiam,
298 3527 345 3562 ut
375 3523 421 3560 in
439 3519 616 3561 doctrina
633 3519 859 3569 proficiant,
878 3518 930 3557 ad
947 3517 1049 3557 hunc
1066 3521 1184 3565 finem

158 3583 290 3624 &ebro
305 3586 460 3634 petant.
478 3582 545 3622 Sic
557 3580 819 3628 Athanasius,
835 3578 906 3618 lib.
926 3578 978 3618 de
995 3578 1186 3618 lucarna-

1255 585 1446 633 quatenus
1481 583 1550 631 fas
1585 587 1644 621 est
1673 582 1886 621 humanam
1915 585 2105 622 naturam
2141 584 2283 626 divina
2343 590 2352 637 ζ

1254 643 1489 692 intetts'yere.
1511 642 1622 684 Nam
1638 644 1724 683 sine
1748 655 1855 695 pura
1883 648 2005 683 mente
2021 673 2031 691 ,
2054 647 2090 684 et
2113 643 2282 686 Sancto·
2350 641 2352 647 '

1250 715 1340 742 rum
1362 703 1585 744 imitatione
1612 715 1722 744 nemo
1751 705 2082 750 comprehenderit
2114 705 2281 748 Sancto-

1250 775 1340 804 rum
1366 765 1495 803 verba.
1525 765 1574 803 Et
1592 766 1639 804 D.
1671 766 1949 816 Augustinus,
1979 766 2050 805 lib.
2079 767 2280 818 vigesimo

1251 825 1433 864 secundo
1455 830 1597 864 contra
1624 825 1837 874 Faustum,
1858 839 1893 866 c.
1923 828 1974 866 53
2001 841 2010 865 ι
2033 829 2086 867 In
2107 829 2173 868 his
2191 829 2203 879 (
2219 829 2282 869 in·

1250 886 1378 936 quit),
1413 887 1481 938 qui
1514 887 1697 937 stayrant
1728 889 1882 937 inqenti
1908 899 2039 927 amore
2062 891 2282 940 perspicua!
2344 911 2348 913 -

1250 948 1456 994 veritatis,
1478 958 1554 985 non
1582 951 1639 986 est
1665 948 1963 998 improbandum
1991 951 2192 998 studium,
2213 950 2283 993 sed

1249 1009 1302 1049 ad
1319 1010 1491 1049 ordinem
1521 1011 1802 1056 revocandam,
1822 1015 1867 1050 ut
1885 1022 1910 1049 a
1929 1012 2006 1059 fide
2030 1013 2223 1062 incipiat,
2242 1015 2283 1054 et

1250 1069 1357 1109 bonis
1388 1071 1562 1110 moribus
1596 1072 1753 1111 nitatur
1781 1073 2004 1121 pervenire,
2035 1083 2107 1122 quo
2141 1072 2276 1116 tendit.

1250 1131 1377 1170 Affert
1397 1131 1496 1170 illud
1518 1131 1671 1170 Eccles.
1697 1134 1715 1170 1
1739 1132 1903 1180 :Filii,
1928 1133 2197 1183 concupiscens
2213 1145 2283 1189 stt-1

1245 1193 1454 1241 pientiam,
1474 1205 1658 1233 conserva
1665 1193 1887 1243 justitiam,
1913 1198 1949 1232 et
1974 1195 2079 1233 Deus
2092 1191 2284 1247 praebebit*

1248 1255 1365 1296 itam
1385 1254 1473 1293 titt.
1492 1255 1538 1292 Et
1556 1254 1633 1292 hoc
1655 1253 1928 1305 significatum
1947 1266 2037 1293 esse
2066 1257 2121 1294 ait
2145 1257 2188 1295 in
2210 1257 2283 1296 Ja-·

1249 1316 1339 1362 cob,
1354 1316 1418 1353 cui
1435 1315 1547 1365 piius
1563 1315 1658 1354 data
1674 1319 1734 1354 est
1748 1316 1815 1353 Lia
1832 1327 1955 1365 quam
1970 1317 2119 1355 Rachel
2140 1328 2149 1355 ε
2166 1319 2282 1359 Nam,

1243 1378 1360 1428 prior
1383 1379 1395 1425 (
1414 1377 1572 1427 inquit)
1594 1377 1713 1416 estin
1731 1382 1838 1417 recta
1866 1379 2035 1418 hominis
2061 1381 2281 1422 eruditione

1249 1438 1357 1477 labor
1379 1438 1565 1488 operandi
1586 1450 1671 1488 quoe
1683 1438 1801 1488 justa
1826 1443 1935 1485 sunt,
1963 1452 2080 1490 quam
2097 1442 2280 1490 voluptas

1249 1498 1497 1549 intelliyendt
1512 1510 1598 1549 quoe
1611 1510 1704 1537 vera
1718 1502 1823 1538 sunt.
1842 1498 1899 1538 De
1917 1500 2060 1537 eadem
2083 1513 2126 1538 re
2149 1501 2278 1541 videri

1251 1563 1384 1609 potest
1410 1559 1519 1597 idem
1553 1560 1831 1610 Augustinus,
1853 1560 1922 1597 lib.
1955 1562 1979 1598 ἢ
2006 1561 2057 1598 de
2084 1561 2278 1602 Doctrina

1250 1620 1492 1667 Christiana,
1514 1632 1602 1670 cap.
1624 1620 1941 1671 quadragesimo
1963 1622 2110 1671 primo,
2132 1623 2202 1661 lib.
2224 1623 2277 1663 de

1251 1682 1400 1733 Spiritu
1426 1685 1464 1719 et
1484 1681 1617 1719 littera
1632 1711 1643 1728 ,
1666 1693 1756 1731 cap.
1786 1683 1836 1720 12
1855 1711 1864 1728 ,
1895 1686 1936 1720 et
1954 1682 2023 1720 lib.
2060 1682 2111 1720 de
2132 1685 2277 1734 Agone

1246 1743 1488 1786 Christiane,
1510 1754 1599 1792 cap,
1624 1742 1782 1781 decimo
1804 1743 1922 1782 tertio
1944 1756 1952 1780 :
1974 1744 2099 1783 Fides
2114 1744 2277 1796 (inquit)

1245 1807 1318 1851 est,
1336 1816 1423 1854 quoe
1442 1805 1632 1854 subjuyat
1644 1806 1819 1855 primum
1837 1806 2011 1844 animam
2025 1806 2124 1852 De0‚·
2142 1807 2277 1849 deinde

1241 1870 1439 1916 praecepta
1457 1865 1625 1910 vivendi,
1648 1866 1787 1916 quibus
1805 1867 2017 1905 custoditis
2034 1879 2121 1916 spes
2138 1873 2275 1909 nostra

1245 1927 1452 1975 firmatur,
1480 1929 1516 1966 et
1539 1928 1723 1966 nutritur
1749 1928 1947 1975 charitas,
1974 1933 2008 1967 et
2029 1929 2158 1972 lucere
2177 1931 2274 1971 inci·

1241 1988 1320 2037 pit,
1352 1989 1455 2038 quod
1473 1991 1587 2027 antea
1612 1989 1877 2027 tantummodo
1898 1990 2147 2037 credebamur,-
2165 1995 2273 2034 errat

1244 2054 1372 2088 autem
1393 2051 1572 2100 quisquis
1589 2053 1705 2098 putat
1725 2051 1931 2090 veritatem
1956 2063 1995 2090 se
2011 2064 2122 2102 posse
2139 2065 2273 2106 coquo-

1243 2121 1361 2158 scere,
1375 2123 1459 2150 cum
1477 2111 1603 2150 adhuc
1620 2111 1796 2161 nequiter
1813 2114 1934 2150 vivat.
1956 2112 2003 2150 Et
2021 2114 2271 2166 Bernardus,

1246 2183 1428 2210 sermon.
1450 2173 1468 2209 1
1492 2172 1531 2208 in
1549 2171 1712 2209 Cantica
1729 2185 1738 2209 :
1754 2171 1859 2212 Ante
1878 2185 2030 2212 carnem
2050 2176 2272 2227 discipli-nce

1244 2233 1390 2272 studiis
1408 2234 1631 2276 edomitam,
1653 2235 1940 2284 emancipatam
1967 2235 2149 2284 spiritui,
2182 2241 2273 2279 ante

1244 2299 1414 2344 spretam
1431 2298 1466 2334 et
1477 2295 1665 2343 abjectam
1679 2295 1799 2334 seculi
1808 2307 1992 2345 pompam
2005 2300 2042 2335 et
2055 2300 2270 2350 sarcinam,

1243 2354 1401 2406 indique
1429 2356 1474 2394 ab
1494 2356 1664 2404 impuris
1689 2355 1801 2395 lectio
1829 2366 1969 2396 sancta
1984 2360 2244 2407 praesumitur
2251 2373 2272 2407 ,-

1244 2418 1283 2453 et
1318 2416 1463 2453 similia
1487 2417 1616 2454 multa
1642 2417 1796 2467 passim
1822 2417 1863 2454 in
1896 2418 2055 2457 Sanctis
2085 2420 2271 2460 Patribus

1242 2476 1514 2515 invenientur.
1542 2477 1643 2522 Quia
1672 2490 1768 2516 vero
1797 2479 1840 2517 in
1864 2480 1938 2518 hoc
1958 2482 2079 2519 etiam
2107 2481 2270 2531 pietatis

1243 2539 1436 2577 exercitio
1457 2543 1591 2590 potest
1612 2539 1834 2589 aliquando
1855 2553 1945 2579 esse
1967 2554 2173 2587 excessus,
2198 2543 2270 2594 qui

1241 2600 1466 2650 profectum
1501 2600 1729 2639 litterarum
1758 2602 1968 2652 impediat,
1999 2603 2092 2641 ideo
2125 2604 2266 2652 etiam,

1242 2662 1378 2712 quoad
1400 2662 1505 2699 hanc
1531 2666 1705 2711 partem,
1724 2662 1769 2700 B.
1791 2663 1838 2700 N.
1860 2663 2042 2713 Ignatius
2063 2664 2268 2703 sufficien-

1241 2722 1296 2760 tia
1313 2723 1495 2760 remedia
1516 2722 1704 2772 providit,
1723 2726 1810 2761 tum
1829 2724 1997 2773 singulis
2018 2726 2267 2765 moderatio-

1241 2795 1336 2822 nem
1363 2783 1541 2821 debitam
1572 2783 1841 2830 consulendo,
1870 2790 1956 2823 tum
1989 2786 2110 2824 etiam
2132 2788 2266 2839 Supe-

1239 2844 1415 2883 rioribus
1450 2854 1646 2892 maguam
1678 2844 1784 2883 circa
1815 2845 1892 2884 hoc
1926 2859 2064 2886 curam
2097 2853 2137 2887 et
2166 2849 2264 2900 vigi-

1239 2905 1407 2943 lantiam
1431 2905 1700 2955 injungendo.
1734 2907 1866 2957 Atque
1903 2908 1971 2954 ita,
2008 2909 2051 2946 in
2084 2921 2175 2960 cap.
2209 2913 2263 2962 4,

1240 2977 1349 3016 saepe
1380 2966 1517 3013 citato,
1552 2966 1576 3017 ἓ
1604 2967 1628 3004 2
1653 2979 1661 3005 :
1699 2966 1800 3007 Cum
1829 2969 1976 3008 studiis
1996 2969 2175 3021 (inquit)
2196 2983 2264 3014 oa-

1239 3032 1355 3075 cant,
1389 3032 1434 3068 ut
1463 3032 1520 3068 est
1542 3029 1751 3068 cavendum
1781 3041 1826 3069 ne
1859 3033 2012 3079 fervore
2041 3034 2264 3075 stadmrum

1237 3091 1450 3139 intepescat
1470 3089 1687 3130 solidarum
1708 3090 1901 3131 ‘cirtutum
1924 3105 1969 3132 ac
1989 3094 2184 3146 retiyiosoe
2205 3095 2265 3136 vi-

1239 3154 1289 3191 toe
1308 3162 1432 3195 amor.
1456 3151 1517 3190 ita
1537 3151 1916 3201 mortificationibus,
1935 3156 2196 3203 orationibus,
2218 3167 2263 3197 ac

1237 3212 1555 3252 meditationibus
1587 3212 1760 3262 prolixis
1795 3225 1835 3252 eo
1866 3219 2033 3267 tempore
2068 3229 2144 3255 non
2170 3217 2262 3258 adeo

1237 3271 1405 3312 multam
1434 3274 1507 3312 toci
1536 3274 1744 3314 tribuetur.
1766 3274 1882 3321 Quod
1908 3276 2044 3315 statim
2065 3277 2103 3315 in
2125 3277 2261 3317 decla·

1237 3334 1394 3373 ratione
1422 3334 1457 3373 A
1481 3334 1715 3374 discretioni
1746 3337 1929 3376 Rectoris
1967 3339 2260 3388 committitur;

1239 3399 1279 3435 et
1298 3408 1387 3446 cap.
1409 3397 1449 3445 6,
1475 3396 1499 3448 ξ
1519 3398 1543 3436 3
1567 3409 1576 3436 :
1602 3397 1888 3450 Impedimenta
1912 3400 2089 3451 (iuquit)
2114 3401 2261 3442 studiis
2316 3399 2337 3462 ’Δ

1238 3463 1523 3506 renaseuntur,
1545 3470 1632 3510 quoe
1666 3471 1691 3499 a
1719 3460 1863 3500 studiis
1883 3463 2058 3501 animum
2081 3465 2260 3510 avocant,

1239 3522 1319 3559 tam
1347 3521 1591 3559 devotionum
1615 3531 1662 3561 ac
1688 3522 2037 3571 mortificatianum
2054 3550 2064 3567 ‚
2083 3533 2171 3574 quoe
2200 3520 2265 3564 vol.

1237 3581 1373 3628 nimie,
1385 3580 1444 3620 vel
1457 3582 1543 3621 sine
1556 3581 1679 3623 debito
1693 3581 1828 3623 ordine
1842 3583 2131 3636 suscipiuntur,
2141 3571 2266 3638 quam!
2302 3607 2305 3609 ·

2313 3487 2352 3595 ἰ,

2311 3604 2331 3676 {i

2289 3703 2352 3880 t
