2352 3880
201 194 231 234 2

145 193 622 315 0731131010,ᾶί13111011110
643 274 878 314 personam,
890 261 1065 304 subdit:
1082 261 1171 308 Ne-

144 337 218 380 que
235 331 325 369 ante
342 327 414 378 huj
415 324 568 366 asmodi
590 323 670 364 dim
769 335 853 366 nem
867 324 1168 369 matrimonium

143 390 385 432 conio-ahere,
405 385 583 438 quinimo
611 396 675 426 eon
699 397 838 427 mnes
858 387 915 428 ad
938 389 1168 430 contrahen-

143 451 234 492 dum
251 448 458 497 inhabiles,
489 458 536 489 ac
552 451 776 490 contraeas
788 448 1019 499 hujusmodi·
1035 452 1168 493 nullos

142 516 179 553 ec
195 512 338 551 irritos
354 510 524 559 facimus
546 513 582 550 et
598 510 866 550 annullamus.
884 511 972 550 Duo
985 515 1126 552 autem
1140 524 1167 553 3

141 572 260 611 nobis
289 570 505 623 probanda
527 574 648 620 sunt,
668 570 846 618 scilicet,
867 575 908 611 et
928 572 1163 614 Pontificem

139 633 321 684 potuisse
341 633 420 672 hoc
441 631 592 679 facere,
614 636 656 671 et
672 632 897 683 expediens
914 632 1052 672 fuisse.
1079 634 1163 673 Pri-

137 688 252 734 mum
267 694 367 734 satis
383 706 433 733 ex
446 693 554 732 facto
571 693 659 745 ipso
678 694 896 745 probatum
915 694 1036 733 valde
1053 695 1163 734 enim

137 759 293 796 erraret
311 756 352 794 in
370 767 467 794 sana
490 755 694 802 doctrina,
725 755 812 806 qui,
846 756 1057 807 supposito
1077 756 1163 795 fac-

135 822 193 865 to,
224 817 397 856 auderet
429 819 675 868 potestatem
711 829 891 867 negare,
925 828 1023 856 nam
1054 820 1163 858 esset

135 879 400 919 intolerabilis
418 891 533 918 error
549 879 593 917 in
618 878 814 917 Ecclesia.
837 879 989 917 Deinde
1010 879 1160 929 proba-

133 945 213 988 tur,
234 941 329 992 quia
349 940 531 979 Ecclesia
556 943 689 990 potest
711 939 961 978 matrimonii
983 940 1160 992 impedi-

131 1007 270 1042 menta
289 1002 488 1041 irritantia
510 1013 663 1052 augere
683 1002 748 1041 vel
777 1001 980 1050 minuere,
1001 1007 1045 1041 ut
1063 1003 1159 1042 defi-

130 1065 190 1104 nit
208 1064 432 1103 Concilium
451 1062 752 1111 Tridentinum,
771 1075 871 1102 sess.
891 1065 957 1110 24,
973 1064 1095 1115 capit.
1113 1066 1152 1115 3,

128 1126 304 1178 loquens
337 1126 379 1165 in
415 1123 650 1175 particulari
681 1125 733 1164 de
760 1125 957 1176 gradibus
980 1138 1156 1165 consan-

129 1187 341 1240 guinitatis
356 1198 365 1233 ;
380 1185 526 1224 eadem
544 1190 682 1224 autem
703 1187 805 1225 ratio
829 1191 889 1226 est
902 1187 954 1225 de
965 1188 1150 1238 reliquis.

126 1248 244 1290 Unde
272 1260 363 1298 cap.
385 1249 411 1286 2
429 1249 470 1286 et
495 1248 519 1286 3
539 1251 717 1286 coarctat
743 1248 1043 1299 impedimenta
1063 1250 1155 1289 irri-

126 1310 268 1355 130113,
292 1320 382 1360 quae
403 1320 453 1347 ex
472 1308 668 1347 affinitate
697 1309 869 1358 carnali,
897 1310 1060 1360 publica
1082 1310 1155 1350 ho-

124 1375 284 1410 nestate
307 1375 348 1409 et
365 1370 614 1421 cognatione
634 1369 834 1421 spirituali
864 1371 1052 1410 oriuntur
1074 1384 1083 1409 :
1113 1376 1154 1411 et

124 1443 148 1472 a
170 1431 391 1480 contrario,
412 1431 453 1469 in
475 1443 564 1481 cap.
589 1434 606 1469 1
630 1431 787 1469 inducit
809 1432 1154 1483 1101010101ροᾶί-

122 1497 309 1533 mentum
350 1491 601 1530 matrimonii
652 1491 906 1531 clandestini.
950 1494 1152 1533 Praeterea

122 1558 280 1594 certum
313 1557 400 1600 est,
434 1554 511 1592 hoc
539 1554 882 1604 impedimentum
909 1555 1153 1607 adjunctum

122 1628 212 1655 esse
240 1619 336 1654 voto
357 1614 600 1654 clericorum
622 1626 674 1655 ex
701 1617 993 1656 constitutione
1018 1618 1154 1656 Eccle-

120 1677 214 1725 513ος
235 1689 334 1729 ergo
356 1676 451 1715 addi
476 1677 600 1715 etiam
627 1677 760 1729 potuit
780 1677 877 1716 huic
894 1681 988 1717 voto
1016 1678 1152 1718 Socie-

122 1740 230 1779 13115.
256 1739 362 1785 Quin
383 1738 507 1777 eliam
535 1739 638 1785 Sot.,
667 1739 708 1776 in
733 1740 774 1787 4,
795 1739 836 1778 d.
857 1741 923 1788 27,
946 1745 1090 1790 quaest.
1111 1743 1149 1789 1,

122 1801 291 1841 articulo
313 1804 475 1849 quarto,
493 1799 544 1837 de
565 1799 761 1838 militibus
792 1800 831 1839 S.
851 1801 1023 1840 Joannis
1044 1802 1152 1842 affir-

122 1866 220 1910 mat,
249 1861 414 1899 illorum
450 1864 593 1898 votum
624 1873 710 1899 non
746 1861 909 1900 irritare
939 1863 1151 1902 matrimo-

121 1923 236 1962 nium
259 1926 408 1961 natura
427 1933 502 1959 sua
529 1922 647 1971 (cum
666 1921 717 1959 de
738 1922 828 1960 aliis
854 1923 1056 1974 rr'fgiosis
1080 1936 1151 1975 op-

121 1985 297 2037 positum
322 1983 529 2032 censeat),
554 1982 627 2020 sed
656 1994 707 2021 ex
728 1983 972 2023 Pontificum
1003 1986 1151 2025 consti-

122 2046 304 2091 tutione3
341 2043 536 2094 supponit
573 2055 671 2095 ergo
703 2055 825 2095 posse
860 2045 939 2084 1100
978 2046 1151 2097 impedi-

122 2110 306 2147 mentum
327 2105 420 2143 addi
439 2116 514 2155 per
532 2104 757 2143 Ecclesiam
776 2105 898 2144 alicui
915 2108 1039 2145 statui
1057 2108 1152 2147 reli-

121 2168 259 2221 gi0503
282 2179 380 2217 ergo
411 2166 558 2205 eadem
590 2165 750 2204 ratione
778 2166 909 2217 potuit.
929 2168 1151 2220 Gregorius

120 2230 216 2269 huic
243 2228 367 2269 statui
391 2231 432 2266 et
458 2231 554 2267 voto
590 2228 667 2269 hoc
699 2227 1046 2279 impedimentum
1077 2231 1150 2272 ad-

119 2293 305 2343 jungere.
338 2290 456 2328 Dices
489 2301 581 2329 esse
609 2288 913 2339 diversitatem,
947 2291 1042 2343 quia
1071 2293 1148 2333 boc

120 2358 259 2392 votum
289 2364 374 2390 non
408 2355 469 2390 est
492 2351 547 2389 ita
569 2351 816 2391 ahsolutum.
855 2354 906 2393 At
938 2355 1016 2394 hoc
1050 2356 1149 2406 quid

119 2415 318 2454 interest?
348 2414 452 2452 Nam
485 2413 684 2463 quamdiu
710 2414 857 2461 durat,
887 2419 972 2454 tam
1000 2428 1147 2456 verum

119 2480 261 2515 votum
282 2479 356 2523 est,
373 2478 543 2524 tamque
562 2486 709 2512 verum
735 2478 886 2514 statum
907 2478 1147 2530 religiosum

120 2537 342 2582 constituit,
364 2537 470 2575 sicut
489 2536 701 2585 quodlibet
719 2538 843 2578 aliud.
866 2539 982 2585 Quod
1007 2545 1147 2581 autem

119 2599 161 2639 in
179 2612 278 2639 casu
295 2598 431 2649 aliquo
452 2597 603 2636 auferri
622 2599 766 2649 possit,
791 2613 875 2638 non
893 2602 1027 2642 obstat
1047 2615 1150 2654 qno·

122 2662 255 2700 minus
267 2661 302 2700 ei
315 2660 441 2711 possit
458 2659 626 2711 adjungi
643 2661 1004 2712 impedimentum,
1021 2666 1146 2716 quod,

119 2722 188 2762 illo
210 2723 362 2770 ablato,
382 2721 605 2760 auferatur.
629 2722 756 2770 Sicut,
777 2724 958 2765 carentia
979 2726 1148 2776 parochi

119 2789 160 2824 et
173 2785 340 2824 testium
363 2783 587 2833 supposita,
610 2793 801 2832 personae
828 2791 925 2824 sunt
945 2786 1149 2826 inhabiles

119 2845 173 2884 ad
186 2844 512 2884 contrahendum
527 2858 537 2891 3
555 2843 622 2882 illa
639 2847 775 2883 autem
792 2846 1026 2887 conditione
1042 2849 1152 2889 abla-

119 2908 177 2955 ta,
213 2906 400 2946 aufertur
436 2905 688 2944 inhabilitas.
727 2906 831 2946 Item
869 2909 1005 2948 minor
1034 2915 1148 2959 oetas,

120 2956 319 3020 'quamdiu
338 2967 471 3015 durat,
487 2966 583 3006 facit
598 2967 839 3015 inhabilem3
856 2981 906 3009 ea
924 2981 1023 3010 vero
1042 2975 1151 3011 tran-

121 3034 232 3070 sacta
259 3029 415 3069 tollitur
441 3028 693 3067 inhabilitas.
725 3029 870 3080 Itaque
903 3032 1017 3071 nulla
1046 3034 1149 3072 ratio

120 3091 258 3131 afferri
278 3093 413 3142 potest
440 3102 513 3128 cur
534 3090 612 3128 hoc
639 3089 729 3129 fieri
761 3103 845 3130 non
868 3095 1049 3144 potuerit
1075 3107 1085 3142 ;
1110 3099 1151 3134 et

119 3153 271 3205 alioqui
286 3155 471 3205 potestas
494 3150 697 3191 Pontinus
718 3157 758 3193 et
774 3166 983 3208 suprema,
1005 3162 1046 3197 et
1061 3157 1150 3196 uni-

116 3215 288 3257 versalis
321 3215 375 3253 ad
405 3213 694 3255 constituenda
728 3215 1025 3268 impedimenta
1055 3229 1149 3270 quae

117 3276 427 3318 matrimonium
458 3275 666 3324 dirimant,
697 3276 732 3318 si
765 3279 959 3330 expedire
980 3291 1154 3324 censue·

117 3338 184 3380 rit.

166 3403 208 3443 9.
227 3398 415 3448 Dubium,
429 3410 482 3443 an
497 3397 610 3440 condi
616 3400 831 3451 expedierit
846 3400 927 3442 tale
937 3401 1145 3445 deorecum.

123 3485 169 3492 --
183 3461 480 3514 Amr-mnndum
509 3471 590 3501 esse
616 3461 842 3504 ostenditur
859 3473 908 3504 ex
932 3464 1149 3505 contrariis

115 3523 382 3564 incommodi-⁹2
401 3522 544 3563 —Gur
559 3525 699 3563 autem
718 3523 798 3563 1100
824 3524 1052 3576 expedierit
1070 3525 1148 3567 du·

113 3585 237 3628 hitari
260 3588 409 3639 potest.
431 3585 537 3630 Nam
554 3583 592 3628 si
609 3584 792 3631 hocerat
809 3585 1050 3641 expediens,
1072 3599 1150 3631 cur

499 168 575 231 HR.
599 194 732 230 128ss
748 194 872 233 vom
890 194 1150 233 mmm·
1155 196 1400 236 usnuus
1416 198 1474 234 m·
1487 198 1785 242 murmanus,
1797 195 1897 245 2¹1ss
1953 246 1956 251 .
2000 231 2007 237 .,

1223 275 1248 305 a
1262 263 1464 318 principio
1480 265 1635 308 factum
1644 278 1732 305 non
1749 252 1941 325 11οΜ111-
1950 268 2009 314 ita
2020 268 2244 341 1311031100
2267 302 2268 305 =
2319 276 2328 326 ζ

1223 327 1351 379 gravi,
1373 330 1416 367 et
1430 326 1734 379 quodammodo
1763 315 2042 381 substantiali,
2058 332 2146 378 13111
2162 331 2244 386 cito

1220 389 1395 429 mutatio
1430 387 1537 431 fincta
1566 393 1629 430 est
1647 393 1664 430 ⁸!
1696 391 1839 442 Neque
1867 389 1983 430 enim
2015 395 2106 436 tam
2129 381 2244 434 brevi

1222 454 1408 501 tempore
1425 462 1494 491 res
1521 451 1626 492 adeo
1645 452 1796 492 mutari
1815 456 2052 504 potuerunt,
2072 457 2120 494 ut
2132 453 2243 502 diea-

1221 522 1312 550 mus
1332 512 1508 563 coepisse
1534 525 1629 561 esse
1649 514 1873 566 expediens
1894 513 2004 565 quod
2023 517 2244 556 autea-non

1219 571 1365 611 fuerat.
1384 574 1536 613 Verum
1550 574 1706 627 absque
1720 575 1804 614 ulla
1819 575 2074 615 dubitatione
2090 575 2245 616 fuitex-

1217 634 1391 684 pediens
1410 638 1450 674 et
1463 641 1743 687 opportunum
1762 637 1991 676 remedium
2010 637 2065 676 ad
2097 637 2243 677 subve-

1217 695 1417 734 niendum
1436 696 1629 738 Societati
1654 699 1853 738 adversus
1879 698 2048 738 fraudes
2079 702 2119 738 et
2134 699 2243 750 inju-

1216 757 1312 805 rias,
1329 769 1420 807 quae
1438 757 1483 796 in
1498 758 1568 797 illo
1579 760 1745 811 negotio
1762 760 1827 799 vel
1838 760 1898 798 illi
1910 760 2079 812 fiebant,
2100 761 2166 800 vel
2185 760 2242 799 fa-

1215 818 1290 857 cile
1312 818 1401 857 fieri
1420 823 1625 870 poterant,
1648 825 1789 860 contra
1807 820 1989 860 divinum
2021 823 2238 872 honorem,

1215 891 1435 918 commune
1458 880 1628 928 bonum,
1647 882 1922 921 reverentiam
1958 883 2141 934 religiosi
2159 885 2244 922 sta-

1213 944 1295 989 tus,
1317 953 1364 980 ac
1390 941 1569 992 denique
1586 941 1628 979 in
1642 942 1868 992 perniciem
1884 943 2157 994 ipsorummet
2172 955 2241 983 vo-

1213 1003 1395 1041 ventium
1409 1034 1419 1050 ‚
1447 1016 1520 1042 seu
1551 1002 1854 1054 religiosorum.
1886 1004 2003 1044 Prius
2037 1006 2148 1045 enim
2183 1005 2242 1046 ad

1213 1065 1516 1103 succurendum
1533 1065 1597 1103 his
1612 1065 1773 1104 damnis
1790 1064 2028 1116 obligationi
2050 1071 2240 1106 votorum

1211 1125 1358 1165 additae
1369 1131 1463 1166 sunt
1474 1127 1757 1166 ecclesiasticae
1766 1138 1898 1178 poenae
1914 1129 2242 1167 excommunica-

1209 1189 1348 1235 tionis,
1371 1192 1411 1227 et
1421 1188 1521 1236 aliae,
1533 1200 1623 1238 quae
1639 1187 1834 1239 apostatis
1853 1188 2134 1238 imponuntur.
2145 1189 2241 1228 Pos-

1207 1254 1386 1289 teavero
1418 1250 1670 1301 experientia
1701 1253 1962 1299 compertum
1981 1254 2056 1297 est,
2068 1250 2108 1288 in
2125 1254 2242 1290 tanta

1209 1312 1364 1351 malitia
1395 1313 1624 1359 hominum,
1647 1311 1734 1350 haec
1755 1311 1940 1350 remedia
1961 1322 2046 1350 non
2064 1325 2156 1352 esse
2178 1325 2242 1352 sa-

1208 1372 1258 1412 tis
1276 1373 1473 1418 efficacia,
1487 1374 1583 1426 quia
1597 1373 1726 1412 semel
1737 1376 1944 1412 contracto
1957 1374 2237 1424 matrimonio,

1208 1434 1344 1482 vellet,
1367 1435 1515 1483 nollet,
1544 1434 1768 1485 cogebatur
1802 1434 1983 1474 Societas
2014 1447 2236 1486 personam

1209 1494 1428 1544 dimittere,
1449 1501 1489 1536 et
1508 1496 1659 1547 privari
1677 1496 1876 1547 operariis
1897 1508 2000 1547 quos
2023 1497 2162 1536 multis
2181 1498 2239 1537 la-

1206 1556 1378 1597 boribus
1395 1561 1436 1597 et
1451 1558 1642 1608 expensis
1658 1547 1818 1596 habiles
1845 1557 2054 1596 ministros
2078 1563 2239 1599 crearat

1206 1618 1264 1658 ad
1292 1619 1554 1658 serviendum
1583 1618 1788 1659 Ecclesiae.
1817 1618 1920 1658 Cum
1941 1621 2080 1658 autem
2096 1630 2243 1670 perso-·

1208 1692 1273 1720 11ae
1310 1685 1450 1720 essent
1481 1680 1641 1720 habiles
1675 1679 1730 1719 ad
1760 1680 2068 1719 matrimonium
2103 1680 2243 1721 valide·

1208 1743 1552 1790 contrahendum,
1573 1746 1616 1782 et
1634 1754 1659 1781 a
1676 1741 1864 1793 cognatis
1879 1742 1943 1780 vel
1961 1741 2105 1780 amicis
2124 1747 2237 1793 pote-

1205 1809 1300 1845 rant
1315 1805 1522 1844 interdum
1541 1803 1688 1843 adhoc
1713 1803 2000 1842 vehementius
2022 1803 2174 1852 induci,
2196 1808 2238 1844 et

1206 1866 1284 1917 ipsi
1300 1867 1421 1905 etiam
1440 1864 1880 1917 possentprocliviorcs
1898 1869 1938 1903 et
1956 1864 2156 1904 faciliores
2175 1865 2242 1904 in*

1204 1927 1334 1967 veniri
1346 1927 1453 1967 circa
1470 1925 1706 1977 hujusmodi
1722 1925 1898 1975 lapsum,
1915 1925 1997 1963 imo
2013 1925 2236 1975 aliquando

1205 1993 1374 2040 possent
1392 1989 1638 2028 Societatem
1657 1987 1864 2038 decipere,
1877 1986 1986 2027 mala
2000 1985 2082 2025 fide
2102 1987 2145 2025 in
2168 1997 2234 2036 ea,

1205 2050 1383 2102 fictoque
1404 2051 1542 2088 animo
1560 2049 1691 2088 multo
1710 2052 1895 2099 tempore
1913 2046 2241 2100 perseverando,

1205 2111 1342 2150 solum
1360 2111 1414 2151 ad
1430 2111 1660 2150 litterarum
1679 2109 1924 2161 profectum,
1941 2112 1986 2147 ut
2007 2109 2104 2148 inde
2122 2119 2237 2149 com-

1204 2172 1368 2212 modius
1386 2175 1556 2223 possent
1574 2171 1699 2211 alium
1719 2175 1872 2209 statum
1892 2182 2122 2216 assumere,
2140 2182 2235 2211 cum

1203 2234 1246 2274 id
1262 2235 1397 2274 facere
1425 2236 1606 2285 possent,
1639 2232 1762 2271 ctiam
1791 2231 1919 2270 invita
1944 2231 2162 2281 Societate,
2183 2231 2237 2272 ad

1203 2295 1533 2336 subveniendum
1552 2295 1662 2333 hisce
1677 2292 1967 2342 incommodis,
1984 2295 2235 2333 conveniens

1202 2354 1490 2409 fuitpersonas
1506 2355 1709 2396 inhabiles
1730 2354 1919 2401 reddere,
1936 2366 1989 2393 ne
2005 2354 2124 2394 facile
2141 2367 2237 2406 pos-

1204 2423 1335 2459 senta
1352 2422 1543 2469 suscepto
1564 2421 1672 2459 statu
1691 2427 1787 2456 cum
1804 2415 2056 2456 detrimento
2072 2416 2237 2470 religio-

1203 2481 1282 2529 nis,
1304 2482 1391 2533 ipsa
1413 2480 1552 2527 invita,
1577 2477 1788 2518 recedere.

1260 2545 1324 2584 10.
1342 2542 1531 2594 Apposito
1549 2541 1720 2592 exemplo
1733 2539 1779 2582 id
1790 2537 2238 2581 declaratum-Eam·-

1202 2606 1315 2658 plum
1349 2606 1464 2647 aliud
1486 2615 1534 2646 ex
1557 2602 1756 2645 Societate
1789 2604 2007 2652 sumptum.
2021 2624 2050 2627 -
2082 2599 2236 2649 Confir-

1203 2672 1340 2709 matur
1364 2666 1520 2707 tandem
1538 2675 1565 2704 a
1581 2662 1854 2704 simili.—Est
1871 2659 2137 2700 commodum
2157 2659 2235 2699 hu-

1200 2731 1269 2781 jus
1288 2727 1347 2767 rei
1368 2726 1603 2776 exemplum
1627 2723 1671 2762 in
1687 2734 1777 2773 cap.
1806 2720 1902 2763 Cum
1920 2733 1968 2761 ex
1986 2733 2041 2770 eo,
2058 2720 2109 2760 de
2120 2721 2234 2761 Elec-

1204 2789 1401 2836 tionibus,
1419 2787 1464 2826 in
1482 2786 1523 2832 6,
1539 2785 1611 2823 ubi
1628 2783 1863 2823 Bonifacius
1884 2783 1983 2829 vm,
1997 2795 2091 2821 cum
2111 2781 2237 2834 geness
2294 2784 2300 2788 '

1205 2851 1345 2892 raliter
1356 2847 1566 2899 dispenset
1589 2856 1683 2885 cum
1702 2845 1890 2896 personis
1902 2844 2152 2884 habentibus
2162 2845 2235 2885 be-

1204 2911 1400 2952 neficium
1422 2907 1669 2959 parochiale,
1687 2910 1732 2945 ut
1748 2905 1978 2945 studiorum
1999 2906 2130 2957 gratia
2147 2917 2235 2946 non

1206 2975 1425 3015 tencantur
1438 2970 1545 3008 intra
1558 2979 1714 3007 annum
1728 2967 1963 3006 sacerdotes
1975 2967 2172 3017 ordinari,
2185 2967 2235 3008 li-

1205 3038 1270 3076 cet
1289 3034 1332 3073 id
1350 3035 1546 3072 statutum
1568 3033 1677 3070 esset
1693 3029 1735 3068 in
1753 3029 1930 3068 Concilio
1950 3028 2231 3080 Lugdunensi‚

1203 3100 1250 3137 ut
1269 3096 1446 3136 habetur
1458 3095 1503 3133 in
1519 3105 1609 3144 cap.
1623 3091 1745 3139 Licet,
1767 3091 1862 3130 eod.
1878 3090 2159 3142 tit.,adjungit
2169 3089 2235 3130 ni·

1204 3158 1444 3203 hilominus,
1460 3159 1507 3194 ut
1530 3154 1637 3193 intra
1669 3165 1824 3192 annum
1847 3156 2066 3192 teneantur
2083 3151 2234 3192 saltem

1207 3220 1394 3262 ordinem
1413 3217 1732 3258 subdiaconatus
1749 3206 1979 3266 suscipere;
2000 3218 2044 3254 et
2063 3225 2234 3254 causam

1209 3294 1283 3321 seu
1315 3281 1519 3320 rationem
1553 3277 1709 3317 reddit:
1739 3277 1806 3319 Ne
1837 3277 1944 3318 siout
1973 3288 2000 3318 a
2026 3275 2168 3317 multis
2185 3275 2235 3318 de

1210 3341 1293 3386 Ulm-
1295 3342 1365 3383 isti
1378 3339 1621 3392 patrimonio
1639 3337 1866 3379 sublimatis
1881 3337 1974 3378 olim
1984 3338 2135 3387 factum
2150 3336 2235 3377 uu

1199 3408 1230 3451 ᾱ
1245 3403 1463 3466 enascitur,
1471 3412 1498 3441 a
1508 3403 1619 3441 statu
1631 3399 1864 3441 retrocedere
1873 3398 2030 3440 valeant
2037 3392 2229 3438 clmmzi.

1196 3453 1287 3508 'Ubi
1315 3465 1452 3516 glossa
1475 3461 1652 3502 advertit
1677 3461 1903 3513 prudenter
1926 3470 1982 3499 ex
2009 3455 2232 3511 praeteritis

1199 3529 1310 3568 cirea
1329 3527 1467 3566 futura
1489 3525 1646 3574 caveri;
1665 3523 1721 3564 ad
1746 3520 1912 3565 vitanda
1930 3531 2032 3572 erge
2055 3517 2232 3570 impedi-

1199 3591 1451 3639 mentn‘quae
1467 3596 1544 3639 per
1559 3579 2032 3638 expet-temonem&
2043 3578 2229 3630 fuerant»
