2352 3880
1042 233 1168 279 mnnx
1188 241 1341 280 neuun.

185 313 358 355 Quantum
384 312 421 347 in
436 312 503 347 linc
518 310 598 346 vilae
617 310 754 345 ratione
769 308 947 344 christum
961 310 996 344 et
1006 307 1172 352 Apostolo

187 363 242 398 los
258 362 427 403 imitetur,
445 362 494 397 ib.

183 412 367 453 Quomodo
389 413 427 446 in
447 412 516 446 hoc
534 410 617 445 vitae
635 418 766 453 genere
784 408 945 454 regulam
962 407 1173 453 simpliciter

185 463 341 497 strictam
355 466 389 496 et
401 462 597 506 rigorosam
617 460 835 505 profiteatur,
853 460 902 495 ib.

144 511 299 547 Societas
321 513 457 547 bonum
489 519 563 546 non
593 510 631 544 in
654 509 886 545 multitudine
911 512 948 545 et
975 506 1171 553 quantitate

186 571 440 606 personarum,
468 561 533 597 sed
563 561 602 595 in
624 560 795 604 qualitate
823 559 978 604 positum
1004 561 1069 600 est,
1090 556 1115 592 l.
1137 559 1171 599 2,

186 621 216 648 c.
241 616 272 646 3.

145 662 299 698 Societas
312 662 412 707 prius
426 662 495 697 fuit
515 669 599 697 vera
613 661 739 703 religio
756 669 864 704 quam
887 660 924 695 in
947 668 989 694 ea
1011 662 1100 693 esset
1112 665 1175 693 so-

186 713 315 747 lemnis
329 712 522 755 professi03
547 712 619 745 imo
636 711 847 755 priusquam
864 711 902 745 in
921 719 964 745 ea
977 710 1103 745 fierent
1112 715 1174 743 vo-

184 766 220 797 ta
236 763 442 797 auctoritate
461 762 660 804 Pontificia‚
683 765 726 796 tr.
745 765 776 801 8,
791 762 814 795 l.
832 765 864 801 2.
885 769 915 795 c.
935 765 966 795 8.

145 814 353 849 Societatem
370 813 563 857 ingressuri
578 820 650 855 quo
668 812 809 846 delectu
830 815 865 846 et
889 809 1077 855 diligentia
1089 816 1174 843 exa-

186 864 350 898 minandi
374 868 409 898 et
428 862 654 904 admittendi,
674 866 717 895 tr.
737 865 789 903 10,
803 861 827 895 l.
845 865 877 903 Ξ,
901 869 931 895 c.
956 864 987 896 3.

143 914 353 950 Societatem
367 914 562 958 ingressuri
580 917 748 947 tenentur
764 912 948 947 veritatem
971 910 1108 955 aperire
1127 909 1174 944 ad

187 965 482 1009 interrogationes
495 973 575 1007 quae
594 964 666 997 illis
681 963 758 997 fieri
773 963 905 1004 solent;
919 963 986 997 sub
1000 971 1070 1004 qua
1083 959 1174 994 obli-

185 1015 339 1057 gatione‚
364 1019 398 1050 et
418 1024 464 1050 an
487 1015 642 1058 graviter
661 1014 939 1056 interrogantem
953 1011 1172 1054 decipientes

185 1066 304 1099 valide
324 1065 556 1108 recipiantur,
573 1065 621 1098 ib.

146 1115 327 1151 societatis
359 1115 398 1149 in
432 1123 514 1150 suos
548 1117 699 1158 potestas
725 1116 761 1148 et
788 1112 992 1156 jurisdictio
1021 1117 1104 1155 quae
1133 1114 1170 1146 et

185 1170 318 1210 quanta
339 1166 395 1208 sit,
414 1166 438 1200 l.
457 1168 509 1206 1ο,
532 1174 564 1200 c.
586 1168 619 1200 Ιι.

186 1219 321 1258 Quanta
337 1220 372 1251 et
392 1217 509 1259 qualis
536 1216 690 1251 resideat
707 1216 745 1250 in
764 1211 1107 1257 congregationibus
1127 1218 1170 1245 ac

181 1267 338 1302 Praelatis
372 1266 482 1302 illius.
517 1266 608 1301 Vide
642 1264 875 1310 congregatio
910 1262 1104 1302 Generalis,
1136 1264 1171 1295 et

181 1318 361 1352 Praelatus.

142 1368 327 1403 societatis
361 1366 563 1401 institutum
595 1372 780 1408 nunquam
822 1361 1003 1398 immutari
1038 1361 1170 1397 debere

183 1417 303 1460 quoad
320 1416 578 1456 substantialia,
594 1424 624 1450 c,
650 1418 701 1449 14.

183 1468 319 1509 Quibus
340 1467 457 1501 modis
474 1465 680 1508 contingere
692 1468 806 1508 potest
826 1463 1033 1507 religiosum
1051 1464 1172 1501 Socie-

184 1518 264 1551 tatis
277 1520 405 1551 statum
426 1516 620 1556 immutari,
638 1516 660 1549 l.
686 1518 737 1556 11,
756 1515 794 1549 in
818 1523 968 1558 prooem.

184 1566 368 1601 societatis
378 1565 541 1610 professi,
554 1566 789 1607 coadjutores,
804 1564 1019 1606 scholastici.
1030 1564 1170 1606 domus,

185 1616 346 1659 collegia,
367 1619 432 1650 etc.
452 1615 541 1650 Vide
558 1616 595 1650 in
612 1616 768 1659 propriis
786 1616 918 1650 verbis.

144 1666 344 1708 solitarius,
363 1665 448 1701 vide
468 1666 634 1708 Eremita,
658 1670 693 1700 et
704 1666 894 1701 Eremitica
915 1664 1000 1701 vita.

587 1753 743 1779 selanus.

144 1818 297 1862 Spiritus
312 1818 522 1861 dignoscere
543 1817 784 1853 necessarium
799 1821 852 1853 est
876 1818 921 1852 iis
941 1818 1003 1862 qui
1024 1817 1071 1853 ad
1088 1825 1172 1861 per-

188 1868 378 1903 fectionem
402 1869 566 1909 tendunt,
589 1872 632 1902 tr.
649 1872 702 1910 10,
725 1869 750 1902 l.
775 1872 808 1910 9,
825 1876 857 1903 c.
879 1872 911 1903 5.

185 1919 238 1954 Ad
257 1927 318 1953 eos
339 1919 602 1960 dignoscendos
617 1919 763 1961 regulae,
779 1919 828 1952 ib.

185 1970 260 2003 Non
278 1969 430 2011 quilibet
446 1969 551 2002 dictis
577 1969 711 2010 regulis
736 1968 787 2002 uti
809 1971 934 2011 potest,
956 1968 1020 2003 sed
1035 1972 1173 2002 lantum

186 2018 254 2053 viri
274 2018 476 2061 spirituales
491 2022 524 2050 et
543 2018 736 2060 sapientes,
750 2018 787 2051 ib

187 2068 383 2112 Spirituum
406 2067 554 2102 nomine
569 2067 658 2110 quid
676 2067 906 2111 intelligatur,
923 2066 973 2102 ib.

500 2152 646 2178 sentitus
666 2151 816 2178 SANCTUS.

144 2216 299 2260 Spiritus
319 2215 469 2250 Sanctus
495 2214 707 2259 principalis
735 2214 804 2250 suit
830 2217 953 2250 auctor
976 2214 1169 2257 societatis,

186 2266 431 2357 gugiort'ogo1i’dc
435 2269 725 2358 itit-elligendum,
742 2315 791 2350 ib.

188 2367 283 2408 Quos
305 2367 343 2401 in
364 2375 406 2401 ea
426 2365 572 2401 effectus
593 2370 775 2410 operetur,
792 2365 844 2402 ib.

585 2465 735 2492 sponsus.

145 2515 235 2551 Vide
256 2515 444 2560 conjuges.

592 2600 720 2626 surus.

147 2664 199 2699 Ad
217 2667 346 2699 statum
362 2663 652 2699 constituendum
675 2672 755 2706 quae
768 2663 941 2699 stabilitas
957 2663 1173 2708 requiratur,

188 2717 230 2749 tr.
252 2718 303 2756 ιο,
327 2714 351 2748 ι.
373 2718 405 2756 a,
428 2722 459 2748 c.
484 2718 515 2748 a.

147 2765 280 2799 Statum
294 2765 376 2799 aliis
397 2765 604 2808 eligendum
620 2765 859 2799 determinare
878 2765 936 2800 vel
950 2765 1112 2807 suadere,
1126 2773 1174 2800 an

186 2819 222 2849 et
239 2824 310 2858 qua
331 2815 468 2849 ratione
487 2815 662 2858 expediat,
683 2815 707 2849 l.
728 2819 759 2856 9,
777 2823 807 2849 c.
831 2818 863 2850 7.

146 2864 263 2898 Status
281 2866 465 2907 religionis
486 2874 550 2908 per
577 2869 659 2900 vota
683 2865 864 2908 simplicia
890 2866 1103 2901 constitutus
1127 2874 1176 2901 an

188 2914 261 2948 dici
277 2915 402 2948 debeat
417 2915 461 2948 de
481 2916 561 2957 jure
577 2916 749 2958 humano,
766 2919 801 2950 et
813 2919 922 2951 status
941 2925 1005 2960 per
1017 2921 1099 2952 vota
1115 2925 1177 2953 so-

188 2964 323 2999 lemnia
341 2965 385 2999 de
405 2965 485 3006 jure
507 2965 645 3006 divino,
672 2966 722 2999 ib.

146 3013 263 3051 Status
284 3014 469 3058 religionis
490 3024 554 3058 per
567 3018 650 3050 vota
671 3016 846 3059 simplicia
860 3021 975 3061 potest
994 3027 1072 3055 esse
1093 3027 1176 3064 per-

189 3065 317 3101 fectior
331 3069 423 3101 statu
439 3074 504 3110 per
518 3070 601 3102 vota
621 3067 799 3102 solemnia
816 3076 849 3103 c.
871 3070 905 3104 8.

571 3176 748 3204 ΩΤΑΤΙΓΙὋΙ.

146 3250 178 3286 Α
207 3248 380 3291 religione
411 3248 564 3283 habente
600 3252 806 3292 potestatem
831 3250 1012 3286 condendi
1047 3255 1177 3290 statuta

188 3299 297 3334 condi
331 3302 445 3342 potest
469 3302 635 3334 statutum
665 3301 884 3336 contrarium
911 3302 1072 3346 negative
1100 3305 1175 3347 juri

189 3349 382 3434 (ἕηᾶῐιίιοος,
395 3349 452 3433 νΞΙ
467 3349 577 3434 {tiam
589 3350 743 3386 naturali
760 3361 769 3394 ;
786 3359 861 3387 non
875 3355 994 3388 tamen
1009 3353 1174 3398 positive,

224 3424 232 3433 .
292 3426 300 3443 ,
339 3426 347 3433 .
387 3427 394 3442 ,
441 3425 449 3433 .
491 3426 500 3435 .

190 3449 278 3486 Vide
295 3449 520 3493 constitutio,
534 3453 571 3485 et
585 3450 732 3495 Regula.

558 3554 766 3584 numm!-

150 3616 326 3662 stipendii
340 3619 499 3663 acceptio
508 3627 574 3663 pro
592 3621 804 3657 ministeriis
818 3623 1077 3669 spiritualibus,
1090 3624 1174 3662 vide

190 3667 383 3704 linisteria
399 3668 611 3712 spiritualia,
626 3675 661 3706 et
674 3672 874 3716 Paupertas.

2141 234 2250 277 1205
2283 270 2286 273 .

1673 342 1802 370 ”Ubu-

1226 406 1389 441 Studium
1411 406 1620 448 litterarum,
1633 405 1787 440 maxime
1802 413 1994 447 sacrarum,
2007 405 2097 440 utile
2114 406 2150 440 et
2160 413 2250 440 con-

1265 456 1416 490 veniens
1448 460 1500 491 est
1526 456 1696 492 omnibus
1730 455 1990 498 religionibus,
2018 459 2053 489 et
2073 455 2250 500 Societati,

1266 506 1418 549 aliisque
1439 508 1588 542 salutem
1607 506 1759 550 proximi
1786 506 2061 548 procurantibus
2086 514 2252 541 necessa-

1267 554 1384 598 rium;
1408 565 1527 600 neque
1548 556 1699 601 impedit
1726 556 1874 600 spiritus
1895 555 2106 601 profectum,
2129 559 2173 591 tr.
2196 558 2251 600 10,

1267 604 1292 638 1.
1313 609 1344 647 1,
1363 613 1392 639 c.
1411 609 1428 639 1
1444 610 1479 640 et
1492 610 1525 640 ι.
2251 639 2254 648 ,

1226 655 1360 690 Studiis
1375 656 1573 692 litterarum
1590 656 1745 701 aptiores
1756 659 1841 693 sunt
1855 655 2013 701 religiosi
2028 663 2139 699 quam
2152 664 2252 692 secu-

1268 706 1372 749 lares,
1393 708 1416 742 l.
1437 712 1469 749 5,
1490 716 1521 741 c.
1543 710 1576 744 1.
2251 714 2254 735 ¹

1227 757 1392 792 Studium
1427 758 1625 792 litterarum
1647 756 1716 792 tria
1746 757 1969 800 impediunt;
1992 765 2160 801 quaenam
2191 756 2253 793 illa

1268 808 1351 846 sint.
1370 812 1404 842 et
1418 808 1598 851 quomodo
1612 807 1683 841 illis
1697 809 1970 849 occurrendum,
1992 807 2014 841 l.
2031 811 2063 848 4,
2078 816 2106 841 c.
2127 810 2178 842 11.
2253 835 2255 839 ,

1226 857 1392 892 Studium
1425 866 1466 892 ac
1500 857 1629 901 peritia
1662 857 1860 891 litterarum
1883 857 2155 899 humaniorum,
2179 857 2254 891 lin-

1267 916 1417 950 guarum
1441 917 1482 942 ac
1506 907 1711 942 liberalium
1734 907 1875 946 artium,
1905 907 2059 939 maxime
2085 908 2254 942 convenit

1269 959 1490 1001 Evangelicis
1505 958 1810 1002 praedicatoribus,
1825 961 1942 1000 n'eque
1964 957 2067 991 statui
2088 957 2253 1001 religioso

1268 1013 1454 1052 repugnat,
1471 1009 1495 1042 l.
1513 1013 1544 1051 5,
1561 1017 1590 1043 c.
1612 1013 1644 1044 2.
2252 1031 2254 1034 -

1266 1059 1447 1104 Praecipue
1455 1068 1539 1094 vero
1555 1058 1734 1102 religiosis
1747 1058 1930 1094 societatis
1937 1061 1989 1093 est
1999 1056 2253 1101 necessarium,

1266 1109 1314 1143 ib.

1225 1159 1345 1196 Studia
1367 1159 1551 1196 societatis
1565 1158 1794 1196 convenienti
1807 1159 1915 1195 modo
1932 1162 1969 1195 et
1989 1161 2117 1196 ordine
2141 1161 2248 1199 insti-

1266 1214 1340 1245 tuta
1360 1219 1449 1252 esse,
1466 1220 1496 1245 c.
1512 1215 1544 1246 3.

1223 1260 1345 1294 Studia
1360 1261 1559 1296 litterarum
1582 1269 1654 1304 quo
1667 1260 1739 1295 fine
1760 1260 2019 1304 prosequenda,
2035 1261 2086 1297 ib.

1265 1311 1350 1351 Quis
1371 1312 1459 1346 ordo
1478 1312 1516 1345 in
1537 1312 1590 1346 eis
1603 1312 1811 1353 servandus,
1834 1311 1883 1346 ib.

1265 1361 1399 1401 Quibus
1430 1362 1560 1396 mediis
1593 1362 1749 1397 Societas
1778 1369 1927 1398 suorum
1959 1361 2254 1400 scholasticorum

1268 1412 1387 1445 studia
1410 1416 1627 1454 promoveat,
1648 1412 1696 1446 ib.
2254 1408 2258 1451 l

1225 1460 1359 1496 Studiis
1382 1462 1579 1497 litterarum
1613 1461 1835 1497 infestissimi
1859 1461 2009 1505 quinam
2032 1463 2166 1498 fuerint
2181 1492 2190 1507 ,
2222 1468 2256 1500 et

1267 1517 1404 1554 quanto
1431 1521 1514 1548 cum
1546 1513 1758 1549 Christianae
1790 1513 1998 1557 reipublicae
2028 1514 2255 1557 detrimento,

1268 1570 1300 1596 c.
1319 1565 1353 1597 ⁴.

1226 1612 1350 1647 Studia
1364 1612 1509 1657 publICa
1525 1618 1559 1648 et
1578 1614 1829 1649 universitates
1848 1613 1992 1656 habere,
2012 1618 2048 1649 et
2065 1615 2102 1649 in
2120 1615 2173 1650 eis
2187 1615 2254 1651 do-

1267 1670 1359 1704 cere,
1383 1672 1430 1697 an
1452 1664 1616 1699 societati
1646 1668 1681 1699 et
1714 1665 1883 1708 religioso
1917 1665 2021 1700 statui
2051 1664 2254 1708 conveniat,

1269 1712 1318 1747 ib.

1268 1763 1350 1804 Quae
1369 1765 1573 1808 disciplinae
1588 1775 1609 1800 a
1630 1764 1808 1808 religiosis
1824 1765 1875 1799 ibi
1898 1765 2094 1807 tradendae,
2112 1765 2162 1801 ib.

1226 1813 1487 1850 convenienter
1513 1816 1650 1850 institui
1672 1819 1786 1858 potest
1812 1816 1951 1858 religio,
1980 1824 2061 1858 quae
2084 1816 2131 1851 ad
2148 1816 2258 1851 finem

1268 1865 1421 1900 docendi
1449 1866 1486 1899 in
1500 1866 1795 1901 universitatibus
1813 1867 2012 1907 ordinetur,
2030 1867 2078 1900 ib.

1268 1915 1359 1956 Quin
1377 1916 1483 1950 etiam
1506 1925 1547 1950 ex
1575 1917 1734 1959 antiquis
1756 1916 1935 1958 religiosis
1954 1916 2055 1951 multi
2079 1917 2174 1951 hanc
2190 1917 2258 1952 do-

1268 1966 1374 1999 cendi
1398 1974 1520 1999 curam
1543 1970 1788 2009 susceperunt,
1807 1966 1855 1999 ib.

1227 2015 1266 2048 ln
1281 2015 1420 2056 studiis,
1433 2024 1496 2049 seu
1510 2017 1776 2050 universatibus
1789 2023 1869 2057 quae
1888 2023 1951 2058 per
1964 2013 2173 2050 Societatem
2184 2023 2256 2051 non

1267 2065 1565 2099 administrantur
1580 2093 1589 2107 ,
1620 2066 1698 2108 ejus
1718 2065 1875 2107 religiosi
1897 2069 2079 2108 acceptare
2110 2071 2258 2108 possunt

1267 2116 1466 2157 cathedras,
1497 2124 1570 2150 non
1591 2120 1710 2150 tamen
1738 2124 1797 2150 eas
1816 2123 2018 2159 procurare,
2041 2118 2258 2159 opponendo

1267 2173 1319 2205 se,
1333 2170 1413 2207 etc.‚
1428 2166 1476 2199 ib.

1266 2216 1308 2248 Et
1322 2215 1360 2248 in
1378 2215 1422 2249 iis
1440 2216 1546 2250 etiam
1566 2216 1652 2258 (nec
1671 2216 1757 2250 dum
1784 2215 1822 2250 in
1837 2215 1931 2258 suis)
1948 2216 2079 2260 gradus
2093 2217 2257 2252 doctora-

1266 2268 1335 2306 tus,
1354 2269 1387 2299 et
1402 2266 1492 2300 alios
1511 2270 1661 2309 possunt
1686 2266 1868 2310 accipere,
1897 2274 1979 2302 cum
2008 2266 2113 2302 certis
2137 2270 2255 2302 tamen

1269 2316 1550 2357 conditionibus,
1569 2318 1617 2350 ib.

1226 2365 1478 2401 Universitates
1505 2368 1692 2401 admittere
1724 2370 1837 2411 potest
1863 2367 2047 2402 Generalis
2074 2367 2256 2403 societatis

1269 2416 1344 2451 solo
1362 2425 1427 2451 suo
1453 2425 1642 2458 consensu,
1670 2427 1729 2453 eas
1758 2426 1842 2452 vero
1861 2418 2055 2452 dissolvere
2079 2426 2152 2453 non
2177 2419 2256 2452 sine

1269 2475 1448 2504 consensu
1477 2468 1771 2511 congregationis
1802 2468 1991 2511 generalis,
2019 2472 2063 2503 tr.
2095 2471 2136 2509 8,
2168 2469 2192 2503 l.
2215 2473 2252 2512 2,

1268 2525 1301 2553 c.
1323 2521 1375 2553 28.

1661 2587 1828 2614 suremon.

1227 2626 1316 2662 Vide
1336 2628 1515 2663 Praelatus.

1651 2704 1830 2730 susmmslo.

1226 2766 1420 2810 suspensio
1444 2767 1584 2801 clericis
1606 2767 1772 2811 imposita
1790 2768 1836 2802 ob
1865 2767 2143 2803 concubinatum
2172 2777 2254 2804 vera

1269 2825 1420 2851 censura
1442 2826 1515 2851 non
1543 2821 1605 2858 est,
1623 2823 1657 2851 et
1679 2823 1792 2860 potest
1813 2817 1889 2853 tolli
1910 2826 1973 2863 per
1994 2817 2106 2854 solam
2132 2820 2254 2862 poeni-

1270 2868 1431 2910 tentiam,
1447 2872 1490 2902 tr.
1512 2871 1542 2909 8,
1560 2868 1583 2903 l.
1601 2870 1636 2909 2,
1651 2872 1751 2904 c.21.

1719 3011 1755 3056 T

1624 3156 1859 3184 wantsumu.

1227 3225 1486 3269 Temperantiae
1504 3226 1664 3260 medium
1686 3225 1796 3268 quod,
1816 3227 1859 3257 tr.
1874 3224 1924 3264 1ο,
1942 3221 1966 3257 1.
1983 3223 2015 3264 1,
2031 3229 2062 3256 c.
2075 3224 2108 3257 9.

1270 3277 1344 3318 Qua
1364 3277 1502 3311 ratione
1516 3277 1583 3312 hoc
1597 3275 1756 3310 medium
1781 3274 1819 3307 in
1838 3272 1935 3308 vietu
1951 3272 2109 3316 dignosci
2129 3271 2251 3315 possit,

1270 3326 1566 3420 ὃιιῗιῖιξιῇηἶᾞιινεῐ
1580 3375 1626 3411 ad
1643 3373 1851 3415 castitatem,
1873 3370 1897 3406 1.
1917 3373 1950 3413 ι,
1971 3379 2004 3406 c.
2018 3373 2050 3405 8.

1660 3460 1827 3486 nunno.

1226 3526 1454 3563 ‘tentationes
1466 3527 1671 3561 daemonum
1683 3523 1826 3566 gravius
1839 3524 2048 3566 oppugnant
2060 3520 2251 3565 prolicien-

1268 3582 1321 3612 tes
1345 3578 1382 3611 in
1396 3577 1455 3612 via
1472 3574 1722 3616 illuminativa,
1746 3582 1854 3616 quam
1877 3572 2090 3616 incipientes
2111 3571 2149 3605 in
2166 3581 2251 3616 pur-f

1269 3628 1396 3670 gativa,
1418 3630 1460 3660 tr.
1478 3625 1570 3667 1ο,1.
1595 3628 1627 3666 9,
1647 3633 1678 3659 c.
1697 3627 1727 3658 5.

1226 3677 1454 3712 ‘tentationes
1471 3674 1700 3719 gravissimas
1715 3673 1900 3716 patiuntur
1915 3670 2137 3715 moribundi,
2151 3678 2183 3706 c.
2197 3673 2230 3704 ⁹.
2243 3692 2248 3713 s
