2352 3880
108 259 350 321 'diversitate
363 277 600 321 occurrunt,
617 274 886 315 utilissimum
907 278 985 322 est,
999 278 1048 315 ut
1058 275 1143 316 dis-

113 350 258 380 cursus
270 338 404 377 factus
419 334 616 384 ostendit,
629 338 673 375 et
687 335 778 387 ipss.
802 334 1058 388 experientia
1075 346 1143 377 sn-

111 400 164 441 tis
182 401 383 439 hactenus
399 396 700 448 comprobavit.
713 397 848 449 Atque
862 396 917 437 ob
930 408 1023 437 eam
1035 407 1140 447 rem,

111 460 299 514 quamvis
318 459 410 497 haec
429 457 566 498 studia
581 458 625 498 in
640 458 846 499 Societate
871 458 1142 511 principalius

111 522 166 562 ad
195 520 464 571 Theologiam
498 519 747 567 referantur,
780 520 833 561 ad
854 531 996 571 quam,
1026 524 1067 560 et
1088 519 1142 560 ad

111 594 238 622 sacrae
257 582 477 634 Scripturae
499 581 815 633 intelligentiam
846 582 938 632 eJus
958 581 1142 633 religiosi

108 644 367 694 frequentius
384 647 425 683 et
441 643 709 696 principalius
724 643 917 691 tendunt,
937 643 1142 682 nihilomi-

107 717 188 744 nus
220 705 428 745 interdum
458 705 584 755 aliqui
603 705 759 744 diutius
789 705 833 744 in
851 703 917 743 his
934 703 1140 743 inferiori·

106 765 187 806 bus
200 766 359 806 artibus
376 770 646 816 occupantur,
667 770 714 804 ut
730 766 774 804 in
796 765 856 804 eis
874 763 1139 816 singulariter

108 826 162 868 ad
178 827 399 879 praedictos
422 827 528 866 fines
550 826 767 866 excellant.

156 890 199 930 9.
229 888 299 930 Ad
310 890 489 941 primum
507 892 788 939 armamentum
817 886 864 927 in
893 896 1002 928 num.
1025 887 1066 927 13
1082 903 1136 919 ‹—

106 948 171 990 Ad
190 949 443 1000 objectiones
462 949 505 986 in
524 948 724 999 principio
743 948 898 998 positas
911 945 1137 998 responde-

104 1013 173 1050 tur
190 1011 386 1062 primum,
405 1010 591 1048 Paulum.
616 1010 670 1047 ad
685 1009 882 1057 Timet-h„
905 1021 976 1048 eos
995 1020 1136 1059 repre-

104 1071 302 1118 hendere,
328 1070 399 1122 qui
433 1070 489 1109 ita
510 1070 598 1111 cl'sc
614 1075 687 1118 tut,
710 1074 755 1109 ut
793 1070 845 1109 ad
867 1070 1048 1109 veritatis
1070 1081 1136 1108 co-

105 1133 334 1184 gnitionem
359 1133 578 1183 pervenis
609 1144 693 1170 non
715 1132 890 1182 possint.
921 1131 971 1170 Hi
998 1135 1138 1170 autem

103 1194 311 1245 praecipue
343 1197 454 1241 sunt,
475 1195 546 1243 qui
587 1206 637 1232 ea
670 1193 848 1238 discunt,
868 1203 961 1243 quae
993 1203 1018 1231 a
1038 1203 1136 1230 vera

103 1254 187 1294 fide
208 1256 319 1305 ipsos
346 1257 553 1302 avertunt,
577 1259 618 1294 et
639 1255 683 1293 in
701 1266 884 1294 errorem
907 1253 1107 1292 inducunt
1120 1266 1134 1301 3

104 1315 157 1355 de
172 1317 320 1367 quibus
338 1316 474 1355 statim
497 1317 553 1355 ait
566 1315 781 1357 :Homines
797 1317 978 1366 corrupti
993 1316 1135 1362 mente,

102 1378 258 1429 reprobi
277 1379 384 1418 circa
403 1379 547 1425 fidem:
565 1380 606 1416 et
635 1377 689 1416 ad
722 1377 1031 1416 distinctionem
1048 1374 1136 1414 illo-

102 1449 196 1476 rum
212 1438 348 1476 subdit
365 1452 373 1476 :
398 1438 462 1478 Tu
482 1441 613 1477 aretem
631 1441 838 1478 assecutus
852 1448 892 1477 es
909 1448 1035 1477 meam
1048 1436 1138 1477 doo-

103 1499 271 1545 trinam‚
309 1502 387 1537 etc.
426 1499 565 1537 Potest
596 1502 733 1537 autem
768 1498 841 1537 illa
865 1496 1136 1548 reprehensio

104 1560 231 1600 etiam
251 1559 416 1599 extendi
445 1559 498 1598 ad
531 1561 703 1611 eos,qui
734 1560 778 1598 in
798 1559 979 1599 externis
1015 1557 1137 1598 disci-

103 1621 227 1672 plinis
265 1621 320 1660 ita
348 1624 566 1661 versantur
594 1624 636 1660 et
671 1621 962 1667 immorantur,
992 1622 1038 1658 ut
1061 1628 1139 1671 per

105 1694 175 1722 eas
198 1695 282 1721 non
303 1683 533 1722 ascendant
552 1682 603 1722 ad
625 1682 780 1721 altioris
798 1681 980 1720 veritatis
995 1679 1138 1730 cogni-

103 1744 274 1783 tionem.
299 1744 431 1790 Quam
452 1748 592 1783 autem
610 1743 664 1783 ad
681 1743 862 1783 Corinth.
893 1744 1013 1781 vocat
1031 1742 1136 1782 Pau-

104 1805 168 1844 lus
186 1804 427 1857 sapientiam
448 1805 570 1857 basus
597 1805 751 1851 mnndi,
768 1816 853 1843 non
871 1814 1044 1842 necesse
1073 1807 1136 1843 est

106 1865 279 1915 intelligi
293 1877 383 1904 esse
397 1877 538 1904 veram
559 1865 882 1916 philosophiam,
905 1862 1136 1904 secundum

105 1938 150 1966 se
166 1930 407 1978 spectatam,
427 1926 501 1965 sed
513 1927 579 1965 vel
591 1926 834 1976 sapientiam
849 1925 975 1976 hujus
990 1925 1134 1965 mundi

103 1992 226 2027 vocat
259 1988 515 2027 mundanam
547 1987 826 2038 prudentiam,
848 1998 940 2037 quae
970 1997 1135 2027 crucem

103 2049 254 2090 Christi
288 2049 502 2088 stultitiam
536 2049 780 2100 reputabat3
802 2052 844 2088 et
870 2047 964 2087 ideo
996 2047 1136 2089 subdit

105 2111 240 2151 statim
261 2123 270 2150 ε
293 2110 569 2150 Proedicamus
583 2110 804 2157 Christum,
826 2111 865 2150 et
883 2108 987 2149 bunc
1004 2110 1135 2150 craci-

107 2172 251 2223 fimum,
288 2172 445 2211 Jadoeis
476 2172 631 2223 quidem
663 2169 911 2217 scandalum,
944 2169 1136 2212 Gentibus

106 2235 237 2273 autern
273 2232 518 2278 stultitiam;
536 2232 605 2270 vel
640 2235 750 2271 certe
785 2242 861 2282 per
892 2232 1136 2282 sapientiam

107 2294 229 2345 liujus
247 2295 386 2333 mnndi
409 2293 602 2344 intelligit
617 2297 746 2332 totam
762 2292 1068 2343 philosophiam
1095 2297 1137 2333 et

107 2354 382 2394 eruditionem
410 2354 648 2402 Gentilium,
683 2365 775 2404 quae
809 2354 938 2393 stulta
968 2353 1133 2403 dicitur,

107 2417 172 2456 vel
191 2418 288 2468 quia
318 2416 458 2455 multis
493 2417 702 2456 erroribus
730 2415 906 2454 admista
936 2419 1045 2464 erat,
1069 2416 1135 2455 vel

107 2478 203 2529 quia
221 2490 296 2529 per
314 2478 424 2516 illam
456 2478 637 2516 mundus
656 2478 785 2516 Deum
820 2488 903 2515 non
924 2477 1132 2528 cognovit,

107 2544 153 2578 ut
175 2538 329 2578 ibidem
351 2539 513 2586 dicitur,
536 2539 610 2578 sed
640 2539 775 2590 potius
815 2549 864 2576 ea
899 2537 1053 2576 abusus
1072 2542 1135 2579 est

107 2599 161 2639 ad
179 2601 394 2639 veritatem
412 2599 511 2638 fidei
530 2599 869 2651 oppugnandam.
893 2600 1027 2649 Atque
1046 2599 1136 2650 phi-

106 2661 336 2712 losophiam
351 2662 394 2699 in
410 2661 488 2700 hoc
500 2673 625 2700 sensu
639 2665 848 2712 sumptam
863 2661 1137 2713 vocavitApo-

108 2723 237 2762 stolus
260 2723 428 2761 inanem
457 2722 679 2761 fallaciam.
703 2722 978 2761 Nihilominus
994 2726 1137 2762 tamen

108 2782 337 2822 secundum
363 2793 409 2821 se
438 2786 603 2833 sumpta
627 2782 783 2832 optima
799 2786 876 2828 est,
899 2786 940 2820 ct
959 2782 1011 2820 ab
1045 2783 1135 2833 ipso

106 2844 190 2883 Deo
214 2844 323 2886 data.
347 2848 392 2882 ut
412 2843 590 2894 ipsemet
606 2843 758 2882 Paulus
793 2842 1052 2893 significavit,
1083 2843 1137 2883 ad

107 2906 226 2944 Rom.
248 2905 287 2951 1,
310 2903 478 2943 dicens:
503 2904 614 2951 Quod
634 2906 771 2943 notum
803 2907 861 2943 est
891 2904 981 2951 Dei,
1007 2906 1138 2945 mani-

106 2967 256 3017 festum
273 2967 331 3005 est
346 2966 390 3004 in
403 2965 491 3005 illis
502 2980 519 3010 ,·
536 2966 645 3005 Deus
664 2965 766 3005 enim
793 2964 881 3003 illic
899 2965 1137 3014 manifecta-

106 3027 183 3075 υἷι,
205 3030 311 3071 etc.;
333 3026 470 3064 statim
497 3037 595 3064 vero
617 3025 770 3073 subdit,
790 3025 989 3076 ipsosmet
1008 3025 1137 3076 philo—

107 3088 262 3139 sophos
285 3087 414 3125 factos
431 3097 522 3125 esse
540 3086 797 3137 insipientes,
819 3086 917 3136 quia
952 3098 1137 3126 commu·

106 3152 296 3189 taverunt
310 3148 526 3187 veritatem
542 3148 614 3187 Dei
630 3148 675 3187 in
693 3147 958 3187 mendacium
971 3162 984 3197 ;
996 3148 1134 3188 ablato

107 3221 210 3262 ergo
240 3220 394 3256 errore,
423 3212 464 3248 et
498 3220 628 3259 pravo
651 3220 746 3257 usu,
767 3209 936 3258 veritas,
964 3221 1056 3260 quae
1089 3210 1134 3248 in

107 3269 364 3323 philosophis
394 3269 616 3318 invenitur,
646 3268 910 3309 formidanda
939 3281 1024 3308 non
1055 3273 1132 3317 est,

110 3332 184 3372 sed
207 3330 344 3383 potius
381 3330 435 3370 ab
468 3331 543 3379 eis,
563 3334 611 3369 ut
635 3330 688 3370 ab
706 3330 868 3382 injustis
889 3330 1135 3381 possessori-

109 3392 203 3440 hus,
227 3391 270 3430 in
290 3403 413 3430 usum
453 3395 642 3431 nostrum
674 3390 938 3438 vindicanda,
963 3395 1007 3430 ut
1032 3390 1135 3430 dixit

113 3452 383 3503 Augustinus,
402 3454 432 3494 2
462 3451 518 3492 de
548 3452 744 3492 Doctrina
769 3452 1012 3501 Christiana,
1037 3462 1131 3508 cap·

113 3516 275 3564 quarto.

134 3601 136 3605 -
161 3582 236 3620 40.
262 3579 334 3623 Aa
352 3580 563 3623 secundam
584 3580 682 3622 thia.
695 3580 822 3622 -Δᾱ
853 3583 1155 3628 argumentum
1186 3583 1426 3636 venustatis.
1451 3594 1525 3623 seu
1545 3587 1729 3632 ornatus,
1749 3590 1963 3636 nunquam
1979 3581 2057 3622 tuit
2074 3577 2222 3634 prohb'

428 210 506 247 mn.
524 209 566 244 V.
587 208 644 245 m:
660 202 1026 246 muonemmssc
1044 208 1204 247 smus
1221 207 1477 252 summane·
1493 209 1581 245 TA!
1601 207 1802 253 mm,
1823 210 1917 248 mm

1193 275 1345 316 Juliani
1361 275 1588 328 respondet
1605 274 1796 327 cyrillus,
1815 274 2038 318 lectionem
2052 277 2189 332 sapia».
2246 270 2251 279 “
2308 319 2317 332 -.

1194 340 1284 376 tum
1299 337 1537 378 Graecorum
1553 337 1699 377 utilem
1713 347 1808 377 csse
1818 336 2110 381 ecclesiasticis
2122 334 2235 384 m
2267 355 2270 358 ·

1194 398 1410 446 tatoribuS,
1433 401 1524 438 tum
1551 398 1606 438 ad
1632 397 1864 438 eruendam
1887 390 2110 440 veritaten!
2142 419 2149 437 ι
2172 420 2190 436 -..
2224 406 2225 409 ’

1195 459 1241 498 in
1257 459 1357 510 ipsis
1377 461 1453 507 est,
1475 462 1566 499 tum
1585 459 1638 499 ad
1658 458 1975 500 confundendos
1994 471 2140 501 eorum
2168 489 2178 497 .
2214 438 2277 501 Q..
2311 476 2317 487 ‹

1197 531 1323 568 rores,
1343 522 1386 560 et
1402 530 1453 559 ex
1468 523 1644 571 utroque
1661 519 1998 562 veritatem›fidei
2016 522 2230 564 illustran-
2290 526 2294 539 ’

1195 582 1306 621 dam.
1335 582 1478 633 Neque
1508 585 1572 622 est
1598 582 1749 632 simile,
1777 583 1891 634 quod
1912 583 1966 623 de
1985 583 2225 637 idolothytis

1195 642 1394 684 afferebat
1411 643 1601 684 Julianus
1613 670 1625 692 -,
1645 655 1744 684 nam
1761 644 1849 685 haec
1867 656 1893 684 a
1908 644 2148 688 Christianis
2162 645 2222 688 ‘vi-

1191 708 1346 751 tantur,
1368 716 1453 743 non
1468 705 1737 745 materialiter
1757 706 1818 756 (ut
1835 706 1895 745 sic
1913 706 2066 758 dicam)
2081 708 2221 759 quate·

2299 619 2314 657 ἕ

1191 775 1272 806 nus
1287 778 1384 805 caro
1399 766 1466 806 vel
1481 779 1611 818 panes
1625 772 1722 807 sunt
1736 782 1748 817 3
1769 767 1845 808 sed
1856 768 2098 816 formaliter,
2119 778 2222 819 qua-
2299 815 2312 818 -

1189 830 1311 868 tenus
1332 827 1452 866 idolis
1473 827 1608 867 dicata
1636 833 1747 876 sunt,
1772 840 1825 868 ne
1847 829 1986 880 impiis
2011 830 2222 869 sacrificiis

1192 890 1424 928 consentire
1443 892 1516 928 aut
1533 889 1783 940 participare
1800 889 2049 938 videantur3
2073 892 2114 929 in
2133 894 2223 930 stu-
2300 899 2310 915 ··

1190 949 1259 989 dio
1277 954 1415 990 autem
1433 950 1720 1002 philosophiae,
1740 954 1813 990 aut
1829 951 2005 990 lectione
2022 952 2222 992 librorum

1190 1011 1427 1060 Gentilium,
1443 1012 1545 1050 nihil
1574 1017 1635 1051 est
1663 1023 1832 1061 vanum,
1856 1016 2005 1063 praeter
2027 1013 2219 1062 abusum,

1193 1084 1421 1121 excessum,
1439 1077 1509 1111 aut
1525 1084 1694 1123 pravam
1711 1073 2006 1121 intentionem;
2025 1084 2117 1123 quae
2135 1085 2220 1114 om·

1191 1133 1260 1173 nia
1279 1147 1304 1172 a
1322 1134 1473 1173 nostris
1491 1134 1696 1185 religiosis
1713 1134 1914 1182 vitantur,
1941 1138 1987 1173 ut
2005 1135 2138 1185 capite
2156 1144 2223 1175 se-

1191 1195 1334 1247 quenti
1361 1195 1509 1235 dicam.

1245 1259 1308 1297 ss.
1339 1256 1405 1298 Aa
1422 1256 1583 1298 tertium
1599 1256 1697 1297 ibid.
1730 1276 1784 1290 ι-
1814 1256 1878 1297 Ad
1901 1258 1997 1308 jura
2022 1259 2222 1298 canonica

1189 1317 1478 1368 respondetur,
1511 1318 1553 1356 in
1586 1329 1620 1357 c.
1657 1317 1754 1360 Non
1778 1330 2028 1371 magnopere,
2060 1324 2101 1358 et
2121 1331 2157 1359 c.
2178 1321 2219 1369 2,

1190 1377 1246 1419 ibi
1266 1378 1397 1418 citatis
1410 1408 1420 1426 ,
1440 1389 1516 1429 per
1532 1377 1722 1431 physicas
1741 1379 1978 1429 disciplinas
2008 1380 2140 1419 solum
2158 1380 2222 1420 iu-

1190 1439 1318 1490 telligi
1347 1438 1616 1484 medicinam,
1653 1443 1699 1478 ut
1729 1439 1951 1479 manifeste
1983 1444 2143 1479 constat
2171 1451 2222 1481 ex

1190 1499 1516 1552 praecedentibus
1546 1499 1697 1546 verbis,
1728 1500 1878 1551 quibus
1906 1502 2222 1552 reprehendun-

1189 1565 1272 1608 tur,
1292 1563 1362 1612 qnz'
1379 1561 1424 1601 de
1438 1561 1630 1601 claustris
1644 1561 1730 1602 snio·
1745 1564 1887 1602 exeunt
1903 1563 1956 1602 ad
1970 1565 2224 1612 confectiones

1187 1621 1416 1673 physicales
1423 1622 1716 1673 ponderandas,
1733 1626 1774 1661 et
1791 1624 2007 1662 occasione
2023 1625 2220 1672 scientiae,

1190 1693 1333 1723 rursus
1357 1682 1584 1722 actionibus
1603 1683 1826 1722 mundanis
1848 1684 2127 1734 implicantur.
2160 1685 2224 1725 Ad

1191 1743 1416 1784 Concilium
1432 1744 1754 1796 Carthaginense
1771 1746 2058 1797 respondetur,
2075 1748 2224 1789 merito

1191 1806 1469 1858 prohibuisse,
1485 1817 1571 1845 non
1593 1807 1799 1854 omnibus,
1816 1806 1890 1846 sed
1906 1808 2121 1860 Episcopo,
2143 1810 2224 1851 lec·

1195 1868 1347 1907 tionem
1366 1867 1566 1906 librorum
1585 1867 1822 1915 Gentilium,
1845 1872 1932 1907 tum
1951 1871 2047 1920 quia
2062 1871 2226 1917 ratione

1192 1930 1257 1968 sui
1276 1929 1477 1974 muneris,
1513 1928 1546 1966 si
1567 1929 1604 1967 ei
1624 1928 1860 1968 satisfacere
1881 1931 1990 1979 velit,
2022 1931 2089 1971 vix
2106 1937 2224 1984 pote·

1189 1990 1244 2031 rit
1258 1989 1494 2040 hujusmodi
1512 1990 1676 2029 lectioni
1693 1990 1770 2029 sibi
1791 2001 1875 2029 non
1891 1994 2136 2034 necessariae
2154 2001 2224 2034 va·

1190 2061 1298 2091 care.
1335 2051 1384 2088 Et
1408 2050 1502 2089 ideo
1527 2050 1584 2090 illi
1606 2051 1858 2102 permittitur
1875 2052 1997 2092 lectio
2018 2054 2220 2097 librorum

1189 2111 1474 2152 haereticorum
1494 2123 1569 2163 pro
1588 2112 1833 2152 necessitate
1855 2118 1927 2152 aut
1944 2118 2152 2166 tempore,
2173 2115 2223 2159 ut‘

1188 2174 1244 2213 ibi
1266 2173 1415 2212 dicitur
1428 2203 1442 2222 ,
1473 2173 1570 2223 quia
1589 2173 1644 2213 ad
1662 2185 1814 2212 munus
1833 2174 2023 2227 Episcopi
2043 2178 2223 2227 pertinet

1189 2235 1394 2274 haereticis
1415 2235 1607 2274 resistere
1627 2245 1675 2275 ac
1691 2236 1970 2286 respondere3
2000 2248 2095 2277 cum
2115 2238 2223 2278 Gen·

1189 2297 1328 2337 tilibus
1355 2300 1495 2335 autem
1528 2297 1738 2347 disputare
1760 2298 1850 2348 jam
1869 2310 1953 2337 non
1972 2300 2150 2350 pertinet
2167 2299 2223 2342 ad

1189 2369 1341 2398 munus
1359 2359 1471 2409 ejus;
1492 2359 1624 2409 potuit
1641 2363 1777 2398 autem
1802 2360 1934 2410 magis
1954 2361 2161 2411 pertinere
2177 2362 2222 2401 in

1189 2420 1304 2458 initio
1333 2420 1547 2467 Ecclesiae,
1578 2420 1743 2469 quando
1764 2421 1946 2459 Ecclesia
1966 2421 2007 2459 in
2028 2422 2221 2472 gentibus

1187 2481 1453 2520 fundabatur.
1485 2481 1589 2519 Tum
1607 2482 1732 2520 etiam
1749 2482 1846 2532 quia
1866 2482 2091 2533 Episcopus
2110 2513 2123 2532 ‚
2153 2495 2222 2523 ra-

1188 2542 1301 2582 tione
1318 2542 1380 2581 sui
1397 2545 1541 2589 status,
1559 2543 1823 2594 praesumitur
1837 2543 1881 2581 in
1898 2544 2082 2584 doctrina
2101 2556 2221 2586 sacra

1189 2603 1410 2655 perfectus,
1439 2607 1481 2642 et
1502 2608 1803 2654 consequenter
1824 2615 1909 2642 non
1929 2604 2116 2655 indigere
2137 2606 2221 2646 lee-

1190 2666 1301 2704 tione
1319 2665 1656 2716 philosophorum
1675 2666 1728 2703 ad
1754 2676 1846 2703 eam
1866 2666 2191 2715 comparandam
2207 2696 2220 2716 ‚

1192 2731 1233 2766 et
1265 2730 1567 2776 consequenter
1596 2737 1680 2763 non
1711 2736 1803 2764 esse
1835 2725 1891 2763 illi
1924 2728 2218 2768 necessariam.

1191 2788 1263 2826 Cui
1294 2787 1536 2837 expositioni
1565 2789 1765 2825 consonat
1782 2785 1884 2824 illud
1905 2786 2146 2838 Hieronymi
2166 2788 2220 2830 ad

1189 2850 1411 2888 Damasum
1428 2876 1439 2894 ,
1471 2847 1629 2897 epistol.
1653 2847 1878 2887 centesima
1897 2848 2219 2900 quadragesima

1191 2910 1357 2960 quinta:
1377 2907 1434 2949 At
1451 2918 1555 2948 nnnc
1574 2908 1693 2948 etiam
1711 2909 1929 2949 sacerdotes
1947 2911 2038 2958 Dei,
2057 2913 2222 2956 omissis

1191 2970 1434 3022 Evanyeliis
1461 2971 1500 3008 et
1528 2970 1740 3020 ‚Prophetis
1758 2999 1772 3018 ,
1805 2970 1982 3010 videmus
2009 2974 2224 3015 comoedz’ar

1190 3031 1330 3083 tepere,
1365 3031 1565 3070 amatoria
1596 3030 1854 3071 bucolicorum
1885 3043 2069 3072 verenam
2100 3035 2219 3077 verba

1191 3105 1342 3139 canere,
1367 3094 1493 3132 tenore
1525 3092 1760 3144 Virqilinm,
1785 3096 1824 3133 et
1842 3093 1890 3133 id
1907 3095 2010 3145 qnod
2021 3094 2064 3133 in
2080 3097 2220 3146 pueris

1189 3153 1436 3195 necessitatis
1454 3156 1528 3202 est,
1547 3154 1694 3194 crimen
1711 3153 1755 3194 in
1773 3165 1814 3194 se
1831 3157 1960 3202 facere
1979 3156 2213 3209 voluptatis.

1189 3216 1305 3255 Addo
1322 3216 1493 3266 insuper
1510 3215 1829 3265 prohibitionem
1846 3216 1958 3255 illius
1976 3216 2144 3256 Concilii
2156 3217 2218 3258 ‘vi-

1187 3278 1274 3316 deri
1309 3277 1445 3328 potius
1479 3275 1803 3316 admonitionem
1837 3277 2062 3328 quamdam
2089 3286 2225 3329 quam*

1187 3342 1456 3390 praeceptum,
1477 3341 1516 3377 ct
1532 3338 1843 3389 intelligendam
1860 3349 1952 3378 esse
1969 3338 2020 3378 de
2038 3339 2216 3380 lectione
2281 3366 2284 3372 -
2304 3334 2309 3362 7

2234 3436 2318 3711 ,ὲ

1187 3399 1313 3438 nimia
1331 3429 1341 3446 ‚
1366 3400 1409 3438 in
1427 3409 1510 3450 qua
1530 3399 1754 3450 principale
1777 3399 1958 3440 studium
1977 3403 2018 3439 et
2034 3399 2217 3439 hominis

1186 3460 1405 3511 applicatio
1422 3460 1656 3500 collocatur.
1677 3461 1862 3512 Alicujus
1876 3463 2014 3500 autem
2029 3461 2215 3501 noneste

1186 3522 1449 3561 recreationis
1462 3533 1602 3569 causa,
1616 3522 1684 3562 vel
1699 3522 1982 3563 aceldentarise
1995 3519 2222 3572 cujusdam·
