2352 3880
187 248 269 291 '534

114 355 118 358 .
147 366 149 368 ,
186 336 298 374 rum,
313 332 402 376 qua
419 319 475 364 ad
490 319 757 362 necessarium
778 320 959 372 eorporis
970 331 1086 363 neum
1107 318 1214 374 spio-

187 390 288 430 tant.
305 385 409 427 Hine
429 382 571 428 etiam,
588 379 636 422 in
653 391 692 423 0.
705 385 852 433 quarto
865 382 1131 453 Examipts‚·§
1142 384 1233 433 26,-

186 446 462 488 admonentur
479 442 636 491 statim,
655 441 729 496 qui
746 443 1018 484 Societatem
1006 457 1214 497 ingressu-

185 508 222 549 ri
239 510 349 555 sunt,
369 503 416 546 iu
439 504 520 554 Itis,
542 515 631 558 quoe
648 503 703 545 ud
717 504 867 546 victum
885 509 924 547 et
943 507 1153 555 vestitum,
1173 510 1213 549 ot

185 570 275 611 tecti
287 568 481 608 rationem
492 565 706 619 pertinent,
722 577 911 620 nuquam
932 570 1211 620 paupertatem

184 642 264 672 esse
279 632 522 676 servaturos,
536 627 600 670 ita
613 631 661 670 ut
677 629 946 682 uuusquisque
957 629 1038 670 sibi
1045 641 1211 684 per-sua-

183 693 286 739 deat,
306 691 508 732 vilissima
538 700 669 731 eorum
699 702 788 742 quoe
813 691 918 731 domi
941 695 1053 739 suut,
1073 692 1110 732 ei
1127 702 1209 734 esse

183 753 404 805 tribuenda,
419 755 456 794 et
487 749 543 793 eie
574 750 706 792 debere
733 761 816 792 esse
847 755 1069 793 contentum
1084 782 1095 801 ,
1112 763 1206 804 pro-

178 819 269 868 pter
279 814 469 866 majorem
484 812 550 855 sui
566 812 859 867 abnoqationem
888 816 925 854 ot
952 813 1207 865 spirituatem

177 880 415 932 profectum.

231 939 271 979 5.
295 938 450 986 Quarta
473 935 733 983 observantia,
755 945 835 976 uon
855 934 995 978 habere
1009 935 1204 979 librorum

176 999 370 1052 peculium
383 999 462 1039 atio
488 997 786 1048 exportandum.
807 1017 860 1027 —
875 996 1041 1047 Quarto,
1060 1010 1204 1050 quam·

177 1060 238 1102 vis
255 1064 419 1113 propter
436 1058 718 1099 necessitatem
748 1057 977 1098 studiorum
1007 1059 1204 1100 conceda-

176 1125 245 1162 tur
266 1123 455 1173 religioso
475 1118 684 1160 Societatis
701 1131 945 1171 permanens
961 1131 1058 1160 usus
1071 1121 1130 1174 (ut
1145 1121 1203 1161 sic

177 1184 322 1236 dicam)
341 1195 482 1223 eorum
498 1182 711 1227 librorum,
734 1181 881 1233 quihus
897 1182 1068 1234 indiget,
1090 1184 1147 1224 ita
1157 1188 1204 1225 ut

177 1258 245 1286 eos
266 1246 457 1297 privatim
482 1243 591 1295 apud
616 1255 659 1283 se
677 1242 827 1283 hahere
843 1244 982 1295 possit,
1003 1244 1202 1296 quamdiu

176 1307 325 1348 alicubi
342 1314 632 1353 commoratur,
651 1316 737 1344 11011
753 1308 891 1344 tamen
911 1306 1148 1345 conceditur
1156 1311 1202 1346 ut

176 1368 324 1408 habere
342 1368 466 1420 possit
485 1366 683 1405 librorum
699 1365 917 1417 peculium,
939 1367 1048 1418 quod
1062 1380 1202 1408 secum

175 1430 341 1478 deferat,
354 1441 482 1480 eoque
495 1432 688 1479 perpetuo
704 1431 856 1476 utatur,
866 1427 964 1467 dum
978 1429 1093 1476 vivit,
1107 1441 1199 1480 quae

173 1495 231 1530 est
247 1491 372 1529 altera
391 1489 650 1528 observantia
675 1489 925 1540 paupertatis
942 1501 1026 1528 non
1052 1502 1198 1541 parum

171 1552 363 1600 difficilis,
390 1551 487 1603 quia
516 1553 575 1589 est
608 1550 715 1588 circa
741 1561 829 1588 rem
854 1551 1032 1590 maxime
1061 1564 1195 1591 neces

171 1614 318 1654 sariam
348 1613 414 1662 iis,
443 1612 515 1663 qui
546 1611 691 1651 studiis
719 1623 765 1650 ac
795 1611 941 1651 litteris
969 1616 1082 1652 tanta
1107 1614 1199 1653 dili-

170 1676 307 1727 gentia
326 1673 583 1720 incumbunt,
598 1677 638 1711 et
654 1673 705 1711 ad
722 1684 845 1722 quam
863 1673 993 1712 solent
1011 1674 1197 1715 homines

169 1738 313 1777 studiis
339 1735 466 1774 dediti
482 1734 660 1773 maxime
680 1733 802 1772 affici.
828 1735 915 1773 Imo
935 1735 1059 1774 alicui
1087 1736 1198 1776 vide·

167 1800 205 1840 ri
226 1802 359 1850 potest
376 1797 454 1836 hoc
466 1795 717 1847 paupertatis
731 1807 872 1845 genus,
891 1796 1067 1836 multu-m
1082 1810 1197 1849 posse

168 1860 399 1900 litterarum
419 1856 646 1908 profectum
658 1856 856 1907 impedire
870 1871 881 1905 3
899 1863 1197 1910 propterquam

168 1922 334 1962 fortasse
353 1929 517 1958 causam
536 1918 677 1956 multae
690 1917 924 1967 religiones,
945 1919 1096 1970 alioqui
1112 1925 1198 1961 tam

166 1984 213 2024 in
243 1985 481 2033 paupertate
504 1991 626 2030 quam
659 1979 700 2016 iu
738 1980 891 2017 caeteris
926 1981 1048 2019 rebus
1079 1983 1197 2022 valde

166 2044 370 2097 perfectae‚
386 2042 462 2080 hoc
474 2052 557 2079 non
572 2040 799 2079 observant.
813 2041 989 2080 Societas
1005 2055 1101 2082 vero
1117 2044 1197 2083 uti-

166 2106 340 2153 litatem,
360 2115 449 2155 quae
463 2114 513 2141 ex
530 2101 766 2140 eorumdem
781 2101 979 2141 librorum
1000 2110 1194 2156 perpetuo

166 2180 242 2207 usu
262 2164 474 2218 provenire
492 2166 637 2214 potest,
658 2162 722 2201 vel
742 2162 831 2201 aliis
844 2163 1066 2215 diligentiis
1086 2179 1193 2206 com-

164 2226 431 2282 pensandam,
453 2224 517 2263 vel
534 2229 641 2263 certe
654 2223 752 2262 huic
767 2224 1006 2275 perfectioni
1019 2239 1194 2279 pauper-

165 2290 260 2330 tatis
280 2284 601 2340 postponendam
636 2286 808 2336 putavit.
839 2286 889 2324 Et
909 2287 1011 2335 ideo,
1035 2300 1129 2327 cum
1148 2290 1189 2328 in

165 2354 309 2404 quarta
326 2351 438 2400 parte
450 2347 808 2394 Constitutionum,
819 2359 907 2398 cap.
924 2353 1051 2397 sexto,
1067 2349 1090 2400 ξ
1105 2361 1191 2401 ⁵91*

165 2413 282 2459 timo,
307 2411 463 2448 dicatur
497 2411 645 2459 praeter
681 2407 971 2447 bibliothecam
1009 2422 1192 2450 commu-

164 2485 277 2521 nem,
297 2483 388 2523 quae
409 2470 453 2509 in
466 2468 638 2520 singulis
657 2469 838 2520 collegiis
853 2469 992 2509 futura
1012 2476 1085 2521 est,
1105 2484 1193 2524 pos-

165 2547 206 2575 se
220 2543 552 2584 unumquemque
566 2530 714 2569 habere
727 2530 852 2570 libros
865 2532 915 2570 ad
932 2544 1052 2572 suum
1070 2546 1190 2574 usum

164 2595 422 2640 necessarios,
444 2592 580 2631 statim
612 2592 775 2631 additur
809 2593 853 2631 in
888 2593 1187 2646 declaratione,

163 2658 370 2698 neminem
389 2665 503 2706 posse
519 2656 591 2691 aut
608 2653 754 2693 debere
770 2653 925 2705 aliquid
954 2655 997 2694 in
1018 2657 1074 2695 eis
1093 2658 1191 2697 scri·

163 2721 258 2760 here
273 2732 281 2768 ;
301 2718 407 2770 quod
426 2718 471 2755 in
486 2715 639 2766 regulis
654 2717 954 2766 communibus,
970 2730 1057 2769 reg.
1079 2721 1118 2767 8,
1132 2721 1189 2760 sic

161 2781 310 2822 dicitur
330 2789 341 2817 z
362 2779 502 2819 Libros
520 2787 629 2815 usmo
652 2777 792 2818 habeat
807 2779 894 2818 siue
911 2781 1100 2828 facultate
1109 2797 1127 2827 ,·
1146 2783 1190 2822 in

164 2841 229 2881 lais
249 2831 353 2886 vero,
374 2838 516 2890 quibus
534 2837 597 2877 uti
613 2837 719 2885 ticet,
743 2850 811 2878 uec
829 2839 984 2878 scribat
1003 2840 1186 2892 aliquid,

161 2911 232 2941 nec
247 2903 382 2939 uotum
400 2898 526 2938 ullum
535 2897 747 2948 imprimat
757 2914 775 2944 ,·
793 2899 890 2949 quia
909 2900 1106 2940 nimirum
1121 2914 1188 2942 eos

163 2973 301 3002 secum
315 2960 471 2999 deferre
490 2970 574 2998 non
590 2958 722 3006 debet,
743 2963 783 2998 et
797 2960 914 2999 facile
931 2962 1082 3002 auferri
1100 2975 1191 3015 pos-

165 3030 274 3071 sunt,
295 3026 336 3061 et
361 3021 478 3061 alteri
496 3020 541 3059 in
559 3032 678 3059 usum
705 3019 809 3060 dari.
832 3022 1013 3075 Denique
1045 3026 1189 3076 regula

162 3083 362 3135 vigesima
391 3082 550 3134 quinta,
571 3093 625 3121 ex
635 3083 941 3133 communibus,
961 3084 1004 3124 in
1025 3086 1189 3129 univer·

154 3156 254 3185 »sum
274 3144 424 3184 dicitur
444 3154 458 3182 t
476 3143 603 3185 Nemo
632 3155 718 3184 cum
744 3156 790 3184 ea:
808 3157 886 3184 uuo
905 3145 986 3186 loco
1001 3146 1046 3187 iu
1063 3147 1189 3190 alium

160 3206 443 3260 proficiscitur,
463 3205 677 3257 quidquam
694 3217 820 3246 secum
833 3210 1012 3258 asportet
1027 3208 1113 3249 siue
1127 3212 1190 3261 fa-

162 3267 308 3308 cultata
332 3265 570 3317 Superioris
586 3280 604 3312 ,·
628 3277 719 3317 quae
755 3267 924 3307 facultas
939 3268 1060 3319 juxta
1078 3282 1187 3310 rece-

162 3331 276 3380 ptam
298 3326 649 3378 consuetudinem,
671 3340 762 3380 quae
784 3332 842 3368 est
867 3329 1023 3380 optima
1047 3329 1188 3382 legum

161 3388 377 3440 interpres,
396 3400 481 3428 non
494 3388 760 3429 nisiinrebus
774 3390 968 3440 minimis,
981 3395 1021 3430 et
1036 3403 1188 3444 magna

161 3446 212 3489 ex
229 3460 358 3490 causa
371 3449 622 3491 conceditur.
641 3451 852 3502 Eiusmodi
870 3456 965 3491 sunt
980 3451 1091 3502 libri,
1115 3455 1187 3505 qui

157 3510 209 3550 in
222 3511 358 3563 prima
373 3511 638 3552 Institutione
653 3512 707 3553 ad
736 3513 1044 3554 renovationem
1069 3514 1188 3566 spiri-

159 3575 228 3611 tus
253 3572 299 3612 in
314 3572 397 3614 fine
409 3572 698 3627 assignantur:
714 3573 1026 3617 Constimtiones
1035 3576 1189 3618 seilicet

162 3631 407 3686 metatam,
424 3635 488 3678 vel
516 3636 978 3688 aarum'mmmarium1
1007 3636 1188 3681 100111101-

539 249 774 289 m.1v.ot:
793 249 914 288 voris
934 252 1185 291 sumemus
1200 254 1442 291 msri'rAns
1462 255 1517 291 ΕΤ
1534 244 1832 300 numanus,
1850 256 1944 297 E'ffl.

1269 322 1432 371 Geram,
1445 321 1508 363 vel
1519 321 1668 364 similis
1679 308 2137 382 aliquispimmoffiae,
2149 298 2225 368 att

1266 383 1338 424 bus
1353 382 1473 424 etiam
1488 382 1647 433 Biblia,
1661 386 1699 425 ot
1722 384 1925 427 summula
1950 372 2091 439 aitqua
2113 383 2300 429 casum?

1265 443 1316 484 Et
1331 444 1418 484 fere
1440 443 1629 484 eamdem
1659 444 1845 497 regulam
1879 445 2007 487 habet
2035 444 2313 500 pachomius,

1264 516 1356 557 quae
1387 509 1449 545 est
1467 505 1577 558 apud
1608 505 1701 546 illas
1733 506 2047 560 quadragesima
2075 512 2190 549 sextu
2206 520 2219 550 τ
2238 506 2313 563 853

1264 567 1355 620 quis
1370 565 1455 620 (ait)
1470 569 1723 619 transfertur
1741 569 1789 610 ab
1810 581 1892 611 unu
1928 571 2039 612 domo
2056 570 2102 612 iu
2122 571 2305 622 alterum,

1263 628 1435 678 domum,
1451 629 1624 680 meaptis
1651 631 1723 680 iis,
1752 642 1841 684 quoe
1862 632 1957 674 usui
1992 632 2220 685 quotidiano
2241 630 2299 675 ad
2316 678 2318 683 ,
2346 667 2347 670 ,

1263 689 1439 730 habitum
1454 690 1680 733 necessaria
1698 697 1806 742 suut,
1827 705 1957 735 secum
1984 695 2213 745 transferre
2231 694 2294 736 ui-
2335 696 2346 740 ᾖ

1260 751 1322 791 hit
1328 752 1492 803 poterit.
1515 753 1586 804 (De
1606 753 1682 793 hae
1701 754 1844 807 regula
1863 755 2083 796 Pachomio
2095 755 2147 796 ab
2159 756 2293 807 Ange-

1258 811 1312 852 lis
1328 814 1436 861 data‚
1457 814 1551 855 vide
1563 815 1781 867 Metaphr.,
1801 817 1910 869 apud
1930 817 2110 866 Surium,
2127 819 2151 858 3
2169 822 2291 866 tom„
2339 814 2346 871 Δ.

1260 875 1312 914 14
1331 874 1396 914 die
1414 875 1527 924 Maii,
1549 887 1584 915 c.
1605 876 1862 925 duodecimo,
1883 878 2082 947 vigesimo
2111 878 2290 918 secundo
2336 885 2352 919 J

1259 939 1300 975 et
1331 936 1530 987 vigesimo
1567 941 1743 988 octavo3
1772 937 2020 989 Palladium,
2042 940 2086 978 in
2112 940 2292 980 Historia
2331 939 2352 998 ᾖ.

1257 997 1461 1046 Sanctor„
1479 1010 1514 1037 0.
1533 998 1612 1037 38·
1600 997 1910 1049 ‚Gennadium,
1930 1000 1981 1040 de
1997 1001 2104 1040 Viris
2123 1001 2291 1040 illustri-
2339 1003 2352 1050 ζ.

1258 1057 1346 1107 bus,
1365 1059 1410 1099 in
1429 1059 1671 1110 Pachomi03
1691 1063 1732 1099 et
1750 1060 2041 1111 Sozomennm,
2061 1061 2133 1101 lib.
2155 1063 2180 1102 3
2198 1062 2290 1102 His·
2331 1069 2346 1107 a*

1256 1122 1386 1168 toriae,
1408 1133 1495 1172 cap.
1517 1120 1677 1160 decimo
1695 1121 1851 1173 tertio.)
2336 1109 2352 1137 L

1309 1182 1349 1221 6.
1388 1182 1556 1224 Utilitas
1574 1183 1696 1235 hujus
1720 1183 2047 1224 observantioe.—
2065 1183 2178 1236 Ejus·
2193 1184 2288 1226 item
2340 1214 2342 1218 ψ

1253 1246 1467 1285 necessitas
1485 1245 1528 1284 iu
1546 1245 1816 1286 Societate.—
1830 1245 2030 1285 Utilitates
2046 1250 2182 1284 autem
2202 1245 2288 1286 haec

1256 1305 1515 1346 observantia
1534 1307 1685 1358 partim
1705 1318 1942 1346 communes
1958 1307 2081 1346 habet
2098 1307 2288 1347 omnibus
2337 1349 2341 1354 ,

1254 1367 1467 1419 religiosis,
1490 1369 1639 1420 partim
1668 1368 1712 1408 in
1740 1368 1937 1408 Societate
1967 1369 2203 1420 peculiares,
2221 1367 2288 1409 vel

1254 1431 1388 1481 potius
1429 1431 1724 1470 necessitatem.
1757 1430 1915 1470 Priores
1947 1436 2056 1478 sunt,
2086 1430 2183 1482 quia
2209 1423 2290 1470 1100
2347 1455 2349 1459 -

1253 1491 1375 1531 modo
1393 1491 1550 1530 tollitur
1576 1491 1804 1532 sollicitudo
1834 1492 2113 1543 congregandi
2145 1486 2288 1541 libros,
2331 1496 2341 1500 f

1253 1553 1324 1603 qui
1344 1553 1551 1592 interdum
1579 1553 1631 1591 ob
1663 1553 1941 1593 curiositatem
1963 1554 2111 1605 potius,
2129 1553 2195 1592 vel
2213 1552 2287 1592 ali·

1252 1614 1417 1664 quando
1466 1614 1517 1653 ad
1565 1614 1822 1665 splendorem
1862 1619 1903 1654 et
1950 1601 2287 1663 ostentationem,

1253 1686 1375 1726 quam
1405 1675 1458 1714 ob
1478 1676 1761 1716 necessitatem
1781 1679 2071 1727 congeruntur.
2095 1676 2193 1714 Item
2214 1686 2286 1720 ex-

1253 1741 1447 1776 cusantur
1464 1736 1618 1777 infiniti
1635 1742 1836 1789 sumptus,
1856 1738 1927 1789 qui
1942 1738 1986 1776 in
2003 1721 2286 1791 transportan-'

1252 1798 1303 1838 da
1327 1799 1525 1838 librorum
1546 1799 1793 1850 supellectile
1818 1798 1908 1838 fieri
1939 1798 2084 1838 solent.
2110 1799 2165 1838 De
2203 1810 2282 1850 qua

1251 1872 1295 1898 re
1316 1861 1445 1899 multa
1477 1860 1618 1899 scribit
1647 1860 1819 1900 Alvarus
1855 1860 2054 1910 Pelagius,
2078 1859 2148 1898 lib.
2174 1861 2213 1908 2,
2233 1859 2283 1899 de

1252 1921 1421 1959 Planctu
1431 1921 1725 1972 Ecclesiae‚cap.
1744 1922 1997 1972 sexagesimo
2011 1921 2282 1971 quarto.ltem
2349 1948 2352 1949 ν

1251 1993 1323 2034 per
1341 1983 1419 2022 hoc
1443 1982 1599 2022 tollitur
1631 1982 1804 2021 materia
1831 1982 2054 2020 inordinati
2074 1982 2223 2021 amoris
2242 1986 2283 2022 et

1249 2044 1431 2093 affectus,
1468 2044 1538 2095 qui
1565 2043 1617 2083 ad
1648 2043 1886 2094 hujusmodi
1916 2055 1993 2092 res,
2031 2043 2194 2094 quando
2224 2044 2282 2082 ita

1249 2105 1522 2157 possidentur,
1540 2105 1727 2156 generari
1747 2104 1860 2143 solet.
1883 2105 2053 2171 Propter
2074 2116 2173 2154 quas
2188 2116 2292 2144 cam.

1248 2179 1312 2206 sas
1327 2167 1471 2206 eadem
1490 2166 1575 2205 fere
1603 2166 1747 2217 regula
1766 2162 1970 2205 habetur
1959 2177 2003 2203 1n
2021 2164 2280 2204 Constitutio-

1247 2228 1368 2266 nibus
1391 2228 1523 2266 Domn
1526 2239 1768 2275 manorum,
1785 2227 1877 2265 dlst
1896 2227 1936 2275 2,
1960 2238 1993 2265 0.
2019 2226 2085 2274 14,
2110 2225 2202 2265 lect.
2223 2227 2276 2266 4:

1247 2289 1370 2331 Nulli
1391 2293 1522 2329 certus
1549 2300 1648 2329 usus
1683 2289 1875 2329 librorum
1894 2288 2140 2336 coucedatur,
2161 2299 2281 2340 neque

1247 2351 1494 2401 dedi-uitetur,
1518 2362 1543 2391 u
1576 2361 1814 2402 quocumque
1847 2351 2104 2399 auferantur,
2134 2349 2194 2389 vel
2235 2349 2281 2391 ’ἀπ

1247 2412 1527 2463 cujoetscumque
1563 2412 1781 2451 custodiam
1813 2410 2087 2452 dimittantur.
2133 2410 2278 2450 Itidem

1245 2472 1479 2512 observasse
1499 2473 1539 2511 S.
1560 2471 1821 2511 Franciscum
1853 2471 2028 2511 refertur
2047 2472 2089 2509 in
2109 2471 2279 2523 Speculo

1245 2534 1463 2581 Minorum,
1490 2534 1608 2573 tertia
1644 2537 1772 2586 parte,
1795 2537 1836 2572 et
1857 2532 1982 2572 refert
2015 2536 2158 2572 auctor
2177 2534 2278 2572 Con*

1244 2595 1514 2642 formitatum,
1532 2594 1604 2634 lib.
1623 2595 1663 2634 2.
1688 2594 1797 2633 Idem
1832 2593 2006 2632 consulit
2037 2593 2081 2630 B.
2103 2593 2278 2632 Vincen-

1243 2656 1326 2695 tius
1343 2657 1520 2703 Fen-ar„
1539 2658 1715 2695 tractatu
1735 2655 1785 2693 de
1817 2654 1911 2692 Vita
1937 2652 2154 2704 spirituali,
2177 2665 2213 2692 0.
2236 2656 2274 2703 1,

1245 2717 1316 2756 nbi
1335 2717 1394 2756 ait
1410 2717 1506 2756 satis
1524 2726 1610 2756 esse
1626 2715 1752 2754 libros
1767 2724 2019 2762 communes,
2045 2714 2117 2765 qui
2134 2714 2178 2753 in
2195 2715 2278 2754 siu-

1244 2779 1353 2831 gulis
1382 2778 1639 2819 monasteriis
1666 2776 1960 2816 accommodati
1990 2776 2274 2818 inveniuntur.

1246 2839 1463 2880 Peculiaris
1486 2851 1583 2879 vero
1602 2838 1817 2877 necessitas
1836 2837 1961 2887 hujus
1981 2837 2279 2879 observationis

1245 2902 1288 2941 in
1306 2901 1504 2941 Societate
1537 2911 1588 2939 ex
1612 2899 1695 2938 fine
1729 2902 1769 2939 et
1799 2899 1993 2950 peculiari
2024 2899 2275 2950 professione
2348 2938 2352 2940 .

1244 2965 1332 3014 ejus
1352 2966 1440 3002 orta
1471 2965 1545 3000 est.
1566 2961 1715 3001 Omnes
1748 2960 1858 3000 enim
1887 2960 1972 3012 ejus
1999 2960 2177 3012 religiosi
2197 2959 2275 3013 'pa-

1243 3024 1323 3064 rati
1343 3034 1429 3063 esse
1449 3022 1601 3062 debent
1618 3022 1668 3062 ad
1693 3033 1968 3074 quascumque
1997 3022 2210 3061 missiones
2233 3025 2275 3062 et

1242 3083 1591 3139 peregrinationes
1628 3084 1850 3134 obeundas,
1882 3084 1970 3123 sine
1999 3083 2271 3133 excusatione,

1245 3149 1368 3188 etiam
1387 3159 1471 3186 non
1491 3147 1619 3199 petito
1634 3147 1799 3195 viatico,
1820 3146 2153 3198 quotiescumque
2170 3146 2272 3197 jussi
2327 3199 2331 3206 ι

1245 3210 1413 3259 fuerint,
1434 3213 1481 3249 ut
1500 3209 1651 3250 dicitur
1669 3210 1714 3249 in
1738 3209 1950 3257 Examina,
1970 3221 2004 3248 0.
2029 3211 2068 3258 1,
2090 3207 2114 3262 ἓ
2132 3209 2171 3257 5,
2191 3212 2233 3248 et
2247 3208 2274 3248 6
2329 3175 2352 3247 Ἰ.

1242 3285 1282 3325 p.
1318 3271 1682 3321 Constitutionum,
1702 3283 1737 3311 0.
1770 3273 1810 3320 2,
1835 3270 1859 3324 ἓ
1882 3272 1921 3321 3,
1945 3274 1985 3311 et
2019 3282 2124 3323 saepe
2155 3269 2269 3309 alias,
2348 3313 2352 3318 ⁸

1241 3333 1338 3372 Haec
1348 3336 1486 3373 autem
1505 3333 1700 3385 obligatio
1718 3345 1812 3373 cum
1827 3333 1879 3373 ad
1892 3344 2037 3373 omnes
2053 3331 2269 3385 pertineat,
2345 3345 2352 3391 g

1241 3394 1420 3435 maxime
1463 3394 1515 3435 ad
1550 3394 1752 3435 litteratos
1789 3399 1829 3435 et
1865 3395 2070 3442 Doctores,
2103 3396 2145 3432 et
2178 3391 2272 3431 ideo

1242 3459 1402 3508 oportet
1420 3467 1507 3496 esse
1535 3457 1743 3509 expeditos
1774 3453 1816 3497 et
1841 3455 1991 3496 liberos
2009 3453 2063 3494 ab
2080 3450 2270 3492 omnihus

1241 3516 1416 3557 vinculis
1433 3522 1474 3558 et
1497 3517 1816 3570 impedimentis,
1842 3516 1982 3570 quoad
2007 3513 2098 3555 fleri
2126 3513 2267 3566 possit.

1238 3577 1293 3619 At
1310 3590 1408 3619 vero
1419 3578 1621 3629 librorum
1639 3579 1797 3620 sarcina
1811 3589 1896 3619 uon
1908 3572 2044 3631 posset
2061 3586 2145 3615 non
2163 3572 2280 3623 mut-5

1238 3643 1330 3683 tum
1350 3641 1564 3696 impedire,
1594 3642 1630 3684 si
1657 3639 1903 3696 asportanda
1935 3640 2063 3688 esset3
2084 3640 2127 3679 et
2159 3635 2198 3678 si
2213 3631 2271 3678 αὖ
2311 3687 2316 3694 ,
