2352 3880
1018 251 1147 287 mnnx
1166 252 1322 292 RERUM.

152 327 252 362 extra
269 326 470 362 claustrum
495 327 541 363 de
561 323 709 360 licentia
735 319 963 364 superiorum
978 316 1145 351 viventi?

151 375 240 411 Vide
260 378 298 411 in
320 378 440 413 verbis
452 378 658 420 Episcopus,
673 372 930 414 Benencwrius,
941 367 1145 411 Religiosiss,

152 423 346 469 Empulstoe,
363 427 546 471 Apostata,
564 424 776 459 Claustrum.

535 505 717 535 mm.

110 572 249 610 Peccati
265 575 430 618 gravitas,
459 577 521 610 aut
547 574 697 614 levitas,
718 569 861 614 qaando
876 571 930 603 est
947 568 1070 602 contra
1089 564 1146 599 le-

152 631 234 668 gem
250 626 411 659 divinam
431 630 492 659 aut
508 622 720 662 naturalem,
735 619 921 664 pensanda
937 624 1077 660 semper
1093 617 1147 649 est

153 681 198 709 ex
222 674 373 714 levitate,
394 678 455 708 aut
475 673 646 716 gravitate
663 670 837 708 materiae,
860 672 904 702 tr.
923 671 954 710 8,
970 667 995 701 l.
1015 669 1046 707 1,
1062 673 1094 700 c.
1111 668 1142 698 2.

151 723 203 759 Ex
218 723 436 766 negligentia
457 722 596 757 vitandi
613 724 757 764 peccata
776 718 933 753 venialia
946 724 1027 751 raro
1042 715 1146 770 datur

154 772 355 815 periculum
382 772 588 815 proximum
620 769 794 814 peccandi
825 767 1023 802 mortaliter
1046 764 1146 800 :ah-

154 823 301 865 quando
321 826 441 857 tamen
460 822 565 857 datur
586 825 645 856 :et
666 820 827 862 quando,
846 827 877 853 c.
891 821 926 852 5.

396 908 509 932 Pssnsxo
521 924 530 940 ,
555 907 595 932 81·
615 903 860 931 nusloiumus.

112 969 368 1008 Pensionarius
391 972 564 1016 regularis
588 980 662 1006 non
698 970 868 1004 eximitur
887 969 974 1010 jugo
998 969 1034 1001 et
1059 965 1148 1020 obe-

154 1020 302 1056 dientiae
322 1031 394 1056 suae
417 1022 605 1065 religionis
624 1021 695 1055 nisi
727 1023 867 1054 tantum
890 1017 1011 1060 quoad
1029 1016 1148 1071 admi-

153 1070 403 1105 nistrationem
418 1071 629 1114 pensionis:
647 1074 683 1105 et
703 1078 768 1104 suo
783 1067 1001 1103 monasterio
1020 1074 1148 1108 acqui-

154 1120 214 1164 rit,
236 1125 279 1155 tr.
296 1121 367 1164 8,1.
387 1125 418 1163 3,
437 1130 468 1156 c.
484 1125 536 1156 19.
1060 1165 1067 1171 ·

109 1168 308 1206 Pensiones
330 1181 401 1214 qua
419 1173 558 1207 ratione
580 1171 706 1206 haberi
718 1198 728 1214 ,
744 1172 780 1204 et
798 1166 952 1211 expendi
973 1168 1113 1209 possint
1125 1174 1149 1200 a

153 1220 390 1262 monialibus,
405 1225 447 1255 tr.
467 1225 500 1264 9,
515 1222 539 1255 l.
553 1224 585 1263 1,
600 1229 632 1255 c.
650 1224 703 1254 12.

359 1307 609 1339 Pssnzenmnto,
627 1307 667 1331 131·
688 1303 902 1331 Passennus.

112 1368 422 1414 Peregrinationes
451 1381 522 1415 an,
555 1375 591 1407 et
620 1371 754 1414 quibus
786 1369 943 1404 maxime
971 1367 1148 1411 religiosis

153 1423 384 1463 conveniant,
401 1426 443 1456 tr.
460 1422 553 1464 10,1.
570 1425 602 1462 2,
618 1430 648 1455 c.
672 1426 703 1455 5.

110 1468 295 1514 Peregrini
320 1472 477 1514 religiosi
502 1480 548 1505 an
572 1471 779 1513 obligentur
801 1468 1077 1512 particularibus
1094 1468 1149 1502 le-

151 1521 258 1563 gibus
287 1522 363 1562 ejus
382 1521 594 1563 provinciae,
614 1520 671 1555 vel
695 1520 836 1560 domus,
854 1519 892 1551 in
909 1526 981 1561 qua
999 1518 1045 1552 ad
1063 1522 1150 1552 tem-

152 1578 221 1613 pus
243 1574 525 1611 commorantur,
541 1574 584 1603 tr.
602 1573 634 1611 8,
651 1570 676 1602 l.
694 1573 725 1609 2,
742 1577 772 1602 c.
799 1571 830 1602 8.

151 1621 207 1655 An
230 1621 338 1654 etiam
357 1621 433 1663 ipse
453 1620 637 1654 Generalis
654 1618 855 1661 religionis,
867 1618 924 1652 vel
943 1617 1151 1660 provincia·

153 1669 212 1711 lis,
233 1670 380 1712 quando
403 1670 540 1704 accedit
561 1670 607 1703 ad
629 1670 789 1712 aliquam
813 1669 1066 1711 particularem
1089 1668 1153 1702 do-

154 1726 255 1753 mum
275 1720 343 1753 sibi
363 1720 573 1762 subjectam,
592 1722 756 1753 teneatur
772 1726 809 1751 se
826 1718 1054 1752 conformare
1069 1726 1152 1751 cum

153 1768 434 1811 particularibus
451 1768 549 1802 illius
563 1768 716 1811 legibus,
730 1768 823 1802 sicut
834 1767 951 1801 caeteri
969 1766 1150 1810 peregrini

153 1819 327 1861 religiosi,
349 1819 397 1853 ib.

111 1867 298 1911 Peregrini
334 1868 512 1910 religiosi,
544 1868 620 1903 sive
655 1868 836 1911 hospites,
856 1868 917 1910 qui
942 1868 987 1902 ad
1011 1871 1154 1909 tempus

152 1922 421 1951 commorantur
442 1917 480 1950 in
499 1917 621 1960 aliqua
638 1918 746 1952 domo
767 1926 840 1951 suae
858 1917 1058 1960 religionis,
1074 1917 1152 1951 dis-

152 1967 297 2009 pensari
311 1975 384 2001 non
397 1970 547 2009 possunt
559 1976 580 2001 a
594 1967 780 2009 superiore
794 1967 899 2001 locali
913 1967 995 2001 talis
1009 1967 1150 2008 domus,

152 2022 184 2049 c.
203 2019 253 2048 14.

109 2064 297 2107 Peregrini
326 2066 486 2108 religiosi
510 2065 543 2099 ei
571 2068 712 2099 tantum
734 2065 910 2099 sacerdoti
939 2067 1089 2108 possunt
1115 2067 1151 2098 et

154 2115 288 2149 debent
308 2116 484 2157 confiteri,
513 2123 622 2157 quem
653 2123 779 2149 eorum
803 2114 939 2157 regula,
956 2118 991 2148 et
1013 2114 1148 2158 praelati

154 2164 437 2207 designaverint,
457 2173 488 2198 c.
507 2167 559 2197 17.

154 2214 299 2248 seclusa
318 2222 405 2248 vero
425 2213 573 2256 speciali
590 2211 791 2246 directione
811 2213 1033 2255 regulae,vel
1055 2221 1150 2255 prae-

154 2263 323 2304 latorum,
345 2264 374 2297 si
399 2263 678 2306 peregrinentur
697 2271 780 2296 cum
794 2263 976 2297 sacerdote
992 2263 1154 2305 ejusdem

155 2313 361 2355 religionis,
374 2313 407 2346 ei
425 2313 542 2346 solum
560 2312 721 2346 confiteri
744 2312 888 2351 debent,
903 2312 951 2346 ib.

153 2362 197 2398 Et
219 2364 247 2396 si
279 2363 512 2405 pervenerint
527 2362 573 2396 ad
589 2361 748 2403 aliquem
773 2365 992 2395 conventum
1013 2362 1069 2396 sui
1092 2369 1155 2396 or-

156 2412 269 2453 dinis,
297 2413 333 2445 in
364 2421 435 2454 quo
458 2420 521 2454 per
540 2411 689 2453 aliquod
711 2414 852 2453 tempus
881 2411 955 2444 sint
982 2411 1151 2453 hospites,

157 2462 320 2497 confiteri
339 2462 472 2495 debent
491 2461 638 2504 praelato
662 2460 885 2502 monasterii,
904 2460 960 2494 vel
983 2460 1083 2494 alteri
1108 2461 1153 2495 de

157 2511 258 2546 illius
274 2512 432 2553 licentia,
453 2512 510 2545 vel
530 2510 727 2545 consessori
752 2511 1001 2552 conventuali,
1018 2511 1081 2553 qui
1100 2514 1154 2545 est

157 2562 260 2604 quasi
280 2562 487 2596 ordinarius
506 2561 604 2595 illius
618 2561 701 2602 loci,
717 2560 765 2594 ib.

155 2610 220 2644 Vel
240 2615 346 2652 certe,
375 2611 405 2644 si
433 2610 639 2651 maluerint,
664 2613 833 2652 poterunt
858 2610 966 2644 etiam
990 2611 1152 2645 confiteri

155 2661 255 2695 socio
278 2661 454 2695 sacerdoti
479 2668 554 2695 suae
573 2660 774 2703 religionis,
792 2668 874 2695 cum
896 2668 968 2703 quo
993 2661 1154 2704 peregri-

155 2714 304 2749 nantur,
328 2710 377 2743 ib.

154 2760 247 2794 Dum
262 2767 348 2793 vero
366 2758 556 2801 religiosus
574 2759 788 2802 peregrinus
802 2763 900 2793 extra
923 2769 988 2794 sua
1008 2768 1155 2795 monas-

155 2809 248 2843 teria
267 2813 440 2849 versatur,
460 2817 526 2842 nec
547 2809 654 2843 habet
676 2809 814 2843 socium
835 2810 1067 2850 sacerdotem,
1088 2819 1156 2853 po-

158 2859 227 2892 test
247 2858 379 2901 eligere
401 2858 647 2894 consessorem
675 2859 874 2893 secularem
892 2887 900 2901 ‚
928 2860 986 2894 vel
1012 2860 1154 2902 regula-

158 2914 248 2948 rem,
266 2907 315 2940 ib.

157 2958 212 2991 An
229 2956 396 2990 sacerdos
418 2957 463 2990 ab
485 2965 527 2991 eo
552 2957 742 3001 eligendus
765 2958 804 2992 in
830 2958 1074 2993 confessorem
1090 2959 1156 2994 de-

159 3005 243 3040 beat
259 3006 391 3039 habere
408 3005 497 3040 alias
508 3007 811 3049 iurisdictionem,
829 3007 878 3041 ib.

160 3054 225 3088 Vel
247 3055 372 3088 saltem
400 3055 528 3089 debeat
549 3064 626 3090 esse
655 3057 872 3099 approbatus
897 3058 944 3092 ab
967 3058 1155 3102 Episcopo,

166 3103 215 3138 ib.

162 3155 217 3188 An
240 3153 401 3194 facultas,
418 3162 500 3196 quae
523 3154 734 3188 conceditur
752 3155 931 3198 religiosis
945 3158 1156 3200 peregrinis,

164 3207 205 3238 ut
217 3203 356 3246 possint
378 3203 509 3246 eligere
523 3204 780 3247 confessorem,
797 3205 843 3239 sit
861 3213 943 3239 curn
962 3214 1071 3242 onere
1091 3208 1160 3243 ite-

165 3261 246 3286 rum
265 3252 460 3286 confitendi
487 3253 612 3286 eadem
626 3258 772 3296 peccata
791 3262 856 3288 suo
874 3255 1071 3291 confessori
1098 3266 1160 3293 or-

166 3301 333 3342 dinari03
360 3302 542 3344 praecipue
572 3301 611 3336 in
637 3303 878 3345 religionibus
901 3304 939 3338 in
961 3305 1093 3348 quibus
1110 3310 1162 3342 est

167 3351 289 3392 aliqua
311 3351 435 3393 regula
454 3351 692 3394 praescribens
707 3353 924 3395 hujusmodo
937 3361 1162 3397 peccatorum

167 3401 421 3443 repetitionem
442 3401 539 3444 apud
563 3403 807 3436 consessorem
824 3404 1062 3446 ordinarium,
1077 3406 1128 3442 ib.

124 3449 310 3493 Peregrini
328 3450 485 3493 religiosi
502 3451 638 3487 absolvi
655 3458 805 3495 possunt
825 3457 860 3487 et
879 3453 1013 3488 debent
1025 3464 1046 3488 a
1067 3457 1161 3490 casi-

167 3499 238 3534 bus
259 3500 448 3534 reservatis
472 3501 571 3542 juxta
604 3502 751 3545 propria
781 3502 998 3546 religionum
1019 3508 1160 3550 statuta,

169 3550 238 3584 sub
267 3558 377 3584 onere
408 3552 643 3594 comparendi
662 3560 784 3588 coram
813 3553 1017 3597 superiore,
1035 3556 1099 3591 ubi
1115 3556 1163 3592 ad

170 3598 276 3634 illum
289 3600 478 3642 redierint,
493 3608 525 3634 c.
542 3603 594 3634 19.

171 3646 275 3689 Quod
299 3649 332 3685 si
346 3649 385 3684 in
404 3650 527 3694 aliqua
539 3650 716 3695 religione
730 3652 825 3688 nihil
842 3653 941 3690 eirca
954 3654 1023 3690 hoc
1040 3654 1164 3698 regula

2122 253 2229 296 119³

1239 322 1301 354 aut
1316 319 1578 356 consuetudine
1592 320 1871 357 determinatum
1884 322 1943 366 sit,
1956 322 2021 358 sed
2035 322 2146 357 soleat
2157 320 2229 366 peu

1239 369 1400 407 facultas,
1417 379 1458 403 ea
1479 373 1680 406 necessario
1699 373 1852 415 petenda
1867 377 1919 407 est
1934 382 1956 407 a
1970 373 2173 416 superiore,
2194 374 2232 408 et

1238 419 1270 454 si
1295 420 1479 463 contingat
1505 421 1703 463 aliquando
1717 448 1725 461 ,
1750 426 1895 465 propter
1915 423 2115 457 naturalem
2134 421 2232 457 obli-

1238 469 1389 509 tionem,
1407 478 1450 503 ea
1467 478 1542 504 non
1566 471 1676 513 petita
1699 472 1896 514 discedere,
1912 473 2078 508 habenda
2099 475 2151 507 est
2164 477 2232 516 pro

1239 525 1409 552 concessa
1422 527 1507 553 cum
1520 528 1630 555 onere
1644 525 1763 555 tamen
1777 523 2010 565 comparendi
2027 533 2035 556 :
2050 523 2108 557 vel
2123 522 2232 556 etiam

1239 571 1355 610 potest
1368 569 1504 604 absolvi
1520 571 1653 605 directe
1667 581 1688 606 a
1706 581 1779 606 non
1795 573 1995 614 reservatis,
2010 576 2045 606 et
2057 572 2232 608 indirecte

1239 625 1261 650 a
1283 618 1482 659 reservatis,
1504 620 1567 653 sed
1582 620 1672 655 illud
1694 622 1918 664 probabilius
1933 626 1996 661 est,
2014 622 2064 656 ih.

1197 665 1381 709 Peregrini
1404 667 1581 710 religiosi,-
1597 671 1743 711 quando
1766 675 2035 706 commorantur
2051 672 2091 705 in
2110 671 2233 706 domi-

1241 717 1309 751 bus
1337 725 1410 751 suae
1444 717 1643 760 religionis,
1669 720 1805 755 absolvi
1838 726 1988 764 possunt
2015 722 2060 756 de
2091 722 2233 757 casibus

1242 767 1346 810 Papae
1372 768 1562 802 reservatis
1584 777 1605 802 a
1629 769 1788 804 Praelatis
1815 771 1972 814 illarum,
1996 772 2089 806 sicut
2113 771 2233 806 caeteri

1242 825 1368 851 eorum
1383 819 1532 860 subditi,
1547 827 1577 852 c.
1594 821 1646 852 24.

1199 866 1370 910 Religiosi
1400 868 1585 902 Societatis
1607 877 1690 903 cum
1709 869 1996 912 peregrinantur,
2026 879 2086 912 an,
2106 873 2141 904 et
2163 879 2236 913 qua

1242 918 1381 952 ratione
1399 919 1609 961 praedicare,
1625 923 1659 953 et
1681 919 1928 953 confessiones
1949 920 2073 953 audire
2097 920 2235 962 possint

1243 967 1283 1000 in
1295 967 1522 1051 ilioeccsibus
1535 969 1598 1003 ubi
1616 970 1802 1012 approbati
1818 977 1894 1004 non
1920 973 2016 1011 sunt,
2035 973 2080 1003 tr.
2097 970 2188 1012 10,1.
2201 973 2235 1013 9,

1242 1024 1276 1052 c.
1317 1043 1330 1053 .

1630 1096 1821 1122 warnerio.

1200 1167 1461 1203 Perfectionem
1484 1167 1604 1210 aliquo
1636 1168 1744 1202 modo
1767 1176 1958 1211 procurare
1988 1171 2024 1203 et
2051 1167 2238 1205 intendere

1243 1220 1413 1251 tenentur
1436 1217 1597 1260 religiosi
1618 1218 1686 1251 sub
1709 1219 1865 1257 mortali,
1886 1222 1929 1252 tr.
1945 1218 2014 1257 8,1.
2028 1221 2060 1260 1,
2077 1227 2108 1252 c.
2123 1221 2154 1251 4.

1242 1267 1333 1300 Huic
1362 1270 1482 1300 autem
1517 1267 1734 1309 obligationi
1767 1268 1989 1302 satisfacient
2018 1267 2239 1303 intendendo

1243 1320 1279 1351 et
1297 1317 1526 1359 procurando
1547 1326 1688 1351 servare
1719 1322 1820 1360 vota,
1851 1322 1885 1352 et
1914 1319 1942 1352 si
1973 1327 2044 1360 qua
2066 1323 2150 1352 sunt
2167 1318 2239 1353 alia

1242 1371 1420 1411 praecepta
1435 1368 1623 1411 religionis
1640 1368 1787 1411 propria
1803 1369 2000 1411 obligantia
2014 1369 2060 1403 ad
2075 1368 2237 1411 mortale,

1243 1416 1294 1452 ib.

1202 1467 1427 1510 Propositum
1453 1476 1526 1502 non
1552 1468 1685 1502 habere
1716 1470 1885 1503 servandi
1905 1470 2105 1505 universim
2129 1478 2169 1502 ea
2194 1469 2240 1504 ad

1245 1526 1325 1559 quae
1359 1518 1397 1551 in
1430 1518 1637 1560 particulari
1673 1518 1864 1561 religiosus
1894 1527 1968 1553 non
1999 1523 2140 1553 tenetur
2172 1518 2239 1552 sub

1245 1567 1401 1607 mortali,
1431 1572 1618 1610 peccatum
1643 1569 1794 1603 mortale
1820 1577 1894 1602 non
1929 1573 1992 1611 est,
2013 1568 2178 1611 quamvis
2194 1568 2242 1602 sit

1247 1617 1502 1658 periculosum,
1520 1618 1569 1652 ib.

1204 1666 1375 1701 Perfectio
1389 1667 1536 1710 propria
1558 1667 1660 1710 prius
1676 1667 1915 1711 procuranda,
1929 1676 2039 1710 quam
2057 1667 2241 1711 proximo-

1248 1725 1342 1758 rum,
1357 1720 1401 1751 tr.
1416 1720 1470 1760 10,
1484 1717 1510 1751 l.
1527 1720 1560 1759 6,
1574 1725 1606 1751 c.
1620 1720 1653 1752 2.

1670 1802 1783 1828 ΗΒΕΑ.

1205 1863 1399 1898 Poenarum
1428 1864 1578 1898 nomine
1604 1865 1694 1907 quid
1718 1864 1940 1908 intelligatur
1963 1865 2002 1898 in
2028 1865 2241 1909 privilegiis,

1248 1913 1286 1946 in
1306 1914 1441 1955 quihus
1460 1914 1671 1948 conceditur
1695 1914 1845 1949 facultas
1867 1915 1913 1949 ad
1940 1915 2200 1950 absolvendum
2220 1925 2242 1951 a

1247 1964 1422 2003 censuris,
1439 1968 1473 1997 et
1486 1965 1617 2006 poenis,
1635 1968 1679 1997 tr.
1694 1967 1746 2006 10,
1762 1965 1785 1997 l.
1801 1968 1834 2005 9,
1848 1973 1879 1998 c.
1893 1967 1926 1996 2.

1205 2011 1316 2045 Poena
1335 2013 1582 2047 Ecclesiastica
1602 2022 1771 2055 quaenam
1786 2014 1844 2055 sit,
1862 2014 1911 2047 ib.

1203 2059 1296 2101 Quas
1320 2070 1445 2103 poenas
1462 2062 1536 2095 sive
1552 2062 1757 2104 spirituales
1777 2063 1852 2097 sive
1869 2063 2083 2105 temporales
2105 2065 2242 2099 Praelati

1247 2111 1436 2153 religionis
1462 2112 1648 2154 imponere
1668 2112 1808 2155 possint
1826 2113 1902 2147 suis
1920 2114 2076 2148 subditis
2094 2115 2243 2158 religio-

1246 2160 1322 2194 sis?
1340 2161 1424 2195 vide
1444 2161 1625 2195 Praelatus.

1205 2209 1316 2244 Poena
1333 2210 1537 2245 triremium
1560 2219 1607 2244 an
1627 2211 1674 2246 sit
1689 2212 1912 2247 conveniens
1928 2212 2120 2255 religiosis,
2146 2217 2189 2249 tr.
2207 2217 2240 2256 8,

1249 2260 1273 2292 l.
1287 2263 1319 2302 Ξ,
1335 2268 1365 2293 c.
1386 2263 1438 2294 10.

1247 2309 1302 2342 An
1326 2309 1486 2352 religiosi
1515 2310 1667 2353 obligari
1701 2311 1841 2353 possint
1872 2319 1893 2344 a
1924 2312 2000 2345 suis
2017 2313 2175 2347 Praelatis
2196 2314 2245 2349 ad

1249 2358 1390 2402 aliquas
1409 2367 1538 2402 poenas
1556 2360 1595 2394 in
1615 2369 1653 2394 se
1678 2360 1766 2403 ipsis
1784 2362 1899 2396 active
1917 2363 2146 2404 exequendas
2159 2390 2167 2405 ,
2191 2364 2243 2398 ib.

1614 2443 1834 2470 Poeulrnurm.

1206 2506 1422 2542 Poenitentia
1444 2509 1675 2551 antiquorum
1699 2511 1959 2545 monachorum
1974 2511 2116 2546 avariis
2130 2512 2245 2546 Patri-

1249 2558 1317 2591 bus
1334 2559 1620 2601 commendatur,
1636 2563 1678 2592 tr.
1698 2559 1788 2601 10,1.
1807 2563 1838 2601 1,
1855 2568 1886 2593 c.
1904 2564 1936 2592 7.

1207 2607 1443 2690 Pognitentias
1465 2609 1668 2643 ordinarias
1687 2617 1731 2643 ex
1758 2609 1979 2653 obligatione
2000 2610 2119 2644 nullas
2139 2610 2245 2646 habet

1274 2657 1417 2696 ocietas,
1433 2666 1463 2691 c.
1481 2661 1512 2692 9.

1249 2707 1320 2740 Cur
1335 2715 1396 2741 eas
1415 2716 1488 2741 non
1510 2708 1650 2749 habeat,
1666 2708 1715 2742 ib.

1249 2756 1342 2797 Quas
1363 2757 1534 2791 utilitates
1558 2759 1635 2791 haec
1658 2758 1857 2793 moderatio
1876 2759 2170 2802 poenitentiarum
2185 2768 2243 2795 se-

1251 2814 1333 2839 cum
1353 2806 1486 2848 afferat,
1503 2807 1553 2841 ib.

1208 2857 1347 2891 Nullam
1377 2858 1494 2900 arguit
1519 2858 1829 2901 imperfectionem
1850 2858 1887 2892 in
1906 2859 2077 2894 societate
2095 2861 2246 2896 ordina-

1250 2907 1386 2940 riarum
1403 2908 1699 2950 poenitentiarum
1717 2909 1888 2947 desectus,
1905 2909 1954 2943 ib.

1209 2957 1436 2992 Poenitentiis
1458 2962 1578 2992 tamen
1602 2958 1850 3000 corporalibus
1872 2959 1921 2992 uti
1943 2959 2049 2994 debet
2067 2960 2241 2995 Societas:

1254 3007 1362 3049 idque
1382 3016 1454 3050 quo
1473 3008 1638 3050 consilio,
1654 3017 1835 3050 mensura,
1853 3012 1888 3042 et
1904 3009 2133 3052 obligatione,
2151 3011 2199 3043 ib.

1210 3057 1436 3091 Poenitentiae
1468 3059 1671 3101 corporales
1699 3058 1745 3092 ad
1781 3059 2004 3092 sanctitatem
2046 3059 2243 3093 formaliter

1253 3117 1328 3143 non
1344 3114 1517 3152 spectant,
1536 3111 1691 3144 multum
1707 3113 1827 3144 tamen
1841 3111 1888 3144 ad
1903 3110 2001 3144 illam
2023 3111 2242 3153 conducunt,

1253 3159 1304 3194 ib.

1212 3210 1438 3244 Poenitentiae
1460 3211 1676 3253 corporales,
1693 3219 1767 3245 non
1787 3210 1947 3254 proprio,
1961 3209 2024 3243 sed
2048 3209 2243 3252 superioris

1256 3260 1405 3294 arbitrio
1428 3260 1618 3302 faciendae,
1634 3260 1684 3294 ib.

1214 3310 1440 3344 Poenitentiae
1455 3337 1465 3353 ,
1486 3318 1550 3345 seu
1570 3317 1688 3352 poenae
1709 3316 1774 3352 pro
1795 3307 1935 3343 delictis
1951 3308 2142 3352 impositae,
2165 3308 2254 3345 vid-·

1255 3360 1378 3395 Poena.

1494 3434 1708 3462 “11¹1me
1723 3432 1969 3459 §demm-

1213 3505 1440 3542 Poenitentiae
1465 3505 1734 3540 Sacramentum
1754 3503 1959 3537 ministrare
1984 3510 2028 3536 ex
2052 3501 2241 3546 privilegio

1255 3559 1405 3599 possunt
1425 3564 1550 3590 omnes
1574 3553 1795 3588 confessores
1811 3552 1994 3587 societatis
2007 3551 2242 3594 quibuscum-

1257 3614 1328 3649 que
1354 3605 1482 3640 Christi
1511 3603 1678 3638 fidelibus
1695 3603 1948 3644 undecumque
1967 3601 2012 3635 ad
2034 3609 2071 3635 se
2089 3601 2242 3635 venien-

1258 3655 1368 3699 tibus,
1390 3662 1523 3698 eosque
1550 3653 1596 3688 ab
1625 3653 1796 3688 omnibus
1823 3652 1979 3694 casibus,
2008 3651 2183 3695 censuris.
2205 3652 2242 3688 et
