2352 3880
157 271 432 323 ideoquando
448 271 664 323 promissio
679 270 751 310 illa
777 271 1039 320 ingrediendi
1055 272 1190 312 Socie-

157 339 284 375 tatem
307 334 526 386 exponitur
547 333 599 372 de
624 333 874 384 acceptando
888 334 1043 384 gradu,
1063 345 1187 386 quem

158 395 354 448 Superior
371 394 662 445 designaverit,
682 406 767 434 non
786 397 846 434 ita
862 395 1110 445 intelligitur
1123 399 1187 445 ut,

155 457 367 507 designato
395 467 497 502 11110,
529 467 614 494 11011
647 456 775 507 possit
810 457 1004 508 Superior
1022 457 1188 497 ulterio-

154 530 257 566 rem,
278 518 313 555 si
334 517 575 567 expedierit,
595 516 809 567 designare
827 522 868 557 et
896 519 1080 568 exigere;
1098 518 1188 558 haec

155 579 264 618 enim
286 578 479 617 limitatio
510 590 586 618 nec
615 579 870 619 rationabilis
905 585 1096 632 apparet,
1115 592 1188 620 ne-

154 651 232 691 que
252 640 296 678 in
315 639 386 678 ilia
409 640 684 680 declaratione
702 641 961 691 insinuatur3
985 654 1075 692 quae
1100 654 1188 682 me-

155 701 232 740 lius
249 701 495 751 intelligitur
504 701 690 740 absolute
707 702 757 741 de
772 703 959 751 ingressu
977 702 1029 740 ad
1044 714 1188 753 quem-

153 773 328 814 cumque
348 763 537 814 gradum.
559 764 629 803 Est
649 776 746 813 ergo
762 763 852 802 haec
882 763 1075 802 resolutio
1094 776 1187 815 pro-

149 822 319 873 babilis,
357 837 403 864 ac
441 825 627 875 potestati
658 825 867 871 religionis
899 824 1182 876 favorabilior,

152 886 341 935 quamvis
361 887 543 937 opposita
563 897 648 924 non
675 885 838 924 difficile
858 885 1022 925 defendi
1043 891 1181 937 queat,

151 957 226 998 per
245 947 513 986 formaturam
532 947 577 985 in
592 946 792 985 Societate
810 947 996 998 extingui
1016 959 1183 989 omnem

153 1007 446 1058 obligationem
463 1008 703 1047 transeundi
718 1008 767 1046 ad
782 1010 1093 1059 professionem
1111 1014 1183 1051 aut

153 1079 178 1107 a
195 1070 444 1119 professione
473 1069 597 1109 trium
617 1074 807 1109 votorum
822 1069 875 1109 ad
890 1071 1182 1123 professionem

153 1135 343 1182 quatuor.

208 1193 272 1230 13.
309 1191 605 1238 Quoestimzcum
641 1195 763 1234 tertia
796 1194 906 1235 eirca
936 1195 1186 1236 eamdemmet

153 1253 471 1294 declarationem.
496 1277 548 1284 —
565 1255 807 1295 Resolvitur.
829 1276 880 1285 —
901 1256 1083 1294 Tandem
1111 1257 1186 1294 du-

151 1315 275 1353 bitari
302 1319 432 1367 potest
448 1316 547 1366 quid
575 1318 847 1355 necessarium
867 1317 933 1362 sit,
954 1321 1001 1355 ut
1019 1318 1109 1367 quis
1124 1321 1186 1356 te—

151 1380 300 1415 neatur
320 1377 365 1414 in
393 1377 641 1416 conscientia
658 1383 886 1428 acceptare,
908 1382 948 1416 et
979 1378 1186 1428 quomodo

149 1437 195 1476 111
228 1437 307 1476 1100
336 1438 463 1488 possit
497 1439 676 1487 graviter
708 1450 873 1490 peccare
893 1453 903 1486 ;
938 1439 1185 1489 interrogari

150 1498 262 1537 enim
285 1502 419 1548 potest
440 1509 492 1536 311
509 1498 560 1536 ad
577 1498 656 1537 1100
678 1500 951 1538 necessarium
980 1500 1028 1537 sit
1047 1505 1093 1537 ut
1113 1501 1185 1539 Su-

150 1560 286 1611 perior
304 1559 345 1597 id
366 1559 578 1610 praecipiat
606 1560 652 1599 in
680 1561 830 1599 x-irtute
851 1560 1110 1606 obedientiae,
1143 1564 1185 1599 et

151 1620 316 1671 quidem
338 1620 468 1659 videi-i
485 1624 620 1671 posset
638 1620 715 1659 hoc
733 1621 789 1659 it,
813 1633 912 1667 esse,
929 1621 1026 1671 quia
1040 1621 1186 1670 regula

151 1681 352 1731 generalis
369 1685 442 1730 est,
458 1681 759 1720 ordinationem
778 1681 1006 1731 Superioris
1023 1693 1106 1719 11011
1123 1683 1186 1719 111·

150 1742 298 1781 ducere
315 1743 538 1793 rigorosam
548 1743 842 1794 obligati-onem
858 1743 901 1780 in
919 1743 1180 1790 conscientia,

149 1805 371 1856 praesertim
388 1816 569 1854 gravem,
587 1805 666 1843 nisi
681 1804 758 1843 sub
774 1804 844 1843 illa
860 1804 1008 1852 forma,
1020 1804 1085 1843 vel
1102 1804 1182 1843 alia

150 1866 422 1916 aequivalente
438 1870 702 1916 proponatur.
736 1866 839 1904 Usus
872 1866 994 1903 etiam
1021 1865 1182 1904 videtur

148 1926 226 1966 hoc
241 1926 499 1973 confirmare,
512 1927 608 1976 quia
623 1926 762 1973 multi,
774 1926 873 1964 alias
884 1926 1080 1970 timorati,
1093 1927 1181 1965 sine

149 1989 338 2040 scrupulo
356 1988 511 2038 peccati
530 1987 751 2038 (quidquid
772 1988 824 2024 sit
843 1987 892 2025 de
913 1987 1180 2037 imperfectio-

148 2049 223 2101 ne)
247 2050 440 2088 resistunt
474 2048 708 2099 hujusmodi
735 2048 998 2086 ordinationi.
1028 2048 1181 2086 Nihilo-

149 2122 288 2149 minus
307 2121 451 2148 censeo
469 2121 673 2160 imprimis
691 2121 774 2147 non
797 2121 882 2146 esse
905 2120 1178 2148 necessarium

149 2172 361 2222 proprium
395 2170 636 2209 obedientiae
667 2174 932 2221 praeceptum.
967 2169 1178 2219 Probatur,

150 2233 247 2283 quia
277 2232 354 2270 1100
385 2236 527 2270 votum
550 2231 791 2270 distinctum
814 2234 872 2269 est
899 2242 927 2268 a
960 2235 1053 2268 voto
1082 2230 1182 2269 obe-

149 2293 337 2342 dientiae3
359 2305 455 2341 ergo
489 2296 623 2343 potest
656 2304 728 2343 per
750 2304 791 2330 se
811 2292 992 2341 obligare
1012 2294 1098 2330 sine
1117 2292 1181 2330 in-

147 2357 339 2392 terventu
359 2353 619 2404 obligationis
637 2354 723 2391 voti
742 2352 999 2392 obedientiae.
1021 2353 1107 2391 Imo
1129 2353 1179 2393 ad

147 2415 224 2454 hoc
254 2417 431 2454 maxime
461 2414 551 2452 fieri
581 2414 769 2463 videtui-3
806 2426 901 2452 nam
926 2414 997 2451 illo
1025 2413 1179 2452 secluso

138 2475 318 2525 ,dubi-nm
336 2476 506 2514 fortasse
526 2487 610 2514 esse
634 2479 780 2526 posset,
797 2487 850 2513 311
866 2476 1053 2513 emittere
1075 2487 1179 2514 nova

138 2542 239 2575 ‘vota
260 2538 310 2575 sit
330 2538 500 2575 materia
519 2537 661 2587 prioris
677 2537 761 2575 voti
778 2536 1043 2581 obedientiae3
1062 2526 1176 2586 ergo,

135 2599 299 2636 ‘seclusa
320 2599 396 2637 hac
415 2599 652 2649 quaestione,
671 2602 711 2636 et
729 2602 930 2648 praecepto
946 2597 1057 2635 illius
1074 2598 1174 2646 voti,

136 2630 275 2710 ¹potest
306 2660 415 2710 exigi
442 2659 610 2698 alterius
645 2659 926 2711 promissionis
959 2658 1177 2698 observan-

135 2720 216 2773 {tia.
263 2721 315 2759 Ut
351 2725 489 2759 autem
525 2720 596 2759 illa
636 2721 848 2771 promissio
884 2720 1175 2770 obligationem

144 2792 260 2819 suam
276 2781 461 2828 inducat,
483 2793 645 2820 necesse
664 2785 725 2819 est
743 2785 788 2818 ut
802 2782 994 2831 Superior
1011 2794 1097 2820 non
1112 2794 1177 2820 so-

143 2841 229 2880 lum
254 2841 488 2880 facultatem
516 2842 712 2892 praebeat,
747 2842 816 2880 sed
849 2843 973 2880 etiam
993 2843 1131 2894 exigat
1147 2850 1175 2881 a

144 2902 306 2940 subdito
325 2908 371 2940 ut
389 2914 505 2940 suam
526 2903 835 2953 promissionem
854 2902 1037 2952 impleat.

198 2965 263 3001 14.
300 2963 459 3009 Quando
480 2966 685 3002 censeatur
719 2962 915 3003 scholaris
951 2965 1078 3003 teneri
1104 2966 1176 3004 anat

142 3035 220 3064 non
237 3022 361 3064 teneri
379 3024 432 3062 ad
446 3024 725 3075 acceptandum
750 3024 935 3073 qradum.
947 3024 1175 3064 —Instan-

144 3087 205 3127 tia
223 3089 459 3125 remoram.
477 3106 528 3112 -—
543 3084 764 3134 Dupliciter
782 3085 892 3123 enim
911 3089 1043 3135 potest
1060 3086 1174 3124 scho-

142 3145 239 3186 laris
257 3145 423 3184 invitari
445 3144 496 3183 ad
515 3144 750 3183 ulteriorem
768 3145 967 3194 gradum:
986 3158 1069 3184 uno
1089 3159 1174 3185 mo-

143 3206 212 3255 do,
243 3219 318 3258 per
340 3206 509 3244 monium
529 3205 696 3256 gratiae,
715 3210 761 3243 ut
779 3206 835 3244 sic
853 3206 1010 3254 dicam,
1035 3219 1083 3245 ex
1104 3219 1173 3245 vo·-

143 3267 301 3308 luntate
317 3267 545 3318 Superioris
563 3278 648 3305 non
664 3266 864 3315 absoluta,
887 3268 956 3305 sed
977 3267 1173 3306 conditio-

137 3328 382 3380 'numquis
414 3328 616 3366 nimir-un
647 3327 724 3366 hoc
757 3327 796 3366 ei
825 3327 1061 3366 conceditur
1082 3333 1172 3366 tan-

142 3400 270 3441 quam
294 3389 414 3428 'firmi'
439 3388 664 3438 oengmuis,
694 3388 740 3427 in
766 3400 866 3439 que,
891 3389 1100 3428 moraliter
1117 3390 1172 3428 10-

142 3451 334 3502 quendo,
369 3453 432 3490 est
457 3449 744 3489 mhimelleeta
777 3449 971 3498 conditio,
1008 3451 1046 3488 si
1076 3450 1176 3488 velit

137 3510 266 3550 ‘illum
284 3515 511 3563 acceptare,
524 3512 626 3563 q-'n
641 3510 776 3561 gratia
793 3521 879 3548 non
901 3510 1111 3549 confertur
1130 3512 1175 3550 iu

144 3570 350 3624 invitm3
363 3577 412 3614 et
439 3577 543 3613 mne
565 3572 616 3613 ia
637 3573 874 3624 rigoienmi
891 3571 1097 3622 obligatur
1123 3583 1175 3613 ex

399 0 511 31 ἔτ(
1126 9 1194 67 ire
1226 30 1329 78 2:³1
1822 44 1856 85 ⁵⁸
1890 39 1977 96 κζ’*
2070 55 2079 79 ³

510 194 668 240 univ.
689 203 1158 240 nummatum
1165 191 1415 247 ommis
1434 206 1488 242 m·
1508 205 1804 250 racemum·
1825 190 1932 248 2²⁸⁶?
1973 199 1989 241 ‘¹
2035 185 2238 247 .‘··j..-=j-‘«‚5

2112 260 2134 277 „J

1240 278 1335 314 voto
1350 273 1407 312 ad
1416 270 1800 326 acceptandum.'.Et
1816 273 2051 327 itacpossun
2146 290 2176 311 ,ι
2196 307 2199 311 .

1239 347 1267 375 3
1289 334 1411 386 milpa
1422 336 1559 386 gravi,
1589 333 1660 385 qui
1685 337 1877 374 recusant
1895 334 2074 387 aliquem
2091 318 2256 388 gran'*

1241 394 1318 434 sibi
1347 395 1544 435 oblatum.
1579 395 1670 434 Alio
1704 406 1801 434 vero
1832 395 1955 434 modo
1986 402 2118 448 potest
2150 392 2186 438 'a'
2205 389 2274 450 ,ζῷ’-[ς

1240 457 1416 508 injungi,
1438 460 1486 496 ut
1503 457 1677 508 gradum
1693 456 1873 508 aliquem
1891 463 2088 509 acceptet,
2104 461 2191 508 exi
2207 478 2225 495 s»

1241 517 1295 556 do
1325 517 1379 556 ab
1411 517 1483 557 illo
1510 519 1594 557 voti
1625 518 1689 557 sui
1707 517 2025 570 obligationem3
2044 521 2152 570 quod
2175 527 2191 562 t
2225 518 2273 537 ”

1239 578 1302 626 fit,
1331 579 1671 631 quandocumque
1693 579 1887 630 Superior
1905 610 1915 627 ‚
1935 592 1986 619 ex
2008 581 2178 621 definita
2201 582 2287 626 vo·

1239 639 1399 679 luntate
1431 643 1473 679 et
1505 641 1620 692 quasi
1657 640 1818 681 decreto
1850 640 1969 680 illum
2009 634 2273 692 injunxerit*

1241 701 1399 739 etiamsi
1422 701 1662 741 obedientiae
1679 707 1928 754 praeceptum
1957 715 2039 742 nou
2070 704 2274 755 imponat.

1239 763 1334 801 Haec
1352 763 1461 801 enim
1481 761 1562 801 duo
1592 763 1714 814 longe
1733 764 1892 803 diversa
1911 769 2020 804 sunt.
2040 765 2092 804 Ut
2121 767 2155 804 si
2178 759 2283 819 quis

1239 829 1386 863 voveat
1402 824 1498 863 dare
1531 825 1655 863 alicui
1682 825 1999 876 eleemosynam,
2021 827 2179 878 quoties
2202 815 2283 873 ille*

1238 885 1413 924 voluerit
1429 898 1475 923 ac
1494 886 1670 936 petierit,
1691 887 1725 924 si
1741 886 1873 925 solum
1891 892 2002 938 petat
2020 889 2271 928 ostendendo

1238 947 1462 996 simplicem
1483 947 1703 996 quemdam
1722 947 1927 995 affectum,
1947 953 1988 987 et
2015 949 2123 999 quod
2142 949 2271 990 liben-

1238 1012 1300 1046 ter
1322 1008 1434 1046 illam
1454 1008 1638 1058 accipiet,
1667 1007 1851 1046 nondum
1877 1008 2078 1058 obligabit
2107 1015 2267 1061 votum,

1237 1070 1334 1120 quia
1357 1070 1541 1107 nondum
1578 1072 1636 1108 est
1670 1069 1766 1107 satis
1796 1069 1966 1120 impleta
1990 1071 2181 1109 conditio.
2217 1073 2271 1112 At

1238 1143 1336 1170 vero
1354 1132 1387 1170 si
1407 1131 1573 1170 definite
1601 1135 1641 1170 et
1660 1143 1711 1170 ex
1740 1131 1895 1170 efficaci
1913 1131 2123 1171 voluntate
2142 1137 2270 1184 petat,
2312 1151 2313 1154 ¹

1238 1192 1380 1231 volens
1399 1192 1559 1243 impleri
1580 1192 1688 1242 quod
1710 1193 1789 1231 Deo
1806 1193 2051 1243 promissum
2078 1198 2152 1239 est,
2180 1196 2270 1244 jam
2323 1211 2325 1215 ⁴

1239 1257 1336 1292 tunc
1355 1254 1520 1303 urgebit
1540 1253 1736 1303 obligatio
1758 1253 1857 1300 voti,
1894 1265 1979 1292 non
2011 1255 2107 1304 quia
2130 1259 2270 1308 petens

1239 1315 1424 1365 imponat
1457 1319 1720 1365 praeceptum,
1754 1313 1823 1352 sed
1844 1314 1938 1364 quia
1958 1314 2102 1364 implet
2133 1317 2271 1354 condi-

1238 1375 1415 1418 tionem,
1441 1388 1520 1426 qua
1551 1379 1683 1426 posita
1719 1379 1859 1414 votum
1894 1375 2060 1425 obligat.
2095 1377 2153 1416 lta
2173 1389 2270 1427 ergo

1238 1437 1355 1475 estin
1369 1437 1601 1487 proposito;
1620 1447 1718 1474 nam
1732 1437 1956 1486 acceptatio
1973 1437 2144 1487 requirit
2161 1437 2270 1478 obla-

1237 1498 1392 1536 tionem
1413 1510 1483 1536 seu
1510 1497 1771 1536 donationem
1800 1509 1850 1535 ex
1883 1503 1998 1548 parte
2027 1499 2212 1548 alterius,
2229 1503 2270 1538 et

1237 1559 1282 1597 in
1302 1560 1437 1609 rigore
1456 1559 1555 1597 dicit
1583 1558 1865 1597 habitudinem
1894 1559 1945 1596 ad
1977 1559 2270 1609 obligationem

1238 1619 1457 1671 perfectam
1474 1649 1487 1667 ‚
1508 1630 1600 1670 quae
1634 1631 1683 1657 ex
1701 1619 1885 1657 absoluta
1903 1620 2112 1658 voluntate
2130 1633 2270 1671 proce-

1238 1681 1312 1719 dit.
1338 1681 1386 1718 Et
1414 1681 1470 1718 ita
1492 1691 1676 1730 expresse
1711 1683 1909 1717 statutum
1938 1684 1998 1718 est
2022 1680 2065 1718 111
2098 1682 2270 1731 septima

1238 1740 1574 1791 Congregatione.
1615 1740 1764 1780 decret.
1806 1741 1856 1779 32
1870 1769 1880 1788 ,
1912 1741 2026 1791 cujus
2053 1740 2143 1779 haec
2174 1746 2269 1781 sunt
2321 1791 2323 1795 ι

1237 1803 1388 1841 verba:
1411 1803 1574 1843 Censuit
1597 1801 1877 1854 Conqreqatio,
1915 1813 2058 1848 omnes,
2077 1803 2117 1841 vi
2134 1803 2270 1854 quarti

1236 1865 1319 1905 voti
1352 1866 1396 1903 in
1424 1864 1729 1917 Conyreyatione
1758 1864 1897 1915 quinta
1914 1863 2116 1913 explicati,
2144 1865 2270 1905 teneri
2318 1883 2320 1886 ·

1238 1925 1453 1975 Superiori
1485 1931 1632 1964 eertum
1661 1925 1831 1977 ¹qradnm
1861 1924 2076 1973 imponenti
2104 1926 2264 1974 obedire,

1233 1986 1296 2026 ita
1315 1990 1446 2025 tamen
1461 1990 1507 2024 ut
1522 1986 1695 2025 rationes
1710 1985 1967 2036 provinciali,
1990 1997 2036 2024 ac
2047 1988 2164 2036 patri
2180 1999 2268 2027 nos-

1236 2049 1313 2093 tro,
1333 2050 1510 2086 consueto
1542 2047 1758 2086 Societatz's
1782 2058 1907 2091 more,
1936 2058 2151 2096 proponere
2177 2060 2269 2099 pos-

1234 2109 1335 2153 sint,
1360 2119 1460 2158 quas
1480 2108 1627 2157 scripto
1653 2108 1807 2146 censuit
1821 2109 2110 2157 proponendas,
2132 2121 2267 2149 oerum

1236 2168 1451 2218 Superiori
1471 2169 1555 2207 illis
1575 2169 1820 2207 examinatis
1843 2169 1888 2206 in
1911 2170 2103 2208 sententia
2119 2172 2268 2220 persis-

1235 2231 1348 2274 tenti,
1375 2233 1410 2270 et
1437 2234 1584 2269 cerium
1607 2230 1777 2280 yradum
1797 2229 1971 2267 absolute
1989 2230 2195 2278 statuenti,
2216 2231 2267 2270 22·-

1235 2295 1292 2331 cet
1325 2302 1403 2330 non
1435 2292 1557 2330 addat
1588 2291 1814 2329 obedientiae
1838 2293 2109 2340 praeceptum,
2142 2293 2267 2331 teneri

1234 2363 1543 2403 unumquemque
1563 2352 1736 2398 obedire,
1766 2351 2078 2401 imperatumque
2095 2353 2266 2400 qradum

1233 2413 1443 2463 suscipere,
1459 2416 1505 2452 ut
1524 2414 1560 2451 si
1579 2424 1658 2450 non
1675 2411 1802 2461 fuerit
1821 2413 2035 2459 obsecutus,
2057 2413 2266 2454 censendus
2322 2434 2333 2449 ·.

1232 2475 1289 2513 sit
1317 2477 1361 2512 in
1381 2475 1484 2512 malo
1503 2477 1615 2513 statu
1636 2485 1731 2521 esse,
1750 2477 1865 2523 atque
1885 2484 1909 2512 a
1927 2478 2262 2513 sacramentorum
2330 2467 2331 2471 ¹

1231 2547 1307 2575 ‘usu
1338 2539 1373 2574 et
1406 2535 1755 2575 administratione
1778 2534 2049 2573 excludendus.
2076 2535 2134 2572 Ita
2153 2537 2263 2574 enim

1231 2597 1384 2636 similes
1406 2596 1692 2648 promissiones
1713 2595 1921 2634 moraliter
1949 2599 1989 2633 et
2011 2595 2132 2645 juxta
2151 2609 2262 2636 com·

1232 2670 1399 2696 munem
1422 2670 1538 2695 usum
1560 2657 1859 2707 intelliguntur.
1883 2657 1996 2694 Dices
2019 2667 2028 2693 :
2050 2658 2121 2706 qui
2141 2657 2257 2696 abso-
2307 2662 2312 2667 '

1230 2718 1316 2757 lute
1337 2719 1538 2770 promittit
1560 2718 1733 2767 ingredi,
1757 2717 1917 2755 videtur
1951 2716 2138 2765 obligari,
2159 2729 2261 2769 quo-

1230 2781 1304 2819 ties
1320 2781 1447 2831 janua
1479 2779 1516 2817 ei
1539 2779 1742 2829 aperitur,
1765 2782 1806 2816 et
1832 2778 2037 2827 ingressus
2060 2781 2261 2828 permitti-

1230 2845 1311 2887 tur,
1332 2840 1503 2879 etiamsi·
1526 2851 1608 2877 non
1629 2844 1821 2889 cogatur,
1852 2851 1984 2889 neque
2005 2840 2056 2877 ab
2077 2841 2156 2879 alio
2175 2841 2262 2880 effi·
2303 2864 2306 2869 ·

1226 2902 1375 2944 caciter
1395 2905 1621 2945 moveatur,
1642 2912 1737 2939 nam
1766 2901 1863 2939 satis
1895 2901 1946 2939 ab
1982 2902 2069 2952 ipsa
2089 2903 2259 2953 promis·
2300 2951 2302 2953 Ι

1228 2963 1340 3001 sione
1359 2967 1559 3000 movetur.
1585 2962 1863 3012 Respondetur
1882 2974 1964 3000 non
1985 2975 2067 3001 esse
2088 2962 2258 3003 dubium

1223 3025 1325 3076 quin
1341 3024 1554 3075 promissio
1568 3023 1825 3073 ingrediendi
1843 3025 1966 3074 possit
1986 3025 2028 3062 iu
2051 3025 2258 3064 hoesensu

1226 3084 1331 3132 fieri,
1350 3089 1395 3122 ut
1413 3090 1526 3135 patet
1545 3084 1588 3122 iu
1609 3089 1703 3122 voto
1722 3085 1977 3134 ingrediendi
1998 3085 2254 3135 religionem,

1227 3144 1292 3183 vel
1306 3145 1792 3195 ingrediendiEcclesiam
1810 3147 1861 3185 ad
1881 3147 2080 3185 orandum
2094 3159 2105 3195 ;
2118 3153 2256 3188 tame-n
2284 3158 2294 3197 ’,

1227 3204 1272 3243 111
1292 3207 1478 3255 praesenti
1495 3206 1572 3245 hoc
1591 3211 1731 3245 votum
1752 3220 1834 3246 non
1854 3214 1912 3247 est
1931 3210 1988 3246 ita
2006 3209 2254 3258 absolutum,

1226 3270 1316 3305 tum
1332 3269 1428 3318 quia
1447 3268 1493 3306 fit
1511 3280 1606 3307 cum
1622 3269 1765 3308 ordine
1784 3269 1836 3308 ad
1861 3270 2110 3309 voluntatem
2131 3271 2257 3322 Supe-

1227 3329 1360 3376 rioris,
1375 3341 1423 3368 ac
1430 3329 1606 3382 proinde
1622 3335 1729 3369 recte
1745 3330 1971 3382 explicatur
1985 3332 2035 3370 de
2047 3332 2264 3410 volunt-atet
2291 3350 2294 3355 ·

1227 3390 1412 3429 absoluta
1442 3395 1484 3430 et
1509 3388 1709 3442 perfecta;
1732 3396 1821 3430 tum
1841 3393 1966 3431 etiam
1986 3393 2084 3444 quia
2115 3392 2163 3432 fit
2195 3404 2256 3431 se·
2280 3423 2284 3428 ,

1228 3454 1409 3491 cundum
1437 3451 1769 3502 Constitutiones,
1789 3464 1840 3492 ex
1858 3453 2006 3504 quibus
2023 3453 2156 3492 solum
2179 3453 2275 3501 113-,

1226 3512 1369 3552 bemus
1381 3513 1558 3566 obligari
1575 3514 1629 3556 ad
1647 3514 1953 3568 acceptandum,
1970 3526 2019 3562 eo
2032 3514 2155 3554 modo
2173 3523 2271 3567 quo‘

1229 3574 1385 3616 dictum
1401 3579 1476 3616 est.
