2352 3880
154 376 251 414 dam
276 371 339 421 fit,
358 373 405 410 111
422 368 513 408 haec
537 367 681 407 eadem
702 365 931 418 spiritualia
956 366 1185 408 ministeria

148 430 205 474 ¹ad
225 444 365 474 omnes
380 429 588 483 proximos
605 428 788 480 eJusdem
809 428 968 480 oppidi,
989 440 1061 468 seu
1079 428 1183 468 civi-

151 497 267 545 tatis,
291 495 336 534 in
367 504 449 545 qua
467 491 685 543 collegium
701 490 852 539 existit,
872 490 957 529 imo
977 491 1102 530 etiam
1129 489 1183 531 ad

150 558 306 596 vicinos
320 554 493 607 populos
512 552 802 602 extendantur,
824 552 922 604 quia
937 552 1114 591 charitas
1140 555 1184 592 et

148 618 386 658 institutum
400 619 588 656 nostrum
604 613 683 653 hoc
699 614 827 665 exigit
837 624 851 664 3
872 618 913 654 et
933 613 992 652 ita
1012 613 1056 652 fit
1070 617 1183 652 com-

147 680 344 727 muniter,
356 681 404 716 ut
419 678 462 716 in
476 675 657 727 collegiis
673 682 940 715 exerceantur
955 674 1183 715 ministeria

147 754 241 794 quae
260 740 532 793 professarum
555 738 772 777 domorum
790 737 983 776 videntur
999 737 1179 789 propria,

147 804 247 856 quia
264 814 349 841 non
366 804 462 841 sunt
480 801 539 839 ita
555 800 736 851 propria,
757 799 858 850 quin
877 799 1033 850 possint
1050 803 1092 838 et
1110 797 1180 837 de-

147 864 272 905 beant
290 875 375 903 esse
404 861 641 901 communia
670 861 769 912 ipsis
798 859 993 910 collegiis,
1013 858 1180 911 quando

147 926 323 966 charitas
341 928 381 964 et
398 923 617 963 necessitas
628 921 673 961 id
692 921 891 972 postulet3
913 926 1035 973 atque
1054 920 1181 960 etiam

143 987 390 1040 plerumque
406 997 455 1025 ea
477 988 537 1024 est
554 984 739 1036 ipsorum
756 981 1024 1022 fundatorum
1046 981 1181 1022 inten-

142 1049 203 1089 tio
219 1047 452 1089 manifesta.

527 1176 695 1219 CAPUT
721 1174 795 1218 xl>

138 1304 192 1336 AD
210 1305 319 1340 QUAM
334 1302 623 1334 PAUPERTATEM
650 1300 692 1330 IN
719 1299 896 1329 COMMUNI
912 1297 1095 1330 coLLEGIA
1111 1298 1176 1328 80⁴

191 1368 366 1398 CIETATIS
382 1366 433 1395 ET
449 1365 575 1395 DOMUS
594 1362 847 1392 PROBATIONIS
862 1360 1119 1391 OBLIGENTUR.

189 1479 385 1528 Quamvis
413 1488 465 1517 ex
492 1475 675 1526 collegiis
706 1478 748 1515 81
775 1475 960 1525 utrisque
983 1472 1173 1512 domibus

133 1541 390 1594 probationis
409 1543 449 1578 et
468 1537 658 1590 professis
676 1547 808 1575 unum
828 1547 974 1586 corpus
998 1535 1172 1574 Societa-

133 1605 188 1643 tis
208 1604 429 1650 coalescat,
458 1599 729 1639 nihilominus
758 1610 843 1637 non
878 1598 1022 1636 eodem
1051 1596 1175 1635 modo

133 1669 422 1718 paupertatem
458 1663 504 1701 in
536 1661 747 1700 communi
791 1660 1010 1699 observant
1028 1673 1039 1707 3
1078 1660 1176 1697 sunt

135 1728 248 1766 enim
266 1726 381 1777 quasi
398 1723 584 1763 membra
603 1722 878 1772 heterogenea
892 1721 1016 1758 unius
1032 1731 1176 1770 corpo-

134 1789 192 1827 ris
209 1787 418 1838 organici:
437 1786 526 1824 haec
544 1795 642 1833 ergo
662 1783 891 1828 diversitas,
911 1782 1044 1832 quoad
1066 1780 1176 1820 hanc

134 1856 319 1902 partem,
341 1853 381 1887 et
406 1847 510 1886 ratio
531 1847 618 1896 ejus
638 1845 881 1896 explicanda
901 1848 1099 1895 superest.
1123 1843 1176 1882 Et

136 1911 237 1962 quia
254 1910 426 1960 collegia
439 1913 479 1946 et
495 1908 640 1945 domus
651 1906 918 1956 probationis,
929 1905 1063 1955 quoad
1079 1904 1172 1952 hoc,

134 1972 327 2012 eumdem
350 1970 519 2009 modum
539 1970 717 2014 servant,
739 1966 831 2004 ideo
859 1966 905 2004 in
924 1965 1105 2015 collegiis
1122 1964 1175 2003 il-

134 2033 223 2073 lum
243 2031 568 2077 declarabimus3
594 2032 634 2067 et
653 2027 686 2066 si
707 2027 807 2078 quid
841 2026 967 2065 fuerit
999 2025 1175 2077 speciale

132 2095 180 2134 in
199 2094 389 2133 domibus
407 2090 675 2144 probationis,
692 2088 736 2128 id
749 2088 875 2127 etiam
895 2087 1026 2127 obiter
1044 2098 1174 2126 anno-

132 2155 330 2195 tabimus.

189 2220 229 2257 1.
251 2217 399 2257 Prima
423 2213 609 2255 assertio.
628 2234 682 2243 —-
701 2210 907 2263 Principio
928 2209 1058 2262 igitur
1079 2221 1174 2263 sup-

132 2278 374 2330 ponendum
395 2281 456 2316 est
475 2275 645 2325 collegia
661 2273 871 2314 Societatis
889 2284 975 2311 non
990 2272 1172 2323 profiteri

131 2343 416 2393 paupertatem
450 2338 496 2377 in
529 2336 759 2383 communi,
793 2346 869 2373 nec
902 2333 1036 2385 quoad
1063 2333 1173 2372 bona

131 2401 320 2450 mobilia,
342 2412 417 2439 nec
438 2399 573 2450 quoad
594 2397 776 2436 redditus
796 2399 837 2435 et
855 2394 963 2434 bona
991 2393 1169 2444 stabilia,

131 2462 205 2502 sed
224 2473 308 2501 esse
325 2461 491 2500 illorum
511 2458 690 2511 capacia,
710 2458 794 2496 imo
813 2456 902 2495 sine
916 2455 996 2495 illis
1009 2455 1173 2494 admitti

130 2527 207 2563 aut
237 2522 403 2562 fundari
433 2533 518 2560 non
541 2519 703 2566 debere,
737 2522 939 2570 quantum
971 2517 1173 2555 sufficiant

132 2584 186 2623 ad
202 2584 456 2623 moderatam
475 2580 813 2621 sustentationem
830 2578 1113 2629 religiosorum
1125 2577 1173 2617 in

133 2657 183 2685 80
202 2657 390 2692 numero,
422 2643 494 2695 qui
514 2654 587 2694 pro
607 2641 819 2693 qualitate,
843 2643 884 2679 et
912 2638 1166 2688 ministeriis,

68 2721 73 2725 ·
132 2718 183 2746 88
213 2707 403 2756 religiosa
420 2704 634 2754 disciplina
658 2702 983 2752 uniuscujusque
1004 2700 1170 2751 collegii

132 2769 230 2816 sint,
263 2768 383 2818 juxta
416 2765 688 2804 intentionem
719 2763 889 2802 Concilii
920 2761 1167 2811 Tridentini,

133 2841 231 2868 sess.
252 2830 319 2876 25,
339 2829 389 2867 de
416 2825 652 2876 Regularib.
666 2855 677 2872 ,
710 2836 748 2863 c.
777 2825 826 2871 33
851 2826 1009 2862 constat
1028 2826 1168 2862 autem

132 2889 226 2928 haec
253 2888 458 2927 institutio
487 2885 699 2926 Societatis
717 2883 853 2935 quoad
883 2883 988 2922 hanc
1006 2887 1169 2934 partem

135 2963 186 2991 ex
205 2947 571 2991 Constitutionibus
591 2947 692 2998 ejus,
713 2950 754 2985 et
772 2945 898 2984 Bullis
919 2944 1143 2983 Pontificiis
1152 2955 1169 2996 3

133 3013 182 3052 in
205 3011 403 3051 Examine
424 3009 535 3049 enim
555 3008 612 3047 sic
629 3006 822 3055 habetur,
839 3018 875 3045 c.
895 3007 916 3045 1
933 3006 983 3057 ,ἓ
1003 3007 1028 3044 4
1047 3016 1058 3045 :
1079 3005 1170 3045 Ha-

137 3073 238 3114 bebit
272 3073 456 3114 Societas
490 3069 651 3122 colleqia
684 3071 722 3109 et
754 3068 892 3107 domus
920 3066 1171 3118 probationis

134 3134 357 3175 redditibus
377 3133 548 3172 dotatas,
570 3131 621 3169 Et
639 3132 787 3180 quarta
810 3132 941 3180 parte,
962 3140 999 3167 c.
1019 3129 1060 3177 2,
1082 3128 1106 3179 ξ
1126 3130 1167 3178 5,

136 3201 180 3237 81
198 3200 310 3235 sexta
328 3198 458 3246 parte,
477 3205 511 3232 8.
533 3193 573 3240 2,
590 3191 652 3230 lit.
668 3191 719 3238 A,
733 3194 774 3230 81
791 3190 835 3228 111
848 3189 974 3228 Β111115
989 3189 1105 3228 Ρ81111
1118 3189 1170 3228 111

136 3263 181 3298 et
198 3257 297 3296 Julii
314 3256 390 3304 111,
416 3255 466 3293 de
491 3251 809 3292 confirmatione
833 3251 1009 3289 instituti
1030 3260 1042 3289 ε
1068 3250 1169 3292 Pos-

137 3320 226 3361 sint
250 3317 446 3368 (dicitur)
468 3315 606 3356 habere
633 3314 678 3353 iu
698 3313 1033 3352 universitatibus
1058 3312 1170 3353 colle·

137 3382 268 3433 ¹(Jium,
289 3389 356 3419 seu
385 3376 550 3427 collegia
578 3374 765 3414 habentia
789 3384 950 3420 census,
974 3373 1169 3422 redditus,

139 3452 211 3483 seu
233 3439 497 3491 possessiones
522 3437 661 3477 usibus
688 3439 726 3476 et
752 3434 1050 3475 necessitatibus
1084 3439 1172 3476 stu·

138 3493 316 3530 dentium
334 3489 609 3543 applicandas.
630 3490 742 3528 Idem
763 3488 981 3526 confirmat
1010 3489 1169 3537 Grego-

139 3555 227 3591 11115
247 3554 353 3601 XIII,
367 3553 411 3591 in
425 3551 723 3591 Constitutione
737 3548 971 3588 Ascendente
987 3547 1169 3587 Domino.

195 3615 233 3653 2.
264 3613 507 3666 Applicatur
542 3611 623 3652 koec
641 3611 692 3651 D.
716 3610 873 3651 leomoe
903 3608 1085 3649 doctrina
1097 3622 1169 3648 ηο-

145 3674 361 3715 vitiatibus.
384 3697 433 3706 -
454 3675 573 3715 Ratio
605 3677 741 3714 autem
770 3672 894 3719 hujus
929 3670 1175 3713 diversitatis

510 298 590 336 1111.
609 295 667 335 111.
688 299 743 334 nn
763 294 883 335 voris
903 294 1154 336 SIMPLicfflns
1173 295 1413 337 cas'rffl‘ris
1433 301 1487 337 m·
1507 300 1801 347 numanus,
1823 301 1914 337 mc.

1235 367 1356 408 facile
1375 367 1493 407 reddi
1510 372 1642 421 potest
1654 398 1665 416 ‚
1695 367 1939 420 applicando
1957 367 2191 422 discursum
2215 379 2268 410 ex

1236 429 1284 470 D.
1305 430 1462 468 Thoma
1481 430 1666 470 additum
1684 430 1728 469 in
1745 430 1992 482 praecedenti
2015 430 2162 482 capite,
2191 442 2268 470 nu-

1237 501 1350 531 mero
1379 491 1538 542 quinto.
1564 493 1667 532 Nam
1688 504 1783 531 cum
1801 492 1882 531 tria
1900 492 1983 533 sint
2001 504 2153 543 genera
2170 491 2267 532 reli-

1237 555 1429 604 gionum,
1459 553 1638 593 activum
1663 554 1830 600 scilicet,
1859 553 1995 605 quoad
2030 557 2199 593 externa
2226 555 2269 603 et

1235 614 1462 665 corporalia
1495 626 1619 666 opera
1653 615 1943 655 misericordias
1977 619 2164 667 sumptus
2194 613 2269 676 ali-⁴

1235 686 1336 725 quos
1354 675 1619 726 requirentia,
1635 681 1682 715 111
1702 682 1798 716 511111
1813 676 2085 729 hospitalitas,
2105 675 2172 715 vel
2190 670 2270 750 1111-1

1234 734 1347 785 11118;
1375 741 1416 775 81
1434 737 1797 789 contemplativum
1814 742 2002 788 tantum3
2026 742 2066 777 et
2084 741 2270 786 contem-7

1234 796 1435 848 plativum
1448 798 1701 847 foecundum,
1718 804 1766 838 ut
1782 800 1838 839 sic
1850 800 1998 849 dicam,
2010 800 2053 838 id
2065 803 2140 847 851,
2158 810 2268 838 com-

1234 858 1532 898 municativum
1549 861 1806 910 perfectiouis
1825 873 1922 912 erga
1940 873 1988 912 pl
1990 870 2175 910 oximos
2193 860 2266 899 So-

1233 918 1373 967 cietas,
1403 920 1551 959 omisso
1570 922 1704 971 primo
1724 933 1888 972 genere,
1923 922 2005 962 duo
2037 922 2119 961 alia
2152 933 2266 961 com-

1232 980 1424 1031 plectitur
1445 991 1456 1019 :
1475 982 1519 1020 in
1551 982 1740 1021 domibus
1775 984 1942 1033 quidem
1962 983 2152 1035 professis
2186 973 2268 1023 ter-¹

1232 1042 1356 1090 tium,
1388 1047 1430 1083 et
1460 1043 1554 1083 ideo
1583 1045 1627 1084 in
1662 1044 1720 1084 eis
1750 1044 1875 1083 habet
1904 1050 2187 1096 paupertatem
2204 1045 2268 1084 illi

1229 1104 1375 1155 generi
1395 1106 1491 1144 vitae
1521 1106 1871 1145 accommodatam
1883 1121 1894 1156 ;
1917 1107 1962 1145 in
1981 1107 2163 1158 collegiis
2192 1119 2268 1146 au-

1230 1168 1316 1205 tem
1335 1170 1376 1205 81
1404 1166 1592 1206 domibus
1614 1169 1865 1219 probationis
1895 1168 2108 1220 aliquanto
2135 1168 2268 1219 magis

1229 1228 1459 1267 secundum
1482 1228 1693 1279 religionis
1712 1241 1841 1281 genus
1869 1230 2100 1281 participat.
2124 1230 2268 1270 Docuit

1236 1294 1371 1328 autem
1390 1291 1436 1330 D.
1459 1291 1656 1340 Thomas,
1689 1293 1734 1331 in
1762 1292 2030 1342 religionibus
2058 1304 2150 1343 quae
2170 1305 2266 1332 con-

1239 1351 1489 1402 templationi
1522 1357 1686 1392 tantum
1712 1357 1881 1400 vacant,
1915 1354 2265 1394 accommodatam

1239 1415 1514 1464 paupertatem
1534 1426 1633 1463 esse,
1656 1426 1748 1466 quae
1766 1415 1811 1454 in
1830 1416 2038 1454 communi
2060 1415 2167 1454 bona
2188 1419 2265 1454 sta-

1236 1470 1329 1511 bilia
1355 1478 1396 1512 et
1427 1475 1611 1514 redditus
1630 1477 1844 1524 admittat3
1866 1488 1964 1526 ergo
1990 1477 2098 1516 hanc
2124 1477 2266 1516 debuit

1232 1534 1405 1574 Societas
1418 1536 1463 1574 in
1476 1537 1540 1575 his
1559 1537 1750 1576 domibus
1768 1542 1809 1577 et
1829 1538 2010 1589 collegiis
2031 1538 2261 1578 observare.

1230 1594 1345 1639 Quod
1364 1602 1504 1636 autem
1522 1598 1566 1636 in
1585 1598 1772 1637 domibus
1791 1599 2043 1650 probationis
2057 1600 2151 1638 vitae
2169 1612 2266 1639 con-

1228 1656 1479 1707 templativae
1497 1661 1701 1710 praecipue
1720 1665 1900 1708 vacetur,
1922 1672 1997 1712 per
2015 1673 2058 1700 se
2075 1661 2264 1701 manifes-

1228 1720 1319 1755 tum
1354 1723 1429 1766 est,
1464 1720 1562 1771 quia
1595 1721 1764 1760 omnino
1799 1725 1895 1760 sunt
1927 1722 1979 1761 ad
2011 1722 2265 1773 spiritualem

1229 1785 1463 1820 nostrorum
1479 1782 1783 1822 institutionem
1797 1788 1838 1822 et
1851 1785 2183 1824 exercitationem
2201 1797 2266 1824 or-

1229 1841 1397 1891 dinatae,
1418 1848 1458 1883 et
1475 1844 1568 1883 ideo
1587 1845 1631 1884 in
1650 1845 1708 1883 eis
1727 1846 1981 1897 praecipuum
2006 1846 2187 1885 studium
2204 1850 2266 1886 est

1229 1904 1426 1943 orationis
1444 1909 1485 1944 et
1504 1906 1875 1956 contemplationis,
1908 1910 1949 1945 et
1975 1907 2162 1946 lectionis
2186 1909 2265 1959 spi-

1228 1965 1402 2013 ritualis,
1425 1970 1467 2004 et
1491 1967 1873 2006 communicationis
1902 1967 2017 2007 verbi
2048 1969 2133 2016 Dei,
2172 1981 2265 2020 quae

1229 2025 1281 2063 ad
1300 2027 1405 2077 ipsos
1429 2027 1639 2078 religiosos
1668 2029 1904 2067 excitandos
1933 2033 1974 2068 et
2003 2030 2265 2070 instruendos

1228 2087 1427 2136 conferat,
1455 2101 1540 2127 non
1570 2090 1842 2140 praetermissa
1861 2091 2054 2129 exteriori
2078 2092 2263 2140 actione,

1227 2159 1320 2199 quae
1344 2149 1396 2187 ad
1414 2150 1654 2189 eorumdem
1678 2151 1906 2202 profectum
1923 2152 2119 2192 conferat.
2146 2153 2263 2194 Circa

1226 2211 1437 2260 proximos
1456 2223 1554 2251 vero
1578 2224 1651 2263 per
1667 2224 1709 2252 58
1731 2225 1815 2251 11011
1831 2217 2097 2264 occupantur,
2111 2226 2209 2253 nans
2227 2214 2263 2254 si

1226 2270 1383 2322 aliquid
1403 2274 1724 2313 concomitanter
1741 2273 1789 2312 fit
1806 2279 1847 2314 et
1874 2276 1991 2326 quasi
2010 2287 2085 2327 per
2108 2276 2263 2316 redun-

1227 2331 1427 2382 dantiam,
1448 2334 1490 2372 id
1509 2335 1719 2374 moraliter
1734 2347 1818 2374 non
1841 2336 2133 2376 consideratur.

1280 2395 1322 2434 3.
1352 2394 1595 2446 Applicatur
1630 2400 1668 2437 et
1702 2396 1889 2449 colleyiis.
1913 2409 1968 2428 -ι-
1990 2397 2049 2437 De
2081 2396 2261 2450 collegiis

1225 2465 1324 2494 vero
1339 2461 1475 2507 posset
1492 2456 1639 2508 aliquis
1659 2457 1861 2507 dubitare,
1883 2458 1979 2510 quia
1999 2458 2176 2499 multum
2195 2471 2262 2499 88-

1223 2516 1349 2555 tionis
1372 2518 1478 2557 circa
1497 2519 1704 2570 proximos
1731 2517 1886 2559 habere
1905 2520 2112 2567 videntur,
2132 2524 2179 2560 ut
2206 2519 2261 2561 ad

1225 2579 1378 2619 calcem
1406 2581 1671 2631 praecedentis
1690 2581 1835 2633 capitis
1853 2582 2076 2632 attigimus.
2111 2583 2171 2622 Re
2200 2587 2260 2623 ta-

1224 2651 1323 2679 men
1359 2652 1470 2689 vera,
1510 2642 1737 2693 principale
1772 2654 1916 2681 eorum
1951 2643 2184 2682 institutum
2213 2644 2258 2684 in

1224 2702 1572 2753 contemplatione
1591 2707 1791 2750 versatur,
1807 2703 1904 2754 quia
1923 2703 2058 2742 omnis
2076 2705 2259 2744 veritatis

1222 2763 1419 2812 cognitio,
1442 2767 1514 2802 aut
1537 2763 1775 2814 inquisitio,
1796 2775 1887 2814 quae
1905 2763 1958 2802 ad
1988 2764 2258 2804 illuminatio-

1222 2835 1320 2863 nem
1356 2824 1464 2863 circa
1497 2824 1713 2863 veritatem
1750 2824 1882 2875 ipsam
1908 2825 2147 2875 ordinatur,
2181 2827 2256 2866 sub

1223 2884 1571 2936 contemplatione
1590 2884 1974 2937 comprehenditur3
2005 2886 2094 2927 haec
2117 2892 2257 2929 autem

1223 2946 1397 2997 collegia
1415 2946 1468 2986 ad
1482 2946 1558 2986 hoc
1573 2947 1778 2999 praecipue
1796 2947 2055 2998 ordinantur,
2074 2953 2122 2988 ut
2137 2950 2257 2990 scho-

1222 3007 1328 3047 lares
1361 3009 1468 3047 circa
1500 3009 1683 3048 veritatis
1714 3009 1990 3060 cognitionem
2022 3011 2252 3063 proficiant.

1223 3068 1393 3118 Deinde,
1414 3073 1500 3109 esto
1516 3081 1644 3121 genus
1659 3069 1736 3109 hoc
1754 3071 2108 3123 contemplationis
2123 3072 2256 3112 diver-

1222 3141 1315 3169 sum
1344 3131 1396 3169 sit
1414 3129 1466 3169 ab
1500 3130 1582 3169 alia
1615 3131 1961 3183 contemplatione
1994 3144 2107 3173 mere
2137 3134 2256 3185 spiri-

1222 3191 1339 3239 tuali,
1371 3203 1461 3243 quae
1489 3203 1573 3230 non
1601 3191 1735 3232 solum
1762 3193 2020 3244 cognitione,
2040 3194 2112 3234 sed
2129 3195 2254 3234 etiam

1223 3253 1373 3292 aflectu
1394 3265 1491 3305 erga
1503 3254 1630 3294 Deum
1651 3260 1875 3304 exercetur,
1887 3259 2042 3305 tamen,
2054 3261 2255 3308 quantum

1223 3315 1275 3354 ad
1302 3327 1480 3366 praesens
1513 3315 1676 3364 attinet,
1711 3316 1895 3368 ejusdem
1919 3317 2088 3358 rationis
2112 3322 2192 3365 est,
2213 3321 2256 3358 et

1224 3376 1367 3416 eadem
1385 3377 1436 3416 de
1452 3389 1573 3416 causa
1591 3377 1694 3417 illud
1712 3390 1841 3429 genus
1854 3379 2104 3432 paupertatis
2118 3382 2255 3431 postu·

1223 3436 1323 3476 lat¹.
1345 3438 1449 3477 Nam
1478 3438 1524 3478 in
1543 3442 1718 3491 utroque
1739 3441 1918 3480 maxime
1944 3441 2169 3479 necessaria
2193 3443 2256 3480 est
2328 3446 2352 3482 ,ἱ

1223 3488 1350 3526 animi
1368 3490 1497 3539 quies,
1520 3495 1561 3529 et
1577 3493 1760 3549 carentia
1784 3492 2072 3532 sollicitudinis
2088 3497 2131 3533 et
2146 3505 2259 3535 ουτω

1278 3613 1289 3635 ¹
1318 3611 1422 3652 Vide
1441 3614 1625 3667 Hugon.,
1646 3614 1677 3654 l.
1697 3617 1722 3655 3
1743 3614 1977 3665 Didascali„
1997 3627 2032 3656 8.
2054 3617 2104 3656 15
2124 3619 2167 3656 81
2185 3627 2254 3658 58-
2328 3647 2352 3651 -

1227 3673 1463 3716 (1118111111115.
