2352 3880
93 225 200 265 ΗΒΕ

90 295 265 344 tionem,
290 293 447 335 nuttam
477 305 568 333 esse
605 294 953 334 renuntiationem
981 294 1118 345 famae,

91 361 135 397 ut
147 359 234 410 jam
250 371 291 396 n.
309 359 332 396 3
349 356 624 407 attigimus,et
638 356 887 396 servandum
901 368 994 396 esse
1009 357 1120 397 hunc

89 421 290 460 ordinem.

141 483 205 520 37.
230 481 411 520 Primum
429 480 683 522 corollarium
697 481 944 532 exproedicta
962 493 1120 536 respou-

87 542 494 582 sione.—Secundum
513 542 781 591 corollarium,
798 543 1020 584 Proezatum
1037 556 1120 584 ser-

87 615 180 643 vare
202 604 329 643 debere
349 604 522 643 ordinem
542 604 764 657 Evanyelii
784 615 868 643 oum
891 605 1118 644 denuntiato

86 669 238 705 secrete.
251 687 305 695 —
318 666 422 713 Qusd
433 666 470 705 si
489 666 746 706 denuntiatus
767 667 1123 718 fateatur.-Quid

85 726 124 766 si
143 730 267 777 ἤθρει.
281 727 480 777 —Atque
503 726 596 766 hinc
624 727 809 777 sequitur
830 728 958 766 multo
979 729 1117 766 minus

83 800 204 839 posse
222 788 312 828 fieri
338 789 446 828 hanc
477 789 834 828 denuntiationem
861 794 953 839 post
984 789 1117 828 moni·

83 850 240 889 tionem
260 856 475 896 secretam,
497 851 529 889 si
542 862 662 889 suum
685 850 876 888 effectum
894 853 1116 890 consecuta

84 914 166 960 est;
189 924 285 950 nam
321 912 540 951 emendato
573 911 698 949 fratre
729 916 862 950 cessat
899 911 992 950 finis
1026 912 1116 952 talis

83 973 421 1020 denuntiationis,
445 977 485 1012 et
508 972 704 1021 ideojam
725 984 808 1011 non
829 977 937 1013 esset
957 974 1117 1012 denun-

82 1035 218 1082 tiatio,
254 1035 326 1073 sed
358 1033 491 1086 gravis
529 1033 741 1072 detractio.
781 1035 975 1085 Sequitur
995 1036 1117 1075 etiam

82 1096 298 1135 Praelatuui
332 1095 373 1133 in
401 1094 638 1145 hujusmodi
668 1094 982 1136 denuntiatione
1011 1109 1116 1148 prae-

82 1158 164 1198 eise
186 1162 353 1209 propter
382 1157 493 1195 hunc
519 1155 643 1195 finem
666 1156 774 1196 facta
794 1159 926 1197 teneri
947 1159 999 1198 ad
1034 1172 1118 1199 ser-

82 1219 260 1259 vandum
281 1218 573 1270 Evangelicum
591 1218 778 1257 ordinem
797 1224 982 1258 ettotam
1001 1221 1116 1259 illum

80 1292 204 1332 quem
233 1281 409 1318 charitas
432 1279 711 1330 postulaverit.
740 1281 883 1331 Itaque
902 1282 1009 1321 facta
1045 1283 1117 1321 de-

80 1342 353 1389 nuntiatione,
372 1354 455 1379 non
476 1346 612 1392 potest
631 1342 682 1380 de
701 1342 866 1382 subdito
886 1344 1110 1394 inquirere,

81 1416 174 1444 cum
202 1416 286 1442 non
321 1403 480 1441 laboret
498 1403 690 1449 infamia;
715 1404 837 1443 debet
870 1417 969 1456 ergo
999 1405 1113 1444 illum

79 1466 133 1506 ad
159 1478 202 1504 se
234 1477 399 1512 vocare,
435 1470 476 1503 et
511 1476 605 1502 cum
643 1465 711 1503 illo
745 1465 796 1504 de
824 1467 1114 1507 emendatione

79 1539 217 1579 agere.
233 1526 349 1574 Quod
363 1525 395 1564 si
408 1531 680 1576 recognoscat
694 1526 905 1576 delictum,
920 1532 961 1567 et
976 1540 1115 1567 emen-

77 1589 288 1629 dationem
310 1600 358 1626 ac
379 1586 701 1626 satisfactionem
729 1589 892 1635 offerat,
927 1601 1012 1628 non
1045 1601 1115 1640 po-

77 1654 157 1691 test
178 1650 314 1701 puniri
336 1649 513 1700 publice,
539 1651 727 1700 quamvis
750 1652 925 1700 occulte,
947 1663 1115 1702 praeser-

78 1712 150 1753 tim
169 1712 277 1750 inter
296 1711 524 1762 regulares,
547 1712 676 1762 possit
699 1713 881 1763 aliquam
912 1719 1116 1752 secretam

78 1773 364 1826 poenitentiam
395 1774 626 1824 injungere,
652 1775 783 1824 magis
801 1775 842 1812 in
864 1775 1115 1814 medicinam

79 1835 425 1887 praeservativum,
448 1846 571 1885 quam
595 1835 639 1873 in
671 1836 920 1883 vindictam;
946 1837 979 1876 si
1016 1847 1115 1875 vero

79 1910 174 1936 reus
195 1897 244 1935 sit
275 1897 477 1947 pertinax,
517 1897 710 1947 negando
745 1898 961 1947 delictum,
1001 1898 1117 1937 adhi-

77 1957 204 2011 bendi
223 1962 317 1997 sunt
335 1970 440 1996 unus
463 1957 528 1996 vel
559 1958 642 1996 duo
661 1963 802 2007 testes,
829 1964 873 1998 ut
893 1960 1116 1999 convinca-

78 2023 158 2067 tur,
181 2019 213 2057 si
234 2019 428 2057 delictum
449 2031 532 2057 non
549 2019 599 2057 sit
616 2020 786 2058 omnino
804 2021 1025 2060 occultum.
1047 2021 1116 2060 At-

79 2092 161 2133 que
180 2081 213 2119 si
242 2081 508 2118 denuntiator
536 2085 760 2131 antequam
787 2093 875 2120 rem
910 2082 961 2120 ad
983 2083 1114 2134 Supe-

79 2143 230 2182 riorem
265 2141 458 2190 deferret,
488 2146 648 2180 servato
683 2142 933 2194 Evangelico
953 2143 1111 2194 ordine,

80 2216 209 2244 unum
228 2203 295 2242 vel
311 2203 415 2241 duos
434 2206 558 2241 testes
588 2202 789 2250 adhibuit,
826 2204 886 2242 illi
906 2204 1019 2255 prius
1040 2217 1113 2244 vom

78 2265 199 2306 candi
231 2269 341 2314 sunt,
363 2276 416 2303 ne
449 2263 619 2303 infamia
652 2264 824 2303 ulterius
844 2269 1029 2310 crescat;
1052 2266 1115 2305 sin

80 2331 218 2366 autem
253 2326 354 2364 illud
398 2325 477 2364 fuit
515 2326 836 2376 praetermissum
881 2327 1112 2376 (interdum

80 2389 206 2438 enim,
234 2393 278 2428 ut
314 2387 411 2427 satis
433 2391 594 2427 constat
614 2399 663 2427 ex
681 2399 771 2439 cap.
795 2389 835 2437 9,
865 2388 955 2428 fieri
983 2394 1116 2440 potest

80 2450 168 2490 sine
197 2451 350 2501 culpa),
392 2449 585 2488 Praelatus
624 2448 795 2488 arbitrio
817 2461 892 2489 suo
921 2450 1115 2501 prudenti

79 2512 228 2565 poterit
241 2512 346 2551 duos
364 2510 475 2550 viros
492 2522 640 2562 graves
659 2522 825 2559 vocare,
848 2515 889 2550 et
904 2511 1112 2552 subditum

80 2575 245 2626 gravius
274 2572 397 2612 etiam
418 2572 744 2623 reprehendere,
779 2583 819 2612 et
851 2573 973 2612 minis
992 2575 1115 2616 etiam

79 2639 250 2683 terrere,
273 2635 369 2686 quia
387 2634 440 2672 ad
460 2635 546 2672 haec
565 2635 701 2674 omnia
723 2633 847 2674 habet
862 2635 946 2686 jus,
965 2639 1006 2675 et
1021 2646 1114 2688 pro-

79 2701 170 2748 pter
190 2696 400 2747 spirituale
419 2696 577 2735 bonum
595 2696 663 2735 itia
679 2696 993 2749 qualiscumque
1014 2697 1115 2737 infa-

80 2758 164 2796 mia
185 2757 440 2797 admittenda
468 2759 542 2796 est.
565 2759 851 2797 Necessarium
876 2763 1016 2799 autem
1037 2765 1111 2809 est,

82 2819 327 2870 regulariter
343 2819 565 2870 loquendo,
585 2819 783 2859 delictum
800 2833 884 2859 non
901 2833 994 2861 esse
1007 2821 1112 2862 adeo

83 2882 302 2929 occuitum,
328 2886 369 2920 ut
393 2882 502 2920 solus
522 2882 787 2922 denuntiator
812 2883 916 2922 illud
934 2884 1112 2932 noverit,

82 2947 249 2994 propter
273 2943 503 2992 periculum
531 2944 761 2992 calumniae,
795 2944 905 2996 quod
927 2956 1019 2984 esse
1038 2956 1115 2995 po-

82 3006 174 3050 test,
197 3009 237 3042 et
256 3015 308 3041 ne
328 3005 433 3042 forte
451 3004 650 3043 innocens
670 3005 847 3055 amplius
864 3005 1109 3053 infametur;

82 3067 243 3116 oportet
259 3076 357 3115 ergo
373 3067 415 3102 ut
433 3072 680 3105 concurrant
698 3067 836 3116 aliqua
851 3067 1114 3108 vehementia

80 3125 234 3167 indicia
253 3126 305 3165 de
337 3125 487 3177 quibus
508 3131 618 3166 certe
647 3132 836 3168 constare
870 3130 1014 3180 possit,
1047 3129 1115 3169 vel

80 3176 192 3229 'certe
211 3191 257 3227 ut
279 3199 457 3239 persona
475 3187 755 3228 denuntiantis
780 3194 903 3230 tantae
929 3191 979 3230 sit
998 3190 1110 3240 fidei,

82 3249 328 3302 integritatis
347 3253 389 3289 et
417 3250 686 3297 auctoritatis,
708 3256 752 3290 ut
773 3251 898 3291 faciat
917 3263 1112 3303 magnam

83 3311 429 3363 probabilitatem.
462 3311 563 3351 Cum
583 3311 694 3351 enim
723 3311 766 3351 in
793 3312 871 3352 hoc
890 3324 1112 3364 progressu

84 3373 218 3413 solum
238 3373 503 3413 commodum
523 3373 675 3413 subditi
704 3378 927 3426 quaeratur,
947 3385 1031 3413 non
1051 3377 1113 3415 est

85 3433 246 3486 integra
268 3435 456 3487 probatio
475 3436 694 3487 exigenda,
719 3447 855 3488 neque
886 3436 1009 3475 etiam
1031 3436 1111 3476 im-

85 3495 197 3549 pedit
212 3497 324 3550 quod
337 3497 513 3550 ipsemet
527 3498 790 3544 denuntians,
810 3497 947 3550 quoad
967 3497 1113 3539 subeat

18 3605 21 3608 ⁴
85 3555 219 3599 vicem
249 3559 378 3608 testis,
415 3562 460 3600 ut
488 3563 657 3612 propter
677 3560 811 3599 solum
829 3560 1112 3599 testimonium

85 3616 179 3670 ojus
209 3621 337 3672 possit
365 3625 573 3662 secretum
602 3621 705 3662 illud
735 3619 969 3663 remedium
995 3621 1114 3663 adhi-

622 3791 643 3810 ἣ

1681 0 1716 12 κν
1777 0 1858 17 ’rut'
1997 2 2001 6 ⁴

1714 68 1736 82 ι”’
1757 56 1789 85 ’.Ῐ
1910 54 2029 87 '‘fist-'¹

1836 93 1841 101 ,
1863 96 1866 98 -
1890 88 1898 117 ’-
1923 95 1931 99 -
2021 103 2023 106 ,

378 227 455 264 Lm.
477 229 521 264 X.
542 228 597 264 m:
616 227 813 263 nmmum
833 227 1081 270 socnz‘rmts.
1102 229 1157 264 ΕΤ
1177 229 1496 271 CONSEQUENTER
1515 229 1570 264 m:
1589 221 1802 267 PRAELA‘HS
1819 232 1927 270 Esus.

1173 296 1277 343 beri,
1300 306 1351 335 ex
1381 306 1471 346 cap.
1498 295 1552 335 Iu
1571 295 1688 343 omni,
1718 295 1771 335 de
1788 297 1991 350 restibus,
2012 299 2197 346 dicente:
2299 279 2311 331 i

2210 266 2241 301 r'
2299 278 2307 300 ;’

1174 357 1220 396 In
1254 355 1364 396 omni
1384 356 1552 407 negotio
1581 356 1750 405 (scilicet
1781 369 1907 398 causa
1930 358 2204 404 denuntiatio-
2259 403 2261 406 .

1174 417 1255 466 nis,
1274 425 1319 456 ut
1345 417 1510 468 exponit
1527 417 1679 469 glossa)
1698 418 1935 470 principalis
1950 432 2126 472 persona
2143 423 2186 465 di

1174 491 1271 518 cens
1289 478 1503 519 veritatem
1523 479 1575 518 de
1594 491 1639 519 re
1659 479 1736 518 sibi
1755 484 1870 528 nota,
1888 481 2112 525 rectissime
2130 485 2202 526 ha-
2258 522 2260 527 .
2306 487 2307 490 ’

1173 539 1310 578 benda
1331 543 1392 578 est
1424 552 1498 591 pro
1530 543 1661 587 teste;
1684 541 1797 592 quod
1825 554 1876 580 ex
1895 542 2032 582 verbis
2056 545 2203 588 Christi
2262 534 2284 540 ¹*

1175 600 1338 640 Domini
1357 601 1509 652 optime
1527 602 1679 641 ibidem
1710 603 1926 654 colligitur.
2284 637 2285 641 ,

1227 663 1292 701 38.
1319 662 1423 709 Quid
1447 664 1638 714 ayendum
1659 665 1811 715 quando
1829 676 1921 704 reus
1942 664 2116 706 convinci
2140 676 2205 709 m·
2262 711 2263 714 ,
2301 675 2309 691 ‘

1172 724 1273 776 quit.
1288 724 1556 764 —Praeterea
1577 725 1815 775 contingere
1844 730 1979 775 potest
2001 730 2044 765 ut
2068 725 2206 768 subdi·
2274 758 2286 779 ,,,.

1171 789 1237 824 tus
1255 789 1347 835 post
1376 789 1504 824 totam
1542 786 1649 825 hanc
1679 787 1948 837 diligentiam,
1982 787 2074 837 quia
2109 799 2205 829 con·
2261 781 2307 791 ⁴*

1171 846 1278 885 vinci
1312 858 1394 884 non
1431 850 1580 897 potest,
1613 849 1802 898 pertinax
1827 848 1878 886 sit
1912 849 2131 899 negando,
2166 852 2207 890 et
2333 878 2337 886 ,

1172 911 1269 946 tunc
1292 911 1406 958 putat
1431 909 1543 955 Soto,
1568 908 1662 947 dict.
1689 909 1864 947 membr.
1887 911 1927 957 2,
1954 921 1993 959 q.
2017 911 2056 954 4,
2073 909 2204 951 concl.

1171 970 1210 1018 8,
1234 969 1333 1007 nihil
1357 983 1478 1021 posse
1507 971 1643 1010 facere
1664 972 1898 1018 praelatum,
1933 971 2006 1009 nisi
2035 981 2206 1012 monere
2287 1008 2297 1025 4,

1171 1031 1396 1080 subditum,
1430 1037 1471 1071 et
1509 1045 1626 1071 orare
1658 1045 1732 1084 pro
1768 1033 1850 1072 illo.
1891 1034 2044 1073 Sensus
2067 1037 2208 1073 autem
2271 1026 2301 1088 ³,

1173 1092 1262 1143 ejus
1283 1097 1439 1131 estnon
1462 1106 1581 1144 posse
1600 1094 1826 1145 procedere
1848 1095 2062 1133 praelatum
2079 1093 2132 1132 ad
2146 1094 2208 1133 in-

1173 1154 1421 1204 quirendum
1450 1155 1625 1206 amplius
1642 1155 1693 1194 de
1712 1156 1887 1203 subdito,
1911 1156 1979 1206 qui
1994 1168 2077 1194 non
2095 1154 2207 1194 labo-

1173 1220 1235 1254 rat
1257 1216 1439 1262 infamia,
1463 1228 1599 1266 neque
1623 1217 1747 1255 etiam
1767 1229 1888 1268 posse
1907 1217 2022 1255 illum
2043 1215 2206 1267 publice

1171 1278 1333 1329 punire.
1361 1279 1511 1317 Poterit
1534 1283 1674 1317 tamen
1710 1279 1770 1329 (ut
1803 1291 1891 1330 cap.
1912 1280 1975 1326 ⁴0,
2000 1291 2114 1317 num.
2138 1277 2205 1328 13,

1172 1339 1270 1390 dixi)
1285 1352 1358 1390 pro
1372 1340 1567 1389 qualitate
1590 1340 1827 1392 semiplenae
1844 1340 2096 1391 probationis
2112 1349 2207 1379 eum

1171 1414 1312 1441 severe
1323 1403 1644 1454 reprehendere,
1661 1408 1701 1442 et
1715 1404 2011 1442 correctionem
2023 1402 2207 1452 aliquam

1169 1469 1370 1504 secretam
1394 1466 1445 1503 ad
1467 1470 1665 1504 terrorem
1685 1470 1725 1505 et
1754 1466 2001 1504 medicinam
2028 1465 2067 1502 iu
2098 1464 2207 1504 futu-

1170 1539 1263 1566 rum
1283 1527 1494 1566 adhibere.
1522 1528 1658 1566 Potest
1693 1527 1817 1566 etiam
1841 1527 2116 1566 ministerium
2132 1537 2208 1565 au-

1170 1590 1292 1636 terre,
1313 1588 1424 1639 quod
1457 1589 1612 1639 pendet
1643 1600 1694 1628 ex
1720 1591 1930 1628 voluntate
1968 1588 2140 1636 Praelati,
2173 1586 2208 1626 si

1171 1650 1327 1701 absque
1343 1650 1535 1689 scandalo
1552 1654 1592 1688 et
1607 1650 1776 1688 infamia
1797 1649 1887 1689 fieri
1902 1650 2044 1700 possit,
2063 1653 2104 1687 et
2117 1648 2209 1687 fue-

1170 1713 1223 1752 rit
1250 1712 1530 1751 necessarium
1563 1710 1616 1751 ad
1646 1711 1849 1750 tollendas
1883 1710 1941 1749 illi
1970 1711 2208 1750 occasiones

1171 1773 1384 1826 peccandi,
1407 1785 1490 1812 non
1509 1778 1652 1811 tamen
1674 1773 1715 1811 in
1735 1773 1959 1811 vindletam
1977 1770 2206 1822 com1nissi3

1173 1840 1214 1875 et
1241 1836 1350 1874 idem
1372 1838 1434 1873 est
1453 1835 1505 1874 de
1525 1835 1755 1874 mutatione
1791 1834 1886 1883 loci,
1924 1840 1963 1874 et
1989 1833 2205 1873 similibus.

1173 1897 1417 1948 Contingere
1439 1897 1608 1935 ulterius
1627 1900 1763 1947 potest
1782 1900 1826 1934 ut
1845 1895 2034 1935 subditus
2052 1893 2208 1945 duplici

1172 1959 1406 1997 testimonio
1429 1958 1680 1996 sufficienter
1697 1958 1979 2005 convincatur,
2000 1962 2041 1995 et
2061 1956 2207 1996 nibilo-

1169 2020 1405 2070 minusipse
1417 2019 1466 2057 sit.
1488 2019 1675 2069 pertinax
1689 2018 1899 2068 negando,
1913 2018 1978 2056 vel
1993 2022 2101 2057 certe
2112 2018 2208 2058 licet

1170 2085 1441 2131 recognoscat
1469 2080 1683 2127 delictum,
1709 2080 1809 2118 iliud
1829 2079 2043 2132 defendat,
2074 2083 2116 2118 et
2145 2090 2208 2118 sa·

1171 2143 1443 2182 tisfactionem
1455 2146 1524 2182 aut
1537 2140 1869 2181 emendationem
1886 2153 1968 2179 non
1979 2140 2207 2192 promittat,

1172 2217 1309 2255 neque
1341 2204 1448 2242 illius
1469 2213 1586 2253 spem
1605 2202 1804 2254 praebeat,
1835 2203 1909 2242 sed
1930 2203 2064 2254 potius
2084 2201 2208 2242 indu-

1172 2264 1357 2314 rationis,
1380 2266 1412 2304 si
1436 2266 1622 2316 asperius
1643 2276 1736 2304 eum
1757 2264 1828 2304 itlo
1858 2269 2016 2316 agatur.
2041 2266 2089 2304 Et
2109 2268 2207 2304 tuno

1173 2329 1374 2368 dissensio
1394 2332 1456 2366 est
1476 2328 1582 2366 inter
1603 2328 1813 2374 Doctores,
1834 2326 2043 2378 quomodo
2066 2339 2109 2366 se
2136 2326 2205 2367 de-

1171 2391 1268 2430 beat
1285 2401 1428 2442 gerere
1451 2389 1657 2428 Praelatus.
1694 2390 2022 2436 Panormstanus,
2049 2389 2089 2427 in
2112 2400 2204 2441 cap.

1170 2452 1312 2499 Novit,
1336 2451 1388 2491 de
1413 2451 1597 2498 Judiciis,
1629 2460 1743 2490 num.
1762 2451 1829 2498 46,
1852 2451 1950 2490 dicit
1969 2461 2089 2501 posse
2106 2453 2206 2490 tuno

1172 2514 1390 2554 Praelatum
1416 2513 1790 2561 excommunicare,
1814 2512 1878 2551 vel
1909 2512 1999 2551 aliis
2020 2511 2206 2552 censuris

1171 2575 1300 2628 ligare
1338 2575 1562 2623 subditum,
1587 2578 1627 2614 et
1657 2573 1859 2630 beneficio
1888 2573 2051 2624 privare
2062 2582 2074 2622 3
2108 2572 2203 2624 quia

1170 2641 1306 2689 potest
1326 2637 1441 2676 illum
1461 2639 1638 2676 tractare
1660 2638 1763 2675 sicut
1783 2636 1994 2675 ethnicum
2012 2639 2054 2673 et
2072 2632 2204 2684 publi-

1171 2711 1336 2748 canum,
1361 2700 1479 2749 juxta
1515 2698 1799 2749 Evangelium,
1824 2701 1863 2736 et
1898 2706 2010 2736 num.
2036 2697 2087 2735 53
2107 2694 2206 2735 dicit

1171 2773 1292 2813 posse
1319 2762 1442 2799 etiam
1464 2759 1555 2811 cogi
1582 2760 1636 2798 ad
1664 2769 1754 2798 rem
1783 2756 2102 2804 restituendam,
2137 2754 2205 2796 vel

1171 2823 1416 2863 solvendum
1438 2821 1640 2869 debitum,
1659 2821 1692 2859 si
1709 2819 1762 2858 de
1782 2831 1831 2858 eo
1848 2820 2140 2870 convincatur3
2164 2821 2204 2859 et

1170 2884 1211 2923 in
1230 2885 1309 2924 hoc
1328 2882 1472 2923 ultimo
1508 2893 1653 2921 omnes
1678 2880 1871 2920 videntur
1899 2881 2138 2929 convenire,
2171 2881 2205 2920 si

1169 2945 1356 2999 probatio
1381 2948 1443 2983 est
1463 2943 1688 2992 sufficiens,
1708 2947 1748 2982 et
1768 2942 1955 2995 subditus
1976 2943 2130 2981 nnllam
2147 2941 2204 2981 af-

1169 3008 1250 3047 fert
1269 3006 1542 3046 sufficientem
1577 3005 1897 3045 excusationem.
1935 3004 2032 3045 Soto
2062 3002 2200 3051 etiam,

1171 3069 1268 3109 dict.
1289 3068 1472 3108 conclus.
1495 3068 1535 3116 8,
1558 3066 1720 3106 videtur
1740 3066 1919 3117 priorem
1949 3070 2108 3116 partem
2133 3062 2201 3104 ad-

1169 3130 1359 3177 mittere,
1391 3129 1492 3169 dam
1518 3128 1574 3168 ait
1602 3127 1645 3167 in
1676 3126 1989 3167 denuntiatione
2020 3126 2200 3165 fraterna

1169 3192 1308 3233 omnia
1340 3188 1628 3243 esse'agenda
1665 3193 1835 3240 propter
1869 3187 2200 3228 emendationem
2223 3195 2239 3210 ·

1167 3252 1323 3300 frat1·is;
1347 3252 1389 3292 in
1408 3252 1592 3303 judiciali
1613 3255 1754 3290 autem
1774 3252 1918 3290 contra
1945 3246 2201 3301 pertinacem

1167 3315 1479 3366 procedendum
1499 3324 1591 3352 esse
1612 3312 1677 3351 via
1690 3311 1811 3363 juris,
1839 3312 1958 3352 eciam
1988 3310 2043 3352 ad
2070 3310 2201 3351 inem*-

1167 3378 1401 3418 ceratiouem-
1433 3379 1470 3417 et
1498 3378 1713 3416 torturam.
1742 3372 1844 3413 Aliis
1875 3375 2016 3412 autem
2040 3370 2200 3413 videtur
2262 3365 2271 3375 ”

1166 3441 1265 3478 tuuc
1283 3450 1368 3477 non
1389 3448 1510 3490 posse
1527 3436 1744 3476 Praelatum
1763 3434 1934 3474 ulterius
1949 3430 2171 3485 procedere
2178 3437 2195 3482 3

1167 3499 1266 3551 quia
1285 3511 1381 3540 cum
1404 3499 1598 3540 delictum
1617 3498 1672 3538 sit
1690 3496 1850 3538 occultu
1859 3507 1913 3543 m,
1930 3494 2026 3534 ticet
2049 3489 2195 3545 proba-

1166 3561 1264 3609 bile,
1285 3572 1370 3601 non
1393 3558 1523 3601 debet
1540 3558 1707 3612 publice
1734 3557 1887 3610 puniri,
1905 3554 2003 3607 quia
2034 3549 2194 3593 nullum

1167 3621 1381 3675 generavit
1395 3620 1653 3671 scandatum,
1665 3621 1708 3660 et
1721 3619 1816 3659 ideo
1828 3627 1916 3658 non
1925 3611 2110 3668 postulat
2118 3622 2196 3666 pu-
