2352 3880
442 3 474 51 ι.
524 34 530 38 .
567 29 576 37 .

336 148 352 173 δ

117 270 228 311 recte
245 266 475 307 consentire
487 278 583 308 cum
599 266 678 317 his,
692 276 787 318 qum
803 264 856 306 de
872 264 1035 306 ratione
1049 275 1151 317 pau-

113 329 289 385 pertatis
302 329 349 370 in
378 329 602 378 communi,
625 340 751 381 quam
778 327 960 369 Societas
977 325 1147 380 profite-

113 396 200 438 our,
220 403 347 445 supra
362 391 553 435 diximus.
574 391 671 432 Ideo
684 390 796 432 enim
810 389 995 442 professa
1013 390 1149 432 Socie-

111 459 179 496 tas
210 466 299 495 non
331 454 513 495 admittit
543 454 654 494 bona
683 452 916 495 immobilia
947 452 1074 493 etiam
1104 451 1151 492 in

115 516 341 567 communi,
362 517 461 569 quia
478 527 623 556 eorum
639 514 943 559 administratio
957 514 1149 559 sollicitu-

112 578 257 620 dinem
273 582 315 619 et
329 578 636 619 distractionem
652 576 787 618 affert.
810 577 892 618 Sed
909 589 996 618 non
1010 577 1146 618 mino-

116 639 208 669 rem
234 627 547 669 sollicitudinem
565 627 684 668 affert
701 627 987 670 administrare
1011 630 1146 671 aliena

117 687 239 739 bona,
256 700 380 741 quam
399 688 575 741 propria,
595 689 680 731 imo
696 690 997 742 quodammodo
1016 693 1146 744 maio.-

115 762 203 792 tem
209 761 224 801 3
243 753 357 790 tutor
373 750 483 791 enim
496 780 509 799 ,
527 751 562 791 si
580 751 871 793 convenienter
888 753 1144 795 administret

114 811 222 853 bona
240 812 408 864 pupilli,
430 824 514 852 non
548 813 686 853 minus
704 813 900 854 sollicitus
931 816 1039 857 circa
1072 816 1144 856 1113

114 885 199 915 0550
223 874 345 915 debet
363 886 487 926 quam
523 874 558 915 si
587 879 721 915 essent
749 876 935 928 propria,
957 878 1143 929 quamvis

113 948 212 988 ergo
229 936 316 977 haec
340 937 641 977 administratio
663 950 748 978 non
765 938 818 978 sit
835 943 977 979 contra
991 940 1142 980 dictam

111 1002 409 1051 paupertatem,
423 999 586 1040 videtur
602 1002 742 1039 tamen
758 1011 843 1040 esse
855 1005 997 1040 contra
1014 1000 1142 1040 finem

111 1061 384 1114 paupertatis,
418 1065 459 1102 et
491 1061 583 1102 ideo
615 1061 854 1114 perfectioni
889 1063 1140 1114 paupertatis

110 1124 303 1177 professas
335 1133 579 1176 repugnare.
608 1123 891 1175 Respondetur
919 1124 1136 1176 imprimis,

109 1186 146 1227 si
174 1186 319 1227 domus
338 1186 522 1241 professae
541 1185 740 1225 haberent
757 1185 865 1226 hona
891 1186 1136 1237 immobilia,

109 1250 199 1291 fore
215 1255 262 1289 ut
283 1250 327 1289 in
353 1248 410 1289 eis
426 1248 759 1288 administrandis
780 1249 1005 1288 necessario
1023 1262 1139 1289 occu-

108 1316 305 1365 parentur
323 1322 374 1351 ex
402 1310 547 1350 iisdem
566 1310 753 1362 professis
782 1310 935 1350 ibidem
955 1323 1138 1351 commo-

106 1373 308 1423 rantibus,
338 1385 385 1413 30
406 1372 571 1424 propria
589 1372 816 1413 ministeria
835 1374 1135 1423 exercentibus,

106 1436 240 1487 sicque
259 1433 375 1474 fieret
387 1438 432 1474 ut
447 1434 571 1474 simul
585 1439 777 1474 vacarent
796 1436 1073 1487 spiritualibus
1088 1449 1137 1477 ac

106 1496 419 1549 temporalibus,
453 1496 563 1550 quod
600 1508 683 1536 non
716 1502 850 1549 posset
879 1510 964 1537 non
995 1511 1137 1540 eorum

106 1560 449 1601 existimationem
480 1562 522 1598 et
539 1559 826 1599 auctoritatem
848 1559 1065 1610 minuere;
1094 1564 1138 1600 at

106 1623 151 1663 in
171 1622 351 1673 collegiis
369 1623 654 1661 Procuratores
667 1621 799 1661 solum
815 1627 964 1662 vacant
976 1627 1138 1675 tempo-

107 1685 274 1726 ralibus.
295 1684 478 1724 Secundo
504 1684 773 1735 respondetur
799 1683 955 1723 dictum
970 1685 1059 1736 J'am
1076 1697 1136 1726 es-

106 1759 165 1796 se,
185 1759 269 1786 non
293 1758 376 1786 esse
406 1745 596 1798 possibile
616 1757 781 1785 omnem
808 1758 947 1786 curam
966 1751 1007 1787 et
1026 1747 1138 1787 solli-

106 1809 330 1849 citudinem
362 1807 649 1859 temporalium
682 1807 885 1848 honorum
918 1808 1064 1859 vitare,
1096 1814 1139 1850 et

105 1870 197 1910 ideo
215 1871 260 1909 in
286 1870 364 1909 hoc
391 1881 540 1921 genere
559 1869 674 1908 illam
694 1869 936 1920 religionem
962 1882 1048 1910 esse
1067 1884 1137 1924 op-

104 1932 204 1972 time
226 1933 455 1972 institutam
472 1961 482 1979 ,
504 1943 609 1983 quae,
629 1932 882 1972 considerato
900 1945 973 1972 suo
991 1933 1073 1973 fine
1096 1938 1138 1975 et

105 1994 226 2035 modo
243 1993 407 2034 vivendi
434 1993 486 2033 ad
508 1993 626 2033 illum
645 1994 885 2042 necessario,
914 1995 1045 2035 utitur
1063 1995 1137 2035 bo-

103 2057 168 2097 nis
185 2056 492 2108 temporalibus,
514 2060 716 2108 quatenus
741 2057 959 2097 minimam
987 2058 1137 2097 sollici-

103 2119 291 2159 tudinem
304 2118 490 2165 afferant,
510 2118 740 2169 possibilem
758 2118 909 2157 scilicet
926 2119 1135 2159 moraliter

105 2180 150 2220 in
166 2180 236 2219 illo
255 2184 378 2229 statu,
396 2192 480 2219 non
499 2180 759 2231 impediendo
779 2179 814 2218 a}
822 2181 875 2228 ia,
897 2193 988 2232 quae
1007 2181 1135 2232 majo-

106 2242 162 2281 ris
194 2242 393 2282 momenti
420 2246 527 2281 sunt.
553 2242 727 2281 Societas
759 2245 896 2281 autem
931 2242 983 2282 ad
1008 2242 1134 2282 finem

107 2314 227 2342 suum
245 2303 399 2354 indiget
420 2303 496 2343 1130
516 2304 709 2342 varietate
729 2303 1023 2351 membrorum,
1039 2316 1134 2343 cum

109 2364 244 2403 debita
269 2365 556 2405 constitutione
577 2377 718 2404 eorum
738 2366 783 2404 in
807 2365 962 2417 50111515,
981 2370 1022 2405 01
1041 2366 1136 2405 51111-

107 2426 360 2466 ordinatione
390 2438 532 2465 eorum
560 2427 667 2466 inter
699 2439 754 2467 se.
794 2427 854 2466 Ad
889 2427 967 2466 hoc
997 2432 1135 2468 autem

106 2500 357 2540 consequens
375 2489 599 2534 necessario
624 2488 722 2538 fuit,
745 2492 792 2527 ut
820 2488 958 2540 aliqua
978 2502 1075 2529 cura
1095 2497 1136 2529 et

104 2549 333 2591 sollicitudo
353 2550 624 2600 Collegiorum
652 2550 695 2588 in
716 2550 958 2590 Societatem
974 2551 1133 2602 profes-

103 2623 191 2653 sam
210 2611 471 2660 redundaret,
502 2616 542 2651 et
574 2611 665 2651 ideo
693 2613 813 2651 vitari
844 2625 929 2652 non
964 2613 1133 2662 debuit3

101 2674 182 2715 alia
201 2685 298 2713 vero
323 2673 566 2721 sollicitudo,
590 2686 681 2725 quoe
708 2674 752 2713 in
771 2674 962 2714 domibus
983 2675 1134 2726 profes·

102 2737 156 2776 sis
176 2736 326 2784 fuisset,
354 2735 386 2774 si
405 2735 602 2774 haberent
621 2736 785 2787 propria
804 2735 926 2783 110113,
945 2737 1032 2776 sine
1048 2738 1132 2777 ullo

102 2797 377 2845 incommodo,
395 2796 495 2845 11110,
509 2802 666 2837 servata
680 2797 840 2837 meliori
854 2799 1128 2850 proportione,

97 2860 219 2900 vitari
236 2860 382 2912 potuit,
403 2867 445 2899 et
470 2859 561 2899 ideo
593 2873 675 2901 non
701 2860 748 2900 fit
777 2864 886 2900 recte
910 2873 1133 2913 argumen-

96 2924 184 2962 tum
211 2922 264 2962 ab
297 2934 380 2963 una
401 2921 453 2961 ad
481 2922 630 2973 aliam3
663 2923 844 2962 maxime
862 2924 972 2975 quod
1000 2925 1131 2976 magis

96 2983 313 3036 111111οἀ1101
331 2983 482 3036 duplex
508 2984 825 3034 administratio,
847 2997 973 3036 quam
1001 2986 1130 3026 altera

97 3049 272 3086 tantum.
285 3046 436 3087 Deinde
449 3046 599 3086 dicitur
612 3046 1009 3087 administrationem
1021 3047 1129 3088 hanc

99 3116 184 3147 non
214 3119 298 3147 esse
329 3111 453 3147 tantae
490 3108 788 3157 sollicitudinis,
819 3112 866 3148 ut
885 3110 1128 3150 Societatem

101 3167 323 3219 professam
342 3169 554 3221 impedire,
575 3175 646 3210 aut
666 3183 690 3211 a
709 3172 791 3210 suis
811 3171 1047 3212 ministeriis
1066 3184 1130 3213 10·-

101 3229 262 3268 trahere
279 3231 401 3280 possit
416 3241 429 3281 ;
449 3243 545 3271 nam
563 3244 636 3283 per
654 3233 843 3273 Rectores
864 3233 1032 3274 idoneos
1050 3233 1128 3274 col-

100 3289 210 3341 legia
240 3290 389 3330 debent
410 3291 700 3343 administrari,
730 3294 879 3346 quibus
913 3299 999 3337 tota
1032 3308 1130 3336 cura

101 3350 287 3403 proxime
318 3351 630 3394 administrandi
652 3367 715 3395 res
741 3355 988 3408 temporales
1008 3356 1130 3396 colle-

101 3413 263 3463 giorum
288 3412 574 3453 demandanda
595 3419 680 3466 est,
712 3419 829 3469 cujus
859 3418 936 3470 ipsi
955 3417 1131 3458 debeant

100 3472 304 3522 Generali,
337 3474 402 3514 vel
438 3475 505 3514 0111
537 3475 623 3526 11150
653 3477 894 3528 injunxerit,
926 3479 1129 3520 rationem

101 3535 284 3583 reddere,
303 3539 349 3575 ut
368 3536 412 3575 in
441 3536 584 3576 eodem
603 3537 691 3577 loco
704 3539 1050 3580 constitutionum
1069 3540 1132 3581 di-

101 3596 230 3644 citur;
250 3596 328 3637 hoo
341 3601 479 3638 autem
494 3598 582 3638 sine
598 3610 749 3650 magna
762 3599 1050 3650 sollicitudine,
1064 3601 1131 3643 vel

383 199 483 239 CAP.
501 199 569 241 XI.
587 199 647 238 mi
664 197 954 241 numum
970 197 1021 236 IN
1038 197 1242 239 connum
1257 199 1580 242 mansionum
1599 199 1876 248 sommis,
1893 198 1991 240 ETC.

2171 202 2242 242 759

1204 265 1470 309 distractione
1480 266 1575 307 fieri
1590 270 1740 321 potest.
1755 266 1942 320 Denique
1954 277 2050 307 cum
2065 265 2156 307 haec
2173 262 2247 308 ad-

1202 328 1452 369 ministratio
1480 327 1597 369 nullo
1627 327 1752 371 modo
1788 331 2053 371 convertatur
2076 329 2124 369 in
2140 341 2244 383 pro-

1202 389 1343 442 prium
1360 401 1409 428 ac
1423 388 1635 441 privatum
1653 389 1935 442 commodum,
1956 389 2027 432 sed
2046 403 2096 432 ex
2114 387 2247 434 chari-

1203 455 1290 492 tate
1313 451 1388 491 fiat
1411 453 1583 503 propter
1603 450 1764 491 bonum
1777 456 2063 504 commune,et
2073 455 2246 509 propter

1202 512 1332 554 finem
1349 511 1628 564 perfectionis,
1650 511 1686 552 si
1702 512 1910 564 religiose,
1930 516 1979 554 ut
1996 515 2134 565 debet,
2155 526 2245 555 sus-

1202 575 1393 627 cipiatur,
1430 573 1727 636 norrmultum
1752 573 1952 627 impediet
1982 576 2109 618 etiam
2134 573 2244 628 illos,

1197 639 1273 681 per
1291 639 1393 680 quos
1419 639 1606 681 proxime
1621 634 1848 670 exercetur.

1250 689 1292 730 9.
1328 689 1467 732 ,Tertia
1499 689 1682 740 assertio,
1712 690 1921 745 emptio-ans
1948 695 2158 737 secundum
2190 697 2237 739 in

1197 761 1272 806 quo
1291 752 1422 794 eadem
1439 755 1660 805 paupertas
1678 752 1876 795 consistit.
1898 773 1951 783 —
1967 753 2170 806 Primum,
2191 758 2237 800 in

1195 824 1271 866 quo
1303 813 1470 854 assertio
1505 812 1755 863 verificatur.
1775 834 1829 843 -
1847 813 1985 854 Tertio
2013 814 2235 858 dicendum
2291 848 2295 858 .

1196 880 1259 917 051
1279 876 1451 928 collegia
1467 877 1679 917 Societatis
1698 876 1855 929 privari
1877 876 2084 931 aliquibus
2102 880 2234 920 modis

1196 937 1433 990 acquirendi
1471 938 1719 990 temporales
1751 938 1936 979 redditus
1951 970 1964 989 ,
1997 940 2063 980 vel
2094 939 2231 991 lucra,

1195 1000 1302 1054 quod
1324 1000 1448 1040 etiam
1468 1000 1520 1040 ad
1548 1001 1770 1053 quemdam
1791 1001 1962 1041 modum
1980 1003 2234 1056 paupertatis

1195 1065 1362 1114 spectat.
1383 1063 1557 1102 Possunt
1575 1067 1715 1102 autem
1735 1063 1823 1102 haec
1843 1063 1894 1103 ad
1914 1064 1995 1103 duo
2016 1064 2150 1116 capita
2170 1076 2234 1104 re-

1193 1123 1346 1173 vocari,
1373 1123 1417 1162 in
1435 1123 1585 1176 quibus
1606 1136 1699 1164 cum
1720 1125 1911 1164 domibus
1931 1125 2120 1177 professis
2139 1137 2232 1166 con-

1192 1187 1379 1227 veniunt.
1397 1187 1581 1227 Primum
1597 1191 1672 1235 est,
1684 1188 1793 1240 quod
1812 1188 2022 1240 incapacia
2039 1188 2234 1228 5111111131-

1191 1248 1390 1298 reditatis,
1410 1249 1555 1288 saltem
1583 1249 1718 1300 quoad
1732 1249 1830 1297 hoc,
1852 1255 1898 1289 ut
1914 1250 2004 1302 ipso
2022 1251 2117 1302 jure
2137 1262 2232 1290 suc-

1192 1310 1337 1351 cedant
1355 1310 1555 1361 religiosis
1579 1310 1624 1349 in
1644 1312 1702 1351 eis
1721 1311 2025 1362 profitentibus,
2045 1325 2118 1352 seu
2135 1316 2231 1353 vota

1193 1372 1406 1412 Societatis
1424 1372 1723 1421 emittentibus,
1747 1377 1870 1425 prout
1884 1374 1976 1413 aliae
1994 1374 2228 1425 religiones,

1192 1445 1284 1486 quae
1309 1433 1419 1474 bona
1437 1433 1591 1474 habent
1609 1434 1653 1474 in
1673 1435 1900 1483 communi,
1922 1436 2141 1476 succedere
2168 1449 2233 1476 so-

1191 1496 1292 1546 lent,
1314 1500 1361 1536 ut
1386 1497 1543 1536 dictum
1563 1500 1637 1536 est.
1660 1497 1746 1537 Hoc
1778 1501 1935 1536 constat
1964 1510 2014 1537 ex
2046 1499 2232 1552 superius

1191 1557 1311 1597 dictis
1324 1559 1367 1597 in
1379 1571 1414 1598 0.
1427 1561 1467 1602 5,
1481 1558 1532 1598 110
1547 1558 1668 1598 1110110
1688 1571 1768 1610 quo
1789 1559 1934 1598 novitii
1949 1559 2014 1599 vel
2026 1560 2231 1601 scholares

1190 1625 1360 1675 possunt
1378 1622 1501 1671 bona,
1520 1634 1611 1674 quae
1630 1623 1743 1673 prius
1763 1621 1986 1672 habebant,
2013 1622 2232 1665 distribue-

1189 1694 1250 1732 re,
1270 1687 1377 1724 etex
1401 1684 1518 1723 Bulla
1549 1683 1735 1735 Gregorii
1762 1685 1851 1724 XlII
1878 1683 2119 1726 Ascendante
2153 1687 2235 1738 Do-⁴

1191 1747 1315 1797 mino,
1336 1747 1406 1786 ubi
1425 1746 1549 1787 etiam
1578 1747 1683 1786 ratio
1714 1746 1840 1798 hujus
1866 1747 2135 1787 institutionis
2161 1744 2235 1790 de-'

1191 1808 1344 1848 clarata
1366 1813 1449 1856 est;
1472 1809 1681 1861 praecipue
1702 1810 1814 1848 enim
1847 1808 1971 1850 fuisse
1989 1810 2166 1858 videtur,
2185 1814 2234 1851 ut

1191 1871 1235 1910 in
1263 1871 1504 1921 recipiendis
1523 1870 1723 1921 religiosis
1755 1871 1807 1909 ad
1837 1871 2083 1910 Societatem
2116 1871 2234 1912 nulla

1191 1931 1429 1971 divitiarum
1449 1932 1570 1980 ratio,
1589 1931 1658 1970 sed
1677 1931 1920 1983 aptitudinis
1938 1935 1979 1970 et
1999 1931 2234 1983 capacitatis

1188 2006 1370 2046 personae
1388 1994 1442 2033 ad
1459 1993 1586 2034 finem
1606 1997 1647 2033 et
1667 1993 1896 2033 ministeria
1916 1993 2129 2033 Societatis
2152 1993 2231 2034 ha-

1189 2055 1368 2096 beretur.
1398 2057 1526 2105 Item,
1561 2059 1609 2096 ut
1638 2056 1923 2107 proximorum
1959 2055 2236 2106 perturbatio,'

1188 2120 1323 2170 quoad
1353 2118 1442 2158 fieri
1469 2122 1620 2171 posset,
1643 2117 1883 2168 tolleretur,
1906 2129 1952 2157 30
1979 2116 2158 2168 denique
2177 2129 2233 2158 ne

1188 2179 1335 2231 religio
1354 2181 1491 2220 minus
1520 2180 1651 2219 libera
1670 2179 1911 2222 redderetur
1930 2188 2116 2230 respectu
2135 2180 2234 2225 reli-'

1188 2242 1307 2293 giosi,
1326 2242 1360 2281 si
1380 2254 1482 2294 opus
1497 2245 1602 2282 esset
1617 2241 1817 2293 puniendi
1833 2244 1905 2280 aut
1922 2240 2172 2282 dimittendi.

1243 2304 1308 2344 10.
1346 2303 1587 2352 Secundum,
1622 2304 1667 2344 in
1696 2314 1772 2355 quo
1789 2303 2026 2353 verificatur
2043 2304 2232 2354 multis&

1188 2364 1308 2406 riam.
1327 2367 1448 2406 —In
1477 2366 1548 2406 hoo
1582 2366 1748 2406 secundo
1781 2365 1964 2405 nonnihil
2002 2366 2230 2418 discrepant

1189 2428 1354 2479 collegia
1373 2440 1398 2469 a
1418 2428 1596 2469 domibus
1611 2428 1818 2479 professis.
1836 2448 1890 2458 --
1906 2428 2143 2468 Secundum
2162 2442 2230 2469 ca-

1188 2493 1265 2541 put
1286 2494 1359 2538 est,
1382 2490 1490 2541 quod
1511 2489 1682 2538 intuitu,
1705 2489 1769 2529 vel
1788 2489 2019 2538 occasione,
2045 2502 2117 2529 seu
2135 2503 2229 2543 spe—

1190 2551 1282 2591 ciali
1301 2551 1549 2603 obligatione
1568 2550 1621 2590 ad
1646 2551 1875 2602 spiritualia
1895 2563 2020 2604 opera
2045 2553 2228 2595 redditus

1188 2618 1259 2653 aut
1285 2613 1566 2665 eleemosynas
1585 2625 1669 2652 non
1690 2613 1922 2653 admittant.
1945 2614 2034 2653 Huc
2055 2619 2224 2667 spectat,

1187 2675 1299 2727 1111011
1326 2687 1402 2715 nec
1422 2687 1562 2714 curam
1586 2675 1834 2723 animarum,
1856 2686 1931 2714 nec
1952 2674 2227 2726 obligationes

1188 2738 1238 2778 ad
1259 2738 1399 2777 missas
1429 2737 1707 2783 celebrandas,
1734 2748 1868 2788 neque
1888 2736 1969 2776 alia
1987 2736 2227 2788 hujusmodi

1186 2799 1401 2839 admittere
1433 2802 1628 2851 possunt,
1656 2801 1704 2837 ut
1738 2797 1888 2837 dicitur
1926 2803 2072 2850 quarta
2107 2803 2226 2852 parte

1186 2861 1548 2909 constitutionum,
1572 2871 1660 2911 cap.
1683 2860 1724 2907 2,
1745 2858 1831 2911 §Aa
1857 2863 1898 2900 et
1916 2861 2021 2900 ratio
2040 2860 2222 2913 additur,

1185 2923 1283 2976 quia
1301 2922 1387 2962 haec
1406 2935 1430 2962 a
1447 2922 1591 2962 studiis
1610 2921 1835 2961 distrahere
1855 2922 2094 2972 admodum,
2107 2928 2148 2963 et
2157 2937 2221 2973 ea,

1186 2997 1278 3037 quae
1302 2985 1347 3024 in
1366 2984 1445 3023 illis
1474 2983 1526 3024 ad
1559 2983 1748 3023 divinum
1765 2982 2008 3035 obsequium
2030 2997 2222 3036 (1111011111-

1182 3050 1265 3096 tur,
1286 3045 1483 3098 impedire
1501 3044 1648 3085 solent.
1679 3045 1854 3085 Additur
1872 3049 2012 3085 tamen
2030 3046 2074 3085 in
2092 3046 2222 3089 decla-

1182 3109 1355 3157 ratione,
1377 3108 1439 3147 lit.
1461 3109 1508 3157 B,
1533 3107 1727 3147 limitatio
1748 3107 1798 3146 de
1829 3107 1989 3158 exiguis
2006 3107 2221 3159 obligatio-

1182 3171 1319 3220 nibus,
1342 3181 1433 3222 quae
1453 3182 1528 3210 nec
1558 3181 1701 3209 curam
1719 3169 1954 3210 animarum
1981 3174 2148 3222 petunt,
2181 3173 2222 3210 et

1179 3233 1451 3286 perexiguam
1471 3231 1792 3280 distractionem,
1817 3231 1883 3270 vel
1911 3232 2218 3283 occupationem

1183 3294 1383 3342 afferunt;
1400 3305 1499 3333 nam
1515 3293 1605 3333 haec
1618 3293 1664 3333 in
1678 3293 1859 3344 collegiis
1874 3293 2020 3345 suscipi
2037 3295 2217 3344 possunt,

1183 3356 1372 3409 quamvis
1402 3355 1449 3396 iu
1466 3355 1656 3395 domibus
1689 3353 1879 3407 professis
1914 3366 1997 3393 non
2030 3353 2184 3403 possint
2204 3382 2221 3402 ,

1184 3419 1282 3471 quia
1309 3418 1390 3457 illae
1410 3430 1495 3457 non
1524 3421 1621 3457 sunt
1648 3428 1817 3469 capaces
1835 3415 2092 3460 reddituum,
2115 3413 2227 3466 sicut,

1184 3484 1282 3520 sunt
1311 3479 1498 3531 collegia,
1517 3491 1610 3532 quae
1628 3478 1800 3530 proinde
1830 3476 1910 3515 alia
1938 3485 2062 3512 onera
2083 3473 2220 3515 lectio-

1184 3553 1290 3582 num
1308 3542 1512 3594 suscipere
1530 3544 1700 3594 possunt
1711 3554 1723 3588 ;
1745 3542 1786 3579 et
1804 3537 1896 3578 ideo
1914 3535 1949 3573 si
1963 3534 2051 3575 haec
2070 3536 2220 3588 exigua

1186 3614 1312 3643 onera
1328 3601 1511 3654 alioquin
1528 3614 1578 3641 ex
1594 3605 1708 3651 parte
1727 3595 2001 3638 distractionis
2018 3596 2085 3638 vel
2101 3610 2195 3641 occu
