2352 3880
46 277 52 287 ”
90 294 92 299 ·
137 271 351 341 *ssfflfgeo
374 283 463 323 solo
492 281 704 323 fundatur.
727 281 844 331 Quod
874 281 910 320 si
935 278 1093 333 aliquid

119 399 122 401 -
209 332 428 394 sudditum
450 346 523 384 aut
542 342 593 384 ex
611 347 722 384 certa
737 342 1007 394 experientia,
1022 344 1093 383 aut

69 440 81 462 ³
112 404 289 446 '⁵³:²2·‹s·m
308 406 496 446 doctrina
515 405 780 456 desumptum
799 407 875 443 est.
893 404 1092 455 Idemque

73 465 90 504 «ῗ
120 459 162 516 :⁷2³³
183 468 322 509 endis
338 466 620 520 spiritualibus
629 465 888 505 documentis
904 466 1094 505 observa·

75 527 88 561 ·-”
119 527 140 575 ’ζ’
156 543 257 571 nam
275 530 350 570 ubi
377 528 659 570 necessarium
684 532 760 575 est,
783 527 976 578 quaedam
993 539 1095 580 prae-

127 587 136 595 ”
153 597 292 639 untur,
313 591 516 631 moralem
548 588 778 628 doctrinam
795 589 862 629 vel
891 589 1094 641 dogmati-

121 356 199 383 ,ζμ-5-

123 383 126 390 .
184 384 185 388 ,

38 932 42 939 .
111 892 170 937 vm
191 909 281 936 esse
302 900 450 948 potest,
471 897 583 947 quod
600 897 645 935 in
675 897 984 947 quartadecima
1019 908 1094 935 an-

37 951 267 1011 31³·tatione
288 971 337 998 ex
355 959 433 1005 his,
457 970 549 1009 quae
570 959 614 997 in
637 959 839 1010 principio
856 959 1091 1006 traduntur,

37 1039 44 1058 ι
71 1041 88 1068 ⁴4
131 1021 322 1061 cautione
341 1021 592 1069 adhibenda,
614 1034 667 1061 ne
689 1022 781 1071 quis
797 1021 957 1060 fervore
980 1033 1094 1059 exer-

36 1059 98 1138 ἐξ
114 1083 246 1122 'orum
270 1083 418 1122 ductus
437 1083 554 1123 facile
572 1096 615 1124 se
646 1084 785 1134 aliquo
805 1087 899 1122 voto
921 1082 1090 1134 obliget,

36 1110 81 1233 g*
102 1144 192 1184 ,tim
231 1144 410 1193 additur,
435 1145 621 1195 quamvis
659 1143 828 1195 majoris
868 1144 1005 1182 meriti
1042 1144 1094 1183 sit

70 1217 160 1247 mus
180 1217 230 1244 ex
255 1210 367 1252 voto,
389 1218 514 1256 quam
536 1207 625 1244 sine
645 1210 739 1244 voto
755 1205 925 1251 factum,
945 1206 1092 1244 nihilo-

39 1262 194 1322 minus
214 1267 452 1306 habendam
484 1279 573 1306 esse
595 1267 800 1306 rationem
817 1267 1004 1317 periculi,
1026 1267 1093 1307 vel

41 1321 304 1382 {incommodi
324 1329 491 1380 quodin
516 1328 741 1369 emittendo
767 1333 862 1370 voto
889 1341 982 1370 esse
1016 1342 1091 1382 po-

42 1385 137 1434 {test
155 1402 164 1438 ;
187 1394 227 1430 et
247 1390 306 1430 sic
325 1391 377 1429 de
397 1390 504 1431 aliis.

42 1479 244 1535 ahimam
262 1489 423 1530 dubium
439 1487 546 1530 circa
559 1488 781 1530 doctrinam
795 1488 1088 1529 exercitiorum.

109 1577 149 1617 5.
179 1578 452 1627 Impuynatzcr
479 1577 619 1629 requla
648 1577 770 1617 tertia
799 1576 1090 1616 exercitiorum.

45 1638 167 1678 ·-.-Ut
192 1642 329 1677 autem
347 1638 499 1676 veritas
522 1639 610 1677 haec
637 1638 768 1686 magis
795 1641 968 1686 constet,
996 1638 1095 1675 insi-

41 1700 278 1742 armabimus
298 1700 499 1738 nonnulla
519 1700 806 1738 exercitiorum
824 1699 928 1745 loca,
950 1699 991 1736 in
1007 1699 1095 1748 qui-

42 1760 134 1802 lbus
153 1765 293 1811 posset
310 1761 458 1810 aliquis
478 1761 719 1811 scrupulum
735 1761 796 1800 vel
817 1761 989 1799 dubium
1009 1773 1097 1799 mo-

45 1833 170 1870 uvere,
201 1826 240 1860 et
260 1822 358 1860 illud
380 1822 498 1860 facile
530 1822 852 1861 removebimus.
887 1822 1093 1871 Primum,

42 1881 102 1926 Ιίιι
124 1883 322 1934 principio
357 1883 511 1932 regulae
542 1882 673 1920 tertiae
704 1882 867 1931 dicitur,
897 1884 988 1922 dum
1009 1894 1097 1922 voce

40 1950 130 1990 «aut
147 1948 272 1985 mente
290 1956 375 1984 oum
398 1945 568 1983 Domino
588 1945 669 1983 Deo
695 1944 755 1983 vel
788 1943 956 1984 Sanctis
981 1945 1096 1984 collo-

41 2007 233 2063 ffuimmn
261 2007 461 2056 praecipue
481 2016 656 2045 exercere
678 2006 942 2054 operationem
959 2006 1096 2044 volun-

36 2064 173 2123 statis,
194 2069 232 2107 et
262 2067 346 2107 ideo
379 2066 570 2116 majorem
602 2066 707 2117 exiyi
741 2078 764 2104 α
784 2066 896 2105 nobis
918 2077 1095 2105 reveren-

35 2125 175 2182 istam,
198 2140 314 2180 quam
335 2128 427 2167 dum
442 2139 514 2179 per
533 2139 648 2165 usum
667 2126 887 2166 intellectus
911 2127 1018 2166 circa
1036 2127 1095 2165 in-

41 2176 319 2243 thlliyenciam
349 2190 484 2240 potius
513 2199 730 2226 moramur.
762 2188 865 2225 Nam
896 2187 1097 2237 imprimis

34 2249 249 2306 *assubitare
285 2250 374 2300 quis
399 2252 557 2300 potest,
588 2249 683 2299 quia
712 2248 830 2298 juxta
867 2248 1094 2286 doctrinam

35 2324 47 2355 1.
60 2307 153 2360 ,Divi
170 2312 336 2351 Thomae
358 2311 487 2349 oratio
509 2310 639 2359 magis
666 2312 726 2347 est
747 2321 850 2359 opus
865 2308 1097 2347 intellectus

39 2357 188 2426 nffiuam
208 2373 428 2411 voluntatis
446 2387 455 2418 ;
473 2383 567 2410 cum
583 2374 722 2409 autem
745 2374 881 2408 mente
899 2369 1100 2420 colloqui-

32 2423 46 2472 ιι
68 2432 157 2473 ³·ur
170 2434 223 2472 ad
234 2435 379 2480 Deum,
395 2433 459 2471 vel
473 2433 660 2476 Sanctus,
674 2431 900 2469 idfacimus
919 2431 1101 2479 orand0;

78 2524 81 2526 -
111 2508 163 2547 go
184 2495 316 2544 magis
337 2499 434 2533 tunc
454 2505 697 2532 exercemur
715 2494 757 2530 in
779 2493 1019 2543 operatione
1044 2493 1102 2533 in.-

31 2548 44 2557 ’”
66 2548 97 2610 ῃ
107 2557 252 2596 [lectus
267 2567 391 2606 quam
410 2555 646 2595 voluntatis,
670 2554 828 2593 Deinde
849 2554 971 2592 etiam
993 2554 1101 2592 circa

32 2618 44 2648 ἵ
70 2624 84 2637 ²
111 2618 289 2657 ationem
311 2629 394 2655 non
419 2621 590 2667 apparet
616 2628 690 2654 cur
714 2616 848 2666 maj0r
868 2615 1101 2654 reverentia

38 2701 42 2708 ·
60 2687 89 2713 «θ
103 2710 106 2715 .
121 2679 274 2730 ‘gatur‚
314 2678 545 2717 exercendo
581 2677 842 2728 operationes
879 2676 1100 2715 voluntatis

38 2742 43 2781 ζ
64 2740 166 2793 Trga
182 2742 326 2787 Deum,
347 2752 473 2791 quam
489 2739 737 2785 intellectus,
755 2740 851 2789 quia
869 2739 1100 2777 reverentia

33 2800 41 2809 ⁴
151 2804 318 2854 quidam
344 2803 467 2841 timor
485 2801 784 2847 reverentialiS‚
818 2801 887 2850 qui
914 2804 1103 2839 versatur

135 2869 221 2904 ecte
257 2865 365 2904 circa
397 2876 620 2915 personam
653 2863 951 2910 excellentem,
992 2863 1101 2901 unde

32 2958 41 2964 ,
85 2925 199 2976 μῖῐιιι·
222 2925 430 2977 praecipue
451 2937 501 2964 ex
522 2925 669 2965 divinae
693 2924 946 2963 excellentiae
966 2924 1103 2963 consi-

34 2994 41 3036 ’ἰ
147 2987 298 3028 atione.
323 2987 435 3025 Sicut
452 2986 572 3024 Lucae
600 2988 623 3025 5
645 2985 793 3025 dieitur
812 2998 821 3022 :
841 2986 995 3036 Repletz'
1011 2989 1105 3026 suut

23 3074 33 3089 2
93 3069 115 3103 χ
135 3060 202 3105 nes
222 3050 362 3090 timore
382 3047 553 3098 (scilicet
571 3046 868 3097 reverentiam,
904 3047 1077 3088 dicentes
1090 3064 1105 3086 .-

138 3110 180 3150 ia
203 3109 373 3150 vidimus
403 3109 607 3148 mirabilia
628 3108 752 3148 hodie.
776 3107 894 3147 Unde
915 3107 970 3146 ad
998 3107 1106 3148 hanc

24 3195 33 3210 ·.
93 3170 352 3226 yerentiam
387 3169 567 3220 pertinet
599 3182 685 3209 non
718 3169 895 3208 nimium
935 3169 1106 3209 scrutari

67 3264 69 3266 .
104 3228 279 3274 mabilia
295 3230 382 3278 Dei,
399 3230 518 3280 juxta
537 3230 640 3270 illud
659 3230 935 3270 Ecclesiastic.
961 3230 1013 3270 3:
1035 3230 1109 3271 Al-

23 3288 34 3302 ’
158 3303 184 3332 ιι
198 3295 234 3332 te
252 3303 300 3332 ne
321 3290 541 3344 quaesieris.
562 3291 671 3344 Ergo
690 3295 825 3344 magis
842 3291 1110 3343 adjungenda

23 3379 29 3393 a
149 3353 403 3404 ,reverentia
434 3352 752 3394 considerationi
780 3353 956 3403 divinae,
987 3363 1114 3404 quam

64 3412 66 3418 “
189 3414 264 3454 tui.

27 3493 98 3514 -ις
137 3473 174 3514 ⁴2.
204 3475 268 3515 Ad
289 3475 467 3527 priorem
501 3479 663 3526 partem
694 3475 952 3526 respondeo,
974 3475 1114 3515 inillis

187 188 274 251 ‘'35⁷'ss
390 219 489 254 mr.
512 218 553 254 v,
576 219 631 254 na
650 217 959 255 srmrtnmaus
977 214 1222 257 exeamus,
1242 216 1298 252 m·
1317 217 1478 253 ramum
1496 216 1596 259 mnu
1616 217 1722 259 ΒΜ,
1743 217 1836 254 Bw·

1145 279 1335 320 tellectus
1352 281 1420 321 vel
1439 281 1677 330 voluntatis,
1699 291 1942 333 quanquam
1952 282 2184 325 admodum

1146 341 1361 392 probabile
1377 342 1444 389 sit,
1463 342 1509 382 in
1538 342 1659 382 nobis
1681 343 1923 395 petitionem
1953 343 2184 386 formaliter

1146 403 1373 443 consistere
1388 403 1432 442 in
1446 403 1536 454 ipsa
1548 405 1756 445 locutione
1766 405 1938 445 mentali
1951 405 2018 445 vel
2034 406 2182 456 vocali,

1148 467 1191 503 et
1209 468 1256 504 ut
1272 464 1332 504 sic
1352 476 1443 504 esse
1462 465 1506 504 in
1526 465 1753 514 intellectu,
1771 479 1944 507 manare
1963 472 2120 518 autem,
2136 473 2185 510 ut

1148 536 1296 565 omnes
1319 525 1519 575 fatentur,
1539 527 1726 577 proxime
1746 527 1800 566 ab
1821 528 1986 577 affectu,
2008 530 2080 581 qui
2108 541 2186 582 per

1146 586 1281 638 ipsam
1299 587 1542 637 petitionem
1553 587 1764 638 potissime
1781 589 2020 640 explicatur.
2039 592 2091 631 Et
2105 592 2186 632 hoc

1148 652 1233 696 est,
1269 649 1383 699 quod
1414 649 1459 688 in
1494 648 1574 687 illis
1608 649 1747 688 verbis
1783 649 2044 701 declaratur-3
2085 666 2187 694 nam

1147 710 1315 763 quando
1335 723 1430 750 cum
1453 711 1540 749 Deo
1557 697 1782 761 loquimur,
1808 712 2015 761 praecipue
2047 726 2186 754 versa-

1145 784 1242 812 mur
1262 773 1304 810 in
1332 772 1528 824 operibus
1549 772 1744 820 affectus3
1773 772 1871 822 quia
1890 772 1985 812 licet
2009 774 2099 825 ipsa
2126 776 2186 816 lo-

1147 835 1257 875 cutio
1271 835 1478 886 praecipue
1497 834 1570 874 fiat
1583 846 1658 885 per
1674 833 1946 881 intellectum,
1967 839 2106 875 tamen
2122 849 2186 876 so-

1147 895 1235 935 lum
1257 896 1432 936 sumitur
1458 900 1505 936 ut
1535 897 1702 946 signum
1728 896 1916 944 affectus,
1947 899 1988 935 et
2017 901 2187 947 propter

1148 959 1264 999 illum
1281 958 1348 1006 fit;
1372 971 1471 1010 ergo
1502 959 1590 1009 ipse
1612 958 1783 997 affectus
1813 961 1888 1007 est,
1914 958 2027 1009 quod
2045 959 2186 1009 praeci-

1148 1032 1231 1072 pue
1259 1024 1491 1068 exercetur,
1514 1020 1720 1070 siquidem
1739 1024 1903 1070 propter
1923 1021 2027 1071 quod
2047 1032 2188 1059 unum-

1148 1082 1322 1135 quodque
1339 1082 1432 1130 tale,
1445 1085 1522 1120 etc.
1543 1082 1629 1120 Imo
1643 1085 1775 1120 totum
1792 1081 1834 1120 id
1851 1085 1911 1120 est
1924 1081 2042 1132 quasi
2059 1093 2190 1122 unum.

1148 1157 1253 1197 opus
1273 1144 1493 1183 voluntatis
1508 1143 1754 1194 perfectum,
1774 1144 1871 1194 quia
1884 1144 1956 1182 ubi
1975 1156 2107 1182 unum
2128 1147 2189 1184 est

1146 1211 1317 1260 propter
1338 1206 1531 1254 alterum,
1553 1205 1609 1243 ibi
1631 1209 1693 1244 est
1713 1218 1844 1243 unum
1861 1208 2039 1244 tantum.

1201 1271 1240 1307 7.
1264 1268 1326 1307 Ad
1362 1267 1535 1305 alteram
1566 1278 1665 1305 vero
1694 1270 1857 1317 partem
1883 1266 2186 1317 respondetur,

1146 1329 1260 1369 aliud
1278 1341 1369 1368 esse
1391 1327 1655 1367 considerare
1676 1328 1860 1366 radicem
1875 1328 1983 1365 illius
1998 1328 2188 1376 affectus,

1146 1392 1217 1442 qui
1230 1390 1463 1430 reverentia
1474 1389 1640 1436 dicitur,
1653 1389 1767 1427 aliud
1778 1390 1935 1428 necessi
1944 1393 2070 1427 tatem
2082 1390 2187 1440 ejus.

1149 1454 1264 1495 Ratio
1292 1465 1392 1503 ergo
1426 1453 1534 1490 facta
1563 1451 1731 1503 probat,
1768 1451 2068 1496 reverentiam,
2096 1451 2190 1490 licet

1150 1515 1345 1554 consistat
1374 1514 1416 1552 in
1443 1514 1619 1560 affectu,
1653 1512 1750 1551 oriri
1779 1525 1828 1551 ex
1859 1512 2190 1551 consideratione

1149 1577 1397 1619 intellectus,
1420 1574 1532 1625 quod
1548 1586 1623 1612 suo
1638 1574 1763 1612 modo
1784 1586 2005 1612 commune
2026 1578 2087 1612 est
2106 1586 2190 1612 om-

1149 1638 1272 1676 nibus
1307 1637 1465 1675 actibus
1498 1635 1737 1674 voluntatis.
1780 1636 1927 1674 Noster
1960 1639 2101 1673 autem
2142 1636 2189 1674 B.

1148 1700 1332 1750 Ignatius
1354 1711 1438 1737 non
1470 1698 1549 1736 hoc
1572 1701 1711 1748 negat,
1736 1709 1813 1735 nec
1840 1697 1891 1736 de
1925 1697 2004 1735 hoc
2027 1701 2190 1742 tractat,

1153 1762 1226 1800 sed
1238 1761 1358 1799 docet
1368 1760 1502 1810 magis
1518 1771 1607 1797 esse
1620 1759 1900 1797 necessariam
1912 1759 2192 1797 reverentiam

1153 1835 1249 1873 erga
1283 1823 1414 1860 Deum
1437 1822 1658 1871 (quatenus
1686 1820 1883 1858 nimirum
1909 1832 1984 1869 per
2006 1824 2192 1858 nostram

1151 1884 1384 1921 libertatem
1414 1895 1509 1921 cum
1535 1882 1672 1920 divina
1701 1881 1833 1931 gratia
1870 1892 1963 1918 eam
1999 1880 2041 1917 in
2073 1881 2192 1919 nobis

1153 1945 1330 1983 excitare
1352 1948 1392 1981 et
1428 1944 1591 1980 efficere
1620 1941 1884 1991 possumus),
1914 1940 2081 1990 quando
2118 1953 2193 1991 per

1154 2006 1348 2043 affectum
1361 2007 1400 2042 et
1418 2003 1670 2053 colloquium
1685 2014 1736 2040 ex
1750 2002 1818 2040 illo
1837 2005 1973 2040 ortum
1994 2014 2089 2040 cum
2112 2003 2193 2041 Deo

1152 2066 1339 2117 agimus,
1363 2077 1490 2115 quam
1517 2076 1611 2103 cum
1640 2064 1748 2102 circa
1781 2063 2096 2113 intelligentiam
2128 2075 2194 2102 so-

1151 2127 1238 2166 lum
1258 2138 1488 2165 versamur.
1517 2125 1634 2170 Quod
1658 2124 1919 2163 verissimum
1947 2128 2020 2169 est,
2043 2124 2141 2173 quia
2160 2125 2193 2163 si

1152 2187 1428 2226 consideratio
1450 2185 1681 2223 intellectus
1710 2184 1834 2222 etiam
1861 2183 1911 2222 de
1939 2184 2065 2222 rebus
2092 2184 2193 2223 divi—

1153 2248 1217 2286 nis
1238 2248 1288 2285 sit
1312 2259 1426 2285 mere
1460 2246 1728 2296 speculativa,
1762 2256 1845 2282 non
1874 2245 1929 2283 ita
1951 2245 2056 2283 solet
2083 2246 2193 2285 exci-

1155 2313 1240 2349 tare
1254 2309 1463 2355 affectum,
1478 2320 1555 2347 nec
1567 2311 1756 2345 versatur
1767 2307 1931 2356 proprie
1944 2307 2051 2345 circa
2065 2307 2194 2347 Deum

1156 2375 1201 2408 ut
1218 2370 1324 2409 circa
1346 2381 1567 2421 personam
1584 2381 1679 2406 cum
1693 2380 1775 2418 qua
1795 2372 2020 2406 tractamus
2036 2373 2108 2407 aut
2122 2381 2194 2408 ne·-

1154 2432 1377 2486 gotiamur,
1393 2431 1467 2470 sed
1489 2431 1623 2469 solum
1643 2434 1689 2468 ut
1707 2430 1787 2468 circ
1833 2429 2040 2479 objectum
2064 2430 2195 2480 quod-

1155 2493 1269 2539 dam,
1291 2493 1403 2542 quod
1426 2492 1708 2542 speculamur,
1735 2494 1775 2529 et
1793 2490 1886 2528 ideo
1914 2491 1958 2528 in
1979 2491 2047 2529 illo
2069 2502 2196 2542 opere

1157 2566 1236 2594 nec
1250 2554 1482 2593 reverentia
1503 2558 1589 2592 tam
1609 2551 1843 2591 necessaria
1864 2556 1941 2594 est.
1960 2564 2037 2590 nec
2058 2564 2108 2591 ex
2126 2553 2196 2592 illo

1156 2616 1404 2666 regulariter
1425 2616 1621 2660 nascitur,
1641 2614 1719 2651 nisi
1737 2613 2012 2651 consideratio
2029 2614 2083 2651 ad
2102 2625 2198 2664 pra-

1155 2679 1241 2717 xim
1260 2677 1504 2728 applicetur.
1531 2676 1571 2714 Si
1593 2687 1691 2725 ergo
1717 2674 1993 2713 consideratio
2019 2676 2199 2724 practica

1156 2741 1221 2787 sit,
1244 2741 1331 2791 ipsa
1365 2738 1596 2778 conciliabit
1617 2737 1907 2785 reverentiam,
1932 2738 1963 2775 si
1985 2737 2036 2777 sit
2049 2738 2100 2776 de
2129 2748 2200 2776 re·

1156 2802 1236 2841 bus
1253 2801 1362 2852 aptis
1380 2801 1434 2838 ad
1451 2798 1713 2838 excitandam
1733 2798 1868 2844 illam;
1895 2802 1936 2837 et
1957 2798 2052 2837 ideo
2073 2799 2200 2837 etiam

1158 2867 1256 2903 tunc
1281 2874 1366 2901 non
1386 2862 1565 2912 exigitur
1583 2872 1606 2898 a
1627 2860 1747 2898 nobis
1766 2863 1879 2898 tanta
1899 2871 1997 2898 cura
2019 2859 2199 2899 habendi

1158 2925 1271 2964 hunc
1297 2923 1539 2961 reverentiae
1560 2921 1746 2966 modum,
1772 2920 1870 2970 quia
1888 2921 2014 2959 veluti
2031 2925 2202 2960 natura-

1159 2986 1252 3026 liter
1276 2984 1461 3023 nascitur
1482 2995 1534 3022 ex
1556 2983 1666 3022 dicta
1691 2981 2038 3029 consideratione,
2058 2993 2202 3032 quam-

1161 3057 1288 3098 quam
1316 3057 1402 3084 non
1431 3048 1608 3095 negatur
1637 3044 1762 3082 etiam
1794 3047 1893 3082 tunc
1923 3044 2201 3082 reverentiam

1162 3119 1251 3149 esse
1270 3106 1569 3152 adhibendam,
1593 3109 1681 3144 esto
1703 3105 1793 3155 ejus
1811 3116 1911 3143 cura
1932 3117 2014 3142 non
2045 3104 2096 3142 sit
2119 3107 2203 3141 tam

1162 3168 1415 3216 necessaria,
1445 3167 1550 3206 sicut
1579 3166 1746 3218 quando
1768 3166 1809 3204 in
1830 3164 2051 3214 'colloquiis
2080 3167 2122 3202 et
2147 3162 2204 3202 af-

1164 3230 1339 3270 fectibus
1353 3239 1589 3278 versamur3
1609 3228 1706 3279 quia
1725 3229 1825 3265 tunc
1839 3230 2062 3264 tractamus
2080 3228 2120 3263 et
2135 3233 2204 3261 ne·

1166 3292 1376 3344 gotiamur
1394 3302 1490 3329 cum
1512 3290 1832 3339 De0,-tanquam
1851 3298 1945 3326 cum
1970 3286 2119 3329 amico,
2141 3281 2204 3322 vel

1167 3358 1301 3407 patre,
1337 3357 1410 3392 aut
1439 3352 1632 3398 domino;
1658 3359 1698 3390 et
1735 3350 1828 3388 ideo
1866 3361 1918 3387 ne
1953 3345 2205 3385 familiaritas

1169 3415 1298 3467 (quod
1328 3414 1570 3465 contingere
1593 3410 1710 3461 solet)
1742 3410 1876 3462 pariat
1907 3409 2205 3456 contemptum,

1169 3480 1239 3516 aut
1257 3475 1554 3527 negligentiam
1575 3474 1773 3523 aliquam,
1803 3481 1955 3518 magna
1976 3465 2208 3506 curasadhi-

1168 3537 1307 3576 hendo
1329 3540 1406 3585 est,
1428 3539 1473 3574 ut
1504 3545 1667 3574 summa
1694 3530 1925 3570 reverentia
1947 3527 2208 3575 exhibeatur,

1170 3609 1269 3637 nam
1298 3601 1363 3637 est
1391 3595 1512 3636 valde
1544 3591 1802 3638 necessaria,
1833 3592 1878 3628 ut
1909 3587 2050 3628 debito
2080 3585 2205 3627 modin
