2352 3880
4 287 18 366 l

49 336 166 390 w
185 337 254 376 diu
267 336 466 386 probatas,
480 335 524 374 in
539 336 680 375 Exam.
691 364 701 382 ,
713 346 750 373 c.
768 333 839 385 1.§
853 334 891 379 8,
905 337 946 372 et
961 336 1076 384 parte

51 397 210 457 quinta,
233 408 322 446 cap.
345 399 385 442 2,
407 397 431 448 ξ
452 398 494 441 3,
515 408 563 436 ac
581 407 692 447 saepe
713 395 828 434 alias.
847 397 943 442 Quae
964 393 1077 434 insti-

56 457 156 505 tutio
175 457 230 496 ita
258 458 510 508 approbatur
536 457 578 496 in
601 456 717 496 Bulla
738 456 870 506 prima
891 457 913 495 J
920 455 990 494 ulii
1007 454 1073 502 111,

0 514 13 575 ff
56 517 187 566 ubiex
202 522 317 569 parte
334 519 373 558 S.
396 517 541 567 Ignatii
561 521 601 556 et
621 518 827 557 sociorum
848 518 933 556 haec
949 515 1075 556 verba

54 583 355 636 proponuntur:
373 578 643 630 Opportunum
653 578 942 628 judicavimus,
954 579 1077 619 etiam

53 642 236 687 statuere,
257 651 305 678 ‘ne
321 641 412 691 quis
426 640 479 679 ad
495 638 777 689 professionem
789 640 833 678 in
850 640 923 679 hac
940 639 1072 680 Socie-

6 738 9 741 .
54 704 132 749 tate
148 701 416 748 emittendam,
436 701 518 740 nisi
540 699 758 747 diuturnis,
785 703 823 740 et
845 701 1075 752 dfliqentis-

51 762 164 809 timis
180 762 490 812 probationibus,
509 766 630 812 prout
649 763 692 800 in
720 757 1076 803 Constitutionibns

23 815 26 818 “
52 823 326 868 declarabitur,
359 823 447 873 rjus
467 824 553 863 vita
578 826 615 863 et
655 823 836 864 doctrina
866 824 1075 875 explorata

50 884 186 936 merit,
207 884 441 933 recipiatur,
460 884 555 937 quia
574 896 712 925 revera
736 886 804 926 hoc
838 886 1074 927 institutum

50 947 200 987 omnino
218 946 386 986 humiles
416 950 452 987 et
468 947 683 997 prudentes
701 949 746 987 in
769 947 939 995 Christo,
961 951 998 987 et
1028 947 1074 988 in

53 1005 290 1050 Chris-timim
303 1010 398 1048 vi'toe
412 1008 602 1058 puritate,
614 1020 660 1049 ac
675 1009 691 1048 Z
697 1011 827 1050 itteris
846 1008 1073 1059 conspicuos

48 1069 183 1122 m‘yz'c.
211 1067 307 1114 Quae
330 1070 526 1110 institutio
548 1070 683 1109 statim
703 1082 730 1110 a
760 1069 953 1109 Pontifice
973 1082 1072 1110 con—

47 1128 243 1171 firmatur.
268 1130 462 1173 Similiter
480 1132 520 1171 in
550 1131 665 1171 Bulla
692 1132 824 1183 prima
859 1132 971 1171 Pauli
1002 1133 1068 1179 111,

47 1190 97 1232 de
123 1192 378 1231 scholaribus
399 1194 529 1232 solum
555 1194 726 1232 dicitur:
751 1193 852 1235 Post
872 1194 1072 1245 comitum

46 1252 87 1293 in
102 1253 255 1304 ‚spiritu
281 1259 319 1293 nt
350 1255 500 1296 litteris
520 1266 653 1295 eorum
674 1258 904 1305 profectum,
928 1259 964 1295 et
980 1259 1073 1307 post

44 1315 292 1365 sufficientem
319 1317 604 1365 probationem,
626 1316 673 1357 in
707 1315 947 1357 Societatem
978 1328 1071 1358 nos-

43 1375 146 1416 tram
166 1376 326 1416 adii-litte&
345 1378 523 1428 p‘285i7zt,·
547 1379 587 1418 et
610 1376 756 1417 eodem
778 1378 903 1417 modo
923 1390 1073 1429 appro-

36 1434 191 1482 barunt
220 1438 327 1478 hano
347 1438 641 1480 institutionem
663 1440 813 1492 reliqui
836 1441 1071 1491 Pontifices,

43 1496 154 1537 nullo
178 1505 291 1538 certo
311 1499 520 1550 assignato
542 1501 733 1549 termino,
755 1513 840 1551 quo
858 1501 972 1540 finito
995 1513 1070 1542 ne-

42 1560 220 1600 cessario
250 1560 341 1601 fieri
371 1559 535 1601 debeat.
562 1563 648 1601 Imo
686 1563 810 1603 etiam
842 1563 1071 1602 Concilium

41 1619 335 1670 Tridentinun]‚
361 1634 458 1662 sess.
480 1624 547 1670 25,
568 1636 658 1675 cap.
685 1625 748 1671 ⁴6,
778 1624 828 1665 de
856 1624 1070 1676 Regulari-

38 1680 167 1729 ribus,
191 1685 270 1725 hoc
289 1684 423 1733 ipsum
445 1685 700 1726 confirmavit
718 1686 796 1725 illis
816 1686 1070 1738 verbisquae

41 1749 152 1795 saepe
172 1743 408 1784 citavimus:
431 1746 514 1786 Pei·
533 1747 615 1786 koec
632 1751 764 1788 tamen
780 1751 921 1788 sancta
940 1748 1072 1798 Syno-

40 1801 116 1845 dus
133 1803 235 1845 m'lze'l
253 1803 422 1847 intendit
443 1809 629 1847 innovare
647 1813 717 1852 aut
735 1810 955 1858 prohibere,
975 1810 1072 1859 quin

41 1862 185 1915 reliyz'o
202 1866 430 1906 clericorum
455 1866 667 1908 societatis
685 1870 788 1909 <Iesu
798 1869 925 1919 Juxta
959 1870 1072 1920 pium

42 1934 172 1967 eorum
191 1926 421 1967 iii-stitutum
437 1941 462 1969 a
475 1933 617 1970 sancta
637 1929 738 1970 Sede
756 1931 988 1983 Apostolica
1003 1943 1070 1982 ap-

34 1985 259 2042 probatum,
282 1989 463 2034 Domino,
486 1994 521 2032 et
540 1992 625 2040 ejus
648 1991 842 2031 Ecclesiae
875 1992 1074 2032 inservire·

35 2049 204 2101 possint.
226 2049 317 2089 Haec
331 2051 443 2089 enim
457 2052 582 2091 verba
601 2053 833 2102 specialiter
848 2053 955 2093 dicta
974 2057 1071 2094 sunt

40 2119 66 2150 a
86 2108 264 2150 Concilio
287 2116 454 2162 propter
472 2113 737 2163 professionis
752 2115 1006 2162 dilationem,
1023 2120 1070 2154 ut

41 2180 92 2211 ex
111 2176 304 2211 contextu
322 2178 495 2212 constat.
520 2175 621 2213 Nam
644 2175 829 2225 proxime
847 2181 942 2216 ante
965 2189 1068 2228 prae-

40 2239 219 2285 ceperat,
240 2239 283 2272 ut
305 2235 343 2272 in
367 2235 456 2274 alils
476 2236 759 2286 religionibus,
781 2243 947 2286 peracto
977 2248 1068 2286 pro-

37 2293 218 2335 bationis
237 2301 444 2347 tempore,
465 2307 652 2344 personae
687 2295 739 2334 ad
770 2296 1068 2346 professionem

39 2356 331 2400 admittantnr;
355 2359 395 2395 et
416 2356 468 2393 ab
500 2356 577 2394 hac
597 2357 742 2406 regula
762 2359 911 2409 excipit
932 2359 1064 2398 Socie-

38 2419 178 2462 tatem,
204 2417 320 2467 cujus
337 2415 565 2456 institutum
588 2418 747 2456 nullum
778 2419 904 2457 alium
925 2419 1068 2457 termi-

35 2488 139 2518 num
158 2478 287 2528 ponit‚
308 2477 384 2515 nisi
404 2489 491 2517 cum
512 2477 720 2524 societati,
739 2480 799 2519 vel
814 2481 899 2530 ejus
913 2492 1066 2532 proepo-

34 2540 118 2582 eico
140 2537 323 2581 Generali
340 2539 448 2588 plene
464 2539 519 2578 sit
541 2539 583 2578 in
604 2540 771 2581 Domino
789 2542 1063 2589 satisfactum,

37 2599 181 2652 quinta
202 2604 315 2650 parte
337 2600 693 2648 Constitutionum‚
713 2613 747 2640 c.
773 2602 810 2640 3.
832 2602 950 2641 Hunc
967 2614 1064 2652 ergo

37 2662 260 2704 terminum
303 2664 387 2699 tam
427 2661 643 2702 Pontifices
676 2673 805 2714 quam
837 2663 1066 2704 Concilium

36 2722 332 2777 approbarunt.

92 2787 154 2824 15.
177 2786 340 2826 Accedit
364 2785 502 2835 prima
520 2786 628 2826 ratio
644 2797 710 2826 seu
731 2784 1064 2828 dilemma—Ra-

38 2844 171 2887 tiones
200 2846 321 2885 etiam
347 2846 399 2884 ad
424 2846 534 2886 idem
563 2847 891 2887 confirmandum
923 2851 1063 2889 multae

38 2906 172 2947 afferri
194 2911 376 2958 possunt.
400 2908 533 2947 Prima
565 2913 641 2957 est,
673 2910 784 2959 quia,
804 2911 1063 2951 considerato

37 2966 220 3008 instituto
255 2969 481 3017 Societatis‚
503 2973 543 3009 et
572 2971 768 3010 varietate
792 2984 1064 3023 personarum

39 3039 130 3082 quae
142 3030 181 3068 in
199 3041 247 3069 ea
257 3031 379 3081 recipi
396 3035 578 3081 possunt,
602 3033 738 3071 nullus
754 3034 844 3072 talis
861 3036 1065 3074 terminus

40 3091 252 3130 commode
287 3093 486 3143 assignari
519 3098 691 3144 poterat.
722 3096 801 3134 Aut
826 3097 937 3135 enim
971 3097 1067 3137 talis

36 3150 237 3191 terminus
280 3152 424 3192 fuisset
451 3154 586 3194 brevis
604 3186 613 3202 ,
646 3156 760 3195 verbi
800 3159 931 3208 gratia
951 3188 964 3206 ‚
1001 3171 1063 3199 se-

24 3212 151 3269 sptem
168 3217 239 3250 aut
252 3225 400 3252 novem
421 3226 624 3255 annorum
647 3228 657 3264 ;
681 3222 750 3257 aut
769 3218 980 3269 prolixior,
1006 3220 1063 3259 vi-

28 3267 140 3337 ssinti
156 3276 498 3320 annorum,verbi
515 3278 659 3328 gratia,
680 3282 751 3317 aut
770 3279 960 3329 amplius.
980 3280 1063 3319 Pri-

27 3340 152 3375 :mum
171 3346 254 3373 non
279 3335 422 3374 fuisset
443 3338 684 3386 regulariter
703 3340 940 3391 expediens,
966 3340 1064 3390 quia

27 3398 251 3436 ‘ostensum
288 3400 349 3436 est
372 3397 599 3438 institutum
632 3401 709 3440 hoc
737 3402 946 3452 postulare
974 3402 1065 3441 diu-

40 3456 182 3501 mnas
210 3469 258 3496 ac
290 3457 532 3509 multiplices
552 3460 840 3511 probationes;
872 3463 983 3502 unde
1013 3463 1065 3502 ad

38 3515 257 3557 minimum
287 3519 494 3560 ordinarie
522 3521 694 3571 requirit
728 3528 820 3574 post
849 3524 1064 3564 biennium

34 3577 262 3622 'novitiatus
291 3583 424 3622 totum
458 3582 688 3623 studiorum
726 3588 891 3637 tempus
904 3614 917 3634 ,
953 3586 1066 3638 quod

12 244 16 249 .
38 251 39 254 ,
63 239 73 253 .=
102 262 106 264 .
461 209 552 246 CAP.
571 210 598 245 1·
619 209 678 246 ΑΝ
696 208 915 244 PROFESSIO
935 206 979 242 IN
995 201 1221 243 SOCIETATE
1241 207 1373 243 RECTE
1394 209 1466 244 DlU
1485 209 1757 248 DIFFERATUR·

56 267 331 338 &mittendos
345 272 400 314 ad
415 273 713 325 professionem
730 283 819 313 esse
835 273 880 311 in
898 272 982 312 vita
996 283 1078 312 mo-

2081 206 2158 246 841

1133 272 1246 326 solet·
1271 284 1362 312 esse
1389 285 1535 312 novem
1551 304 1564 323 ,
1601 278 1673 314 aut
1708 274 1868 322 decem,
1884 271 1951 312 vel
1980 269 2163 324 plurium

1131 343 1351 373 annorum.
1375 333 1469 372 Post
1489 335 1730 375 novitiatum
1752 335 1861 374 enim
1876 334 1975 380 duo,
1993 333 2060 372 vel
2080 337 2162 372 tres

1129 395 1229 433 anni
1260 395 1302 432 in
1339 394 1482 434 litteris
1504 394 1818 434 humanioribus
1848 399 1887 435 et
1912 394 2163 446 perfectione

1129 455 1364 506 linguarum
1402 456 1589 493 consumi
1628 456 1789 501 solent,
1819 456 1967 508 quibus
2007 455 2165 494 addun-

1127 521 1195 558 tur
1209 523 1291 557 tres
1312 518 1376 556 vel
1395 522 1573 568 quatuor
1592 518 1722 568 (juxta
1741 518 1959 568 regionum
1991 529 2165 558 consue-

1126 579 1330 628 tudinem)
1351 591 1426 629 pro
1456 578 1725 629 philosophiae
1754 590 1891 617 cursu.
1925 579 2164 630 Sequuntur

1126 641 1278 681 deinde
1303 645 1483 691 quatuor
1502 639 1599 678 unni
1628 639 1883 679 scholasticae
1910 640 2159 692 Tbeologiae‚

1127 705 1169 742 et
1184 701 1392 740 interdum
1413 701 1515 740 solet
1535 700 1859 752 provectioribus
1875 711 1980 738 unus
1997 701 2060 739 vel
2079 701 2162 740 dun

1125 764 1225 802 anni
1253 762 1439 808 concedi,
1462 762 1514 801 ad
1534 760 1871 813 recognoscenda
1900 772 1991 810 quae
2023 762 2164 801 audie-

1126 828 1238 870 runt,
1251 828 1292 863 et
1304 824 1359 863 ad
1379 824 1563 874 aliquam
1582 823 1802 862 lectionem
1820 823 1983 860 Patrum
2001 833 2165 872 compa-

1127 885 1318 930 rand-dm,
1343 889 1383 924 et
1402 885 1525 923 simul
1539 886 1580 923 in
1597 884 1772 936 publicis
1790 883 1949 922 actibus
1967 887 2007 921 et
2025 882 2164 933 dispu-

1127 946 1352 987 tationibus
1376 948 1581 996 specimen
1607 945 1774 996 aliquod
1795 949 2041 995 comparatae
2070 944 2164 982 doc—

1127 1009 1246 1047 triuae
1264 1007 1544 1046 tribuendum.
1569 1007 1770 1058 Contingit
1807 1007 1903 1045 item
1927 1006 2165 1057 frequenter

1128 1074 1172 1109 ut
1193 1069 1257 1107 hic
1279 1069 1508 1108 studiorum
1530 1081 1674 1107 cursus
1692 1068 1890 1107 docendis
1908 1067 2085 1106 externis
2105 1067 2165 1105 in·

1123 1130 1297 1173 seriores
1317 1131 1552 1182 disciplinas
1570 1131 1910 1181 interrumpatur,
1929 1130 1969 1169 id
1990 1130 2096 1169 enim
2112 1127 2166 1168 ad

1126 1193 1366 1231 sustinenda
1384 1205 1509 1231 onera
1530 1192 1755 1244 religionis,
1775 1195 1814 1230 et
1831 1192 2004 1243 publicis
2020 1202 2166 1230 mune-

1125 1254 1241 1293 ribus
1269 1254 1620 1301 satisfaciendum,
1645 1266 1756 1304 saepe
1781 1254 2062 1292 necessarium
2086 1255 2161 1292 est.

1127 1316 1263 1366 Atque
1278 1316 1332 1354 ita
1354 1316 1398 1352 lit
1413 1327 1494 1353 non
1515 1319 1678 1358 raro,ut
1692 1316 1730 1352 in
1751 1315 1986 1365 hujusmodi
2003 1314 2162 1362 studiis,

1122 1377 1364 1427 quindecim
1384 1377 1448 1414 vel
1468 1377 1607 1427 plures
1624 1376 1720 1415 anni
1741 1377 2166 1427 consumantu1·;post

1125 1451 1232 1489 quos
1249 1439 1365 1488 sequi
1381 1438 1503 1477 debet
1517 1439 1659 1477 tertius
1675 1438 1927 1489 probationis
1945 1450 2093 1483 annus,
2112 1436 2163 1477 de

1125 1512 1208 1552 quo
1240 1501 1375 1539 statim
1399 1500 1584 1538 dicemus
1606 1499 1648 1538 in
1676 1500 1810 1551 capite
1831 1500 2035 1550 sequenti.
2061 1499 2164 1537 Cum

1126 1576 1224 1614 ergo
1240 1564 1353 1614 leges
1368 1564 1547 1602 morales
1563 1563 1660 1602 ferri
1678 1563 1984 1613 debeantjuxta
2002 1575 2051 1600 ea
2069 1572 2161 1612 quae

1124 1626 1380 1675 frequentius
1398 1625 1601 1673 accidant,
1617 1629 1656 1663 et
1677 1625 1886 1675 respicere
1909 1624 2086 1662 debeant
2105 1628 2162 1662 to·

1124 1692 1214 1726 tum
1234 1700 1384 1738 corpus
1415 1687 1646 1731 Societatis,
1663 1691 1702 1725 et
1728 1699 1810 1725 non
1835 1686 1960 1725 unius
1978 1687 2040 1724 vel
2063 1686 2164 1724 alte-

1124 1748 1439 1799 riusprovinciae
1452 1748 1714 1786 commodum
1725 1748 2160 1796 veleonsuetudinem,

1125 1822 1209 1848 non
1253 1813 1414 1859 poterat
1447 1809 1646 1847 terminus
1679 1808 1961 1859 professionis,
1987 1808 2021 1846 si
2056 1809 2161 1847 desi-

1125 1870 1316 1922 gnandus
1349 1869 1507 1916 fuisset,
1537 1870 1658 1920 longe
1690 1874 1786 1908 ante
1814 1870 2059 1920 vigesimum
2088 1882 2162 1907 an-

1124 1944 1224 1970 num
1246 1931 1468 1981 praescribi.
1495 1932 1596 1968 Tam
1617 1930 1818 1980 prolixum
1851 1935 1990 1969 autom
2020 1931 2168 1984 termi-]

1123 2005 1225 2031 num
1250 1992 1458 2043 praefigere
1482 1993 1542 2030 his
1560 1993 1829 2042 temporibus,
1849 1991 1942 2030 otizi
1963 1992 2039 2030 hac
2074 1985 2167 2031 wli-²

1124 2055 1246 2106 gione
1262 2085 1272 2102 ,
1298 2067 1381 2093 non
1420 2058 1507 2092 erat
1543 2054 1782 2105 expediens.
1821 2054 2014 2100 Quamvis
2051 2055 2161 2093 enim

1124 2115 1311 2154 nonnulli
1334 2127 1384 2154 ex
1418 2116 1596 2166 antiquis
1623 2115 1850 2160 monachis,
1872 2116 1995 2154 etiam
2027 2127 2159 2165 usque

1122 2177 1177 2215 ad
1211 2177 1468 2224 trigesimum
1508 2188 1663 2213 annum
1697 2179 1981 2215 renuntiantes
2014 2179 2160 2226 proba—

1124 2249 1169 2275 re
1192 2238 1387 2280 solerent,
1410 2241 1454 2275 ut
1475 2237 1651 2287 legimus
1668 2238 1779 2287 apud
1799 2238 2002 2276 Joannem
2018 2238 2160 2277 Clima-

1122 2309 1232 2344 cum,
1254 2298 1296 2335 in
1333 2302 1479 2346 quarto
1510 2299 1636 2348 gradu
1662 2298 1712 2336 de
1741 2298 1990 2346 obedientia,
2011 2311 2155 2348 parum

1121 2371 1145 2398 a
1163 2359 1379 2410 principio,
1403 2359 1443 2397 id
1463 2363 1601 2398 tamen
1625 2361 1835 2410 praesentis
1854 2361 2050 2410 temporis
2071 2373 2156 2399 mo-

1120 2433 1188 2459 res
1209 2434 1291 2460 non
1307 2421 1467 2467 ferunt3
1489 2422 1710 2471 praesertim
1727 2422 1758 2460 si
1779 2435 1851 2472 pro
1867 2422 2041 2460 termino
2058 2435 2157 2473 prae-

1119 2481 1201 2520 fixo
1220 2494 1267 2520 ac
1289 2483 1536 2529 necessario,
1553 2487 1711 2521 tantum
1728 2487 1891 2534 tempus
1906 2484 2153 2534 assignetur.

1121 2544 1222 2582 Item
1244 2544 1339 2593 quia
1357 2543 1399 2580 in
1422 2547 1535 2582 tanta
1558 2544 1753 2582 varietate
1775 2557 2047 2594 personarum
2064 2557 2156 2595 quae.

1121 2604 1163 2643 in
1185 2605 1386 2643 Societate
1414 2605 1683 2655 recipiuntur,
1704 2605 1958 2644 diversarum
1987 2612 2154 2646 aetatum

1120 2678 1170 2705 ao
1189 2667 1486 2712 conditionum,
1509 2671 1619 2705 tanta
1645 2667 1786 2705 dilatio
1820 2679 1929 2718 saepe
1961 2674 2067 2707 esset
2094 2670 2155 2707 in-

1121 2740 1321 2779 congrua,
1341 2732 1380 2765 et
1403 2727 1500 2778 ipsis
1520 2729 1705 2778 personis
1730 2740 1920 2773 onerosa,
1943 2729 2031 2768 sine
2051 2730 2154 2780 legi-

1120 2790 1218 2829 tima
1236 2801 1375 2836 causa,
1399 2793 1439 2827 et
1456 2789 1643 2839 religioni
1666 2789 1835 2837 inutilis,
1857 2790 1922 2828 vel
1938 2791 2060 2829 etiam
2082 2803 2152 2829 no-

1120 2852 1221 2891 civa.
1245 2853 1333 2890 Non
1361 2863 1459 2901 ergo
1492 2852 1624 2901 potuit
1645 2851 1735 2890 talis
1769 2852 1969 2890 terminus
2003 2865 2152 2892 conve-

1118 2914 1280 2952 nienter
1300 2912 1480 2959 limitari,
1504 2913 1578 2951 sed
1604 2913 1800 2964 prudenti
1819 2914 1986 2952 arbitrio
2011 2915 2152 2955 debuit

1118 2975 1311 3026 relinqui.

1170 3038 1236 3076 16.
1266 3036 1382 3075 Unde
1418 3036 1513 3075 addi
1548 3038 1683 3087 potest
1711 3037 1893 3076 secunda
1915 3038 2034 3083 ratio,
2057 3047 2149 3088 quae

1116 3097 1250 3148 magis
1271 3098 1443 3147 explicat
1456 3098 1780 3148 praecedentem;
1803 3111 1898 3137 nam
1914 3101 1975 3138 vel
1994 3099 2056 3136 hic
2071 3102 2151 3136 ter-

1117 3159 1255 3198 minus
1274 3159 1435 3198 futurus
1454 3165 1541 3198 erat
1562 3161 1616 3199 ita
1638 3165 1787 3208 certus,
1809 3166 1852 3199 ut
1866 3173 1941 3199 nec
1962 3159 2150 3199 contrahi

1115 3223 1271 3271 posset,
1293 3233 1370 3259 nec
1401 3222 1629 3273 prorogari,
1652 3234 1728 3260 nec
1759 3222 1883 3261 etiam
1905 3222 2149 3271 regulariter

1116 3282 1359 3334 dispensari,
1378 3284 1453 3321 nisi
1473 3295 1519 3322 ex
1542 3284 1785 3334 gravissima
1807 3288 1848 3322 et
1868 3283 2148 3322 extraordina-

1115 3343 1176 3383 ria
1191 3356 1334 3390 causa;
1348 3348 1388 3382 et
1404 3345 1479 3382 hoc.
1495 3345 1619 3383 modo
1637 3345 1884 3396 propositus,
1903 3344 2046 3382 fuisset
2060 3342 2148 3379 sine

1116 3403 1242 3443 dubio
1262 3405 1681 3452 incommodissimus‚
1704 3410 1747 3444 ut
1764 3406 1866 3444 ratio
1886 3405 1989 3442 facta
2012 3402 2148 3439 decla-

1116 3470 1205 3514 rat3
1231 3467 1294 3506 vel
1321 3467 1375 3506 ita
1398 3471 1506 3506 esset
1539 3467 1833 3518 designandus,
1854 3468 1898 3502 ut
1932 3469 2066 3501 tamen
2090 3461 2148 3499 fa-

1117 3526 1194 3566 cile
1209 3533 1349 3579 posset
1364 3528 1557 3575 Societas,
1574 3528 1639 3567 vel
1651 3528 1739 3578 ejus
1755 3528 1840 3564 Prae
1844 3523 2000 3574 positus
2015 3522 2147 3563 Gene-

1117 3588 1230 3638 ralis,
1253 3590 1295 3627 in
1317 3601 1367 3628 eo
1387 3589 1647 3641 dispensare,
1663 3584 1910 3627 coaictando
1929 3583 2060 3634 illum,
2082 3583 2147 3624 vel

1370 3739 1387 3757 4
