2352 3880
28 369 42 380 .
131 344 176 377 m
190 331 338 376 debere
363 332 596 386 praeccdere
622 333 976 375 denuntiationem
994 344 1046 376 ex
1060 333 1103 374 vi

67 392 267 454 {praecepti
277 405 292 446 ;
311 399 452 447 postea
466 408 563 435 vero
575 396 689 448 ponit
706 400 882 447 quatuor
900 395 1103 449 exceptio-

34 506 42 511 *
75 464 176 500 nes:
197 456 330 508 prima
349 459 426 506 est,
447 456 612 509 quando
630 457 758 497 frater
772 458 1002 507 venialiter,
1017 468 1101 497 non

68 518 303 573 mortaliter
333 523 485 570 peccat,
515 518 613 570 quia
646 518 697 558 ad
727 519 887 559 veniale
907 523 919 570 (
938 519 1101 573 inquit)

57 588 159 627 gnon
184 583 243 619 est
266 583 531 632 praeceptum.
551 579 629 618 Sed
649 578 699 618 de
720 578 798 619 hac
825 593 868 620 re
892 582 980 633 jam
999 579 1101 620 dixi-

24 642 27 644 ’
70 641 165 682 mus
184 641 230 680 in
249 645 387 681 assert.
412 643 450 680 1.
473 640 659 680 Secunda
675 642 858 693 exceptio
878 647 951 691 cst,
972 653 1102 695 quan·

35 731 40 734 -
71 699 125 742 do
142 714 227 741 11011
245 707 304 742 051
323 713 412 754 spes
428 700 611 741 emendae
639 714 713 754 per
740 707 941 743 secretam
969 701 1103 743 moni·

53 762 242 812 tionem.
271 763 409 802 Tertia
423 793 435 811 ‚
465 762 631 815 quando
652 763 747 803 licet
766 765 818 803 sit
842 777 947 816 spes,
969 768 1029 804 est
1045 767 1104 804 ta·

67 834 166 865 men
186 825 414 876 periculum
429 825 474 863 in
492 837 623 865 mora.
643 825 812 874 Quarta,
831 826 996 878 quando
1012 825 1103 878 quis

67 885 272 937 corripere
292 899 376 926 non
395 886 504 925 valet
523 888 610 926 sine
630 889 798 940 proprio
819 888 1016 940 periculo,
1038 888 1101 928 In-

66 944 194 986 ferius
217 959 315 987 vero
344 948 475 999 magis
496 949 701 1000 explicans
721 950 941 989 secundam
962 954 1003 989 et
1021 953 1102 988 ter-

65 1007 169 1048 tiam
203 1010 498 1061 exceptionem,
535 1022 627 1062 quae
660 1011 712 1050 ad
740 1023 828 1050 rem
859 1017 1102 1063 praesentem

66 1069 200 1121 magis
220 1071 331 1120 facit,
354 1071 569 1123 subjungit
588 1073 773 1124 regulam
791 1072 843 1111 ab
863 1072 952 1111 aliis
966 1076 1101 1111 aucto<

64 1130 179 1170 ribus
195 1137 361 1181 tactam,
384 1134 550 1172 dicens:
571 1135 656 1175 Hic
674 1135 804 1184 rnayis
826 1135 930 1173 debet
949 1132 1100 1174 attendi

64 1193 165 1244 finis
179 1195 455 1247 correptionis,
475 1194 629 1236 scili-cet
655 1196 870 1235 emendatio
883 1195 1099 1245 peccantis,

64 1265 186 1306 quam
216 1258 353 1306 forma
383 1257 619 1308 verborum,
637 1257 734 1308 quia
748 1285 761 1304 ‚
789 1259 834 1294 ut
867 1255 1100 1295 Aristoteles

65 1315 141 1359 ait,
157 1317 178 1356 4
203 1317 390 1366 Rhetor„
409 1331 495 1370 cap.
513 1321 553 1366 9,
570 1330 618 1358 ex
637 1318 810 1357 utilitate
835 1318 1098 1368 Reipublicae,

64 1387 150 1417 non
179 1390 229 1417 ex
260 1380 478 1419 verborum
506 1380 760 1430 inspectione
781 1411 791 1427 ‚
815 1379 881 1419 lex
901 1380 1100 1431 interpre-

64 1439 191 1478 tanda
218 1444 302 1491 est3
321 1440 431 1480 unde
451 1440 692 1492 subjungit:
716 1441 770 1483 Si
792 1442 945 1494 quando
973 1442 1103 1481 videa-

65 1502 136 1541 tur
149 1502 279 1550 frater
294 1514 463 1553 peccans
480 1503 684 1543 salubrius
703 1503 852 1555 corriyi
863 1516 938 1555 per
960 1503 1100 1550 alium,

65 1563 137 1616 qui
148 1567 279 1615 potest
300 1568 336 1604 et
357 1565 443 1604 vult
459 1566 657 1617 prodesse,
679 1578 795 1617 quam
810 1578 883 1618 per
902 1576 955 1613 se,
972 1576 1105 1605 secure

63 1628 199 1677 potest
219 1626 253 1664 ei
282 1627 460 1666 indicare
472 1642 489 1671 ‚·
507 1627 606 1666 unde
628 1627 748 1666 etiam
768 1626 949 1667 Proelato
974 1628 1105 1677 potest

66 1684 146 1725 dici
160 1690 365 1737 peccatum
386 1698 463 1726 non
476 1688 693 1738 praemissa
714 1689 941 1736 monitione,
963 1687 1024 1728 ‘cel
1046 1699 1104 1727 se-

67 1751 173 1788 creta
200 1749 450 1797 correctione,
467 1761 543 1788 non
560 1752 751 1801 tanquam
763 1749 910 1801 judici,
932 1749 1000 1789 sea
1015 1752 1103 1789 tan-

66 1818 186 1861 quam
208 1811 335 1850 amico
363 1811 569 1862 peccantis
586 1841 595 1856 ‚
615 1815 651 1851 et
674 1813 772 1863 quia
791 1811 854 1850 hic
883 1810 1014 1863 maqis
1035 1822 1103 1863 po-

67 1873 147 1910 test
158 1871 356 1923 prodesse,
371 1881 491 1923 quam
513 1872 631 1911 atius.
651 1872 738 1910 Imo
759 1872 872 1910 addit
890 1872 1102 1924 quidpiam

67 1929 288 1979 difficilius,
317 1937 547 1983 peccatum,
579 1932 629 1972 de
662 1945 744 1984 quo
776 1933 904 1971 frater
931 1943 1103 1984 peccans

68 1991 148 2033 fuit
178 1999 331 2032 secrete
364 2003 590 2045 correptus,
614 2005 688 2033 seu
707 1993 968 2042 admonitus,
993 1993 1103 2034 etde

66 2064 152 2106 quo
171 2066 214 2095 50
234 2054 482 2102 emendavit,
502 2067 619 2107 posse
648 2055 728 2095 dici
756 2055 929 2094 Praelato
958 2055 1104 2107 praeci·

68 2115 200 2168 pienti
219 2116 580 2168 per-obedientiam
591 2127 605 2166 3
620 2116 678 2156 ita
695 2120 834 2156 tamen
854 2116 963 2169 quod
983 2116 1103 2157 side·

66 2178 266 2217 nuntians
290 2178 399 2220 solus
416 2183 602 2227 noverat,
628 2177 703 2217 soli
724 2177 896 2217 Praelato
915 2178 1024 2215 dicat
1036 2191 1050 2227 ς
1070 2174 1105 2222 si

67 2242 207 2279 autem
232 2237 304 2278 alii
328 2243 553 2287 noverant,
582 2248 721 2279 coram
740 2239 821 2278 illis
836 2268 846 2283 .
864 2242 906 2279 01
924 2250 1012 2279 non
1043 2249 1107 2279 co-

69 2310 161 2342 ram
187 2299 280 2339 aliis
306 2300 478 2341 Praelato
507 2300 689 2348 revelet;
719 2299 828 2352 quod
858 2311 1020 2352 semper
1046 2299 1107 2340 in-

68 2361 343 2414 telligendum
368 2366 443 2411 est,
463 2367 624 2403 servata
650 2362 758 2402 dicta
788 2362 932 2413 regula
962 2365 1003 2402 ct
1026 2359 1108 2402 fine

69 2422 296 2471 eharitatis,
318 2423 484 2473 scilicet,
500 2428 546 2463 ut
562 2423 628 2465 vel
646 2424 699 2463 ad
717 2434 936 2463 commune
950 2422 1106 2462 bonum

69 2485 297 2537 religionis,
314 2485 380 2526 vel
398 2486 612 2538 ipsiusmet
631 2486 848 2538 peccantis,
867 2490 918 2523 ut
936 2485 980 2523 in
999 2484 1106 2523 futu-

70 2557 167 2586 rum
195 2545 344 2587 melius
370 2552 653 2600 praeservetur,
675 2546 718 2587 id
737 2551 953 2586 censeatur
969 2556 1107 2585 neces·

72 2607 230 2648 sarium
250 2639 258 2654 ,
288 2606 355 2648 vel
389 2609 535 2650 saltem
565 2608 698 2660 magis
730 2608 990 2648 conveniens.
1023 2608 1106 2647 Hoc

72 2668 185 2711 enim
203 2667 323 2709 nobis
343 2671 548 2723 praecipue
575 2670 874 2710 observandum
896 2673 956 2709 est
986 2669 1030 2709 in
1055 2670 1104 2709 ci·

70 2733 160 2770 1010
189 2730 405 2780 doctrina,
431 2743 524 2783 quae
556 2736 619 2772 est
645 2732 733 2772 Div.
755 2732 924 2771 Thomae
948 2734 989 2770 et
1021 2741 1109 2771 om-

71 2851 178 2901 bus,
207 2865 357 2905 nempe
381 2854 430 2894 ad
463 2854 734 2894 omittendam
765 2854 875 2895 licite
909 2855 1105 2907 praeviam

74 2914 351 2954 ‘monitionem
370 2921 582 2966 secretam,
599 2921 882 2969 nonoportere
894 2916 1022 2955 11111Ιο
1039 2927 1084 2956 re
1096 2938 1105 2944 —

70 2979 244 3029 putetur
263 2976 436 3024 inutilis,
457 2977 527 3017 sed
545 2977 643 3017 satis
673 2989 759 3017 esse
785 2982 832 3018 ut
857 2989 934 3029 per
964 2976 1108 3018 Praela-

70 3041 169 3078 'tum
189 3038 322 3088 major
340 3038 509 3087 utilitas,
526 3038 592 3078 vel
609 3039 715 3078 circa
731 3039 1046 3079 satisfactionem
1068 3043 1107 3078 et

73 3100 413 3139 emendationem
433 3101 671 3154 commissi,
693 3101 761 3154 ve}
786 3102 895 3144 cirea
922 3101 1107 3146 futurum

42 3153 47 3155 ³
69 3160 309 3239 ⁴periculum
327 3165 526 3212 speretur.

39 3252 42 3253 γ
72 3239 74 3241 -
129 3222 173 3265 9.
206 3222 412 3262 Probatur
440 3221 612 3264 ulterius
631 3234 680 3264 ea>
701 3223 933 3265 Innocentio
950 3223 1108 3267 HL·—

40 3251 261 3403 jaeenique
290 3283 522 3322 confirmari
553 3283 630 3324 hoc
661 3289 794 3338 potest
829 3297 878 3327 ex
909 3287 1107 3328 Innocen-

39 3356 49 3377 .·
92 3394 94 3400 Ι
115 3355 138 3383 0
165 3343 233 3390 111,
255 3343 298 3382 in
317 3356 352 3383 0.
387 3345 569 3392 Qualiter
594 3349 632 3387 et
652 3348 822 3399 quando,
849 3349 890 3396 2,
914 3348 964 3387 de
982 3348 1104 3390 Accu-

40 3393 50 3431 ἶ
71 3420 77 3426 ·
94 3400 101 3407 ''
146 3405 320 3454 'onibus,
338 3405 408 3444 ubi
425 3418 519 3445 cum
537 3406 728 3448 dixisset:
750 3409 872 3450 Sicut
891 3414 981 3450 ante
1000 3422 1108 3452 acono-

46 3504 49 3510 ,
91 3456 115 3518 ”,
131 3465 269 3517 tionem
290 3467 510 3520 leqe'timam
525 3470 740 3521 proecedere
759 3471 864 3511 debet
880 3472 1107 3523 inscriptio,

58 3548 63 3552 ·
113 3523 144 3566 ’ἓ
152 3527 534 3569 &denuntiationem
551 3530 794 3572 charitativa
810 3533 987 3580 monitio,
1000 3537 1037 3574 et
1046 3534 1111 3574 in-

126 3586 334 3630 '‘st'tionem
366 3589 586 3631 clamorosa
614 3591 847 3640 insinuatio,
868 3593 1005 3633 subdit
1034 3597 1112 3635 sta-

124 3688 128 3689 .
174 3661 186 3687 =
206 3648 330 3692 Hane
342 3653 473 3693 tamen
488 3652 664 3695 ordinem
681 3654 789 3697 circa
807 3655 1012 3710 regulares
1019 3667 1113 3711 pcr-

329 270 420 304 cAP.
441 270 497 305 lx.
520 270 576 307 nt:
595 270 708 308 110Βο
728 270 880 307 ursum
898 271 943 306 m
959 268 1187 306 sommam
1207 269 1541 306 DENUN'I'IATIONE
1561 269 1836 315 manculos,
1853 271 1947 309 mc.

72 2792 206 2838 nium,
229 2795 269 2832 et
297 2792 476 2832 maxime
502 2796 639 2833 locum
670 2791 796 2834 habet
827 2794 873 2833 111
900 2791 1114 2843 religioni,

1157 345 1276 376 sonas
1303 345 1384 375 non
1406 336 1604 376 oredimus
1626 346 1905 390 usquequaque
1931 338 2192 389 servandum,

1155 406 1264 447 quoe,
1302 407 1389 436 cum
1417 407 1537 436 causa
1568 398 1756 450 requirit,
1778 398 1941 447 facilius
1969 403 2009 440 et
2029 399 2194 442 liberius

1150 461 1323 510 possunt
1343 468 1368 498 a
1386 458 1476 497 suis
1496 458 1914 500 administrationibus
1928 461 2127 508 amon-er&
2144 474 2194 503 ex

1156 529 1239 569 quo
1265 517 1356 556 loco
1373 518 1566 556 videntur
1584 519 1718 570 plures
1742 532 1792 560 ex
1821 521 1939 561 dictis
1958 523 2194 564 auctoribus

1154 578 1272 619 illum
1293 579 1462 618 modum
1477 579 1672 631 loquendi
1688 583 1916 634 sumpsisse.
1934 586 1984 623 Et
2002 585 2193 626 videntur

1154 640 1225 680 illa
1245 641 1391 680 ultima
1422 641 1547 680 verba
1575 642 1627 680 ad
1647 653 1788 682 omnes
1813 649 1894 683 tres
1926 647 2085 694 modos,
2105 647 2193 687 ins-

1155 702 1379 754 criptionis,
1411 703 1578 750 scilicet,
1608 698 1862 752 inonitionis,
1894 709 1935 744 et
1954 707 2194 759 inquisitio-

1152 764 1221 804 nis
1240 764 1475 814 referenda,
1508 765 1606 816 quia
1631 776 1754 816 super
1783 777 1923 805 omnes
1952 768 2189 812 immediate

1155 826 1331 876 cadunt;
1353 826 1450 879 quia
1471 826 1587 866 nulla
1617 830 1677 866 est
1706 827 1811 866 ratio
1831 839 1903 866 cur
1929 829 1979 868 ad
2010 832 2189 881 primum

1154 887 1218 926 rel
1239 889 1428 937 tertium,
1463 891 1503 927 et
1522 900 1605 927 non
1633 887 1686 927 ad
1717 889 1940 928 secundum
1975 892 2184 933 referatur.

1155 947 1206 988 Et
1229 948 1278 987 de
1304 949 1394 987 aliis
1414 949 1580 1000 quidem
1605 949 1787 989 dicemus
1807 963 1896 1002 cap.
1919 953 1966 991 11
1990 956 2032 991 et
2054 955 2120 997 12,
2144 953 2193 994 de

1155 1011 1332 1050 secundo
1351 1023 1462 1060 vero,
1494 1012 1601 1062 quod
1629 1012 1679 1051 ad
1699 1024 1879 1064 praesens
1897 1019 2067 1065 spectat,
2087 1015 2193 1055 ratio

1154 1072 1369 1125 mu'tiplex
1388 1072 1505 1111 reddi
1522 1078 1668 1124 potes...

1209 1134 1275 1174 io.
1307 1134 1429 1174 Ratio
1458 1146 1531 1185 pro
1566 1134 1697 1173 eadem
1730 1134 2191 1185 assertione—Prima,

1155 1194 1251 1244 (1·110
1272 1195 1487 1246 religiosus
1505 1206 1553 1234 ex
1571 1195 1611 1233 vi
1630 1195 1694 1233 sui
1718 1199 1845 1233 status
1864 1195 2081 1247 profitetur
2099 1209 2194 1249 per-

1154 1255 1338 1294 fectionis
1366 1256 1492 1304 viam,
1514 1260 1555 1294 et
1575 1261 1872 1307 consequenter
1900 1258 2024 1296 0110111
2057 1270 2194 1298 emen-

1155 1317 1363 1355 d:·tionem
1381 1329 1545 1355 morum
1565 1329 1638 1368 per
1656 1318 1838 1356 remedia
1853 1319 2023 1357 meliora
2039 1323 2079 1357 et
2099 1331 2194 1359 con-

1155 1389 1197 1417 v&
1223 1379 1410 1417 iientiora
1428 1387 1440 1426 3
1460 1382 1500 1416 et
1519 1377 1610 1416 ideo
1629 1378 1817 1428 quamvis
1835 1378 1939 1416 forte
1956 1379 2062 1418 circa
2083 1391 2195 1419 secu-

1157 1437 1203 1478 la·
1222 1451 1261 1478 es
1278 1451 1363 1477 non
1378 1440 1428 1477 sit
1445 1438 1561 1477 facile
1575 1439 1802 1477 omittenda
1816 1440 1966 1490 praevia
1982 1441 2192 1489 correctio,

1156 1504 1323 1552 popter
1341 1512 1453 1551 spem
1474 1501 1641 1550 majoris
1659 1500 1773 1548 boni,
1801 1502 1965 1552 quaudo
1990 1502 2195 1541 sufficiens

1158 1562 1388 1601 emendatio
1406 1574 1478 1613 per
1499 1562 1607 1600 idem
1628 1566 1827 1613 speratur,
1855 1563 2126 1602 nihilominus
2151 1564 2195 1602 in

1158 1635 1179 1663 r
1205 1624 1349 1675 ligioso
1368 1628 1476 1662 statu
1503 1623 1573 1661 illa
1596 1624 1822 1662 existimari
1842 1623 1962 1662 debet
1989 1625 2095 1663 ratio
2116 1624 2195 1663 suf-

1157 1685 1313 1725 ficiens,
1336 1686 1413 1724 Sed
1433 1685 1571 1736 objicit
1590 1686 1700 1733 Soto,
1723 1685 1817 1723 dist.
1837 1686 1903 1731 94,
1923 1685 2020 1724 dub.
2044 1688 2082 1733 3,
2106 1694 2197 1738 post

1157 1747 1322 1787 tertiam
1338 1759 1470 1792 00110.,
1501 1749 1597 1797 quia
1616 1747 1727 1785 fama
1746 1746 1897 1785 subditi
1918 1748 2028 1797 apud
2053 1748 2198 1787 Praela-

1156 1811 1247 1847 111111
1267 1810 1408 1859 magni
1435 1808 1675 1847 aestimanda
1699 1812 1774 1856 est,
1799 1812 1846 1847 ut
1867 1821 2041 1847 numero
2075 1810 2196 1849 tertio

1157 1869 1335 1909 indicavi
1346 1885 1356 1919 3
1386 1882 1484 1921 ergo
1514 1871 1601 1908 sine
1626 1874 1810 1908 extrema
1843 1874 2082 1909 necessitate
2114 1883 2198 1910 non

1157 1937 1217 1971 est
1233 1933 1503 1983 prodigenda;
1521 1943 1618 1981 ergo
1633 1944 1717 1969 non
1734 1931 1832 1969 satis
1845 1937 1904 1970 est
1916 1932 2025 1982 quod
2045 1944 2199 1972 correc-

1157 1993 1214 2032 tio
1233 1994 1378 2032 melius
1397 1993 1486 2032 fieri
1506 1992 1633 2044 possit
1651 2005 1722 2044 per
1743 1992 1978 2041 Praelatum,
2001 1994 2069 2032 sed
2084 2006 2198 2045 opor-

1156 2059 1218 2095 tet
1248 2060 1295 2095 ut
1323 2055 1443 2095 aliter
1468 2055 1558 2094 fieri
1586 2067 1670 2094 non
1695 2056 1833 2106 possit.
1865 2055 1999 2106 Atque
2025 2056 2082 2096 ita
2113 2057 2198 2108 ipse

1156 2118 1296 2166 sentit,
1318 2119 1442 2157 etiam
1462 2118 1569 2156 inter
1585 2117 1819 2167 religiosos;
1844 2117 1913 2155 sed
1931 2118 1975 2156 in
1995 2117 2072 2156 hoc
2101 2130 2197 2158 con-

1157 2179 1324 2219 tradicit
1346 2179 1466 2230 plane
1485 2180 1530 2218 D.
1560 2178 1729 2216 Thomae
1749 2181 1790 2216 et
1808 2179 2018 2216 communi
2037 2182 2197 2219 sentenm

1158 2242 1233 2280 tice
1247 2242 1579 2290 Doctorumquos
1596 2250 1714 2278 num.
1726 2240 1767 2286 7,
1780 2240 1805 2279 8
1817 2243 1856 2277 et
1872 2241 1898 2279 9
1916 2239 2052 2279 retuli.
2067 2242 2198 2290 Unde,

1159 2300 1254 2342 licet
1270 2301 1438 2340 fortasse
1456 2303 1564 2340 iuter
1582 2300 1781 2341 seculares
1799 2301 1871 2339 illa
1896 2301 2082 2341 doctrina
2110 2303 2197 2342 Soti

1159 2362 1206 2404 in
1226 2363 1343 2415 praxi
1360 2362 1603 2413 regulariter
1619 2363 1669 2400 sit
1688 2363 1880 2411 securior,
1897 2363 1994 2414 quia
2009 2363 2199 2403 secularis

1161 2424 1294 2475 magis
1309 2424 1459 2477 pendet
1472 2435 1522 2462 ex
1541 2423 1779 2474 hujusmodi
1799 2424 1922 2472 fama,
1942 2429 1982 2462 et
1995 2425 2091 2475 quia
2103 2437 2196 2465 raro

1160 2487 1268 2525 inter
1287 2498 1355 2525 eos
1377 2489 1438 2524 est
1455 2485 1521 2525 hic
1540 2496 1636 2524 usus
1658 2489 1838 2535 paternae
1860 2486 2196 2535 denuntiationis,

1162 2551 1203 2587 et
1221 2559 1385 2587 rursum
1411 2548 1509 2598 quia
1526 2558 1607 2586 non
1629 2549 1726 2585 sunt
1745 2547 1917 2599 professi
1935 2548 2048 2586 viam
2068 2550 2196 2599 magio-

1161 2609 1218 2648 rfs
1233 2608 1516 2661 perfectionis;
1538 2611 1678 2646 tamen
1693 2607 1801 2646 inter
1814 2608 2023 2658 religiosos
2040 2621 2122 2648 non
2138 2615 2197 2649 est

1158 2664 1334 2711 ,dubium
1347 2671 1463 2723 quin,
1482 2670 1514 2709 si
1529 2669 1723 2709 Praelatus
1741 2671 1794 2709 sit
1806 2670 1936 2722 qualis
1954 2683 2038 2710 esse
2058 2671 2195 2720 dehet,

1164 2732 1241 2771 hoc
1270 2733 1390 2772 liceat
1415 2742 1502 2772 non
1524 2731 1657 2770 solum
1681 2735 1848 2784 propter
1872 2731 2102 2774 absolutam
2127 2746 2197 2773 ne-

1165 2795 1405 2842 cessitatem,
1441 2792 1511 2833 sed
1537 2795 1662 2832 etiam
1682 2798 1848 2845 propter
1869 2794 2081 2845 quodlibet
2107 2806 2197 2835 ma-

1162 2858 1226 2908 jus
1256 2855 1468 2909 spirituale
1496 2855 1668 2904 bonnm,
1695 2856 1761 2894 cui
1789 2867 1872 2895 non
1903 2860 1964 2896 est
1991 2856 2103 2895 fama
2128 2856 2196 2896 illa

1163 2918 1449 2970 comparanda,
1471 2918 1700 2969 praesertim
1719 2916 1818 2969 quia
1834 2916 1906 2956 illa
1923 2917 2095 2957 infamia
2114 2930 2194 2957 nor

1162 2984 1221 3020 est
1240 2980 1344 3018 tanti
1362 2979 1576 3030 momenti,
1595 2982 1644 3018 111
1661 2980 1801 3018 51011111
1823 2979 1982 3019 dicetur
2007 2980 2052 3019 in
2075 2980 2191 3019 tertis

1162 3042 1337 3091 satione,
1360 3042 1561 3099 attigique
1588 3051 1732 3094 supra,
1760 3051 1848 3094 cap.
1868 3045 2002 3089 sexto,
2024 3051 2190 3081 numero,

1162 3103 1355 3143 secundo.
1824 3125 1827 3136 .

1213 3165 1280 3205 11.
1307 3162 1494 3206 Secunda
1519 3161 1971 3214 ratim—Erplz'catur
1991 3159 2056 3199 vis
2073 3159 2190 3211 hujus

1164 3226 1621 3274 rationis.-Secunda,
1636 3226 1733 3278 quia
1748 3229 1856 3263 mter
1874 3220 2084 3270 religiosos
2099 3232 2189 3272 pro-

1163 3292 1252 3339 pter
1265 3288 1464 3340 majorem
1481 3288 1679 3327 unionem
1695 3288 1802 3325 inter
1816 3283 2031 3323 Praeiatum
2046 3285 2088 3320 et
2100 3280 2189 3320 sub-

1162 3349 1294 3388 <litum
1311 3379 1322 3397 ‚
1358 3351 1639 3401 majoremque
1677 3345 1991 3397 dependentiam
2028 3343 2119 3381 fere
2145 3340 2191 3380 in

1163 3411 1354 3449 omnibus
1385 3411 1506 3451 rebus
1544 3415 1584 3450 et
1611 3406 1941 3458 occupationibus
1977 3403 2094 3451 vitai,
2123 3412 2189 3440 re-

1163 3472 1305 3523 gulare
1340 3483 1388 3512 00
1425 3472 1576 3512 morale
1612 3474 1673 3510 est
1709 3473 1758 3506 ut
1792 3479 1864 3519 per
1894 3463 2190 3517 providentiam

1164 3533 1324 3574 Praelati
1349 3533 1565 3586 perfectior
1589 3535 1630 3570 et
1659 3529 1818 3568 firmior
1847 3525 2075 3566 emendatio
2106 3535 2191 3576 ape-

1164 3600 1300 3644 retur3
1318 3596 1419 3647 quin
1447 3595 1581 3648 potius
1600 3591 1715 3631 addit
1739 3589 1970 3640 cajetanus,
1984 3589 2098 3624 tomo
2109 3591 2155 3637 μ’.

1165 3668 1236 3699 1110
1260 3657 1436 3710 0111150.,
1469 3658 1588 3694 tract.
1625 3653 1708 3702 31,
1735 3650 1806 3703 qui
1835 3651 1896 3689 est
1929 3649 1981 3688 47
2014 3647 2185 3698 Respon-
