2352 3880
183 301 276 329 mm
295 285 483 338 spiritum
509 281 726 328 hauriant,
749 285 791 321 et
810 293 1017 320 summam
1040 279 1215 333 diligen-

182 352 284 392 tiam
303 346 502 388 adhihent
520 346 566 382 ut
585 341 772 394 magistri
801 353 1026 394 puerorum
1046 341 1131 382 suis
1149 353 1214 382 er-

184 411 345 454 roribus
366 405 520 453 infecti,
540 407 584 443 et
616 403 672 444 ad
705 414 778 443 eos
809 403 948 444 affecti
974 404 1070 444 sint.
1103 402 1215 444 Etin

183 469 354 513 concilio
377 466 628 513 Coloniensi,
650 465 728 505 suh
745 465 950 517 Adolpho‚
972 477 1014 517 p.
1045 467 1086 513 1,
1112 477 1150 505 e.
1171 465 1214 514 i,

182 533 358 574 refertur
386 528 583 568 sectarios
601 527 849 580 magisteriis
868 528 1028 567 inhiare
1049 526 1213 566 schola-

179 604 295 639 rum,
321 594 362 630 et
384 601 555 640 operam
574 601 695 629 suam
717 589 981 628 instituendae
1006 583 1213 639 juventuti

179 653 336 707 passim
355 651 569 691 venditare
583 680 595 699 ‚
616 653 664 690 ut
679 661 842 689 venena
864 662 939 689 sua
962 654 1116 689 tenerae
1147 648 1214 699 ju-

178 714 341 756 ventuti
358 713 582 759 instillent3
605 711 658 750 de
678 711 780 750 Divo
807 712 933 750 etiam
961 712 1080 749 Petro
1107 720 1216 747 mar-

179 780 286 829 tyre,
303 787 355 814 ex
370 775 412 814 S.
435 773 635 812 Dominici
651 772 823 818 familia,
844 770 1037 809 scribitur
1053 771 1215 821 patrem

178 842 457 889 patruumque
481 835 695 874 haereticos
728 832 990 872 contendisse
1022 831 1123 882 (sed
1155 835 1216 870 ta-

178 909 278 938 men
295 897 470 947 frustra)
491 900 538 934 ut
566 895 619 933 ab
650 893 792 933 schola
822 895 1121 939 removeretur,
1143 891 1216 930 ubi

179 971 276 1000 cum
310 959 468 998 caeteris
498 956 640 1006 pueris
669 954 770 993 fidei
799 957 952 993 nostrae
980 953 1219 993 rudimenta

178 1020 404 1065 didiceram
444 1021 552 1056 esset
586 1028 686 1067 ergo
713 1015 941 1057 absurdum
972 1018 1013 1055 et
1031 1015 1216 1054 insolens

179 1083 250 1132 (ut
282 1080 338 1118 ait
360 1078 605 1119 Theodorus
628 1077 795 1128 supra),
835 1076 871 1116 si
904 1075 1100 1123 haeretiei,
1140 1086 1217 1127 pro

177 1141 334 1181 tuendo
358 1139 606 1187 mendacio,
626 1149 855 1190 puerorum
882 1138 1044 1177 animos
1068 1148 1219 1187 praeoc—

178 1213 334 1252 cupare
357 1201 588 1247 studerent,
613 1204 654 1239 et
673 1199 858 1239 Ecclesia
877 1211 954 1250 pro
972 1199 1147 1237 veritate
1179 1200 1221 1237 et

177 1265 411 1303 animarum
445 1263 578 1302 salute
612 1261 875 1301 defendenda
898 1261 940 1299 in
974 1271 1024 1299 eo
1052 1259 1218 1310 negotio

177 1326 397 1375 negligens
410 1324 667 1364 inveniretur
680 1337 689 1369 ;
707 1325 877 1374 propter
885 1322 994 1360 hanc
1007 1333 1106 1370 ergo
1117 1332 1219 1368 prae-

180 1387 299 1438 cipue
314 1399 484 1426 causam
503 1387 692 1426 existimo
710 1386 781 1423 tali
796 1389 984 1432 tempore
1005 1381 1138 1418 Deum
1153 1391 1219 1419 ex-

179 1449 327 1487 citasse
347 1448 569 1497 Ignatium,
592 1445 714 1494 eique
739 1444 848 1482 hanc
863 1445 1049 1481 mentem
1066 1445 1107 1480 et
1125 1451 1219 1479 con-

179 1508 318 1547 silium
351 1507 511 1557 absque
542 1506 717 1544 aliarum
753 1504 1004 1554 religionum
1042 1506 1219 1553 urgente

179 1569 370 1619 exemplo
390 1567 571 1614 dedisse,
593 1566 778 1616 illudque
797 1565 860 1603 sui
874 1563 1023 1603 Vicarii
1045 1562 1222 1602 auctori-

178 1633 277 1675 tate,
296 1634 336 1668 et
350 1629 491 1667 multis
511 1628 727 1668 effectibus
747 1639 796 1665 ac
813 1638 896 1665 suae
918 1626 1061 1675 gratiae
1083 1628 1221 1663 osten-

178 1692 366 1731 sionibus
377 1691 686 1742 comprobasse.
705 1688 861 1734 Quibus
875 1688 1045 1726 tandem
1065 1685 1222 1725 accedit

180 1754 470 1804 gravissimum
494 1751 776 1790 Cardinalium
794 1748 1077 1788 testimonium
1093 1761 1103 1795 ;
1122 1759 1221 1786 nam

179 1815 222 1852 in
243 1813 590 1865 Congregatione,
612 1814 655 1851 in
674 1824 756 1863 qua
775 1811 828 1850 ad
849 1811 978 1849 dubia
996 1811 1105 1849 circa
1121 1810 1223 1847 Con-

179 1876 318 1914 cilium
353 1874 644 1912 Tridentinum
675 1873 924 1923 respondet,
962 1872 1005 1910 in
1040 1871 1222 1921 quadam

180 1935 453 1986 responsione
473 1936 565 1982 231,
585 1935 694 1973 circa
714 1934 929 1972 decretum
947 1933 1115 1971 Concilii
1134 1932 1222 1970 Tri-

179 1997 354 2042 dentini,
377 2008 478 2035 sess.
499 1998 567 2042 23,
590 2006 626 2033 c.
651 1995 717 2040 18,
735 1994 789 2031 de
807 1993 1131 2038 Reformatione,
1152 1992 1223 2031 ad-

180 2059 375 2098 diderunt
396 2056 644 2107 quaerendos
661 2067 752 2094 esse
773 2055 994 2104 magistros
1014 2065 1222 2104 gramma-

182 2121 272 2159 ticae
303 2123 344 2158 et
368 2118 539 2157 musicae
576 2117 777 2164 eruditos,
811 2116 881 2166 qui
915 2116 958 2154 in
990 2114 1223 2154 seminariis

182 2193 335 2232 pueros
363 2179 594 2226 instituant,
617 2189 785 2230 quoram
807 2177 889 2227 (ait
921 2177 1217 2227 Congregatio)

181 2245 218 2285 ai
247 2243 503 2295 reperiantur
533 2241 706 2282 Jesnitoe
722 2270 735 2289 ,
771 2240 925 2280 ceteris
960 2239 1220 2291 anteponendi

180 2308 289 2346 sunt.
314 2306 446 2354 Atque
466 2303 524 2341 ita
540 2301 797 2341 satisfactum
819 2305 881 2339 est
902 2301 1035 2339 tribus
1054 2299 1221 2340 rationi-

181 2377 260 2406 nus
280 2364 495 2404 dubitandi
513 2364 556 2402 in
575 2375 751 2402 numero
774 2366 888 2402 sexto
906 2362 1066 2413 positis.

237 2428 302 2466 14.
337 2426 443 2473 Quid
463 2425 647 2466 Societas
668 2425 806 2465 habeat
825 2425 870 2463 de
899 2423 1117 2463 eruditione
1149 2421 1224 2463 ele—-

180 2489 383 2529 mentaria
410 2498 641 2539 puerorum.
660 2509 712 2515 —
732 2485 893 2524 Addam
918 2485 960 2523 in
985 2484 1068 2524 fine
1098 2484 1223 2534 hujus

183 2549 345 2600 capitis,
366 2560 498 2598 usque
520 2547 624 2587 adeo
644 2546 757 2587 cordi
771 2547 899 2585 fuisse
912 2546 960 2585 D.
977 2547 1019 2585 P.
1042 2547 1089 2586 N.
1107 2547 1224 2598 Igna-

183 2611 240 2650 tio
260 2611 370 2650 hanc
389 2610 678 2649 educationem
699 2620 940 2659 puerorum.
964 2612 1009 2647 ut
1038 2620 1123 2647 non
1151 2620 1224 2659 pu-

184 2671 334 2711 taverit
365 2671 584 2721 indignum
607 2670 674 2709 vel
694 2670 878 2708 alienum
906 2682 930 2707 a
950 2673 1091 2709 nostro
1111 2669 1225 2708 insti-

186 2738 292 2782 tuto,
311 2733 437 2772 etiam
457 2733 622 2771 illorum
642 2744 786 2771 euram
809 2733 1034 2783 suscipere,
1057 2732 1126 2783 qui
1149 2731 1225 2770 sub

187 2795 325 2845 aliquo
346 2794 545 2844 magistro
561 2793 700 2843 legere
715 2792 935 2831 addiscunt
946 2797 1014 2832 aut
1026 2793 1222 2841 scribere,

187 2867 282 2895 eum
294 2855 434 2894 debito
445 2858 586 2894 tamen
603 2854 904 2893 moderamine.
921 2854 1090 2894 Undein
1105 2865 1225 2903 quar-

188 2919 231 2956 ta
248 2919 366 2966 parte
384 2915 749 2961 Constitutionum,
768 2927 804 2952 c.
825 2916 890 2961 12,
913 2915 955 2952 in
969 2914 1052 2953 fine
1071 2915 1225 2954 ultimae

187 2976 495 3023 declarationis,
516 2976 574 3014 sic
593 2975 768 3015 dicitur:
789 2976 846 3016 In
875 2976 1032 3029 legendo
1055 2979 1093 3017 et
1122 2964 1226 3017 scri-

187 3036 305 3079 bendo
322 3035 425 3076 alios
437 3036 663 3084 instituere,
675 3048 773 3087 opus
793 3037 914 3076 etiam
934 3037 1151 3078 charitatis
1167 3049 1226 3078 es-

188 3102 265 3147 set,
281 3097 319 3138 si
337 3098 376 3139 is
395 3108 656 3149 personarum
689 3109 880 3137 numeras
913 3097 1113 3139 Societati
1134 3110 1227 3151 sup—

188 3162 351 3211 peteret,
370 3163 415 3200 ut
434 3159 615 3199 omnibns
634 3170 775 3199 vacare
791 3163 923 3209 posset
938 3177 954 3206 ,·
966 3163 1132 3212 propter
1165 3172 1227 3202 ea-

189 3231 281 3262 rum
294 3224 424 3261 tamen
438 3222 666 3273 penwriam,
687 3221 758 3260 Ιιοσ
777 3221 982 3261 ordinarie
995 3223 1128 3263 dooere
1147 3234 1226 3263 non
1260 3238 1265 3245 “

193 3280 476 3322 consuevimus.
498 3281 645 3331 Itaque
680 3292 785 3332 opus
818 3281 988 3331 quidem
1019 3282 1156 3333 ipsum
1175 3295 1226 3323 ex

193 3353 238 3381 se
258 3342 470 3381 charitatis
490 3346 566 3390 est,
591 3345 633 3381 et
661 3345 902 3392 susceptum
932 3347 1101 3394 propter
1119 3355 1227 3394 prae-

193 3402 348 3442 dictum
365 3402 509 3452 finem,
529 3402 697 3449 scilicet,
720 3407 766 3442 nt
783 3402 901 3454 pueri
918 3415 1014 3443 cum
1033 3404 1131 3454 ipsis
1146 3405 1226 3456 pri-

193 3463 272 3502 mis
305 3463 470 3512 litteris,
491 3463 596 3502 nihil
624 3462 739 3503 aliud
758 3475 886 3514 quam
906 3464 1168 3505 honestatem
1187 3470 1229 3506 et

193 3524 439 3577 religionem
449 3524 681 3572 addiscant,
696 3528 806 3564 esset
817 3536 963 3566 revera
973 3537 1173 3579 magnum
1188 3531 1229 3568 et

193 3585 435 3637 religiosum
465 3585 715 3638 obsequium
742 3586 841 3634 Dei,
872 3598 958 3627 non
987 3591 1130 3629 tamen
1149 3589 1227 3629 nisi

498 216 576 251 Lm
593 216 635 248 v,
656 214 712 248 nr.
732 213 1019 249 scnoms‘rrcis
1039 214 1095 248 ac
1113 214 1273 250 srms
1293 213 1542 254 soem-rans,
1563 213 1652 249 'ran
1671 211 1874 256 mmm.
1893 207 1986 250 im.

1268 293 1364 323 raro
1391 281 1628 333 suscipitur,
1648 284 1695 322 et
1720 283 1893 334 proptor
1923 292 2096 332 gramm
2128 310 2130 317 =
2156 290 2187 317 s:
2210 274 2216 285 '
2250 330 2255 336 ‚

1269 353 1452 391 causam,
1475 347 1518 383 et
1536 354 1805 384 communem
1823 343 2128 394 amntem,
2143 339 2231 386 *nuk

1267 404 1512 447 muneribus
1530 405 1706 444 nimium
1726 404 1874 456 religio
1904 409 2116 447 oneretur.
2149 406 2241 446 Po-t‘
2260 448 2274 462 ν
2308 438 2313 441 .

1269 476 1352 519 que
1370 465 1540 504 moralis
1557 466 1663 505 ratio
1684 465 1879 517 adjungi3
1901 476 2003 506 nam
2017 465 2202 515 utilitas,
2233 477 2248 513 ·j
2272 514 2280 517 ἡ
2310 463 2311 470 ’

1269 537 1320 567 ex
1335 526 1406 565 illo
1426 527 1664 578 magisterio
1682 527 1871 576 resultat,
1887 527 2022 578 magis
2047 531 2208 569 remota
2249 557 2254 563 .

1268 599 1294 627 a
1312 587 1523 627 litterariis
1541 588 1783 639 disciplinis,
1802 587 2029 641 minusque
2045 589 2100 628 ab
2119 589 2189 629 illa
2217 612 2223 625 -
2261 594 2270 598 ’·

1269 648 1368 688 dent
1398 649 1566 688 altiores
1585 650 1787 700 scientiae,
1808 660 1938 701 quam
1963 660 1988 690 a
2015 661 2204 702 gramma
2217 668 2255 686 «ι

1269 711 1336 750 vel
1355 710 1447 749 aliis
1470 710 1629 751 artibus
1646 712 1903 760 liberalibus,
1940 715 1983 752 et
1999 723 2051 752 ex
2073 712 2154 753 hac
2199 731 2208 748 ·
2224 730 2244 747 ,ι
2266 714 2280 754 ’.

1269 773 1408 811 minus
1428 773 1650 824 conjuncta
1676 776 1740 815 est
1767 784 1863 814 cum
1893 774 2162 826 collegiorum
2190 774 2250 813 in
2343 783 2348 785 ·

1269 836 1359 872 tuto
1381 863 1391 880 ,
1412 832 1619 884 facileque
1638 835 1748 873 inter
1778 835 1987 875 seculares
2018 836 2236 875 inveniunt

1272 894 1343 945 qui
1368 898 1509 934 exacte
1530 899 1663 934 artem
1696 896 1809 935 illam
1830 896 2031 944 doceant,
2053 909 2147 948 quae
2171 909 2240 936 ma

1272 955 1399 996 etiam
1419 955 1472 995 ad
1491 956 1756 996 mechanicas
1781 957 1956 1005 accedit,
1984 969 2110 1009 quam
2131 958 2185 997 ad
2202 958 2276 998 lib
2299 981 2307 996 ,ι

1270 1017 1395 1067 rales,
1417 1020 1459 1057 et
1476 1014 1570 1057 ideo
1588 1017 1848 1068 frequentius
1863 1028 1939 1068 per
1951 1019 2077 1058 laicos
2094 1032 2219 1070 quam
2232 1018 2321 1071 pe}
2343 1058 2346 1059 γ

1273 1079 1446 1119 clericos
1477 1078 1583 1118 tradi
1605 1079 1724 1126 solet,
1747 1082 1789 1118 et
1817 1079 2000 1129 alioquin
2030 1084 2132 1120 oetas
2162 1076 2314 1131 puerei
2346 1074 2352 1076 ’

1273 1150 1367 1179 rum
1386 1150 1463 1190 pro
1482 1139 1552 1177 illo
1586 1143 1710 1188 statu,
1731 1141 1979 1191 regulariter
2004 1141 2230 1192 loquendo,
2251 1135 2315 1198 πῆς-ζ

1273 1202 1353 1240 mis
1372 1204 1518 1240 tenera
1541 1204 1582 1239 et
1600 1199 1808 1239 imbecilla
1830 1212 1922 1241 esse
1947 1203 2054 1243 solet
2072 1203 2124 1242 ad
2146 1213 2317 1248 morum¹
2339 1215 2352 1244 a

1273 1262 1589 1302 instructionem
1603 1262 1902 1313 accipiendam,
1919 1266 1961 1302 et
1974 1262 2068 1303 ideo
2088 1265 2226 1302 minus
2241 1275 2311 1305 ne·
2324 1293 2352 1313 >z

1276 1323 1503 1361 cessarium
1522 1323 1603 1361 illis
1620 1328 1683 1362 est
1697 1327 1885 1363 nostrum
1900 1324 2196 1373 ministerium;
2213 1337 2311 1366 nam

1275 1383 1388 1433 quod
1406 1383 1451 1421 in
1470 1384 1550 1421 hoc
1568 1382 1795 1422 ministerio
1814 1383 1865 1423 iis
1885 1387 2071 1434 puerulis
2100 1387 2221 1426 fuerit
2241 1399 2310 1438 op-
2345 1406 2352 1407 ff

1274 1448 1500 1495 portunum
1515 1474 1528 1492 ,
1561 1445 1743 1495 suppleri
1779 1447 1916 1496 potest
1940 1451 2133 1487 externas
2167 1459 2311 1487 eorum

1276 1505 1441 1544 scholas
1471 1505 1681 1545 interdum
1715 1506 1938 1555 adeundo,
1973 1512 2014 1546 et
2046 1508 2089 1546 in
2126 1509 2319 1548 doctrina

1278 1566 1515 1613 christiana,
1537 1571 1577 1605 et
1596 1566 1717 1605 bonis
1738 1569 1923 1607 moribus
1950 1580 2025 1619 pro
2045 1569 2211 1608 illorum
2244 1583 2313 1610 ca-

1276 1628 1454 1679 pacitate
1475 1639 1628 1677 pueros
1647 1628 1905 1676 instruendo,
1922 1641 2047 1680 quam
2068 1643 2210 1670 curam
2226 1636 2313 1671 tan-

1278 1701 1403 1741 quam
1432 1689 1511 1728 sibi
1532 1691 1756 1740 propriam,
1791 1691 1861 1728 ubi
1891 1691 2108 1731 commode
2125 1691 2216 1732 fieri
2243 1705 2314 1746 po-

1278 1754 1373 1801 test,
1393 1750 1579 1791 Societas
1598 1762 1683 1789 non
1703 1752 1991 1801 praetermittit.

1667 1881 1833 1921 CAPUT
1860 1880 1927 1921 VI.

1277 2005 1410 2036 UTnUM
1435 2004 1489 2033 AD
1513 2003 1778 2033 EXTERNORUM
1806 2004 2053 2035 scfloLARmM
2072 2006 2315 2038 INSTITUTIO-

1329 2066 1413 2095 NEM
1450 2065 1788 2096 GONVEMENTIBUS
1822 2065 1958 2096 {nmis
1997 2067 2180 2098 SOCIETAS
2221 2069 2316 2100 UTA-

1330 2127 1422 2157 TUR.

1330 2241 1369 2281 1.
1399 2241 1560 2293 Duplam
1573 2241 1672 2291 finis
1689 2252 1715 2281 a
1735 2240 1835 2282 Soci
1839 2244 1941 2282 etate
1958 2242 2004 2282 in
2021 2242 2170 2283 scholis
2185 2245 2316 2285 inten—

1277 2305 1355 2343 tus.
1376 2325 1429 2331 —-
1455 2303 1542 2340 Duo
1569 2302 1610 2340 in
1631 2302 1710 2341 hac
1737 2302 1994 2343 institutione
2015 2305 2313 2356 intenduntur,

1277 2363 1486 2416 profectus
1506 2363 1698 2402 videlicet
1718 2364 1762 2402 in
1779 2365 1982 2413 doctrina,
1997 2368 2037 2405 et
2053 2367 2095 2405 in
2113 2368 2313 2417 moribus,

1278 2438 1372 2478 quae
1409 2426 1464 2464 ita
1499 2429 1809 2475 comparantur,
1843 2430 1903 2473 ut,
1935 2427 2029 2466 licet
2051 2428 2238 2469 doctrina
2264 2430 2330 2469 sit

1279 2487 1397 2538 quasi
1415 2487 1589 2525 materia
1610 2488 1778 2538 propria
1797 2488 1923 2539 hujus
1944 2490 2175 2539 ministerii,
2196 2493 2238 2530 et
2260 2490 2314 2531 ef·

1278 2549 1412 2588 fectus
1447 2549 1660 2599 proximus
1702 2549 1970 2600 collegiorum
1994 2581 2006 2598 ,
2042 2551 2138 2590 finis
2175 2558 2312 2592 tamen

1279 2611 1515 2663 praecipuus
1536 2611 1587 2649 sit
1606 2611 1804 2650 honestas
1822 2624 1999 2651 morum.
2024 2613 2121 2658 Quae
2143 2613 2225 2652 duo
2242 2613 2312 2652 ob-

1280 2684 1446 2712 servare
1466 2671 1561 2710 licet
1579 2671 1621 2709 in
1638 2671 1819 2711 Concilio
1839 2673 2094 2722 Tridentino,
2114 2686 2217 2712 sess.
2245 2676 2312 2723 23,

1281 2745 1371 2784 cap.
1401 2733 1464 2779 18,
1487 2731 1600 2782 quod
1621 2737 1679 2771 est
1697 2732 1749 2771 de
1770 2732 2002 2771 seminariis
2021 2746 2246 2785 puerorum
2274 2740 2315 2775 et
2338 2719 2346 2735 ⁷

1281 2793 1551 2839 institutione,
1569 2793 1639 2831 ubi
1660 2793 1800 2832 media
1815 2794 1867 2832 ad
1885 2798 2106 2846 utrumque
2123 2798 2311 2836 effectum
2348 2798 2352 2801 *

1281 2854 1574 2904 consequenda
1593 2854 1847 2904 praescribit3
1867 2856 2012 2894 merito
2037 2868 2134 2908 ergo
2151 2858 2194 2896 in
2211 2858 2307 2897 Con-

1281 2914 1559 2955 stitutionibus
1574 2915 1788 2954 Societatis
1804 2915 1916 2955 idem
1934 2917 2042 2956 circa
2060 2920 2134 2958 has
2151 2919 2313 2959 scholas
2331 2926 2338 2934 '

1281 2976 1531 3017 secularium
1547 2978 1759 3026 provisum
1774 2981 1849 3026 est,
1867 2982 1907 3017 et
1923 2978 2084 3031 integro
2099 2981 2202 3020 libro
2217 2991 2311 3020 aue-

1279 3038 1444 3080 toritate
1461 3039 1650 3090 ejusdem
1667 3039 1878 3079 Societatis
1892 3045 2038 3091 postea
2057 3042 2180 3091 edito,
2197 3044 2238 3082 et
2252 3043 2310 3081 in-
2327 3034 2352 3086 -Ξ

1281 3101 1457 3151 scripto:
1479 3101 1602 3143 Ratio
1621 3100 1899 3154 institutioque
1917 3104 2166 3153 studiorum,
2187 3087 2352 3144 diser-ii

1278 3163 1437 3203 tissime
1458 3162 1726 3205 inculcatum.
2326 3134 2352 3256 ἒ

1280 3259 1430 3305 Prima
1457 3260 1625 3302 assertio
1645 3290 1661 3310 ,
1690 3260 1736 3302 de
1761 3261 1903 3303 mediis
1926 3262 1985 3309 ad
2005 3260 2199 3306 virtutem
2215 3272 2314 3316 pro·⁴
2347 3255 2352 3257 ’

1682 3324 1924 3365 movendam.

1334 3408 1375 3446 Ξ.
1396 3407 1583 3449 Primum
1603 3408 1790 3456 medium,
1807 3410 2004 3460 confessio
2023 3411 2242 3452 menstrua.

1283 3469 1419 3509 Primo
1438 3481 1538 3521 ergo
1555 3469 1781 3510 dicendum
1794 3474 1873 3519 est,
1891 3469 2142 3510 sufficienter
2153 3481 2202 3509 ac
2215 3481 2296 3511 con

1280 3531 1497 3572 venienter
1517 3531 1561 3571 in
1579 3531 1646 3572 his
1674 3531 1860 3584 collegiis
1891 3541 1981 3571 esse
2014 3529 2226 3583 provisum
2296 3531 2300 3533 ’

1282 3591 1431 3632 mediis
1447 3592 1597 3644 quihus
1610 3593 1808 3645 juventus
1821 3591 2032 3636 invii-tute
2045 3601 2243 3633 conserve
