2352 3880
722 70 754 103 ,Φ

83 345 195 394 111115
210 356 293 392 res,
315 355 406 395 quae
423 343 468 382 in
491 342 683 395 praesenti
700 341 875 380 subsunt
894 352 1041 380 eorum
1060 339 1143 379 dis-

87 405 312 460 positioni,
334 405 441 445 mail
458 406 561 446 enim
578 405 717 445 horum
731 403 872 442 habere
891 403 1040 450 debent,
1058 401 1140 441 nisi

31 506 34 507 γ
90 468 253 511 sausoio
268 471 304 508 et
317 467 555 518 approbante
575 464 806 516 Superiore.
828 465 876 503 Et
897 464 992 503 hinc
1012 463 1139 502 etiam

32 556 38 559 »
101 527 161 578 fit,
185 532 232 568 ut
250 529 283 568 si
301 528 461 579 aliquas
482 539 550 567 res
566 525 678 578 apud
696 538 740 564 se
760 526 969 564 retineant
987 538 1038 565 ex
1055 524 1134 572 his,

101 602 276 642 quarum
288 594 384 629 ante
398 589 637 640 ingressum
658 587 888 626 dominium
906 586 1133 634 habebant,

99 653 262 692 illarum
279 652 403 691 etiam
423 662 547 689 usum
565 649 631 688 vel
648 649 958 700 possessionem
977 647 1137 687 occulte

98 718 170 756 aut
189 714 353 765 propria
378 713 619 752 auctoritate
638 711 819 751 retinere
846 724 931 750 non
961 711 1133 762 possint,

95 775 193 828 quia
208 776 298 825 ‚iam
318 778 534 814 uterentur
552 773 634 812 illis
650 773 778 811 rebus
794 776 838 811 ut
868 772 1069 823 propriis3
1095 774 1138 811 et

92 838 174 878 hoc
193 839 317 877 etiam
340 837 382 876 in
403 837 601 889 praedicta
625 835 906 875 declaratione
933 834 1137 886 significa-

93 902 163 940 tur
171 909 184 949 ;
206 911 296 950 quae
317 899 533 939 Societatis
546 899 657 951 jura,
680 898 777 948 quia
797 897 905 936 circa
918 896 1137 936 materiam

92 961 177 1002 voti
196 965 307 1007 sunt,
346 964 526 1012 graviter
557 961 759 1012 obligant,
791 958 982 1009 quamvis
1006 957 1060 1000 de
1088 969 1138 999 se

96 1021 198 1062 alias
219 1022 400 1073 graviter
417 1034 502 1061 non
524 1022 774 1073 obligarent.

146 1084 188 1124 5.
215 1083 384 1134 objectio
403 1084 599 1133 bipartita
619 1085 756 1123 contra
775 1079 998 1122 doctrinam
1029 1086 1138 1132 proe·

97 1144 359 1185 cedentem—
374 1144 455 1184 Sed
478 1143 604 1195 objici
623 1147 772 1194 potest,
796 1143 893 1194 quia
915 1142 1134 1193 dupliciter

96 1210 232 1259 potest
246 1206 402 1257 acquiri
416 1206 467 1245 de
487 1219 594 1245 novo
611 1206 787 1254 alicujus
801 1207 862 1245 rei
884 1206 1132 1245 dominium.

94 1269 247 1315 Primo,
269 1267 386 1317 quasi
405 1265 456 1303 ab
478 1265 719 1314 intrinseco,
744 1277 795 1303 ex
814 1268 853 1305 vi
880 1268 1031 1316 prioris
1062 1267 1134 1306 do-

94 1329 226 1376 minii,
251 1340 322 1366 seu
337 1326 445 1378 juris
466 1324 578 1376 quod
598 1329 696 1365 ante
713 1330 857 1366 votum
892 1327 1134 1377 possideba-

94 1394 175 1437 tur,
199 1393 238 1428 et
259 1390 468 1428 retentum
489 1391 632 1439 postea
651 1387 752 1435 fuit3
778 1388 835 1427 sic
857 1388 1134 1438 acquiruntur

91 1451 248 1492 fructus
267 1450 559 1502 provenientes
578 1462 628 1489 ex
644 1450 815 1501 propria
834 1463 880 1489 re
899 1450 1130 1498 fructifera,

94 1513 160 1552 vel
173 1512 391 1558 beneficio,
418 1515 495 1551 ete.
518 1512 622 1550 Item
643 1512 701 1550 sic
723 1511 996 1562 acquiruntur
1022 1512 1135 1550 bona

92 1578 268 1628 paterna
289 1575 449 1613 ratione
466 1574 574 1625 juris
600 1573 869 1619 haereditarii,
890 1574 1004 1624 quod
1025 1586 1074 1613 ex
1094 1573 1135 1612 vi

93 1636 219 1688 hujus
230 1636 313 1676 voti
330 1648 415 1675 non
431 1636 569 1675 statim
590 1636 805 1683 amittitur,
828 1635 962 1674 donec
978 1647 1136 1674 renun-

95 1697 221 1738 tietur
235 1698 411 1749 jubente
429 1698 678 1749 Superiore3
701 1701 742 1736 et
764 1697 876 1736 idem
895 1701 956 1736 est
976 1698 1027 1736 de
1048 1697 1138 1737 aliis

92 1759 272 1813 juribus.
305 1761 354 1798 Et
385 1759 622 1799 declaratur
651 1760 676 1798 3
700 1771 742 1810 p.
770 1759 1134 1806 Constitutionum,

95 1833 131 1862 c.
155 1825 195 1867 1,
216 1822 274 1861 lit.
311 1822 356 1860 F.
392 1821 483 1860 Alio
517 1821 645 1860 modo
681 1821 841 1872 acquiri
882 1826 1019 1872 potest
1042 1833 1137 1872 pro-

92 1884 230 1936 prium
251 1895 328 1934 per
347 1883 621 1921 extrinsecam
652 1882 924 1921 adventitiam
948 1882 1137 1921 donatio-

93 1957 191 1984 nem
211 1944 491 1996 pecuniae,vel
510 1944 680 1984 alterius
695 1945 753 1983 rei
775 1945 935 1983 similis.
952 1944 1015 1983 Ad
1030 1945 1139 1996 prio-

92 2019 183 2048 rem
203 2010 340 2045 autem
354 2006 523 2046 modum
542 2007 788 2058 acquirendi
805 2007 1033 2046 dominium
1052 2018 1138 2045 non

92 2069 258 2111 videtur
272 2068 430 2119 requiri
457 2069 633 2120 positiva
666 2068 844 2108 facultas
876 2069 1110 2120 Superioris
1120 2079 1135 2119 3

92 2141 195 2172 nam
213 2130 338 2169 veluti
362 2131 539 2169 naturali
570 2131 865 2170 consecutione
893 2130 1135 2182 acquiritur.

96 2191 161 2233 Ad
179 2192 454 2244 posteriorem
472 2196 613 2231 tamen
630 2193 841 2231 sufficiens
862 2204 942 2230 non
958 2192 1136 2241 videtur,

97 2254 182 2295 imo
214 2266 293 2294 nec
314 2254 404 2293 dari
427 2267 551 2306 posse
580 2255 633 2293 ab
652 2255 743 2306 ipso
773 2255 1012 2305 superiore,
1041 2255 1140 2305 quia

97 2315 248 2355 harum
265 2328 422 2363 rerum,
435 2327 528 2367 quae
550 2317 727 2356 subsunt
740 2317 891 2356 actuali
906 2317 1140 2368 dispositio·

97 2376 159 2426 ni,
181 2380 222 2415 et
239 2377 334 2415 usui
349 2378 655 2428 religiosorum,
676 2379 816 2417 nullus
835 2378 959 2418 debet
983 2379 1140 2417 habere

97 2439 329 2490 proprium,
349 2442 394 2477 ut
414 2439 563 2480 dicitur
580 2440 625 2481 in
649 2440 782 2496 praed.
803 2452 840 2480 c.
864 2444 993 2481 sextae
1009 2439 1140 2494 partis

98 2500 463 2541 constitutionum.

152 2561 194 2601 6.
225 2561 412 2601 Diluitur
434 2571 539 2614 pars
564 2559 700 2614 prior.
718 2581 773 2591 —·
800 2553 992 2603 Diluitur
1010 2563 1140 2614 poste-

97 2620 267 2664 rior.—-
283 2623 531 2673 Respondeo
570 2623 624 2662 ad
658 2621 843 2675 priorem
870 2628 1049 2675 partem,
1070 2624 1142 2663 ali-

98 2684 266 2737 quando
287 2684 456 2735 quidem
476 2684 636 2735 acquiri
654 2698 809 2724 novum
826 2685 1058 2724 dominium
1078 2697 1143 2725 re-

99 2758 193 2789 rum
210 2759 286 2786 seu
302 2746 511 2786 fructuum
530 2747 619 2786 sine
643 2759 753 2786 nova
774 2748 1061 2798 acceptatione
1080 2747 1140 2798 ip-

101 2809 187 2854 sius
219 2807 391 2858 domini,
409 2821 485 2860 per
505 2809 636 2847 solam
665 2821 820 2848 novam
856 2809 919 2848 rei
960 2809 1142 2847 existen-

101 2869 215 2918 fiam,
226 2873 267 2910 et
280 2874 378 2910 tunc
390 2871 548 2910 clarum
567 2874 629 2910 est
645 2883 731 2910 non
746 2882 836 2909 esse
857 2871 1142 2909 necessariam

102 2932 319 2986 positivam
333 2931 576 2972 facultatem
595 2945 618 2971 a
639 2933 862 2983 Superiore
879 2944 1141 2980 concessam,

104 2994 202 3048 (plia
214 2995 310 3049 jure
328 2994 419 3047 ipso
445 2996 543 3035 data
563 2999 639 3035 est.
661 2996 762 3034 Cum
785 2996 894 3035 enim
910 2995 978 3046 jus
1004 2995 1143 3035 Socie-

105 3055 200 3098 tuis
228 3056 444 3105 concedat,
461 3070 536 3097 seu
550 3057 763 3109 permittat
783 3057 1044 3096 scholaribus
1073 3057 1144 3096 do-

109 3115 281 3169 minium
317 3118 580 3170 antiquorum
620 3118 843 3166 bonorum,
879 3130 1143 3170 consequen—

111 3180 175 3219 ter
183 3178 429 3231 conceditur
443 3184 491 3222 ut
510 3181 542 3221 si
558 3181 628 3220 illa
639 3181 869 3220 immobilia
886 3181 968 3220 sint
983 3185 1023 3220 et
1038 3180 1145 3220 fruc-

114 3237 234 3278 tifera
246 3267 258 3288 ,
294 3250 490 3280 succaesu
525 3243 724 3295 temporis
774 3242 1005 3282 dominium
1045 3241 1148 3282 illud

115 3303 288 3349 crescat,
306 3302 353 3340 ,et
367 3302 613 3344 extendatur
634 3305 689 3345 ad
701 3305 860 3346 fructus
877 3306 927 3357 let
947 3305 1050 3344 alias
1079 3317 1148 3344 res

114 3361 295 3411 similes,
317 3363 508 3416 quamvis
541 3363 631 3409 illas
674 3371 721 3407 ut
759 3367 952 3422 proprias
989 3365 1147 3406 habere

114 3433 333 3475 nunquam
355 3424 491 3464 liceat.
512 3422 745 3477 Aliq‘uando
765 3441 864 3469 vero
889 3429 972 3470 tale
998 3432 1062 3468 est
1080 3427 1151 3468 do-

6 3496 48 3552 ἐς
115 3484 309 3536 minium,
330 3490 390 3536 ut,
409 3486 504 3528 licet
523 3499 582 3527 ex
600 3487 640 3527 vi
660 3489 840 3543 alicujus
866 3491 1027 3542 antiqui
1045 3490 1151 3542 juris

117 3547 371 3601 acquiratur,
402 3548 672 3590 nihilominus
704 3551 943 3594 necessaria
959 3551 1014 3594 sit
1043 3562 1152 3594 nova

448 155 541 190 ω.
563 154 619 188 tv.
641 152 785 188 VOEUH
802 150 1090 187 numanus
1108 151 1371 189 scammum
1392 155 1642 195 socuz'rxrls
1648 159 1760 202 mm,
1781 152 1876 197 ΕΤΕ

14 270 16 272 ,
59 206 70 235 ‘i
87 197 207 281 ,dum
222 219 372 263 dicitur
388 220 442 260 de
458 219 659 272 professis
678 222 722 260 et
732 217 1044 270 coadjutoribus
1059 216 1145 256 for-
1199 218 1392 259 voluntas
1406 225 1450 260 et
1466 225 1714 275 acceptatio
1736 226 1843 267 sicut
1861 229 1926 268 est
1938 229 2125 279 patema
2150 231 2216 271 hae

0 295 11 310 ³
76 280 86 287 “
98 283 248 332 ωδΐῖες
272 294 371 322 nam
387 281 439 321 de
459 281 551 320 aliis
578 281 716 320 solum
742 278 985 331 intelligitur
1002 277 1143 330 quoad

2132 63 2166 95 -h
2237 59 2247 66 ι,
2323 54 2342 66 .¹¹v

2154 163 2236 205 715

1198 279 1386 319 reditatis
1406 281 1536 320 aditio
1554 296 1630 323 seu
1652 288 1918 337 suoeessio,e
1895 292 1936 329 et
1953 291 2056 330 hmo
2071 301 2230 332 censeo

1194 342 1480 380 necessariam
1502 355 1594 383 esse
1612 346 1848 398 Superioris
1866 351 2083 394 scientiam
2107 356 2151 392 et
2171 353 2230 393 fa·

1195 402 1407 451 cultatem,
1426 407 1472 443 ut
1491 409 1609 444 actus
1624 412 1738 448 recte
1759 414 1799 450 et
1828 413 2060 454 secundum
2088 417 2229 455 votum

1193 465 1454 515 paupertatis
1471 466 1558 514 fiat,
1578 473 1750 519 propter
1770 473 1978 514 rationem
1997 476 2042 514 in
2065 488 2182 516 num.
2204 478 2230 516 Δ

1191 524 1358 565 factam.
1391 528 1496 576 Imo,
1531 528 1629 568 licet
1657 530 1750 569 talis
1775 537 1907 580 actus,
1935 537 2057 576 aliter
2081 536 2231 587 factus,

1191 587 1352 626 validus
1373 589 1439 636 sit,
1458 590 1556 638 quia
1584 590 1701 630 nullo
1725 591 1822 642 jure
1851 595 2048 646 irritatur,
2067 611 2154 638 non
2173 601 2230 638 ta-

1190 660 1290 687 men
1311 649 1388 688 erit
1405 649 1463 688 ita
1483 650 1644 699 firmus,
1666 653 1768 703 quin
1796 666 1822 692 a
1843 654 2060 705 Superiore
2080 659 2231 700 irritari

1191 711 1337 762 possit,
1358 715 1530 762 propter
1550 714 1790 763 generalem
1811 715 2138 766 dependentiam
2162 733 2232 760 vo-

1191 772 1361 811 luntatis
1377 773 1559 824 religiosi
1577 787 1600 813 a
1617 787 1691 813 suo
1712 777 1951 827 Superiore.
1974 779 2038 818 Ad
2059 781 2232 820 alteram

1191 839 1372 886 partem,
1398 839 1580 886 negatur
1607 836 1848 876 facultatem
1883 838 1994 878 illam
2017 845 2091 880 aut
2121 843 2232 881 suffi-

1191 896 1372 936 cientem
1392 909 1477 935 non
1499 910 1609 946 esse,
1631 903 1705 938 aut
1724 911 1748 938 a
1773 900 1998 950 Superiore
2029 903 2119 942 dari
2148 916 2233 942 non

1189 970 1336 1010 posse;
1358 958 1462 996 nihil
1483 960 1595 998 enim
1616 961 1768 1008 obstat,
1790 973 1886 1000 curn
1904 962 1984 1001 hoc
2000 975 2086 1002 non
2111 975 2234 1016 repu-

1190 1025 1291 1073 gnet
1310 1022 1528 1071 capacitati
1545 1027 1617 1062 aut
1636 1027 1733 1062 voto
1750 1024 1844 1063 talis
1864 1036 2074 1075 personae;
2094 1038 2235 1077 neque

1190 1083 1315 1122 etiam
1334 1083 1470 1122 obstat
1491 1083 1561 1122 illa
1579 1085 1836 1134 constitutio,
1849 1098 1945 1125 eum
1965 1087 2142 1137 intelligi
2163 1087 2236 1127 de-

1187 1145 1285 1184 beat
1306 1157 1401 1183 cum
1436 1145 1726 1185 distributione
1760 1149 2048 1198 accommoda,
2075 1149 2127 1188 de
2147 1149 2238 1199 qui-

1188 1206 1368 1246 busdam
1398 1207 1552 1246 seilicet
1595 1208 1801 1255 absolute,
1830 1209 1883 1248 de
1914 1210 2004 1248 aliis
2034 1221 2130 1249 cum
2163 1210 2235 1250 illo

1189 1268 1346 1316 addito,
1359 1269 1444 1308 sine
1464 1270 1668 1309 voluntate
1683 1270 1937 1323 Superioris.
1962 1272 2121 1321 Itaque,
2140 1272 2236 1311 licet

1188 1330 1277 1366 haee
1298 1330 1474 1369 facultas
1496 1331 1705 1370 ordinarie
1735 1331 1824 1370 dari
1864 1344 1948 1370 non
1989 1332 2155 1380 debeat,
2178 1336 2236 1372 ta-

1186 1401 1301 1438 men,
1326 1389 1609 1429 intercedente
1637 1393 1875 1430 rationabili
1903 1406 2046 1442 causa,
2067 1394 2176 1434 licite
2198 1398 2238 1434 et

1188 1451 1324 1490 valide
1346 1451 1515 1490 concedi
1536 1456 1687 1503 potest,
1715 1454 1946 1504 praesertim
1967 1456 2138 1505 quando
2174 1468 2239 1495 or-

1189 1513 1357 1552 dinatur
1377 1513 1431 1552 ad
1468 1514 1654 1563 aliquam
1686 1516 1941 1566 peculiarem
1971 1522 2012 1556 et
2038 1529 2237 1568 persona-

1188 1575 1273 1614 lem
1289 1575 1643 1624 commoditatem,
1670 1581 1786 1616 extra
1813 1590 2083 1616 communem
2112 1591 2238 1618 usum

1191 1649 1334 1676 earum
1357 1649 1499 1675 rerum
1521 1650 1612 1687 quae
1634 1638 1677 1676 in
1697 1639 1902 1690 religione
1932 1640 2237 1689 conceduntur,

1192 1698 1427 1749 cujusmodi
1443 1704 1554 1737 esset
1573 1712 1693 1739 sacra
1719 1701 1858 1752 aliqua
1880 1702 2037 1753 imago,
2059 1702 2123 1741 vel
2142 1701 2239 1741 reli-

1191 1760 1419 1811 quiarium,
1440 1764 1485 1799 ut
1507 1766 1668 1810 vocant,
1691 1766 1764 1800 aut
1793 1762 1968 1801 interior
1991 1763 2117 1801 vestis
2151 1775 2240 1802 cor-

1191 1822 1282 1873 pori
1300 1822 1553 1869 necessaria,
1568 1825 1666 1869 etc.‚
1683 1836 1863 1874 quarum
1878 1823 2109 1874 proprietas
2125 1823 2241 1862 nulla

1191 1883 1354 1923 ratione
1393 1884 1674 1934 permittenda
1703 1889 1781 1930 est,
1801 1896 1878 1923 nec
1907 1885 2033 1923 etiam
2067 1885 2241 1924 curiosi-

1192 1948 1272 1993 tas,
1295 1948 1340 1983 ut
1367 1943 1410 1982 in
1442 1944 1716 1984 instructione
1745 1945 1800 1984 ad
1817 1946 2137 1984 renovationem
2159 1945 2242 1997 spi-

1191 2007 1293 2046 ritus
1311 2006 1393 2045 late
1411 2006 1660 2054 inculcatur,
1677 2010 1717 2045 et
1733 2006 1776 2044 in
1798 2007 2131 2046 ordinationibus
2146 2019 2243 2047 con-

1195 2068 1350 2115 tractis,
1370 2080 1461 2118 cap.
1485 2069 1526 2114 4,
1549 2080 1664 2107 num.
1691 2070 1758 2106 14,
1785 2069 1929 2118 Neque
1947 2069 2147 2119 praedicta
2176 2069 2241 2108 fa—

1193 2131 1326 2170 cultas
1356 2134 1565 2180 repugnat
1600 2129 1797 2180 praedicto
1831 2134 1927 2168 voto
1964 2131 2239 2181 paupertatis,

1193 2197 1281 2232 tum
1303 2191 1418 2242 quia,
1441 2191 1538 2230 licet
1561 2191 1610 2229 sit
1648 2191 1703 2230 ad
1724 2191 2021 2240 acquirendam
2053 2192 2241 2244 proprie-

1193 2259 1321 2295 tatem
1342 2253 1453 2291 illius
1487 2252 1565 2301 rei,
1587 2265 1673 2291 non
1692 2256 1833 2291 tamen
1850 2253 1904 2291 ad
1935 2253 2137 2292 utendum
2170 2253 2241 2293 illa

1195 2321 1240 2356 ut
1260 2315 1453 2367 propria;
1477 2318 1566 2353 tum
1589 2314 1716 2352 etiam
1753 2314 1851 2364 quia
1884 2314 1987 2353 illud
2007 2314 2240 2354 dominium

1195 2390 1363 2429 semper
1392 2380 1454 2416 est
1473 2375 1665 2427 pendens
1687 2388 1712 2414 a
1735 2376 1950 2415 voluntate
1988 2376 2238 2427 Superioris,

1196 2453 1221 2481 a
1256 2452 1339 2490 quo
1369 2440 1506 2490 potest
1545 2450 1711 2488 semper
1739 2438 1951 2485 revocari,
1992 2442 2241 2489 argumento

1198 2513 1343 2542 eorum
1359 2512 1450 2551 quae
1466 2499 1590 2538 tradit
1605 2501 1814 2538 Navarrus
1831 2500 1975 2538 consil.
1998 2502 2069 2548 14,
2087 2500 2137 2539 de
2155 2501 2241 2540 Sta-

1196 2565 1241 2603 tu
1257 2561 1577 2606 monachorum‚
1604 2559 1717 2608 quod
1746 2560 1905 2610 incipit,
1927 2560 2141 2599 Generalis
2169 2561 2241 2599 Or-

1196 2625 1304 2665 dinis
1326 2621 1612 2667 eremitarum,
1631 2632 1674 2657 n.
1694 2621 1716 2658 7
1735 2624 1774 2659 et
1795 2622 2081 2671 sequentibus.
2102 2621 2242 2660 Videri

1195 2687 1320 2727 etiam
1338 2684 1474 2735 potest
1486 2681 1663 2721 Basilius
1678 2681 1731 2722 de
1746 2683 1899 2732 Pence,
1912 2695 1954 2735 p.
1970 2684 1989 2722 1
2007 2682 2241 2731 Variarum,

1194 2748 1237 2787 in
1254 2749 1400 2798 quaest.
1428 2746 1471 2784 9.

1247 2808 1288 2849 7.
1319 2807 1568 2857 Difficultas
1595 2805 1959 2846 bimembris.—Jn
1976 2804 2109 2856 priori
2127 2816 2244 2846 mem-

1197 2871 1264 2912 bro
1283 2870 1388 2910 racio
1413 2869 1704 2909 dubitandi.—
1723 2867 2015 2917 Confirmatur.
2030 2890 2082 2895 -
2102 2868 2162 2906 Ex
2180 2867 2245 2906 his

1197 2933 1322 2985 igitur
1344 2931 1474 2970 oritur
1495 2930 1714 2969 difficultas
1750 2929 1895 2968 ultimo
1926 2928 2017 2967 loco
2039 2929 2173 2980 posita
2202 2928 2245 2968 in

1197 2995 1314 3036 titulo
1347 2993 1612 3044 quaestionis,
1636 2991 1862 3043 quomodo,
1885 2990 2063 3039 scilicet,
2087 2990 2175 3029 haec
2195 2989 2245 3029 li·

1198 3055 1356 3096 mitatio
1380 3055 1464 3094 voti
1488 3054 1746 3105 paupertatis
1767 3065 1852 3091 non
1885 3055 2093 3103 repugnet
2122 3050 2246 3091 statui

1198 3116 1423 3170 religionis.
1455 3117 1595 3155 Potest
1615 3118 1755 3154 autem
1776 3113 1867 3152 haec
1898 3113 2119 3152 difficultas
2150 3110 2246 3152 oriri

1200 3180 1266 3220 vel
1300 3191 1350 3218 ex
1382 3178 1469 3217 sola
1501 3177 1731 3228 capacitate
1765 3174 1952 3222 dominii,
1985 3175 2047 3214 vel
2081 3187 2131 3213 ex
2160 3183 2241 3211 non

1202 3242 1393 3283 absoluta
1414 3240 1710 3292 prohibitione.
1725 3239 1777 3277 Et
1793 3237 1932 3288 quoad
1951 3237 2130 3288 priorem
2150 3244 2246 3285 par-

1202 3307 1288 3343 tem
1310 3302 1415 3342 ratio
1433 3301 1652 3341 dubitandi
1673 3311 1764 3339 esse
1783 3303 1933 3350 potest,
1953 3297 2049 3349 quia
2079 3296 2245 3343 incapa-

1206 3365 1308 3405 citas
1337 3363 1510 3404 dominii
1532 3366 1595 3403 est
1623 3362 1675 3402 de
1695 3361 1919 3401 intrinseca
1946 3358 2105 3397 ratione
2138 3352 2246 3392 illius

1206 3431 1354 3474 status,
1376 3425 1474 3477 quia
1492 3425 1716 3476 religiosus
1748 3426 1810 3462 est
1837 3420 2008 3461 civiliter
2036 3419 2246 3463 mortuus;

1207 3500 1307 3541 ergo
1326 3491 1533 3540 repugnat
1549 3487 1608 3526 illi
1630 3496 1754 3538 posse
1774 3483 1930 3522 habere
1948 3478 2156 3517 actionem
2173 3476 2249 3516 ali-

1208 3561 1337 3605 quam
1353 3550 1538 3598 civilem;
1555 3560 1656 3601 ergo
1676 3550 1719 3586 et
1736 3555 1829 3586 esse
1849 3551 2050 3596 capacem
2060 3538 2249 3586 dominii
