2352 3880
3 184 241 268 ''‚.ses

161 286 411 338 obsequium
430 281 664 331 acceptare,
685 285 812 327 quam
829 283 1007 313 renuere
1025 254 1192 324 Episeo-
1244 271 1458 328 reyiminis
1475 281 1574 311 onus
1591 266 1804 317 suscipere,
1822 269 1900 311 w&
1965 263 2225 327 ''134‘ss

161 353 374 447 „aignan
392 398 691 452 comprehendat
716 397 835 439 etiam
866 395 1083 447 simplicem
1103 393 1194 445 ju-

161 470 309 510 sionem
332 461 580 514 Suprreoris.
597 482 650 490 —
663 459 783 499 Dices
803 458 890 498 fieri
910 469 1030 509 posse
1056 459 1100 494 ut
1120 456 1196 496 Su-

163 527 300 581 perior
317 524 478 576 judicet
511 526 552 562 et
578 521 762 560 declaret
794 519 943 559 melius
976 530 1082 563 esse,
1113 528 1199 557 ma-

158 589 310 640 jusque
346 585 416 624 Dei
449 583 696 635 obsequium
728 585 944 632 acceptare
975 579 1199 630 Episcopa-

160 652 266 697 tum,
295 646 398 686 nolit
429 650 568 685 tamen
604 645 788 695 rigorose
821 641 923 680 illud
955 640 1194 692 praecipere,

159 709 237 750 'sed
268 709 401 748 solum
441 706 680 758 simpliciter
710 704 928 750 ordinare3
962 714 1062 751 ergo
1097 705 1197 739 tunc

165 782 248 812 non
279 769 480 819 obligabit
506 772 648 807 votum
679 777 765 805 non
800 763 1068 814 acceptandi‚
1099 761 1196 814 quia

163 843 249 875 non
268 835 483 880 acceptare
503 841 586 868 non
617 831 725 866 esset
743 829 842 864 tunc
863 825 913 862 de
945 823 1104 862 meliori
1124 822 1198 862 bo-

165 903 232 934 no.
259 890 541 941 Respondebit
573 888 720 938 aliquis
751 885 1016 924 concedendo
1048 887 1194 930 totum,

164 964 300 1004 neque
330 953 408 990 boc
427 961 516 990 esse
543 953 685 988 contra
711 947 888 985 formam
910 945 1123 984 emittendi
1153 942 1198 982 il-

164 1013 238 1055 lud
258 1016 397 1051 votum
414 1042 424 1058 ,
447 1023 495 1049 eo
522 1009 633 1059 quod
663 1020 783 1047 casus
811 1007 879 1046 ille
909 1007 1032 1046 etiam
1058 1006 1199 1044 videa-

165 1075 235 1116 tur
255 1072 580 1123 comprehensus
611 1069 687 1108 sub
716 1069 784 1107 illa
818 1069 1075 1118 exceptione,
1098 1066 1200 1108 Nisi

167 1139 321 1179 cocceius
355 1132 570 1171 obedientia
601 1131 687 1182 ejus
715 1131 783 1180 qui
810 1134 940 1180 potest
968 1130 1197 1179 proece’pere,

167 1207 262 1236 cum
291 1194 359 1232 illa
385 1192 589 1231 ordinatio
620 1192 670 1229 sit
689 1190 861 1240 simplex
892 1190 1077 1240 quaedam
1101 1188 1201 1227 obe-

168 1254 322 1299 dientia
348 1253 400 1292 ab
420 1265 469 1292 eo
490 1252 696 1303 imposita,
717 1252 785 1302 qui
804 1254 940 1301 potest
960 1249 1200 1301 praecipere,

168 1314 358 1368 quamvis
379 1318 471 1352 actu
493 1313 593 1352 nolit
612 1325 704 1352 cum
736 1313 871 1363 rigore
901 1312 1140 1363 praecipere,
1160 1314 1200 1348 et

166 1376 262 1418 talis
296 1375 529 1414 obedientia
566 1374 693 1425 possit
732 1373 854 1412 etiam
891 1372 972 1411 dici
1004 1372 1203 1410 inducere

169 1435 425 1480 coactionem
451 1436 671 1486 quamdam
693 1434 1067 1485 religiosam‚,sicut
1082 1433 1201 1483 juxta

169 1498 422 1538 ordinarium
451 1509 569 1535 usum
602 1497 849 1546 religionum
883 1507 957 1546 per
994 1494 1200 1544 simplices

169 1558 450 1598 ordinationes
471 1561 511 1596 et
539 1557 795 1596 obedientias
815 1569 889 1594 suo
912 1556 1032 1594 modo
1051 1565 1205 1604 cogun-

167 1621 234 1660 tur
261 1619 442 1667 religiosi
471 1631 629 1669 parere,
653 1618 814 1657 etiamsi
844 1630 926 1656 non
958 1616 1203 1655 interveniat

169 1680 364 1732 obligatio
385 1680 461 1718 sub
480 1691 603 1730 poena
622 1681 795 1730 peccati.
816 1679 895 1718 Sed
921 1678 1017 1716 huic
1037 1688 1204 1727 respon-

171 1741 276 1781 sioni
307 1741 442 1779 obstat
473 1741 699 1779 Declaratio
725 1741 751 1779 9
779 1753 818 1790 p.
842 1739 1202 1785 Constitutionum,

171 1813 259 1853 cap.
280 1806 426 1852 quarto
442 1832 450 1846 ‚
468 1801 527 1838 lit.
549 1802 594 1846 B,
614 1801 683 1839 ubi
702 1801 753 1839 de
776 1801 996 1850 Praeposito
1013 1798 1205 1839 Generali

171 1861 340 1905 dicitur,
362 1863 395 1900 si
426 1861 611 1900 Pontifex
639 1861 800 1900 ordinet
828 1873 920 1899 eum
949 1872 1113 1899 sumere
1133 1859 1205 1897 ali-

173 1933 299 1976 quam
330 1923 595 1971 dignitatem,
624 1934 707 1960 non
743 1926 884 1960 tamen
922 1922 978 1960 ita
1016 1921 1206 1959 absolute

172 1982 433 2034 imperando,
452 1986 497 2019 ut
518 1982 709 2019 ostendat
736 1994 779 2020 se
801 1982 906 2020 velle
934 1994 1027 2020 eum
1056 1981 1108 2019 ad
1126 1980 1205 2019 tale

171 2043 355 2082 officium
393 2041 693 2081 admittendum
728 2042 936 2093 obligare,
965 2054 1049 2080 non
1083 2052 1204 2091 posse

171 2102 282 2142 illam
310 2103 526 2142 admittere
549 2103 636 2141 sine
656 2114 862 2141 consensu
883 2103 1111 2149 Societatis,
1128 2114 1206 2140 nec

172 2162 416 2204 Societatem
452 2175 572 2213 posse
605 2175 854 2201 consensum
883 2168 1092 2214 praestare,
1126 2163 1204 2201 nisi

173 2224 408 2264 obedientia
431 2225 547 2264 Sedis
572 2224 814 2275 Apostolicae
836 2238 910 2276 per
936 2229 1202 2276 praeceptum,

172 2285 285 2335 quod
311 2285 363 2324 ad
386 2287 603 2336 peccatum
624 2286 793 2336 obliget,
812 2286 923 2324 illam
944 2286 1202 2336 compulerit.

171 2345 222 2386 Et
249 2346 360 2385 idem
384 2346 585 2396 repetitur
612 2358 701 2397 cap.
735 2347 876 2396 quinto
899 2347 1087 2397 ejusdem
1113 2358 1206 2397 par-

173 2406 248 2454 tis,
279 2407 322 2444 in
341 2405 444 2450 fine,
469 2410 509 2445 et
527 2406 585 2445 lit.
621 2407 665 2445 E.
698 2407 812 2445 Idem
840 2419 938 2458 ergo
972 2411 1033 2446 est
1059 2418 1208 2446 sensus

171 2466 355 2520 praedicti
376 2467 478 2511 voti,
502 2471 541 2505 et
559 2467 811 2518 exceptionis
830 2480 920 2519 quaa
941 2469 982 2506 in
1005 2469 1071 2507 illo
1093 2468 1150 2507 fit.

226 2529 290 2566 17.
323 2527 672 2578 Respondendum
694 2540 791 2579 ergo
806 2559 815 2574 ‚
837 2530 1024 2579 quamvis
1043 2529 1207 2580 regula-

172 2587 271 2628 riter
290 2601 375 2627 non
403 2588 593 2639 expediat
612 2589 824 2640 proprium
855 2596 1106 2641 praeceptum
1133 2591 1207 2630 Su·

170 2648 348 2702 perioris
386 2654 629 2699 expectare,
667 2650 740 2688 sed
770 2651 918 2689 melius
949 2652 997 2690 sit
1033 2650 1206 2701 simplici

172 2710 262 2761 ejus
281 2709 529 2748 ordinationi
561 2714 601 2750 et
630 2711 829 2750 voluntati
857 2712 1038 2759 obedire,
1060 2713 1206 2750 nibilo-

171 2770 310 2809 minus
328 2770 369 2808 in
392 2770 599 2820 aliquibus
620 2772 745 2810 rebus
766 2773 1037 2822 gravioribus,
1056 2773 1095 2810 in
1116 2772 1207 2823 qui-

170 2827 249 2868 bus
266 2830 330 2868 vel
353 2830 579 2880 periculum
599 2832 762 2879 animae,
782 2833 844 2871 vel
863 2834 1035 2872 affectus
1053 2833 1207 2883 proprii

170 2888 340 2928 honoris
355 2894 425 2928 aut
442 2891 648 2929 commodi
663 2892 796 2931 timeri
813 2897 961 2943 potest,
979 2893 1205 2932 consultius

167 2941 263 2990 'esse
299 2961 383 2988 non
415 2951 586 2996 moveri,
616 2952 693 2989 nisi
727 2964 778 2990 ex
807 2954 973 3003 proprio
1001 2958 1204 3004 praecepto

171 3009 419 3060 Superioris.
449 3012 613 3050 Notavit
631 3012 709 3050 hoc
730 3014 841 3060 Soto,
867 3014 936 3052 lib.
961 3016 984 3052 7
1006 3015 1057 3053 de
1077 3015 1205 3054 Justi-

172 3070 244 3117 tia,
260 3083 302 3122 q.
324 3073 365 3117 2,
387 3071 502 3110 artic.
520 3073 560 3118 4,
578 3072 649 3110 ubi
668 3085 761 3111 cum
791 3074 1017 3114 definiisset
1038 3087 1130 3114 cum
1156 3076 1202 3116 D.

170 3130 344 3180 Thoma,
379 3133 420 3170 et
454 3134 662 3172 communi
692 3136 912 3184 sententia,
935 3137 1082 3175 melius
1113 3148 1204 3176 esse

169 3189 309 3232 facere
327 3191 481 3243 aliquid
499 3205 549 3232 ex
568 3198 678 3242 voto,
698 3207 823 3246 quam
846 3197 932 3236 sine
955 3197 1047 3246 illo,
1067 3198 1206 3248 objicit

170 3251 268 3301 sihi,
292 3253 389 3303 quia
419 3253 478 3292 sic
499 3254 648 3294 melius
682 3261 791 3295 esset
824 3257 1027 3308 religiosis
1058 3270 1206 3308 expec-

169 3316 261 3353 tare
279 3314 513 3364 rigorosum
534 3321 790 3367 praeceptum
811 3318 1054 3369 Superioris,
1078 3331 1204 3369 quam

169 3382 362 3429 prompte
385 3379 440 3418 ad
467 3383 614 3419 nutum
635 3381 725 3432 ejus
753 3381 936 3421 obedire.
969 3384 1205 3434 Respondet

169 3441 312 3478 autem
343 3438 389 3478 in
425 3441 716 3480 communibus
749 3445 790 3480 et
827 3443 1046 3483 ordinariis
1079 3444 1204 3484 rebus

170 3509 256 3540 nou
273 3499 329 3539 ita
346 3511 438 3540 esse
454 3511 466 3540 ε
484 3501 645 3550 Quando
662 3506 792 3543 autem
810 3515 873 3544 res
893 3504 1055 3556 (inquit)
1075 3506 1205 3547 ardua

172 3561 244 3609 est,
261 3562 465 3617 eademque
479 3563 616 3614 dubia,
631 3568 678 3606 ιιι
694 3565 749 3606 ad
764 3565 890 3607 Indos
908 3568 1116 3619 navigare,
1133 3570 1206 3610 aut

513 210 603 251 ιῑιιῖ
612 210 667 248 v1.‘
691 213 745 247 ns
764 203 1171 251 rnoressioneTouAE
1189 199 1233 244 m·
1252 191 1578 255 sociarirsmt

1872 101 1886 117 ,ι’
1900 93 1969 134 “33¹

1734 134 1790 169 ‹43-
1805 133 1877 169 gs„
1896 126 1935 163 ,ι
1971 153 1983 168 ,,

1477 143 1485 159 ‘
1524 132 1535 144 ⁶
1594 117 1629 157 'r‘
1689 147 1691 150 ⁴
1730 157 1735 165 v
1753 154 1765 163 -,
1790 153 1791 159 ι
1858 147 1859 153 ’
1890 149 1895 164 ι
2056 133 2080 161 ·’.”
2115 127 2123 147 ·’

1661 160 1669 172 v
1687 167 1694 177 ’γ
1735 177 1752 199 2
1774 174 1791 199 ξ’
1831 182 1845 198 ἰ
1873 170 1899 194 -Ὄ
1920 167 1944 201 ’μ
2005 195 2015 201 ,.
2033 174 2061 194 :aess
2109 157 2141 196 ”’.

1600 171 1654 238 εἴ
1674 199 1730 242 na
1747 199 1814 245 us,
1828 190 1936 259 μᾷ

1246 334 1386 375 silium
1415 335 1544 372 εειιιι
1574 327 1785 369 monachus
1801 337 1880 367 nou
1949 322 2105 369 ’usiam
2189 325 2228 378 [j

1245 395 1336 449 prio
1354 392 1508 444 judicio
1535 391 1632 431 tales
1660 386 1798 433 sulcat
1816 387 2058 438 provincias,
2078 391 2148 431 sed
2299 438 2303 445 1

1249 456 1348 507 fecti
1389 451 1620 501 mandatum
1657 448 1924 502 praestoletur.
1954 448 2051 495 Quae
2092 450 2185 491 doct
2208 458 2247 502 χ’
2307 481 2315 495 .

1252 515 1484 557 confirmari
1516 515 1653 565 potest
1678 523 1729 550 ex
1753 510 1855 558 alia,
1872 509 1916 548 in
1941 510 2010 549 lib.
2033 511 2073 556 4,
2096 523 2185 563 cap.
2206 513 2241 562 1

1252 582 1426 617 numero
1441 575 1737 618 decimonono,
1751 571 1914 618 tradita,
1929 572 1973 610 D.
1987 571 2186 623 Gregorii,
2223 569 2256 596 ’-”
2300 584 2303 586 ·

1251 637 1462 689 trigesimo
1495 636 1636 687 quinto
1658 633 1892 681 Moralium,
1922 645 1959 672 c.
1987 635 2051 680 10,
2081 634 2181 682 alias

1251 701 1319 740 ubi
1361 699 1471 745 dicit,
1515 695 1812 749 obedientiam,
1851 706 1927 745 per
1964 706 2086 745 quam
2125 689 2262 734 lint!
2299 716 2311 747 ·.

1251 771 1509 813 prosperum.
1537 759 1579 797 id
1608 761 1683 803 est,
1707 757 1888 794 humano
1920 755 2085 795 affectui
2110 749 2254 816 cous*-

1251 829 1421 874 taneum
1450 820 1695 873 praecipitur,
1725 818 1881 857 debere
1907 818 2007 857 nihil
2041 818 2197 859 habere

1253 897 1342 930 suo,
1365 888 1405 922 et
1426 882 1541 934 ponit
1572 879 1829 930 exemplum,
1851 891 1938 930 eum
1970 879 2076 919 locus
2103 868 2267 930 superi?
2313 898 2316 904 ·

1253 948 1489 999 imperatur.
1523 942 1685 982 Habere
1718 945 1856 979 autem
1883 940 1934 979 de
1965 951 2056 986 suo,
2079 941 2272 992 signific
2304 955 2306 957 ·

1253 1008 1367 1046 idem
1395 1018 1486 1046 esse
1518 1003 1630 1055 quod
1663 1014 1711 1041 ex
1742 1002 1907 1052 proprio
1934 1002 2138 1041 desiderio
2163 1002 2278 1041 illu
2310 1034 2311 1039 ,

1256 1069 1480 1119 suscipere,
1502 1070 1542 1105 et
1561 1077 1641 1103 non
1661 1063 1798 1114 potius
1815 1062 1986 1101 invitum
2007 1076 2054 1101 ac
2074 1063 2271 1105 nolente
2307 1090 2311 1094 -

1255 1130 1369 1169 illum
1398 1132 1629 1178 acceptare.
1665 1125 1714 1165 Et
1742 1129 1885 1175 postea
1916 1122 2064 1174 Moysis
2097 1126 2137 1163 et:
2172 1125 2224 1163 Pa
2282 1138 2307 1158 μ

1255 1192 1388 1232 allatis
1425 1188 1623 1239 exemplis
1662 1185 1868 1225 concludit
1898 1196 1910 1222 ε
1947 1185 2156 1226 Proeeuute

1255 1376 1446 1416 veraciter
1478 1373 1671 1417 nitimur,
1694 1371 1899 1420 prosperis
1932 1370 2052 1419 hujus
2079 1369 2214 1408 soeculz·
2241 1380 2293 1408 e¹

1257 1437 1340 1475 sola
1356 1435 1556 1483 jussione,
1583 1433 1761 1472 ada-orsis
1794 1437 1938 1477 aulem,
1962 1432 2081 1469 eliam
2108 1441 2155 1469 ea:
2183 1427 2310 1468 devo-³
2335 1458 2342 1459 ff

1258 1498 1383 1543 tione,
1420 1495 1646 1535 militemus.
1683 1493 1779 1537 Qnae
1815 1492 1902 1530 fere
1931 1491 2056 1528 verba
2085 1486 2346 1541 transtulit&-

1258 1561 1402 1595 auctor
1429 1566 1550 1594 serm.
1573 1555 1597 1592 5
1616 1554 1667 1591 ad
1685 1554 1849 1592 Fratres
1872 1553 1910 1590 in
1931 1553 2095 1595 Eremo,
2117 1551 2192 1588 sub
2219 1562 2291 1590 no·
2313 1544 2318 1603 Ἰ
2347 1590 2349 1594 ,

1258 1618 1370 1656 mine
1398 1618 1439 1655 D.
1470 1615 1704 1666 Augustini,
1725 1618 1764 1652 et
1786 1614 1963 1652 habetur
1984 1614 2107 1651 etiam
2134 1613 2173 1650 in
2197 1607 2313 1662 capr*¹

1263 1679 1474 1720 Sciendum
1490 1709 1498 1724 ‚
1522 1678 1560 1721 8,
1585 1689 1623 1727 q.
1649 1679 1662 1715 Ἰ
1677 1706 1686 1714 .
1707 1676 1949 1726 Optimeque
1970 1673 2160 1725 praesenti
2179 1664 2315 1723 insti-ff
2343 1712 2347 1714 ,

1261 1745 1347 1780 tuto
1366 1739 1558 1783 inservit;
1579 1749 1677 1775 nam
1703 1736 1737 1775 si
1759 1747 1852 1785 quae
1878 1734 2111 1774 obedientia
2132 1724 2321 1783 videtne}
2336 1737 2349 1787 J

1261 1802 1416 1840 babere
1434 1800 1590 1851 aliquid
1608 1800 1658 1837 de
1681 1810 1771 1845 suo,
1795 1796 1971 1835 maxime
1997 1795 2222 1834 ascendere
2238 1786 2346 1852 adfff

1261 1864 1425 1903 culmen
1458 1862 1752 1913 Episcopatus,
1787 1859 2012 1909 praesertim
2044 1860 2087 1895 in
2114 1850 2352 1920 personaf}

1260 1924 1477 1972 religiosa,
1515 1933 1606 1972 quae
1637 1933 1720 1959 non
1752 1921 1884 1957 solum
1919 1920 2119 1958 honorem
2150 1922 2191 1956 et
2218 1929 2322 1978 po7

1260 1985 1429 2024 tentiam
1464 1980 1663 2033 acquirit,
1695 1981 1768 2019 sed
1797 1981 1920 2019 etiam
1956 1978 2224 2030 subjectionis
2252 1921 2352 2140 eti}

1260 2044 1514 2096 paupertatis
1541 2054 1663 2081 usum
1689 2043 1872 2092 effugere
1900 2041 2075 2079 videtur.
2308 2030 2323 2073 *Τ

1315 2107 1378 2144 18.
1397 2105 1474 2143 Sed
1494 2104 1660 2142 instabit
1676 2103 1823 2153 aliquis
1846 2114 1895 2140 ex
1916 2103 2119 2142 D.T110m.
2134 2103 2225 2148 22,
2248 2111 2288 2152 q.
2308 2090 2318 2148 ··}

1263 2168 1352 2214 104,
1366 2178 1402 2204 a.
1415 2167 1454 2210 2,
1470 2166 1522 2203 ad
1539 2166 1582 2203 3:
1601 2166 1715 2206 Nam
1733 2166 1823 2203 licet
1841 2165 1909 2203 hoc
1926 2175 2057 2202 verum
2075 2164 2140 2210 sit,
2157 2174 2291 2204 secun·

1260 2229 1350 2268 dcam
1368 2226 1411 2266 id
1429 2228 1532 2278 quod
1546 2227 1718 2265 emerius
1737 2228 1915 2275 apparet,
1935 2225 2142 2264 secundum
2164 2229 2291 2264 tamen

1263 2289 1335 2328 Dei
1355 2289 1555 2337 judicium.
1570 2317 1581 2334 ,
1602 2285 1668 2337 qui
1691 2287 1809 2326 corda
1828 2286 2006 2325 rimatur
2022 2315 2032 2331 ,
2050 2289 2178 2335 potest
2204 2295 2290 2325 con·
2301 2278 2324 2337 ,1¹³
2338 2314 2352 2332 ι

1262 2350 1410 2402 timere
1430 2348 1660 2399 quodetiam
1682 2349 1727 2386 in
1740 2345 1946 2397 prosperis
1968 2345 2196 2391 obedientia,
2217 2341 2316 2386 ali-2*

1262 2412 1355 2460 quid
1379 2411 1422 2448 de
1450 2421 1519 2449 suo
1541 2410 1698 2454 balens,
1720 2420 1796 2447 non
1815 2411 1977 2458 propter
1999 2407 2069 2447 hoo
2087 2407 2139 2445 sit
2159 2407 2290 2446 minue
2336 2445 2339 2451 ,

1262 2470 1490 2511 laudabilis.
1515 2471 1621 2520 Ergo
1644 2469 1767 2508 etiam
1789 2468 1831 2506 in
1853 2468 2042 2518 praesenti
2066 2497 2076 2514 ‚
2104 2466 2290 2517 quamvis

1262 2543 1346 2569 non
1375 2531 1621 2569 interveniat
1649 2529 1862 2581 proprium
1898 2532 2147 2580 praeceptum
2166 2558 2178 2576 ‚
2219 2526 2336 2577 sed?

1261 2604 1336 2642 per
1361 2592 1491 2630 solam
1519 2591 1861 2641 significationem
1887 2589 2112 2640 simplicem
2149 2588 2288 2627 volun-
2338 2592 2341 2594 ’

1261 2653 1354 2692 tatis
1381 2652 1587 2691 Pontificis
1623 2655 1838 2690 moveatur
1869 2651 1960 2700 quis
1990 2650 2042 2687 ad
2074 2653 2288 2700 acceptari<
2317 2667 2319 2670 ·

1262 2713 1359 2752 dum
1381 2713 1685 2763 Episcopatum‚
1706 2716 1746 2749 et
1761 2710 1856 2748 ideo
1877 2710 2037 2748 dicatur
2069 2709 2160 2747 talis
2191 2709 2291 2748 obe-
2328 2737 2335 2749 .

1262 2773 1415 2812 dientia
1435 2773 1587 2811 habere
1609 2771 1765 2821 aliquid
1783 2771 1834 2809 de
1855 2783 1944 2815 suo,
1968 2782 2047 2808 non
2073 2774 2303 2823 propterea
2323 2775 2325 2778 ⁴

1262 2834 1339 2873 erit
1353 2845 1492 2872 eoram
1513 2833 1599 2871 Deo
1621 2832 1712 2871 talis
1734 2831 1969 2870 obediontia
1989 2831 2125 2868 minus
2145 2829 2288 2869 lauda-

1260 2895 1368 2942 bilis,
1384 2895 1418 2933 si
1433 2906 1574 2933 revera
1596 2906 1678 2932 non
1699 2893 1937 2932 intendatur
1952 2892 2143 2943 proprius
2157 2891 2287 2931 honor

1260 2959 1332 2994 aut
1350 2955 1629 2999 commodum,
1653 2954 1726 2992 sed
1755 2954 1841 2992 sola
1873 2953 2106 2992 obedientia
2139 2952 2303 3002 divinae,-

1260 3015 1496 3055 voluntatis.
1520 3015 1637 3063 Quod
1655 3015 1833 3054 maxime
1854 3014 2023 3053 habebit
2048 3014 2185 3053 locum
2205 3042 2218 3062 ,
2253 3011 2295 3059 sig
2326 3018 2331 3063 j

1259 3077 1467 3129 praecedat
1486 3076 1897 3128 prudensjudicium,
1912 3075 2022 3126 quod
2039 3075 2105 3114 hic
2121 3079 2160 3114 et
2177 3071 2303 3129 nuno

1258 3138 1406 3177 melius
1428 3138 1493 3185 sit,
1514 3142 1554 3178 et
1575 3138 1732 3189 gratius
1761 3138 1859 3184 Deo,
1891 3139 2104 3188 acceptare
2125 3136 2221 3186 Epis
2254 3147 2292 3169 ιι

1259 3203 1418 3250 patum,
1443 3203 1485 3239 ut
1519 3199 1758 3249 contingere
1787 3202 1936 3249 potest.
1969 3199 2093 3237 etiam
2125 3196 2290 3250 seclu*

1259 3260 1492 3300 obedientia
1508 3272 1521 3311 3
1541 3273 1639 3312 ergo
1658 3260 1785 3299 multo
1806 3259 1936 3310 magis
1953 3260 2102 3311 poterit
2120 3258 2160 3298 id
2175 3259 2192 3310 j

1260 3334 1354 3362 care
1374 3322 1596 3362 accedente
1619 3321 1792 3373 simplici
1810 3321 2068 3360 ordinatione
2091 3319 2266 3370 obedia

1259 3383 1343 3432 tiae,
1370 3385 1529 3424 etiamsi
1565 3395 1649 3422 non
1687 3384 1739 3422 sit
1763 3383 1976 3434 proprium
1995 3380 2286 3433 praeceptuu'y

1259 3457 1357 3496 ergo
1381 3449 1480 3484 tunc
1504 3456 1587 3483 non
1617 3445 1767 3495 poterit
1791 3443 1974 3495 obligare
2007 3446 2164 3489 votum,
2223 3458 2229 3473 2
2256 3433 2276 3450 ⁰

1257 3518 1341 3546 non
1366 3505 1496 3558 possit
1529 3506 1730 3558 impedire
1761 3505 1896 3556 majus
1924 3504 2095 3544 honum.
2117 3502 2166 3541 Et
2186 3506 2268 3540 ου·

1259 3567 1445 3609 firmatur
1466 3597 1478 3618 ,
1499 3579 1598 3609 nam
1627 3568 1663 3608 si
1684 3567 1754 3610 illa
1777 3565 1964 3609 doctrina
1997 3563 2252 3608 univer
2274 3566 2278 3568 '
2338 3566 2341 3571 ’
